4310 6644
575 477 691 536 583

1822 473 1886 531 S.
1933 468 2245 533 EUSEBII
2288 471 2737 537 HIERONYMI

3857 490 3978 553 584

569 608 782 680 35-37).
813 605 1055 674 Quando
1083 621 1217 662 vero
1246 605 1452 662 docere
1483 620 1589 661 nos
1615 604 1741 661 vult
1770 604 1843 660 de
1869 602 2219 660 adversariis
2248 607 2301 673 Α
2329 608 2492 660 statis
2518 606 2588 678 (II
2612 609 2736 664 Cor.
2773 626 2814 678 ι,
2843 609 2973 681 23);
3024 615 3080 666 et
3110 609 3420 671 Psalmista
3454 631 3467 671 :
3500 615 3726 686 Statuit,
3758 619 3969 693 inquit,

570 697 983 770 potestatibus,
1012 699 1068 751 et
1097 694 1419 751 rectoribus
1448 695 1906 763 tenebrarum,et
1934 693 2214 766 spiritua-

566 787 746 853 libus,
778 785 1051 858 nequitia:
1081 784 1141 839 in
1172 782 1523 853 ccelestibus,
1584 783 1654 837 ab
1686 781 1798 838 alio
1828 781 1997 853 quasi
2027 782 2213 855 capite

570 875 755 933 sumit
781 873 1103 941 exordium,
1135 876 1193 929 et
1241 872 1383 928 dicit
1432 890 1445 928 :
1493 873 1679 927 Certus
1722 888 1844 926 sum
1871 874 2038 938 enim,
2081 872 2212 942 quia

566 980 740 1037 neque
767 979 934 1030 mors,
968 979 1140 1034 neque
1167 964 1303 1032 vita,
1328 978 1503 1032 neque
1530 961 1912 1032 angeli,neque
1925 962 2213 1033 principa-

565 1058 671 1124 tus,
700 1069 876 1125 neque
900 1053 1216 1125 praesentia,
1248 1067 1420 1122 neque
1444 1053 1655 1121 futura,
1699 1065 1872 1121 neque
1916 1049 2206 1120 fortitudo,

563 1157 739 1214 neque
767 1141 1022 1206 altitudo,
1043 1156 1215 1211 neque
1231 1138 1783 1213 profundum,neque
1806 1140 1921 1195 alia
1950 1139 2210 1210 quaelibet

563 1236 821 1287 creatura
838 1232 1038 1302 poterit
1050 1244 1148 1285 nos
1167 1244 1423 1299 separare
1439 1245 1471 1283 a
1493 1227 1765 1284 charitate
1784 1228 1886 1284 Dei
1891 1242 2038 1299 ,quae
2058 1232 2131 1283 est
2148 1228 2208 1282 in

556 1320 779 1377 Christo
809 1322 933 1377 Jesu
961 1319 1188 1375 Domino
1216 1320 1398 1373 nostro
1426 1317 1584 1389 (Ibid.
1645 1317 1733 1385 38,
1774 1317 1887 1389 39),
1919 1316 2207 1372 Prolixius

564 1408 804 1465 forsitan
819 1423 993 1481 quam
1015 1406 1194 1463 lector
1204 1406 1547 1472 voluerit,dc
1559 1406 1667 1461 hoc
1681 1406 1931 1479 capitulo
1946 1405 2207 1479 disputa-

563 1504 689 1554 tum
705 1497 1268 1569 sit:sed,qua3so,det
1291 1496 1524 1551 veniam
1546 1495 1876 1551 difficultati
1899 1494 2207 1568 ipsiusloci

560 1592 617 1644 et
647 1602 905 1659 personae
926 1584 1440 1658 Ephesiorum,qui
1462 1588 1595 1655 post
1615 1592 1766 1639 arles
1787 1582 2044 1656 magicas
2061 1583 2209 1640 scire

561 1676 905 1743 debuerant,
940 1691 972 1730 a
1002 1673 1217 1746 quibus
1260 1672 1509 1728 fuissent
1539 1671 1855 1744 aliquando
1887 1674 2133 1745 decepti.

632 1799 817 1871 (Vers.
853 1799 966 1867 13.)
1016 1820 1043 1848 ‹‹
1092 1797 1224 1852 Ideo
1272 1796 1489 1853 sumite
1539 1797 1737 1853 omnia
1766 1813 1930 1853 arma
1958 1797 2079 1866 Dei,
2141 1803 2206 1855 ut

557 1888 798 1962 possitis
826 1891 1095 1943 resistere
1120 1885 1179 1941 in
1206 1884 1297 1941 die
1336 1884 1490 1941 malo
1519 1903 1532 1941 :
1566 1890 1623 1942 et
1650 1886 1922 1943 universa
1957 1889 2200 1959 operati,

554 1985 728 2034 stare.
766 1999 795 2026 »
830 1977 990 2032 Diem
1036 1974 1273 2042 malam,
1307 1979 1410 2031 aut
1438 1992 1695 2047 przesens
1724 1978 1957 2048 tempus
2007 1983 2173 2033 ostcn

553 2066 659 2135 dit,
691 2066 762 2122 de
791 2083 906 2138 quo
937 2081 1115 2136 supra
1142 2063 1365 2121 dixerat
1397 2080 1409 2119 :
1444 2065 1781 2120 Redimentes
1812 2074 2039 2138 tempus,
2070 2085 2203 2139 quia

550 2155 666 2211 dies
691 2155 834 2211 mali
863 2155 1012 2210 667
1064 2157 1191 2208 sunt
1250 2152 1466 2225 (Ep/ws.
1501 2169 1552 2220 v,
1610 2154 1696 2224 16)
1747 2158 1983 2226 propter
2010 2173 2195 2230 angu-

552 2243 726 2300 stiam
750 2248 808 2300 et
821 2242 950 2299 vitae
972 2243 1153 2313 hujus
1182 2240 1580 2315 labores,quia
1604 2259 1718 2297 non
1742 2244 1964 2315 absque
1987 2247 2199 2303 sudore

550 2337 608 2390 et
636 2332 952 2389 certamine
1005 2331 1378 2403 pervenimus
1428 2332 1499 2386 ad
1550 2331 1853 2403 palmam:
1906 2339 2008 2389 aut
2044 2340 2199 2392 certe

550 2420 1080 2478 consummationis
1131 2424 1307 2491 atque
1349 2419 1577 2489 judicii,
1637 2421 1872 2491 quando
1902 2423 2197 2493 diabolus,

547 2510 827 2566 inimicus
858 2513 915 2565 et
944 2509 1172 2576 vindex,
1224 2508 1283 2563 in
1334 2519 1442 2563 sua
1491 2525 1598 2564 nos
1640 2510 1835 2582 cupiet
1865 2517 2027 2582 parte
2069 2514 2199 2568 reti-

547 2594 706 2667 nere,
740 2599 810 2656 de
841 2615 958 2670 qua
983 2596 1458 2665 liberabitur,Qui
1486 2598 1756 2668 intelligit
1775 2616 1941 2670 super
1966 2618 2198 2672 egenum

545 2697 598 2744 et
630 2702 971 2760 pauperem:
1002 2689 1063 2741 in
1089 2687 1183 2743 die
1226 2688 1376 2741 enim
1403 2688 1552 2742 mala
1610 2688 1866 2744 liberabit
1914 2707 2039 2745 eum
2085 2694 2195 2749 Do-

546 2779 734 2833 minus
765 2777 934 2849 (Psal.
989 2792 1084 2843 XL,
1136 2777 1208 2846 1).
1243 2774 1371 2830 Haec
1412 2780 1501 2831 est
1554 2777 1698 2847 dies,
1740 2779 1810 2833 de
1860 2795 1977 2849 qua
2022 2786 2080 2836 et
2132 2781 2193 2840 in

546 2865 660 2923 alio
686 2867 809 2922 loco
839 2865 1123 2937 scriptum
1170 2870 1256 2921 est
1307 2906 1320 2919 .
1379 2867 1508 2921 Ecce
1536 2868 1702 2935 venit,
1733 2866 1846 2923 dies
1876 2871 1980 2926 iras
2011 2872 2191 2926 Domi-

546 2958 610 3011 ni
656 2956 805 3028 (Isai.
855 2972 978 3024 xm,
1034 2955 1089 3018 9)
1118 2972 1132 3021 ;
1163 2957 1221 3009 et
1272 2952 1410 3009 alibi
1444 2973 1457 3009 :
1491 2956 1617 3010 Dies
1669 2959 1820 3011 enim
1849 2959 2074 3015 Domini
2104 2963 2191 3015 in-

541 3045 816 3100 sanabilis
842 3045 1041 3110 veniet,
1073 3044 1282 3114 furoris
1329 3048 1381 3099 et
1410 3048 1516 3101 irae
1554 3045 1702 3115 (Isai.
1738 3063 1924 3113 χχχιχ,
1973 3049 2029 3119 6)
2064 3067 2076 3116 ;
2136 3055 2192 3107 et

542 3149 780 3189 rursum
814 3150 827 3187 :
867 3137 957 3188 Vae
985 3131 1416 3187 desiderantibus
1443 3133 1589 3188 diem
1624 3134 1841 3190 Domini
1894 3155 1913 3191 :
1968 3140 2031 3194 Ut
2059 3141 2191 3210 quid

541 3223 691 3277 vobis
718 3221 834 3277 dies
887 3222 1152 3276 Domini?
1180 3225 1231 3275 et
1285 3226 1398 3299 haec
1427 3224 1502 3277 est
1560 3225 1817 3289 tenebris,
1849 3234 1901 3281 et
1928 3243 2035 3282 non
2068 3230 2184 3286 tum.

544 3310 1007 3380 Quemadmodum
1033 3312 1084 3365 si
1110 3313 1293 3382 fugiat
1348 3312 1505 3368 homo
1557 3330 1590 3367 α
1630 3316 1774 3384 [acie
1804 3316 1991 3385 leonis,
2018 3323 2072 3373 et
2098 3320 2186 3374 in-

539 3403 729 3455 currat
775 3400 836 3455 in
898 3416 1092 3455 ursum
1149 3418 1168 3453 :
1217 3408 1268 3455 et
1316 3402 1525 3457 introat
1586 3404 1645 3456 in
1709 3404 1941 3460 domum
2006 3423 2185 3478 suam,

536 3496 591 3545 et
642 3490 871 3545 reclinet
921 3505 1120 3544 manus
1176 3504 1302 3544 suas
1359 3506 1525 3561 super
1575 3492 1841 3561 parietem
1880 3512 1899 3547 :
1938 3503 1988 3550 et
2041 3513 2187 3552 mor-

536 3576 661 3633 deat
704 3594 829 3633 eum
858 3578 1095 3632 coluber.
1127 3580 1321 3633 Nonne
1369 3580 1609 3635 tenebrat)
1659 3580 1774 3635 dies
1805 3583 2043 3649 Domini,
2075 3601 2189 3642 non

533 3666 638 3721 tua:
692 3684 710 3720 :
767 3671 819 3721 et
871 3668 1061 3739 caligo
1098 3683 1211 3722 non
1256 3668 1459 3724 habens
1510 3669 1857 3739 splendorem
1897 3672 2092 3743 (Amos
2135 3691 2183 3741 v,

537 3755 625 3819 18,
648 3754 788 3824 20)?
816 3755 1120 3818 Quomodo
1178 3755 1335 3809 enim
1390 3772 1504 3810 non
1558 3757 1714 3812 mala
1767 3763 1857 3813 est
1887 3759 2009 3815 haec
2038 3762 2185 3827 dies,

535 3858 661 3913 quas
708 3843 964 3899 tenebris
1015 3848 1072 3899 et
1121 3842 1367 3915 caligine
1418 3844 1778 3901 involvitur?
1804 3848 1884 3904 De
1910 3865 2027 3920 qua
2058 3850 2183 3906 Joel

535 3947 768 4005 quoque
800 3933 1080 4005 propheta
1101 3938 1519 3989 commemorat
1541 3934 1740 3990 dicens
1767 3953 1779 3991 :
1814 3936 2004 3993 Canite
2054 3940 2187 3996 tuba

533 4022 593 4076 in
624 4020 755 4077 Sion
784 4040 804 4077 .·
829 4021 1125 4094 praedicata
1158 4024 1220 4077 in
1248 4031 1429 4078 monte
1452 4029 1639 4079 sancto
1684 4042 1801 4081 meo
1821 4042 1842 4087 ,·
1867 4032 1922 4082 et
1948 4030 2183 4099 confun-

530 4110 735 4167 dantur
781 4127 964 4168 omnes
1013 4114 1110 4183 qui
1153 4112 1402 4168 habitant
1458 4117 1703 4176 terram;
1744 4119 2002 4187 quoniam
2032 4118 2185 4174 adest

530 4200 614 4256 dis
642 4202 1021 4274 Domini:quia
1037 4218 1207 4274 prope
1222 4206 1299 4258 est
1313 4201 1431 4257 dies
1460 4204 1820 4260 tenebrarum
1839 4215 1890 4261 et
1920 4209 2179 4265 turbinis.

528 4290 645 4346 dies
693 4292 916 4349 nebulae
969 4298 1021 4347 et
1078 4292 1348 4363 caliginis
1376 4294 1513 4359 (Joel
1543 4310 1606 4359 ιι,
1650 4295 1722 4363 1).
1758 4296 1826 4349 Et
1855 4296 2181 4367 Sophonias

528 4380 600 4435 de
659 4382 862 4437 eadem
895 4380 987 4436 die
1020 4380 1281 4452 loquitur
1310 4380 1514 4436 dicens
1547 4398 1559 4435 :
1594 4382 1773 4453 Prope
1821 4391 1900 4439 est
1929 4383 2043 4440 dies
2072 4387 2178 4442 Do-

525 4470 673 4523 mini
699 4485 921 4541 magna,
950 4483 1120 4540 prope
1149 4477 1200 4524 et
1225 4469 1383 4524 velox
1410 4471 1597 4524 nimis.
1646 4472 1758 4527 Vox
1811 4472 1929 4528 diei
1959 4475 2181 4532 Domini

525 4572 738 4621 amara,
772 4561 823 4612 et
851 4557 1011 4623 dura,
1062 4566 1113 4611 et
1140 4558 1300 4627 fortis
1353 4573 1367 4612 :
1423 4558 1545 4614 dies
1576 4559 1699 4629 ira,
1750 4561 1877 4616 dies
1907 4562 2029 4630 illa,
2061 4563 2178 4619 dies

523 4647 793 4713 angustiae
820 4652 879 4700 et
905 4647 1243 4701 necessitatis
1299 4646 1484 4718 (δορὴ.
1537 4665 1575 4702 ι.
1642 4650 1705 4703 14
1769 4651 1912 4722 16.),
1972 4657 2028 4707 et
2082 4671 2173 4710 re-

2179 1939 2201 2025 _’
2232 1971 2280 2037 B
2315 1939 2579 2037 referent.
2632 1958 2644 1996 :

2323 710 2493 766 supra
2535 706 2748 768 petram
2795 700 2956 769 pedes
3007 716 3151 755 meos
3200 701 3375 771 (Psal.
3426 722 3614 773 xxxvi,
3669 709 3746 776 3).
3777 710 3972 769 Tertia

2322 798 2555 854 quoque
2603 803 2637 840 a
2678 786 3032 857 quibusdam
3082 786 3479 862 interpretatio
3529 795 3967 870 subinducitur,

2322 868 2654 928 dicentibus
2682 888 2826 929 :non
2846 892 3017 931 omne
3039 877 3347 934 adversum
3374 881 3673 939 diabolum
3701 868 3966 957 praelium

2321 964 2506 1014 morte
2539 960 2732 1029 finiri;
2784 964 2884 1018 sed
2937 980 3071 1019 cum
3122 966 3192 1022 de
3243 967 3353 1024 isto
3385 971 3595 1027 saeculo
3626 974 3963 1050 exierimus,

2318 1050 2457 1101 tunc
2489 1049 2658 1104 nobis
2688 1050 2894 1107 fortius
2926 1058 2983 1107 et
3014 1055 3294 1125 apertius,
3328 1061 3713 1129 praesentibus
3743 1049 3968 1124 contra-

2316 1140 2631 1207 praesentes
2653 1138 2915 1196 futurum
2947 1158 3075 1197 esse
3105 1148 3417 1202 certamen:
3438 1153 3495 1203 et
3516 1151 3600 1206 sic
3631 1149 3774 1209 illud
3806 1156 3964 1227 quod

2319 1225 2491 1295 paulo
2520 1231 2654 1283 ante
2684 1229 3013 1300 posuimus,
3046 1240 3355 1305 exponent,
3414 1254 3601 1310 neque
3647 1225 3960 1313 presentia,

2318 1314 2471 1370 678
2504 1332 2693 1389 neque
2742 1318 2987 1377 futura:
3024 1326 3088 1376 ut
3144 1323 3341 1381 futura
3391 1325 3513 1382 haec
3561 1329 3756 1385 dicant
3811 1348 3963 1403 esse,

2317 1419 2444 1475 qua:
2504 1411 2636 1477 post
2663 1409 2841 1463 vitam
2909 1409 3083 1466 istam
3134 1412 3252 1468 sint
3308 1414 3563 1471 ineunda
3619 1422 3960 1479 certamina.

2317 1492 2433 1549 Nec
2465 1511 2581 1550 non
2610 1500 2667 1551 et
2695 1495 2838 1551 illud
2875 1516 2887 1553 :
2921 1499 3264 1573 Quapropter
3318 1506 3716 1577 contendimus,
3746 1511 3861 1566 sive
3902 1514 3961 1568 in

2310 1585 2596 1653 prasenti,
2629 1587 2743 1640 sive
2771 1587 2831 1641 in
2858 1590 3064 1658 futuro,
3095 1591 3312 1661 placere
3343 1594 3431 1650 illi
3459 1595 3529 1666 (II
3558 1597 3680 1651 Cor.
3712 1614 3764 1669 v,
3796 1599 3873 1671 9),
3896 1604 3962 1657 ut

2238 1668 2251 1685 '
2316 1689 2572 1744 praesens
2601 1678 2856 1747 tempus,
2880 1676 3029 1734 hanc
3054 1679 3526 1749 vitam,futurum
3560 1690 3692 1757 post
3714 1668 3959 1748 mortem

2317 1762 2636 1834 signiﬁcari
2691 1768 2915 1836 putent.
2981 1768 3094 1823 lloc
3149 1785 3382 1843 quoque
3439 1775 3594 1845 quod
3627 1793 3783 1833 nunc
3813 1777 3955 1835 dici-

2314 1853 2412 1905 tur
2445 1867 2458 1906 :
2494 1856 2560 1907 Et
2586 1854 2773 1907 omnia
2820 1858 3045 1927 operati,
3076 1866 3245 1926 stare,
3279 1862 3351 1916 ad
3410 1865 3682 1921 eumdem
3716 1881 3955 1929 sensum

2713 1943 2883 2014 quasi
2951 1962 3065 2000 non
3133 1949 3322 2019 possit
3379 1950 3595 2023 aliquis
3659 1955 3857 2012 omnia
3895 1955 3956 2019 in

2311 2030 2581 2100 praesenti
2620 2029 2738 2087 vita
2786 2034 3031 2104 operari,
3082 2037 3183 2091 sed
3214 2054 3283 2093 ex
3331 2046 3493 2111 parte
3546 2043 3686 2114 quid
3725 2044 3898 2103 faciat
3938 2065 3952 2103 :

2309 2118 2461 2174 sicut
2490 2136 2559 2175 ex
2585 2125 2746 2192 parte
2774 2121 2986 2191 videat,
3022 2128 3078 2179 et
3105 2141 3172 2180 ex
3204 2132 3367 2199 parte
3399 2131 3704 2203 prophetet
3751 2135 3795 2205 (I
3827 2136 3946 2193 Cor.

2309 2225 2433 2278 xm,
2464 2207 2521 2278 9)
2555 2226 2568 2264 :
2604 2213 2661 2264 et
2690 2214 2829 2265 tunc
2887 2212 3136 2281 perfecte
3178 2220 3334 2272 stare
3391 2218 3597 2289 valeat,
3656 2238 3790 2299 cum
3824 2225 3954 2281 uni-

2311 2314 2473 2353 versa
2511 2298 2687 2353 fuerit
2743 2305 3033 2372 operatus.
3070 2302 3238 2360 Alius
3282 2323 3417 2363 vero
3472 2298 3801 2383 simplicius
3832 2313 3953 2371 haec

2308 2387 2543 2458 exponit
2599 2386 2819 2458 dicens,
2884 2390 3162 2461 Ephesios
3203 2395 3274 2450 ad
3305 2395 3534 2455 futuras
3579 2401 3951 2476 tentationes,

2307 2481 2363 2531 et
2393 2476 2825 2547 persecutiones
2865 2495 3012 2550 quas
3069 2481 3153 2537 eis
3209 2482 3425 2543 Paulus
3486 2488 3782 2559 apostolus
3821 2495 3955 2564 post

2306 2564 2457 2619 hanc
2488 2564 2795 2637 epistolam
2853 2568 3194 2640 prophetico
3238 2571 3472 2631 videbat
3502 2577 3714 2649 spiritu
3743 2596 3949 2652 prove-

2307 2652 2449 2721 nire,
2500 2654 2790 2711 cohortari
2836 2660 2891 2711 et
2946 2658 3192 2727 moneri,
3238 2666 3303 2717 ut
3354 2665 3552 2722 omnia
3583 2667 3820 2739 faciant,
3851 2685 3953 2742 per

2305 2759 2432 2813 qua:
2464 2745 2691 2815 possint
2720 2744 2777 2799 in
2811 2745 2923 2801 fide
2955 2751 3109 2803 stare
3168 2751 3482 2824 Evangelii,
3530 2772 3635 2813 nec
3664 2756 3724 2813 in
3755 2775 3948 2831 perse-

2304 2831 2536 2887 cutione
2567 2848 2855 2889 corruere.
2910 2835 3069 2891 Diem
3101 2844 3300 2895 autem
3350 2842 3588 2916 malam,
3620 2847 3851 2920 proprie
3877 2849 3948 2906 de

2302 2921 2752 2994 quadragesimo
2784 2928 2981 2981 octavo
3008 2926 3234 2998 psalmo
3257 2929 3613 2991 arbitramur
3633 2951 3761 2994 esse
3791 2954 3946 2996 nunc

2301 3013 2622 3081 sumptam.

2374 3116 2555 3187 (Vers.
2592 3116 2701 3189 14.)
2764 3141 2783 3167 α
2847 3120 3005 3176 State
3061 3138 3196 3196 ergo
3254 3126 3535 3184 succincti
3565 3128 3800 3190 lumbos
3849 3150 3945 3191 ve—

2298 3209 2454 3261 stros
2488 3204 2548 3261 in
2580 3207 2838 3263 veritate.
2878 3232 2904 3258 ››
2936 3210 3097 3274 Quod
3146 3214 3321 3284 juxta
3350 3218 3617 3276 membra
3647 3222 3840 3277 carnis
3893 3228 3949 3279 et

2299 3295 2579 3366 corporis,
2610 3298 2810 3353 omnia
2862 3301 3125 3357 membra
3157 3302 3364 3360 animae
3405 3306 3463 3362 in
3496 3307 3814 3381 Scripturis
3845 3329 3949 3369 vo-

2300 3388 2523 3451 centur,
2558 3384 2703 3440 nulli
2734 3386 2977 3444 dubium
3020 3395 3126 3457 est,
3182 3392 3253 3447 de
3312 3394 3531 3465 quibus
3574 3414 3758 3455 unum
3808 3406 3946 3473 puto

2299 3489 2425 3527 esse
2458 3490 2613 3529 nunc
2644 3476 2999 3544 membrum,
3032 3479 3260 3552 lumbos,
3295 3500 3443 3553 quos
3475 3489 3540 3540 ut
3569 3488 3946 3561 accingamus

2296 3563 2923 3637 veritate,preecipitur.
2957 3567 3251 3640 Scriptum
3283 3576 3374 3629 est
3404 3589 3639 3647 quoque
3671 3578 3728 3632 in
3762 3579 3944 3635 Evan-

2295 3650 2461 3723 gelio.
2497 3652 2631 3706 κατά
2661 3658 2862 3707 Δουκᾶν
2929 3673 2940 3711 :
2995 3659 3120 3713 Sint
3152 3660 3328 3716 lumbi
3355 3665 3524 3719 vestri
3553 3670 3864 3736 praecincti,
3897 3676 3948 3725 et

2296 3742 2538 3799 laceram
2593 3743 2843 3798 ardentes
2901 3746 2961 3799 in
3014 3747 3270 3804 manibus
3299 3754 3490 3807 vestris
3536 3754 3686 3825 (Luc.
3718 3773 3798 3812 xu
3831 3757 3941 3830 35).

2294 3828 2441 3894 Quia
2471 3830 2649 3903 igitur
2678 3830 2864 3887 lumbi
2897 3833 2956 3888 in
2987 3837 3361 3906 generatione
3390 3857 3624 3914 semper
3654 3828 3946 3918 accipiun-

2292 3922 2389 3973 tur
2418 3923 2473 3972 et
2504 3919 2749 3987 semine,
2772 3924 3093 3980 secundum
3123 3924 3267 3981 illud
3302 3945 3316 3983 :
3350 3930 3423 3985 De
3450 3933 3637 4001 fructu
3666 3934 3842 3992 lumbi
3860 3937 3944 3992 tui

2288 4023 2501 4077 ponam
2534 4025 2693 4081 super
2722 4012 2978 4067 thronum
3034 4023 3194 4070 tuum
3246 4017 3420 4087 (Psal.
3485 4039 3668 4091 cxxxi,
3730 4024 3839 4096 11).
3874 4025 3942 4081 Et

2292 4094 2431 4152 alibi
2461 4113 2472 4151 :
2503 4097 2697 4154 Adhuc
2722 4101 2781 4154 in
2803 4101 3003 4157 lumbis
3034 4112 3152 4159 erat
3172 4106 3301 4161 Levi
3322 4111 3510 4180 patris
3529 4113 3621 4166 sui
3639 4094 3934 4181 Abraham,

2291 4186 2504 4255 quando
2533 4187 2770 4245 obviavit
2800 4192 2853 4245 ei
2906 4191 3264 4251 Mclchisedec
3313 4198 3494 4265 (Hebr.
3554 4217 3651 4269 vn,
3712 4202 3823 4271 10),
3853 4202 3937 4260 vi-

2290 4276 2462 4331 detur
2516 4277 2685 4334 nobis
2726 4280 3046 4337 accinxisse
3093 4282 3326 4342 lumbos
3373 4304 3532 4360 suos,
3579 4291 3680 4363 qui
3720 4309 3935 4363 nequa-

2289 4380 2468 4435 quam
2502 4366 2665 4421 uxori
2696 4368 2960 4424 debitum
3001 4371 3211 4442 reddit,
3273 4391 3379 4431 nec
3435 4378 3612 4434 servit
3642 4378 3870 4435 libidini
3916 4396 3929 4436 :

2288 4454 2388 4507 sed
2421 4454 2686 4512 imitatur
2714 4457 3041 4530 ingenitum
3090 4460 3297 4531 Deum,
3328 4467 3718 4537 generationis
3748 4482 3926 4540 nego-

2288 4541 2384 4597 tiis
2413 4559 2528 4600 non
2560 4545 2925 4603 ministrans.
2959 4548 3076 4605 Hoc
3106 4549 3281 4618 idem,
3314 4570 3464 4623 reor,
3495 4561 3551 4611 et
3579 4554 3720 4611 illud
3745 4556 3930 4626 signi-

2286 4632 2458 4688 ficare
2480 4634 2634 4704 quod
2656 4635 2914 4693 Joannes
2946 4654 3150 4695 zonam
3175 4640 3473 4712 pelliceam
3495 4643 3745 4700 habebat
3776 4644 3933 4705 circa

523 4731 704 4804 liqua.
766 4735 903 4790 Post
954 4750 1084 4805 quae
1122 4735 1296 4791 infert
1325 4752 1337 4794 :
1374 4737 1438 4791 Et
1497 4739 1723 4809 alligem
1805 4719 2071 4813 homines,
2129 4747 2181 4798 et
2211 4730 2256 4795 D
2286 4719 2526 4813 19mm?
2550 4739 2689 4779 θυοδ
2720 4726 2944 4796 (Μαίιδιο
2980 4744 3063 4799 ΠΙ,
3098 4729 3171 4801 4),
3197 4735 3254 4785 et
3283 4748 3394 4786 non
3422 4735 3544 4787 erat
3572 4732 3645 4789 d0
3675 4733 3931 4791 immun'

522 4823 886 4878 ambulabunt
939 4832 1000 4879 ut
1054 4826 1189 4881 caeci
1263 4844 1281 4879 :
1347 4828 1478 4898 quia
1534 4827 1759 4884 Domino
1814 4836 2172 4901 peccaverunt

518 4912 684 4985 (Ibid.
719 4911 830 4981 17).
866 4911 938 4968 Ut
969 4913 1146 4984 igitur
1194 4914 1377 4985 possit
1408 4915 1540 4986 quis
1571 4916 1630 4971 in
1683 4918 1791 4972 hac
1814 4920 1906 4974 die
1936 4920 2166 4977 diabolo

518 5001 789 5059 resistere
823 5018 836 5056 :
870 5002 1007 5075 quia
1038 5003 1161 5074 ipse
1190 5009 1279 5059 est
1309 5012 1613 5060 accusator
1649 5007 1897 5063 fratrum
1937 5016 2166 5066 nostro-

515 5108 647 5148 rum
677 5094 858 5165 (Apoc.
891 5108 990 5163 xn,
1027 5093 1135 5164 10),
1188 5100 1453 5149 assumat
1482 5096 1681 5150 omnia
1710 5113 1872 5152 arma
1904 5098 1999 5153 Dei
2031 5100 2164 5171 (hoc

511 5182 667 5238 enim
701 5186 871 5238 sonat
898 5176 1196 5251 πανοπλία,
1230 5198 1344 5237 non
1383 5188 1444 5237 ut
1481 5181 1540 5237 in
1582 5183 1786 5240 Latino
1818 5186 2165 5258 simpliciter

506 5289 663 5327 arma
709 5271 995 5328 translata
1042 5273 1225 5340 sunt),
1275 5276 1333 5327 et
1391 5272 1669 5329 omnibus
1697 5274 1829 5329 telis
1862 5279 2162 5349 armisque

508 5360 861 5431 succinctus,
896 5362 966 5417 de
1011 5360 1227 5431 quibus
1286 5360 1344 5414 in
1405 5361 1784 5432 sequentibus
1817 5363 2156 5438 explicatur,

510 5450 654 5507 sciat
686 5456 821 5506 tunc
852 5468 914 5507 se
949 5455 1103 5507 stare
1131 5466 1323 5521 posse,
1352 5450 1403 5524 si
1454 5450 1729 5507 universa
1760 5453 1934 5507 fuerit
1964 5471 2157 5527 cpera-

510 5542 628 5610 tus,
663 5544 726 5593 ut
774 5539 984 5612 plenus
1034 5539 1264 5595 cunctis
1321 5539 1656 5611 virtutibus,
1715 5542 1987 5599 stabilem
2022 5544 2158 5618 ﬁgat

511 5627 780 5697 gradum,
813 5634 869 5683 et
898 5646 1012 5685 non
1057 5632 1358 5684 moveatur
1392 5630 1475 5687 .de
1529 5629 1669 5699 acie,
1721 5630 1914 5703 sitque
1967 5649 2035 5687 ex
2064 5634 2155 5690 his

509 5714 581 5770 de
612 5716 827 5787 quibus
879 5718 1163 5774 Dominus
1220 5718 1301 5773 ait
1328 5736 1341 5775 :
1374 5719 1511 5774 Sunt
1540 5719 1763 5789 quidam
1787 5722 1865 5776 de
1894 5722 1983 5777 hic
2008 5731 2159 5779 stan.

2285 4810 2398 4874 dis,
2430 4811 2529 4882 qui
2562 4818 2796 4885 propter
2825 4815 3046 4873 ﬂuxum
3079 4820 3324 4876 seminis
3354 4825 3514 4877 extra
3544 4827 3736 4879 castra
3792 4841 3924 4897 pro-

2268 4899 2413 4969 jecti
2438 4902 2631 4969 (Leuit.
2663 4919 2722 4957 XI
2747 4920 2764 4958 ι
2797 4919 2929 4960 cum
2958 4923 3093 4962 arca
3118 4909 3348 4965 Domini
3370 4910 3632 4969 habitare
3663 4930 3777 4970 non
3802 4930 3932 4986 pos-

2277 4993 2417 5043 sunt
2448 5006 2461 5043 :
2497 5006 2602 5045 nec
2633 5007 2701 5046 ex
2726 4992 2818 5048 his
2849 4994 2922 5049 de
2961 4997 3179 5066 quibus
3206 4997 3263 5053 in
3298 4998 3570 5057 Numeris
3598 5002 3875 5059 scribitur
3910 5020 3924 5058 :

2275 5077 2399 5133 Sint
2459 5081 2777 5138 vestimenta
2829 5084 2947 5154 ejus
3002 5084 3211 5143 dissuta
3272 5087 3457 5158 (Num.
3499 5107 3626 5159 vm,
3682 5093 3758 5161 7).
3820 5092 3927 5157 Qui

2272 5174 2467 5224 autem
2492 5169 2717 5227 Christo
2739 5174 3037 5231 accinctus
3057 5183 3147 5230 est
3166 5177 3558 5249 veritate,haac
3578 5181 3928 5238 vestimenta

2270 5257 2331 5312 in
2400 5258 2577 5314 alium
2645 5261 2887 5335 colligit,
2955 5269 3012 5319 et
3067 5282 3305 5321 sursum
3374 5268 3556 5325 trahit
3623 5287 3637 5325 :
3706 5275 3764 5326 et
3813 5287 3923 5327 nu-

2271 5346 2477 5403 dorum
2510 5348 2758 5405 laterum
2801 5352 3137 5409 iccditatem
3170 5354 3359 5412 balteo
3418 5357 3710 5431 spirituali
3751 5358 3922 5426 velat,

2268 5437 2522 5509 stringit,
2556 5444 2612 5493 et
2637 5438 2904 5508 includit,
2956 5448 3011 5497 et
3042 5449 3280 5515 paratus
3313 5447 3381 5501 ad
3424 5447 3689 5520 praelium
3721 5452 3829 5516 est,
3865 5451 3925 5503 et

2266 5542 2440 5597 opera
2458 5526 3050 5602 habetlucentia,quze
3070 5532 3317 5589 lucernae
3342 5535 3618 5592 dicuntur
3631 5537 3921 5593 ardentes.

2337 5635 2489 5689 679
2528 5655 2555 5687 α
2584 5635 2654 5691 Et
2699 5636 2884 5692 induti
2918 5637 3159 5695 loricam
3195 5641 3460 5711 justitite.
3497 5665 3524 5693 υ
3574 5643 3740 5699 Sicut
3769 5642 3925 5698 difﬁ-

2264 5722 2371 5778 cile
2400 5723 2757 5797 vulneratur,
2784 5727 2843 5782 in
2876 5727 2967 5784 his
2999 5728 3086 5784 vel
3119 5730 3372 5788 maxime
3403 5731 3547 5787 locis
3580 5749 3707 5804 qua:
3740 5733 3925 5788 vitam

503 5804 885 5885 tibus(b1atlb.
918 5823 1031 5874 xvr,
1080 5808 1212 5887 28);
1245 5812 1302 5867 et
1347 5808 1407 5867 in
1455 5807 1571 5867 alio
1602 5807 1726 5867 loco
1757 5826 1770 5867 :
1806 5810 2021 5869 Etenim
2053 5813 2154 5873 ﬁde
2261 5817 2484 5884 tenent,
2533 5814 2633 5888 qui
2691 5816 3015 5876 confertam
3074 5818 3290 5895 hamis,
3330 5825 3388 5881 et
3424 5821 3629 5881 ferreis
3672 5822 3923 5884 invicem
