4310 6598
354 451 475 513 ⁵8⁵

1023 423 1518 513 COMMENTAR
1562 450 1640 510 1N
1684 449 1933 539 EPIST.
1981 448 2082 508 AD
2126 448 2402 509 senss.
2457 450 2600 510 LIB.
2649 450 2725 520 ιι,
2772 450 2948 512 CAP.
2992 451 3095 513 VI.

3644 454 3765 514 586

355 582 593 641 circulis
625 600 689 641 se
713 586 1010 649 tenentem
1042 582 1283 639 loricam
1311 582 1550 638 virtutis
1593 582 1834 637 indutus
1860 584 1948 636 est
1981 597 1994 635 :
2029 582 2081 647 Α
2112 597 2227 651 quo
2259 598 2370 636 non
2404 582 2595 636 solum
2628 582 2923 637 venientia
2946 583 3061 638 tela
3091 584 3565 657 franguntur,sed
3586 586 3765 642 etiam

353 672 437 729 ita
465 673 564 745 qui
597 677 689 729 est
735 672 1135 728 circumdatus
1190 670 1499 743 multiplici
1547 675 1706 725 veste
1730 668 1998 742 justitiaa,

354 779 459 819 nec
499 763 569 818 ad
600 760 1049 818 similitudinem
1082 760 1231 816 cervi
1266 762 1321 815 in
1347 763 1517 831 jecur
1545 760 1790 831 accipiet
1821 760 2000 831 sagit-

354 854 474 906 tam
507 867 612 905 nec
640 850 699 905 in
732 849 1024 905 desideria
1052 854 1285 905 corruet
1341 854 1399 904 et
1456 850 1699 914 furores,
1733 849 1833 904 sed
1894 848 2004 903 erit

355 941 572 995 mundo
599 939 792 1006 corde,
814 938 1038 995 habens
1067 939 1352 993 artiﬁcem
1389 938 1570 1007 hujus
1600 937 1791 993 loricae
1815 938 1999 992 Deum

356 1029 451 1100 qui
485 1027 800 1098 unicuique
831 1028 1170 1083 sanctorum
1221 1028 1419 1082 omnia
1464 1045 1629 1081 arma
1663 1026 1998 1095 fabricatur,

352 1121 408 1171 et
438 1133 551 1171 non
585 1116 728 1172 sinit
760 1133 894 1171 eum
928 1135 961 1171 ει
984 1116 1184 1186 jaculo
1226 1116 1455 1170 volante
1486 1133 1588 1186 per
1645 1116 1822 1181 diem,
1882 1120 1938 1169 et
1969 1130 2003 1169 a

353 1205 556 1277 sagitis
586 1206 929 1261 ardentibus
962 1205 1183 1277 percuti
1217 1205 1436 1277 pariter
1465 1210 1521 1260 et
1547 1204 1731 1259 exuri.

424 1293 610 1366 (Vers.
646 1296 759 1371 1⁸5.)
796 1315 815 1343 α
874 1296 940 1349 Et
978 1294 1202 1350 calciati
1237 1294 1412 1365 pedes
1462 1294 1521 1347 in
1582 1294 2001 1365 prmparatione

349 1382 644 1457 Evangelii
680 1384 858 1455 pacis.
896 1404 923 1433 »
950 1383 1297 1455 Diligentius
1340 1384 1660 1450 observate,
1697 1382 1851 1454 quod
1886 1383 1999 1435 vir-

362 1476 547 1527 tutem
581 1473 898 1544 quamdam
929 1473 1140 1527 anima:
1162 1470 1749 1543 appellaveritpedes,
1783 1471 2000 1542 quibus

353 1560 720 1633 ingredimur
744 1561 803 1615 in
825 1576 891 1615 eo
923 1560 1024 1633 qui
1046 1560 1205 1615 dicit:
1231 1565 1339 1631 Ego
1368 1577 1490 1615 sum
1523 1562 1663 1615 viam
1692 1561 2005 1631 (Joanmv,

350 1652 429 1722 6),
486 1655 542 1705 et
602 1666 717 1723 quo
776 1666 882 1705 nos
955 1652 1184 1719 oportet
1258 1647 1503 1705 calciare
1578 1648 2003 1720 praeparatione

352 1738 644 1811 Evangelii
678 1738 856 1810 pacis.
884 1737 948 1793 In
979 1755 1146 1793 orum
1180 1738 1693 1793 calciomentorum
1730 1738 1998 1809 ﬁguram,

350 1832 408 1885 et
436 1827 537 1883 illa
566 1826 951 1883 calciamenta
1004 1826 1064 1882 in
1123 1827 1317 1882 Exodo
1376 1833 1819 1899 praeesserunt,
1875 1838 2001 1898 quae

352 1916 565 1973 habere
595 1916 821 1973 Pascha
863 1916 1233 1972 vescentibus
1280 1916 1605 1987 imperatur
1665 1920 1720 1970 et
1750 1916 1867 1983 his,
1899 1916 2000 1988 qui

351 2006 423 2061 ad
456 2005 790 2062 faciendum
822 2006 933 2061 iter
962 2007 1148 2078 parati
1181 2010 1339 2061 sunt.
1373 2005 1462 2061 Sic
1504 2005 1656 2063 enim
1710 2005 1810 2076 ait,
1838 2022 1998 2060 man-

349 2095 623 2151 ducabitis
651 2095 793 2150 illud
825 2113 840 2149 :
874 2096 1048 2150 lumbi
1076 2098 1244 2150 vestri
1279 2096 1531 2162 accincti,
1563 2102 1613 2150 et
1640 2096 1999 2150 calciamenta

350 2193 533 2241 vestra
553 2185 615 2239 in
634 2184 864 2256 pedibus
892 2186 1107 2252 vestris,
1138 2190 1189 2239 et
1222 2184 1411 2239 baculi
1455 2185 1623 2238 vestri
1650 2185 1709 2238 in
1740 2184 1999 2238 manibus

348 2274 541 2330 vestris
569 2293 589 2329 :
618 2282 669 2329 et
697 2274 981 2329 comedetis
1010 2272 1152 2329 illud
1187 2290 1311 2329 cum
1364 2273 1758 2344 festinatione:
1788 2273 1999 2328 Pascha

347 2367 427 2419 est
455 2365 606 2418 enim
638 2364 1208 2434 Domini(Exod.'xu,
1244 2363 1352 2433 11).
1414 2362 1661 2435 Signum
1702 2361 1997 2434 siquidem

350 2450 793 2525 praparationis
835 2456 943 2515 est,
993 2469 1125 2507 cum
1180 2451 1573 2516 festinatione,
1627 2456 1684 2506 et
1732 2451 1996 2507 calciatis

346 2540 594 2613 pedibus
623 2541 926 2596 comedere
961 2557 973 2594 :
1009 2546 1095 2607 ut,
1126 2540 1481 2596 corroborati
1533 2539 1790 2612 paschali
1843 2540 1993 2609 cibo,

348 2628 528 2685 latam
561 2635 620 2685 et
650 2628 988 2685 horribilem
1025 2629 1251 2700 possint
1300 2644 1564 2684 eremum
1621 2629 1994 2700 pertransire.

349 2716 456 2781 Qui
487 2734 625 2790 ergo
657 2718 849 2773 adhuc
880 2716 1162 2782 ambulat,
1206 2716 1487 2773 calcietur
1518 2733 1530 2773 :
1567 2716 1665 2789 qui
1698 2718 1996 2788 vero,jam

347 2805 601 2862 Jordane
629 2807 1007 2870 transmisso.
1035 2813 1250 2862 terram
1306 2806 1777 2878 repromissionis
1806 2806 1996 2861 intra-

360 2896 464 2965 .vit,
497 2898 678 2953 nudet
708 2897 908 2969 pedem
940 2897 1139 2968 (Iosue,
1174 2913 1226 2965 v,
1262 2896 1369 2965 16).
1431 2896 1603 2962 Solve,
1635 2896 1735 2973 ait,
1794 2896 1997 2951 calcia-

347 2990 594 3041 mentum
620 2985 684 3041 de
709 2986 937 3058 pedibus
966 2988 1074 3041 tuis
1106 3004 1124 3040 :
1147 2986 1293 3041 locus
1322 2986 1469 3040 enim
1522 2987 1577 3040 in
1638 3002 1741 3057 quo
1770 2989 1831 3039 tu
1859 2990 1993 3052 stas,

350 3082 499 3130 terra
526 3079 720 3130 sancta.
745 3080 823 3130 est
847 3074 1039 3147 (Exod.
1068 3091 1155 3137 III,
1187 3074 1262 3142 5).
1297 3074 1355 3129 Si
1386 3074 1518 3141 quis
1559 3091 1674 3129 non
1705 3081 1796 3129 est
1822 3075 1996 3130 Jesus

351 3162 524 3231 Nave,
561 3181 665 3219 nec
696 3163 999 3236 apostolus
1028 3162 1233 3218 calciet
1276 3164 1452 3235 pedes
1485 3180 1623 3219 suos
1681 3163 1739 3218 in
1772 3181 1994 3236 prmpa-

2109 669 2356 724 telorum
2393 670 2514 742 ipse
2549 671 2697 743 ignis
2714 671 3209 743 cxstinguitur,de
3242 690 3358 745 quo
3393 680 3446 729 et
3478 674 3767 746 propheta.

2110 760 2433 830 complorat
2484 762 2684 815 dicens
2719 777 2731 815 :
2768 760 2962 815 Omnes
3018 761 3413 829 adulterantes,
3473 766 3633 835 quasi
3660 764 3761 819 cli-

2112 847 2284 903 banus
2314 848 2479 903 corda
2509 866 2699 904 eorum
2732 849 2902 919 (Osee.
2962 867 3057 919 vn,
3089 852 3162 918 4).
3197 851 3302 915 Qui
3354 850 3511 906 hunc
3560 852 3763 907 umbo-

2113 953 2244 991 nem
2276 938 2404 992 ﬁdei
2433 955 2608 992 manu
2648 939 2774 992 forti
2811 940 3082 1005 tenuerit,
3127 944 3184 993 et
3213 941 3550 996 conﬁsusin
3579 940 3766 996 Domi-

2112 1042 2205 1090 no,
2240 1025 2437 1080 scierit
2468 1043 2528 1080 se
2551 1044 2583 1080 a
2606 1027 2975 1082 venientibus
3026 1027 3244 1098 jaculis
3292 1045 3422 1084 esse
3464 1045 3762 1096 securum,

2112 1112 2384 1183 loquetur
2417 1115 2741 1186 intrepidus
2773 1132 2786 1170 :
2823 1118 2883 1171 In.
2936 1117 3161 1173 Domino
3219 1118 3429 1189 conﬁdo
3459 1137 3479 1174 :
3500 1119 3765 1190 quomodo

2109 1202 2293 1258 (licitis
2350 1206 2552 1257 animm
2598 1220 2731 1258 mea;
2762 1222 2780 1258 :
2814 1206 3161 1275 Transmigra
3211 1207 3271 1260 in
3329 1210 3569 1263 montem
3620 1211 3764 1263 sicut

2107 1308 2296 1362 passer
2325 1296 2349 1345 ἱ)
2380 1295 2654 1361 Quoniam
2684 1310 2804 1348 ecce
2832 1300 3143 1364 peceatores
3174 1296 3533 1351 intenderunt
3563 1312 3761 1352 arcum

2107 1386 2438 1451 paraverunt
2470 1388 2697 1451 sagittas
2752 1399 2878 1437 suas
2936 1386 2997 1437 in.
3048 1384 3343 1454 pharetris,
3394 1393 3457 1440 ut
3502 1388 3764 1454 sagittent

2111 1471 2167 1524 in
2202 1464 2424 1526 obscuro
2456 1476 2621 1526 rectus
2651 1472 2812 1527 corde
2853 1474 3028 1544 (Psal.
3081 1491 3135 1539 Χ,
3194 1468 3375 1544 2,“3).
3436 1478 3576 1529 Cum
3626 1491 3762 1547 ergo

2112 1558 2320 1628 inquit,
2356 1559 2640 1613 confidam
2676 1558 2733 1613 in
2765 1560 3155 1632 Domino,qua
3181 1562 3325 1616 mihi
3355 1562 3507 1618 datis
3538 1562 3765 1618 ratione

2110 1647 2449 1714 consilium,
2510 1653 2570 1702 ut
2627 1665 2738 1702 non
2802 1654 2953 1704 stem
3013 1651 3325 1706 adversum
3385 1652 3764 1708 inimicorum

2109 1734 2385 1807 impetus,
2421 1741 2476 1790 et
2498 1736 2699 1808 jacula
2758 1754 2884 1809 quae
2946 1743 3147 1795 contra
3206 1756 3299 1795 me
3357 1739 3415 1794 in
3473 1739 3767 1812 pharetris

2111 1830 2533 1896 praepararunt,
2568 1825 2825 1881 volentes
2878 1844 2993 1882 non
3044 1826 3238 1883 solum
3301 1844 3419 1896 me,
3452 1829 3552 1884 sed
3584 1829 3761 1886 etiam

2111 1930 2315 1969 omnes
2356 1920 2544 1970 rectos
2604 1916 2712 1983 [Αι.
2772 1919 2949 1985 recto]
3004 1918 3173 1973 corde
3232 1918 3763 1988 percutere?Ecce

2108 2008 2197 2057 sto
2229 2019 2407 2073 super
2438 2008 2683 2073 petram,
2744 2010 2799 2059 et
2855 2021 2967 2059 non
3014 2006 3374 2077 transmigro
3433 2006 3492 2060 in
3526 2010 3760 2063 montes

2107 2092 2551 2148 tenebricosos:
2585 2097 2642 2147 et
2689 2094 2888 2147 omnia
2941 2092 3054 2149 tela
3095 2094 3354 2150 hostium
3413 2094 3667 2167 repulsa,
3696 2094 3760 2164 in

2107 2181 2267 2252 ipsos
2300 2181 2399 2253 qui
2431 2180 2713 2251 dirigunt,
2747 2187 3184 2237 convertuntur.

2177 2270 2362 2341 (Vers.
2396 2270 2508 2339 17.)
2543 2293 2569 2318 ‹‹
2604 2271 2671 2325 Et
2725 2270 2948 2342 galeam
3010 2272 3217 2327 salutis
3261 2273 3524 2347 accipite.
3556 2295 3584 2324 »
3618 2273 3756 2330 Pro-
3838 2312 3845 2317 -

2108 2363 2237 2431 pter
2265 2359 2416 2414 hanc
2446 2358 2672 2431 galeam
2705 2360 3213 2427 salutaris,omnes
3242 2363 3301 2417 in
3334 2363 3521 2436 capite
3554 2367 3753 2420 nostro

2107 2465 2317 2504 sensus
2344 2449 2552 2521 integri
2593 2455 3011 2520 perseverant:
3045 2457 3100 2507 et
3146 2451 3397 2508 maxime
3454 2452 3631 2521 oculi,
3683 2452 3755 2509 de

2108 2536 2322 2608 quibus
2354 2539 2411 2591 in
2442 2536 2784 2592 Ecclesiaste
2817 2538 3090 2594 Salomon
3123 2539 3205 2594 ait
3239 2556 3251 2595 :
3289 2540 3562 2612 Sapientis
3608 2540 3757 2597 oculi

2109 2628 2166 2681 in
2196 2627 2371 2696 capite
2400 2628 2516 2697 ejus
2575 2627 2774 2696 (Eccte.
2836 2629 3039 2699 11,14),
3098 2628 3329 2684 Sciebat
3380 2630 3537 2685 enim
3596 2629 3754 2701 quod
3832 2630 3839 2637 ’

2108 2721 2262 2770 esset
2291 2715 2393 2769 viri
2426 2720 2619 2787 caput,
2651 2722 2709 2771 et
2739 2716 2980 2788 quinam
3024 2717 3119 2772 isti
3152 2716 3303 2773 oculi
3333 2718 3393 2773 in
3426 2717 3532 2773 viri
3563 2718 3756 2792 capite

2107 2804 2388 2859 collocati.
2425 2805 2480 2858 Si
2513 2804 2668 2860 enim
2707 2810 2883 2877 caput
2935 2806 3043 2860 viri
3106 2806 3374 2863 Christus
3431 2812 3521 2863 est
3548 2808 3596 2879 (1
3624 2807 3747 2865 Cor.

2104 2910 2186 2959 x1,
2215 2894 2292 2964 2),
2326 2898 2383 2948 et
2412 2893 2565 2948 oculi
2596 2894 2878 2966 sapientis
2910 2895 2965 2949 in
3020 2894 3203 2966 capite
3253 2896 3382 2967 ejus
3431 2901 3573 2953 sunt
3604 2915 3617 2955 :
3651 2913 3749 2953 se-

2107 2983 2308 3053 quitur
2339 2986 2403 3037 ut
2432 2984 2625 3037 omnis
2668 2988 2865 3038 noster
2922 3000 3152 3055 sensus,
3208 3002 3396 3052 mens,
3457 2986 3753 3059 cogitatio,

2106 3088 2320 3139 sermo,
2373 3071 2683 3127 consilium
2734 3073 2805 3143 (si
2852 3077 3048 3127 tamen
3104 3074 3399 3145 sapientes
3448 3075 3756 3150 fuerimus)

2104 3161 2162 3215 in
2195 3161 2423 3217 Christo
2455 3161 2592 3216 sint.
2627 3162 2690 3215 In
2722 3162 2950 3217 Christo
3000 3168 3193 3218 autem
3253 3163 3462 3231 Verbo,
3509 3163 3755 3233 lumine,

350 3253 574 3309 ratione
606 3253 897 3326 Evangelii
925 3253 1105 3325 pacis.
1139 3253 1193 3308 Si
1251 3253 1384 3324 quis
1438 3258 1631 3307 autem
1694 3254 1995 3324 apostolus
2046 3325 2050 3326 ν
2099 3252 2355 3322 justitia,
2388 3250 2646 3317 veritate,
2681 3252 3027 3323 cunctisque
3057 3252 3395 3309 virtutibus.

347 3347 458 3413 est,
490 3347 548 3398 et
593 3341 745 3398 inter
781 3325 1109 3398 duodecim
1170 3342 1469 3397 numerari
1528 3346 1741 3414 potest,
1775 3359 1991 3414 nequa-
2025 3325 2068 3393 C

350 3444 529 3504 quam
562 3430 726 3486 tollat
756 3431 815 3485 in
872 3431 966 3485 via
1021 3430 1470 3487 calciamentum
1530 3448 1728 3497 suum,
1790 3447 1894 3487 nec
1924 3432 1996 3487 ad

348 3519 1057 3591 scorpiones,etcolubros
1074 3519 1453 3575 declinandos
1476 3519 1814 3575 calcaneum
1843 3525 1999 3593 tegat

347 3608 450 3665 sed
474 3610 602 3680 jam
634 3613 1083 3663 consummatus
1113 3614 1288 3680 atque
1312 3608 1741 3681 perfectus,stct
1765 3609 1821 3663 in
1847 3615 2000 3666 terra

349 3704 553 3755 sancta
583 3703 641 3752 et
671 3697 825 3752 vivat
846 3696 905 3751 in
936 3696 1187 3764 Christo,
1211 3703 1268 3753 et
1285 3702 1568 3768 sequatur
1588 3705 1817 3770 Agnum
1852 3715 1996 3773 quo:

348 3804 579 3859 cunque
611 3785 767 3841 vadit
797 3787 1097 3858 (.lpocmv,
1121 3789 1194 3856 4).
1220 3786 1506 3850 Quaeritur
1536 3793 1734 3843 utrum
1768 3805 1900 3843 nam
1926 3789 1997 3844 ad

349 3875 783 3933 distinctionem
818 3875 1110 3948 Evangelii
1145 3875 1570 3943 aiterius,nunc
1604 3878 1999 3949 dixerit,pacis

350 3964 726 4039 Evangelium
758 3965 786 4020 ‘t
814 3967 901 4021 An
932 3970 1084 4021 certe
1114 3965 1417 4038 proprium
1451 3966 1528 4021 sit
1566 3968 1671 4022 hoc
1704 3967 1999 4039 Evangelii

352 4060 416 4111 ut
445 4048 606 4127 pacis
636 4054 1009 4127 Evangelium
1046 4055 1381 4110 nominetur
1410 4054 1438 4109 ‘?
1469 4056 1574 4121 Qui
1619 4056 1796 4129 igitur
1825 4057 2001 4112 habet

352 4151 578 4215 paeem,
633 4142 913 4199 calciatus
971 4148 1061 4199 est
1111 4144 1323 4199 Christi
1383 4137 1697 4216 Evangelio
1730 4162 1742 4200 :
1778 4152 1998 4201 etcum

354 4229 631 4288 calciatus
663 4231 1225 4305 fuerit,praaparatus
1254 4237 1377 4289 est:
1411 4238 1469 4289 et
1501 4240 1860 4306 praeparatus
1883 4251 1998 4290 non

355 4335 417 4377 se
469 4324 631 4392 putet
662 4337 790 4377 esse
823 4323 1145 4393 perfectum
1179 4339 1192 4376 :
1228 4322 1329 4377 sed
1362 4322 1431 4378 ad
1487 4322 1595 4378 hoc
1645 4331 2001 4396 praeparetur

354 4413 421 4464 ut
462 4413 684 4482 pergat,
718 4414 776 4466 et
806 4426 1052 4484 pergens
1084 4412 1280 4467 veniat
1309 4412 1380 4467 ad
1411 4412 1607 4468 ﬁnem.

426 4496 582 4554 680
612 4498 798 4570 (Vere.
836 4500 946 4572 16.)
980 4523 1007 4550 ‹‹
1042 4500 1230 4573 Super
1259 4500 1457 4556 omnia
1487 4501 1834 4572 accipientes
1866 4520 1999 4559 scu-

351 4593 476 4646 tum
508 4587 665 4654 ﬁdei,
698 4589 755 4644 in
789 4606 904 4661 quo
956 4590 1195 4662 possitis
1251 4591 1449 4646 omnia
1498 4592 1698 4662 jacula
1756 4592 1998 4665 maligni

2179 3339 2365 3408 (Vera.
2403 3341 2488 3407 18,
2525 3340 2633 3411 19.)
2666 3364 2693 3389 ‹‹
2726 3342 2795 3395 Et
2846 3340 3108 3412 gladium
3167 3342 3432 3413 spiritus,
3476 3343 3632 3415 quod
3664 3348 3756 3401 est

2106 3430 2349 3485 verbum
2385 3430 2499 3484 Dei.
2540 3430 2642 3484 Per
2670 3446 2905 3485 omnem
2964 3431 3285 3487 orationem
3318 3437 3373 3487 et
3403 3432 3757 3488 obsecratio-

2108 3536 2262 3585 nem,
2316 3524 2548 3574 orantes
2596 3519 2656 3573 in
2706 3520 2865 3573 omni
2914 3524 3173 3592 tempore
3216 3521 3276 3576 in
3323 3520 3530 3594 spiritu
3566 3538 3578 3576 :
3614 3522 3755 3580 etin

2108 3610 2236 3681 ipso
2268 3607 2575 3680 vigilantes
2615 3608 2674 3661 in
2724 3608 2883 3663 omni
2924 3609 3206 3664 instantia
3254 3615 3311 3665 et
3358 3627 3546 3683 prece,
3597 3610 3748 3669 881

2110 3714 2213 3769 pro
2244 3696 2521 3752 omnibus
2553 3696 2774 3752 sanctis
2803 3703 2860 3752 et
2891 3714 2992 3769 pro
3025 3714 3136 3754 me.
3199 3721 3227 3749 ››
3291 3698 3385 3754 Dei
3443 3716 3636 3757 sermo
3684 3701 3757 3759 de

2108 3785 2324 3858 Spiritu
2357 3790 2561 3840 sancto
2594 3785 2759 3841 fluit:
2793 3786 3120 3842 contrarius
3152 3804 3282 3844 vero
3339 3790 3410 3844 de
3464 3797 3619 3846 terra
3671 3789 3756 3847 lo-

2109 3875 2332 3946 quitur,
2359 3880 2415 3930 et
2445 3875 2578 3929 inde
2611 3875 2793 3930 sumit
2821 3877 3145 3932 exordium.
3181 3879 3286 3947 Qui
3336 3880 3483 3934 enim
3510 3879 3576 3936 de
3606 3884 3758 3937 terra

2109 3969 2208 4030 est,
2241 3966 2307 4019 de
2338 3968 2488 4019 terra
2520 3965 2779 4036 loquitur.
2813 3967 2924 4036 Qui
2951 3965 3015 4021 de
3043 3967 3172 4023 cado
3204 3969 3372 4035 venit,
3428 3984 3593 4041 super
3637 3984 3749 4025 om-

2108 4070 2201 4109 nes
2232 4062 2310 4108 est
2335 4071 2352 4107 :
2389 4058 2453 4108 Et
2484 4053 2624 4124 quod
2652 4054 2793 4108 vidit
2816 4058 2866 4108 et
2894 4055 3112 4109 audivit
3166 4056 3263 4110 hoc
3319 4061 3546 4112 testatur
3574 4058 3752 4129 (Joan.

2110 4160 2172 4210 ιι,
2202 4143 2291 4211 31,
2326 4144 2416 4213 32)
2448 4142 2622 4197 Porro
2654 4159 2846 4196 sermo
2890 4142 3007 4211 Dei,
3060 4143 3292 4215 gladius
3352 4146 3596 4217 spiritus
3641 4150 3754 4215 est,

2109 4233 2179 4287 de
2212 4248 2326 4303 quo
2358 4248 2510 4286 nunc
2539 4231 2752 4286 Paulus
2784 4231 2864 4286 ait
2895 4249 2907 4287 :
2943 4230 3170 4288 Gladius
3210 4235 3456 4305 spiritus,
3501 4234 3647 4305 quod
3673 4240 3757 4291 est

2109 4323 2334 4377 verbum
2367 4322 2481 4376 Dei.
2515 4321 2729 4377 Vivens
2778 4322 2994 4393 quippe
3051 4338 3244 4377 sermo
3303 4323 3402 4379 Dei
3443 4329 3498 4378 et
3528 4322 3754 4395 efﬁcax,

2110 4418 2168 4468 et
2209 4416 2418 4467 acutus
2472 4428 2648 4482 super
2704 4427 2940 4466 omnem
2999 4410 3262 4483 gladium
3322 4412 3660 4484 ancipitem,
3692 4418 3753 4469 et

2110 4507 2424 4574 penetrans
2458 4518 2645 4573 usque
2679 4501 2749 4555 ad
2785 4505 2948 4556 artus
2987 4501 3220 4573 animai,
3280 4507 3337 4557 et
3392 4502 3644 4571 ossium,
3703 4506 3762 4560 et

2110 4589 2503 4645 medullarum
2537 4590 2720 4660 (Hebr.
2758 4606 2830 4660 ιν,
2868 4591 2974 4661 19).
3036 4590 3142 4654 Qui
3199 4592 3445 4663 spiritus
3504 4592 3764 4664 praecidit

350 4677 536 4752 ignita
560 4678 951 4751 exstinguere.
987 4702 1008 4730 ι
1047 4679 1223 4743 Quasi
1253 4680 1465 4735 dixerit
1495 4697 1507 4734 :
1542 4681 1603 4735 In
1637 4681 1801 4737 omni
1829 4698 2000 4753 opere
2032 4697 2077 4760 D
2110 4684 2167 4736 et
2194 4678 2420 4743 dividit,
2470 4678 2721 4733 multum
2774 4679 3087 4750 proﬁciens
3146 4697 3248 4753 per
3304 4682 3646 4749 orationem,
3706 4685 3766 4740 et

352 4772 576 4840 portate
608 4766 877 4840 clypeum
910 4768 1064 4837 ﬁdei,
1099 4773 1163 4825 ut
1200 4770 1438 4840 possitis
1493 4772 1628 4826 tecti
1661 4776 1836 4842 atque
1870 4788 1998 4826 mu-

351 4857 458 4912 niti
487 4856 751 4929 excipere
780 4857 1076 4914 venientes
1108 4860 1372 4932 sagittas,
1406 4865 1463 4916 et
1493 4859 1608 4914 huc
1657 4866 1832 4931 atque
1862 4859 1999 4916 illuc

352 4949 475 5003 arte
495 4963 595 5004 eas
628 4945 835 5003 bellica
865 4947 1175 5004 declinare.
1211 4948 1340 5004 Haec
1372 4954 1460 5004 est
1499 4950 1642 5004 ﬁdes
1676 4965 1853 5021 super
1884 4967 2000 5021 qua

354 5039 412 5089 et
440 5034 735 5091 Abraham
770 5040 902 5108 post
949 5036 1137 5093 multa
1184 5053 1361 5109 opera
1410 5042 1583 5109 atque
1631 5039 1878 5095 virtutes
1908 5040 2002 5093 vix

357 5124 550 5196 potuit
580 5127 919 5197 promereri,
954 5131 1017 5181 ut
1048 5127 1117 5182 de
1149 5143 1214 5182 eo
1246 5127 1544 5199 Scriptura
1573 5128 1789 5183 diceret
1824 5147 1835 5184 :
1873 5130 2000 5184 Cre-

351 5213 497 5269 didit
538 5218 721 5270 antem
772 5217 1053 5272 Abraham
1102 5217 1202 5272 Deo
1253 5225 1307 5272 et
1342 5220 1660 5288 reputatum
1696 5227 1773 5272 est
1800 5219 1890 5273 illi
1926 5217 2004 5273 ad

357 5304 630 5367 iustitiam
661 5304 813 5376 (Gen.
842 5322 934 5376 xv,
968 5306 1042 5377 8).
1078 5305 1390 5378 Perspicua
1421 5312 1560 5361 sunt
1585 5312 1779 5362 autem
1804 5305 2006 5378 jacula

352 5392 619 5465 maligni,
678 5409 807 5466 quas
856 5395 980 5450 vult
1032 5396 1262 5451 mittere
1311 5396 1368 5450 in
1424 5388 1599 5452 corda
1656 5402 1855 5451 nostra
1905 5414 2006 5468 per

349 5481 731 5554 cogitationes
762 5486 1051 5556 pessimae
1084 5486 1192 5541 :de
1212 5486 1427 5556 quibus
1460 5485 1805 5556 unumjecit
1826 5486 1885 5540 in
1908 5502 2006 5541 cor

348 5570 531 5642 Judae,
568 5576 631 5627 ut
662 5574 918 5628 traderet
944 5575 1297 5630 Salvatorem
1332 5576 1507 5647 (Joan.
1540 5593 1663 5641 xm,
1694 5576 1769 5648 2).
1810 5580 2006 5648 Itaque

352 5675 423 5717 ne
454 5661 810 5735 principium
837 5663 1074 5734 quidem
1107 5662 1320 5721 habere
1350 5665 1857 5737 poteritinimicus
1879 5666 2005 5722 aui-

351 5766 461 5810 mts
501 5750 898 5826 vulnerandaa,
932 5753 980 5810 si
1031 5755 1401 5813 tenuerimus
1447 5762 1681 5815 scutum
1728 5756 1862 5814 ﬁdei
1896 5773 1910 5815 :
1945 5757 2006 5818 in

676 5879 941 5949 PATBOL.
984 5881 1211 5959 XXVI,

2109 4766 2569 4823 obsecrationem
2604 4784 2829 4835 eorum,
2880 4768 2980 4840 qui
3028 4768 3087 4824 in
3137 4771 3299 4825 omni
3355 4776 3619 4845 tempore
3653 4776 3761 4828 Do-

2111 4857 2336 4911 minum
2372 4856 2761 4927 deprecantur
2792 4855 3118 4929 inspiritu,
3157 4860 3330 4930 juxta
3361 4860 3502 4915 illud
3538 4879 3551 4916 :
3587 4859 3764 4917 Orabo

2108 4947 2332 5018 spiritu,
2365 4946 2526 5001 orabo
2557 4948 2606 4999 et
2636 4956 2814 5000 mente
2860 4947 2913 5017 (Ι
2961 4947 3081 5003 Cor.
3152 4966 3266 5017 xxv,
3302 4951 3410 5023 15).
3468 4951 3536 5006 Et
3566 4951 3622 5005 in
3655 4949 3765 5005 hoc

2111 5035 2443 5107 proﬁciens,
2493 5040 2559 5090 ut
2610 5052 2711 5106 per
2760 5036 3014 5107 vigilias,
3063 5041 3122 5094 et
3165 5039 3482 5096 instantem
3531 5054 3762 5110 precem

2110 5124 2425 5197 Apostolus
2457 5125 2514 5178 in
2551 5126 2649 5179 Dei
2679 5127 2851 5180 verbo
2883 5127 3264 5199 doctrinaque
3296 5129 3532 5183 ditetur.
3556 5126 3763 5183 Ethaac

2111 5215 2309 5269 omnia
2339 5216 2638 5287 opulentia
2669 5217 2739 5271 ad
2775 5216 3025 5271 aliorum
3068 5216 3653 5289 proficiatjsalutem.
3696 5220 3763 5273 ut

2113 5305 2196 5359 eis
2227 5321 2460 5376 quoque
2494 5304 2636 5377 ipsis
2666 5306 2869 5377 prosit,
2898 5306 2998 5377 qui
3053 5324 3154 5378 pro
3216 5299 3281 5361 eo
3316 5306 3645 5362 obsecrant.
3675 5305 3763 5361 Si-

2116 5396 2361 5467 mulque
2407 5396 2667 5467 Apostoli
2728 5397 3031 5453 humilitas
3089 5398 3453 5464 admiranda,
3513 5397 3767 5469 petentis

2114 5485 2489 5557 Ephesios,ut
2521 5504 2622 5557 pro
2654 5504 2715 5542 se
2742 5488 2952 5543 faciant
2974 5487 3767 5562 obsecrationes.Aitquippe

2114 5576 2175 5629 In
2206 5576 2360 5629 omni
2390 5577 2678 5640 instantia,
2724 5582 2772 5631 et
2802 5593 2959 5648 prece
3010 5594 3111 5649 pro
3161 5578 3421 5632 omnibus
3477 5579 3688 5634 sanctis
3716 5579 3771 5635 et

2109 5681 2217 5737 pro
2266 5681 2372 5720 me.
2411 5664 2481 5719 Ut
2538 5682 2803 5721 seorsum
2857 5671 3215 5736 sanctorum,
3250 5671 3307 5723 et
3352 5683 3620 5725 seorsum
3673 5666 3768 5729 sui

2115 5756 2328 5813 faceret
2360 5756 2739 5815 mentionem.

3372 5892 3447 5964 19
