4310 6606
564 434 677 494 587

1813 432 1876 492 S.
1924 431 2238 493 EUSEBII
2284 430 2726 494 HIERONYMI

3845 432 3963 495 588

632 564 817 638 (Vers.
848 566 960 637 20).
994 588 1023 616 ‹‹
1057 565 1129 621 Ut
1159 565 1302 620 mibi
1349 566 1519 621 detur
1573 582 1763 623 sermo
1819 565 1879 620 in
1911 566 2206 637 apertione
2235 568 2290 635 Α
2321 566 2391 621 ad
2420 566 2594 622 fidem
2625 565 2922 640 Evangelii
2949 564 3283 638 profecisse,
3317 581 3384 622 eo
3431 569 3693 636 tempore
3735 581 3851 638 quo
3905 571 3963 624 et

559 655 678 711 oris
710 655 843 721 mei,
875 654 935 710 in
968 656 1324 711 confidentia
1376 661 1581 711 notum
1644 657 1825 710 lacere
1860 656 2205 727 mysterium

559 743 873 817 Evangelii,
910 760 1011 816 pro
1042 761 1157 816 quo
1188 744 1477 816 legatione
1510 746 1720 815 fungor
1751 744 1810 798 in
1843 751 2045 799 catena
2078 760 2090 797 :
2125 744 2209 799 ita

563 832 717 887 utin
766 834 892 904 ipso
946 835 1192 888 audeam
1240 839 1304 887 ut
1352 838 1577 904 Oportet
1632 850 1722 887 me
1780 832 1959 903 loqui.
2010 855 2036 883 ››
2089 832 2206 888 Hoc

562 923 718 992 quod
768 939 923 977 nunc
975 921 1054 977 ait
1087 940 1099 978 :
1139 925 1194 977 In
1253 925 1535 993 apertionc
1592 924 1700 976 oris
1754 924 1901 989 mei;
1932 927 1987 975 et
2017 921 2153 976 alibi
2186 939 2205 977 :

559 1010 626 1066 0s
655 1027 841 1066 meum
868 1011 937 1066 ad
984 1028 1074 1065 vos
1120 1016 1369 1082 apertum
1427 1014 1524 1069 est.
1584 1026 1612 1064 ο
1658 1010 1929 1064 Corinthii
1980 1012 2052 1079 (II
2079 1014 2203 1067 Cor.

559 1116 637 1167 γι,
674 1100 735 1154 11
774 1118 786 1168 ;
822 1103 838 1171 )
870 1105 926 1155 et
959 1118 970 1155 :
1005 1102 1264 1171 Aperiens
1315 1116 1369 1155 os
1426 1116 1587 1153 suum
1633 1098 1853 1153 docebat
1905 1099 2206 1163 discipulos

558 1204 681 1244 sucs
724 1190 911 1245 dicens
969 1188 1185 1261 (Matth.
1243 1206 1294 1255 v,
1330 1190 1384 1259 f2)
1421 1205 1434 1255 ;
1469 1193 1523 1242 et
1559 1187 1623 1242 Os
1679 1203 1862 1241 meum
1907 1187 2098 1258 aperui
2153 1190 2210 1241 et

563 1280 773 1335 attraxi
824 1281 1082 1349 spiritum
1140 1279 1314 1347 (Psal.
1366 1294 1556 1343 cxvul,
1613 1277 1703 1348 31)
1756 1294 1770 1343 ;
1814 1281 1871 1332 et
1902 1293 1915 1331 :
1950 1277 2207 1345 Aperiam

560 1370 621 1422 in
645 1369 931 1439 parabolis
960 1384 1023 1422 os
1052 1384 1233 1422 meum
1271 1368 1441 1438 (Psal.
1478 1383 1720 1431 Lxxxvn,
1753 1368 1830 1438 2),
1890 1371 1947 1421 et
2000 1356 2207 1421 (intem

558 1455 651 1511 his
680 1455 1007 1523 similia,sic
1030 1456 1433 1528 accipientium
1468 1457 1632 1527 quasi
1660 1456 1869 1510 dixerit
1902 1472 1914 1510 :
1941 1454 2207 1526 aperian-

556 1548 652 1599 tur
678 1545 960 1608 thesauri,
995 1550 1052 1599 et
1081 1546 1421 1601 abscondita
1451 1562 1484 1599 a
1544 1544 1772 1600 saeculis
1833 1548 2205 1599 sacramenta

555 1634 912 1706 pandantur,
947 1641 1009 1689 ut
1037 1635 1292 1707 Spiritus
1323 1639 1562 1690 sanctus
1594 1634 1843 1689 introeat
1871 1635 1942 1689 ad
1973 1650 2041 1689 ea
2071 1650 2203 1705 pro-

557 1724 795 1778 ferenda
828 1741 952 1796 qua:
983 1724 1233 1779 latitant.
1262 1724 1405 1778 Nam
1433 1724 1587 1794 quod
1644 1723 1823 1791 huius
1857 1722 2201 1790 testimonii,

554 1812 611 1867 id
644 1818 751 1879 est,
782 1821 843 1867 ut
874 1813 1036 1868 detur
1061 1813 1205 1867 mihi
1250 1828 1422 1867 sermo
1453 1814 1513 1865 in
1565 1814 1848 1883 apertione
1902 1814 2015 1867 oris
2070 1814 2215 1866 mei.‘

554 1903 651 1957 iste
679 1904 752 1957 sit
779 1902 1131 1969 intellectus,
1155 1901 1462 1973 sequentia
1485 1903 1751 1973 probant.
1784 1903 1847 1956 In
1868 1900 2205 1972 confidentia

557 1992 772 2063 inquit,
800 1996 989 2047 notum
1017 1993 1205 2062 facere
1250 1993 1573 2062 mysterium
1619 1991 1926 2061 Evangelii,
1976 1990 2202 2062 Nequa-

562 2098 740 2153 quam
774 2081 830 2135 in
866 2080 1160 2153 parabolis
1192 2085 1248 2135 et
1277 2081 1597 2152 proverbiis
1650 2080 1802 2135 sicut
1849 2085 1906 2134 et
1952 2080 2207 2152 prophe-

561 2176 654 2239 tae,
688 2175 745 2227 et
769 2172 894 2242 ipse
924 2170 1208 2226 Dominus
1239 2170 1429 2225 adhuc
1468 2169 1820 2224 constitutus
1878 2172 1936 2223 in
1969 2186 2207 2241 corpore

561 2261 931 2332 loquebatur,
964 2260 1163 2315 dicens
1198 2276 1211 2314 :
1252 2260 1398 2315 Venit
1425 2258 1558 2313 hora
1602 2258 1817 2329 quando
1861 2275 2207 2331 nequaquam

560 2349 716 2403 vobis
737 2351 796 2402 in
813 2348 1118 2420 proverbiis
1169 2347 1382 2418 loquar,
1442 2347 1531 2402 sed
1586 2348 1919 2418 conﬁdenter
1947 2348 2011 2403 de
2040 2352 2205 2404 Patre

563 2438 904 2493 annuntiabo
951 2438 1101 2492 vobis
1132 2438 1310 2505 (toan.
1368 2453 1481 2503 xvx,
1514 2438 1625 2507 25).
1690 2438 1850 2492 llunc
1907 2438 2201 2493 conliden-

562 2525 655 2581 tiaa
687 2541 1040 2594 sermonem,
1074 2524 1238 2580 solus
1283 2525 1495 2597 poterit
1553 2525 1705 2581 682
1763 2525 2046 2591 obtinere,
2104 2525 2205 2597 qui

561 2632 676 2671 non
710 2615 980 2670 habuerit
1009 2631 1108 2670 cor
1162 2631 1224 2670 se
1282 2614 1714 2685 reprehendens
1748 2629 1761 2668 :
1790 2615 1853 2670 Si
1906 2616 2054 2670 enim
2111 2630 2206 2670 eor

556 2710 805 2761 nostrum
846 2722 942 2761 nos
971 2722 1086 2761 non
1138 2705 1545 2775 reprehenderit
1589 2705 1983 2773 conﬁdentiam
2041 2705 2202 2760 habe-

557 2795 752 2850 musad
800 2795 965 2850 Deum
1026 2797 1076 2849 et
1159 2794 1520 2866 quodcunque
1567 2794 1908 2864 petierimus,
1969 2796 2201 2866 accipie-

561 2901 683 2939 mus
716 2884 782 2939 ab
825 2900 884 2939 eo
916 2885 965 2954 (I
1006 2885 1161 2939 Joan.
1198 2900 1282 2947 ιιι,
1337 2884 1425 2947 21,
1475 2885 1587 2951 22).
1632 2883 1819 2937 Rarus
1864 2883 2065 2953 itaque
2114 2887 2203 2938 est

559 2973 661 3045 qui
692 2973 751 3027 in
783 2972 1133 3027 conﬁdentia
1159 2977 1363 3026 notum
1412 2971 1578 3025 faciat
1642 2972 1986 3043 mysterium
2021 2973 2200 3027 Evan-

554 3062 692 3135 gelii
727 3080 740 3130 ;
775 3062 914 3132 quia
942 3078 1111 3116 rarus
1151 3066 1241 3115 est
1280 3060 1380 3131 qui
1424 3060 1835 3115 conﬁdentiam
1886 3061 2097 3116 habeat
2127 3063 2198 3117 ad

556 3152 762 3209 Deum.
799 3152 927 3219 Quis
954 3152 1101 3205 enim
1127 3150 1457 3221 gloriabitur
1484 3154 1688 3204 castum
1736 3166 1793 3204 se
1838 3149 2035 3205 habere
2063 3167 2155 3206 cor
2179 3169 2197 3206 :

555 3244 653 3297 aut
682 3243 803 3311 quis
831 3242 996 3295 stabit
1044 3241 1233 3295 dicens
1288 3240 1560 3294 mundum
1610 3255 1665 3293 se
1720 3256 1838 3294 esse
1884 3257 1917 3294 α
1969 3241 2201 3309 peccatis

2319 657 2391 712 ad
2421 656 2794 712 Colossenses
2826 655 3062 727 scripsit
3091 655 3292 711 dicens
3325 672 3339 710 :
3374 656 3502 723 Quae
3519 656 3668 710 circa
3697 670 3784 711 me
3811 658 3961 727 sunt,

2316 747 2505 800 omnia
2531 749 2660 800 nota
2690 746 2837 801 vobis
2874 746 3049 812 faciet
3091 746 3346 816 lyehieus
3398 747 3576 815 frater
3621 743 3881 816 dilectus,
3912 754 3963 803 et

2314 836 2591 902 minister,
2624 837 2674 889 et
2701 849 2985 889 conservus
3024 836 3084 888 in
3132 834 3357 888 Domino
3387 852 3406 887 :
3436 849 3596 905 quem
3624 835 3758 888 misi
3783 834 3855 889 ad
3872 851 3963 891 vos

2315 923 2379 977 ob
2409 923 2511 977 hoc
2531 925 2736 993 ipsum,
2767 930 2829 976 ut
2855 924 3184 991 cognoscatis
3213 938 3332 993 quae
3386 923 3535 977 circa
3590 938 3688 978 nos
3732 932 3880 991 sunt,
3909 932 3962 981 et

2315 1013 2619 1066 consoletur
2666 1011 2828 1066 corda
2862 1020 3041 1067 vestra
3095 1027 3222 1066 cum
3270 1011 3523 1067 Onesimo
3551 1011 3882 1068 charissimo
3908 1016 3961 1069 et

2314 1100 2473 1172 ﬁdeli
2518 1107 2712 1171 trahe,
2763 1102 2861 1172 qui
2904 1109 2982 1155 est
3017 1115 3087 1155 ex
3129 1100 3297 1170 vobis,
3344 1102 3440 1171 qui
3487 1102 3686 1156 omnia
3721 1115 3847 1172 quae
3871 1102 3961 1156 hic

2316 1193 2575 1260 aguntur,
2629 1198 2759 1244 nota
2803 1191 2973 1259 faciet
3018 1190 3166 1243 vobis
3215 1188 3439 1260 (Coloss.
3472 1206 3548 1256 ιν,
3588 1190 3725 1261 7-9).
3773 1190 3963 1246 Gran-

2315 1277 2407 1333 dis
2438 1277 2594 1333 euim
2630 1277 2948 1333 consolatio
2970 1281 3115 1344 erat,
3146 1278 3345 1333 audire
3380 1277 3854 1355 Paulum_Roma3
3898 1280 3955 1335 in

2314 1367 2553 1423 domina
2584 1366 2844 1435 urbium,
2865 1371 2922 1423 et
2944 1367 3004 1422 in
3037 1383 3167 1423 arce
3200 1367 3444 1423 Romani
3491 1368 3819 1440 imperii,de
3838 1386 3961 1426 car-

2314 1472 2442 1512 cere
2480 1460 2536 1510 et
2565 1457 2636 1511 de
2683 1455 2931 1511 vinculis
2988 1456 3473 1528 triumphantem.
3531 1457 3632 1512 Vel
3690 1463 3842 1514 certe
3883 1460 3955 1516 ob

2314 1544 2371 1599 id
2403 1544 2716 1617 Tychicum
2763 1545 3011 1601 missum
3045 1561 3196 1614 esse,
3250 1551 3314 1600 ut
3344 1546 3520 1601 vitam
3569 1550 3627 1603 et
3656 1564 3957 1605 conversa-

2312 1633 2530 1689 tionem
2562 1633 2747 1702 Pauli,
2783 1651 2959 1705 quam
2989 1633 3144 1691 988
3175 1633 3545 1707 ignorabant,
3579 1636 3957 1694 unnuntiaret

2312 1723 2419 1793 eis,
2444 1727 2501 1778 et
2530 1723 2701 1795 quasi
2732 1723 3029 1795 quoddam
3079 1723 3377 1795 exemplar
3419 1724 3647 1780 vivendi
3678 1726 3846 1782 daret
3876 1725 3961 1782 di-

2312 1812 2611 1867 scentibus
2640 1817 2805 1884 gesta
2837 1812 3102 1884 Apostoli
3149 1817 3327 1884 atque
3382 1813 3647 1881 virtutes,
3702 1819 3762 1870 et
3818 1830 3956 1872 eum

2313 1900 2531 1956 imitari
2563 1900 2914 1957 volentibus.
2947 1901 3061 1956 Nec
3106 1918 3282 1973 parva
3341 1918 3469 1958 esse
3499 1908 3726 1975 poterat
3756 1920 3960 1960 conso-

2317 1989 2456 2045 latio
2488 1988 2746 2045 eemulari
2781 1989 3168 2062 cupientium,
3218 2007 3346 2063 qua:
3390 1990 3733 2064 Apostolum
3767 1992 3958 2065 egisse

2316 2083 2725 2151 cognoverant.

2385 2168 2571 2236 (Vers.
2604 2168 2719 2240 24.)
2759 2191 2788 2218 ‹‹
2821 2168 2937 2223 Pax
2967 2168 3269 2240 fratribus,
3292 2174 3349 2225 et
3378 2169 3633 2226 charitas
3662 2187 3795 2227 cum
3818 2173 3956 2243 fide,

2315 2274 2348 2313 a
2377 2257 2494 2313 Deo
2525 2258 2694 2312 Patre
2725 2262 2782 2312 et
2820 2257 3065 2313 Domino
3092 2257 3234 2314 Jesu
3262 2256 3514 2315 Christo.
3552 2282 3574 2308 ι
3606 2260 3665 2315 Si
3699 2277 3815 2333 qua
3843 2261 3958 2319 alia

2315 2348 2469 2402 dona
2496 2348 2518 2381 ²
2548 2352 2687 2402 sunt
2718 2363 2845 2418 qua:
2876 2347 3218 2403 tribuuntur
3238 2364 3272 2402 a
3300 2348 3417 2404 Deo
3447 2352 3636 2419 Patre,
3669 2354 3727 2405 et
3756 2350 3954 2407 Domi-

2315 2453 2387 2492 no
2416 2436 2557 2491 Jesu
2587 2435 2997 2507 Christo,inter
3026 2436 3146 2491 haec
3174 2454 3285 2508 pax
3313 2454 3431 2493 non
3475 2437 3788 2495 minimum
3819 2456 3953 2513 pos-

2314 2525 2464 2580 sidet
2495 2524 2707 2589 locum,
2742 2542 2868 2597 quae
2917 2530 3157 2597 superat
3212 2542 3444 2582 omnem
3475 2543 3737 2597 sensum,
3769 2533 3826 2585 et
3854 2545 3953 2586 cu-

2314 2614 2493 2670 stodit
2522 2614 2700 2670 corda
2748 2612 3194 2685 intellectusque
3251 2620 3611 2684 sanctorum,
3670 2618 3956 2675 serenitas

2313 2704 2579 2775 quaedam
2602 2710 2787 2774 atque
2815 2701 3217 2773 tranquillitas
3248 2704 3458 2759 animas
3489 2705 3865 2776 quiescentis,
3897 2710 3955 2763 et

2312 2791 2645 2846 universam
2675 2784 3084 2862 tempestatem
3124 2796 3181 2847 et
3228 2792 3525 2849 turbinem
3570 2796 3951 2867 perturbatio-

2312 2897 2454 2936 num
2504 2881 2736 2952 fugane.
2781 2880 2922 2935 Huic
2960 2880 3173 2936 similis
3220 2887 3309 2937 est
3337 2882 3595 2940 charitas
3647 2901 3782 2941 cum
3816 2886 3951 2952 fide,

2312 2986 2489 3042 quam
2520 2974 2576 3024 et
2603 2970 2791 3041 ipsam
2823 2969 2999 3025 simul
3028 2975 3177 3027 Deus
3235 2972 3403 3027 Pater
3444 2973 3624 3029 donat
3660 2979 3718 3030 et
3746 2974 3950 3043 Filius,

2310 3065 2375 3115 ut
2404 3058 2721 3131 diligamus
2742 3059 2924 3114 Deum
2956 3060 3028 3115 de
3058 3064 3177 3116 toto
3208 3063 3399 3129 corde,
3448 3067 3505 3117 et
3535 3063 3829 3135 proximos
3869 3063 3954 3121 si-

2310 3154 2407 3204 cut
2428 3148 2840 3219 nosmetipsos,
2874 3153 2932 3204 et
2962 3166 3064 3221 pro
3093 3150 3352 3207 inimicis
3383 3152 3598 3209 nostris
3625 3169 3949 3225 precemur.

2310 3243 2466 3293 Hanc
2521 3255 2723 3310 pacem
2781 3244 2837 3293 et
2919 3238 3285 3308 cbaritatem,
3344 3257 3521 3312 quam
3578 3243 3954 3301 credentibus

555 3332 746 3403 (Prov.
795 3347 888 3399 xx,
940 3330 994 3401 9)
1025 3328 1209 3384 ?Post
1242 3329 1363 3383 haec
1396 3328 1536 3399 quid
1582 3329 1658 3383 sit
1704 3328 1813 3383 hoc
1861 3330 2015 3401 quod
2067 3328 2148 3385 ait
2180 3345 2192 3384 :
2229 3314 2271 3381 C
2310 3328 2625 3401 Apostolus
2655 3328 3031 3401 imprecetur,
3063 3329 3124 3385 hi
3156 3334 3385 3386 tantum
3435 3330 3674 3403 habent,
3705 3333 3805 3405 qui
3837 3335 3951 3390 fra-

554 3424 669 3475 Pro
721 3420 989 3488 legatione
1033 3424 1238 3489 [ungor
1301 3420 1361 3473 in
1405 3421 1618 3488 catena,
1676 3425 1741 3471 ut
1784 3424 1984 3473 notum
2035 3419 2197 3474 vide-

549 3508 689 3564 licet
718 3509 964 3564 facerem
997 3508 1343 3580 mysterium
1384 3506 1699 3579 Evangelii,
1761 3508 2011 3562 breviter
2068 3524 2194 3580 per-

551 3598 981 3671 stringendum.
1014 3600 1083 3653 Et
1109 3597 1343 3669 quidem
1376 3597 1473 3669 qui
1525 3595 1870 3667 simpliciter
1898 3596 2193 3669 intelligit,

551 3687 703 3742 dicet
733 3692 968 3759 propter
996 3685 1398 3742 testimonium
1432 3686 1646 3741 Christi
1678 3702 1813 3740 eum
1845 3686 1914 3740 de
1943 3702 2193 3757 carcere,

557 3781 615 3832 et
643 3777 714 3831 de
744 3775 964 3831 catenis
994 3776 1115 3830 haec
1147 3776 1355 3830 Romae,
1393 3775 1649 3846 positum
1691 3775 1907 3846 scripta
1940 3774 2192 3831 misisse.

549 3865 715 3922 Alius
747 3866 761 3899 ¹
793 3881 927 3922 vero
959 3870 1194 3937 propter
1223 3882 1434 3936 corpus
1464 3864 1899 3933 humilitatis,et
1928 3869 2193 3920 catenam

546 3956 723 4012 istam
746 3972 863 4027 qua
892 3955 1347 4021 circumdamur,
1382 3958 1438 4009 et
1468 3959 1697 4008 nectum
1734 3954 1953 4008 scimus
1986 3970 2192 4009 secun-

549 4046 691 4102 dum
724 4046 877 4117 quod
912 4050 1137 4117 oportet
1168 4061 1273 4098 nos
1304 4044 1535 4111 scire,et
1566 4060 1667 4113 per
1697 4043 2000 4114 speculum
2033 4043 2189 4099 vide-

547 4152 681 4192 mus
712 4135 772 4190 in
803 4134 1131 4207 amigmate,
1182 4134 1294 4189 ista
1326 4149 1461 4187 eum
1511 4133 1728 4187 dixisse
1775 4133 2102 4199 contendet,
2136 4136 2194 4188 et

545 4230 683 4281 tunc
714 4242 843 4280 vere
890 4241 1060 4297 posse
1108 4225 1165 4278 in
1212 4223 1566 4278 confidentia
1615 4221 1932 4293 Evangelii,
1967 4221 2191 4293 aperire

545 4316 843 4387 mysteria,
884 4330 1017 4369 cum
1051 4318 1315 4368 catenam
1366 4311 1721 4383 deposuerit,
1772 4317 1829 4365 et
1859 4313 1930 4366 de
1962 4327 2190 4367 carcere

542 4403 692 4459 liber
721 4403 962 4471 exierit;
995 4403 1106 4457 nisi
1140 4404 1283 4457 forte
1314 4405 1367 4456 et
1399 4401 1456 4455 in
1497 4399 1745 4455 vinculis
1795 4401 2018 4471 absque
2063 4400 2187 4455 vin-

541 4492 689 4549 culis
719 4492 1149 4563 computandus
1180 4495 1286 4557 est,
1320 4490 1419 4561 qui
1468 4488 1963 4544 conversationem
2013 4489 2190 4545 habet

538 4584 597 4637 in
647 4580 827 4651 C(L‘llS,
880 4586 936 4634 et
987 4581 1055 4634 de
1104 4596 1218 4651 quo
1273 4578 1385 4633 dici
1435 4583 1669 4651 potest:
1719 4581 1812 4635 Vos
1848 4582 2030 4634 autem
2074 4596 2182 4636 non

2305 3424 2463 3473 trum
2513 3417 2750 3473 nomine
2790 3423 3090 3473 merentur
3116 3419 3325 3475 vocari.
3358 3425 3478 3476 Part
3520 3421 3735 3494 quippe
3760 3424 3951 3494 fratri-

2307 3509 2404 3563 bus
2434 3512 2484 3562 et
2514 3507 2770 3563 charitas
2798 3523 2925 3563 cum
2954 3507 3060 3579 ﬁde
3080 3511 3129 3564 et
3152 3525 3307 3581 pace.
3362 3509 3545 3582 Igitur
3586 3516 3645 3566 et
3691 3511 3943 3569 cbarita-

2303 3602 2418 3651 tem
2453 3602 2510 3651 et
2540 3596 2712 3651 fidem
2746 3596 2829 3652 sic
2859 3596 3031 3652 Pater
3079 3601 3314 3669 praestat
3360 3602 3426 3653 ut
3470 3598 3652 3654 Filius
3685 3615 3698 3655 :
3732 3603 3790 3656 et
3831 3599 3947 3657 ha-

2303 3686 2449 3741 resis
2479 3686 2853 3753 obmutescit,
2887 3702 3014 3757 quis
3047 3703 3160 3743 non
3192 3685 3316 3742 vult
3343 3688 3547 3743 eadem
3578 3688 3786 3745 Filium
3812 3706 3945 3762 pos-

2304 3791 2365 3831 se
2387 3791 2517 3847 quaa
2546 3775 2798 3830 Patrem.

2373 3865 2556 3933 (Vers.
2586 3865 2699 3931 24.)
2736 3886 2757 3913 ι
2806 3863 3004 3920 Gratia
3045 3882 3179 3921 cum
3224 3866 3499 3923 omnibus
3558 3868 3657 3940 qui
3690 3867 3948 3943 diligunt

2302 3953 2617 4009 Dominum
2682 3954 2881 4009 Jesum
2968 3954 3264 4010 Christum
3359 3956 3417 4011 in
3486 3956 3943 4031 incorruptione,

2302 4051 2541 4099 Amen.»
2575 4042 2851 4098 Nonnulli
2885 4042 2993 4098 hoc
3023 4043 3105 4098 ita
3137 4044 3501 4117 interpretati
3530 4052 3762 4112 sunt,ut
3791 4048 3945 4104 084

2300 4149 2433 4188 eum
2482 4137 2754 4204 putarent
2801 4131 3041 4204 diligere
3082 4133 3390 4190 Dominum
3433 4140 3698 4191 nostrum
3740 4136 3942 4193 Jesum

2298 4222 2616 4286 Christum,
2652 4221 2753 4292 qui
2786 4222 2858 4276 ab
2892 4222 3167 4293 operibus
3195 4224 3588 4296 corruptionis
3618 4224 3844 4282 alienus
3866 4224 3943 4283 sit

2298 4327 2474 4384 Opera
2525 4309 2917 4382 corruptionis
2966 4309 3024 4366 in
3080 4312 3236 4367 coitu
3286 4313 3623 4370 sentientes.
3690 4313 3851 4370 Unde
3885 4317 3944 4371 et

2297 4401 2661 4456 consuetudo
2692 4405 2749 4455 et
2780 4416 2970 4457 sermo
3019 4400 3279 4473 vulgaris
3327 4401 3714 4475 incorruptos,
3760 4401 3937 4474 virgi-

2298 4508 2399 4546 nes
2428 4494 2612 4559 vocat,
2644 4506 2860 4562 eosque
2891 4490 2992 4562 qui
3022 4490 3239 4546 coitum
3274 4491 3537 4548 nesciant
3558 4490 3931 4547 feminarum.

2297 4581 2611 4651 Corruptos
2641 4596 2773 4635 vero
2803 4596 2922 4651 eos,
2973 4579 3075 4652 qui
3120 4580 3452 4637 istiusmodi
3501 4579 3937 4654 degustaverint

538 4672 665 4727 estis
697 4672 751 4724 in
784 4685 968 4735 carne,
1002 4670 1089 4722 sed
1121 4671 1180 4723 in
1209 4671 1411 4740 spiritu
1440 4688 1459 4724 :
1488 4670 1537 4723 si
1585 4678 1769 4725 tamen
1815 4672 2043 4741 spiritus
2092 4672 2187 4727 Dei
2214 4690 2261 4755 D
2292 4670 2670 4743 voluptatem.
2694 4668 2839 4725 Illud
2862 4684 3095 4741 quoque
3114 4670 3518 4727 testimonium
3549 4672 3886 4742 coaptantes
3916 4686 3933 4728 :

539 4758 751 4815 habitat
784 4760 846 4812 in
880 4758 1023 4811 vobis
1061 4759 1234 4829 (Rom.
1267 4775 1387 4825 vm,
1418 4761 1493 4829 Ο).

608 4849 791 4921 (Vers.
824 4849 913 4913 21,
944 4850 1058 4918 22.)
1091 4871 1116 4896 ‹‹
1154 4848 1223 4902 Ut
1251 4852 1444 4903 autem
1479 4849 1674 4904 sciatis
1706 4854 1763 4903 ct
1794 4866 1893 4904 vos
1925 4867 2050 4921 quae
2074 4850 2180 4905 cir-

535 4957 603 4997 ca
632 4956 724 4995 mc
755 4939 895 5001 sint,
929 4939 1066 5009 quid
1100 4939 1496 5008 agam,0mnia
1526 4944 1661 4993 nota
1690 4938 1854 4993 vobis
1886 4940 2177 5012 l'aciet'l‘y-

532 5030 736 5086 chicus
767 5028 1014 5083 dilectus
1047 5027 1242 5091 frater,
1277 5032 1334 5081 et
1374 5028 1563 5081 fidelis
1593 5027 1862 5082 minister
1890 5029 1947 5082 in
1981 5029 2176 5083 Domi-

532 5137 606 5176 no
641 5138 653 5175 :
690 5136 863 5191 quem
895 5116 1025 5171 misi
1050 5117 1121 5171 ad
1149 5116 1319 5171 vosin
1352 5116 1459 5170 hoc
1494 5118 1780 5187 ipsum,ut
1810 5119 2175 5189 cognoscatis

529 5225 659 5282 qua:
690 5211 842 5265 circa
874 5224 981 5262 nos
1014 5210 1173 5273 sunt,
1206 5212 1261 5260 et
1301 5206 1633 5261 consoletur
1681 5206 1856 5260 corda
1899 5212 2108 5261 vestra.
2145 5230 2172 5257 ››

525 5300 847 5373 Dupliciter
886 5296 1173 5369 accipite:
1229 5294 1330 5349 Vel
1376 5296 1503 5348 ideo
1544 5296 1861 5367 Tychicum
1922 5295 2170 5351 missum

524 5390 819 5462 Ephesum
852 5396 917 5444 ut
948 5387 1243 5441 nuntiaret
1290 5387 1373 5439 eis
1423 5384 1654 5439 vincula
1708 5384 1953 5456 apostoli
2006 5384 2170 5440 Pauli

523 5484 660 5533 nota
691 5480 839 5533 facta
868 5495 997 5533 esse
1031 5478 1087 5531 in
1123 5475 1280 5531 omni
1314 5473 1601 5546 prmtorio,
1637 5479 1692 5528 et
1713 5481 1975 5529 catenam
2010 5474 2170 5531 illius

595 5602 609 5635 ¹
650 5602 808 5655 Hunc
839 5620 966 5657 esse
995 5602 1324 5673 Origenem,
1358 5616 1530 5654 nemo
1565 5617 1674 5653 non
1706 5599 2033 5673 intelliget,
2065 5600 2165 5672 qui

522 5672 582 5727 in
610 5674 737 5743 ejus
770 5674 1001 5745 scriptis
1032 5671 1325 5745 tantisper
1376 5676 1637 5745 versatus
1671 5671 2166 5735 sit.Quamobrem

522 5746 740 5806 frustra
770 5749 858 5800 est
887 5744 1153 5814 Ruﬁnus,
1184 5744 1283 5821 qui
1314 5744 1416 5803 lib.
1450 5760 1466 5800 1
1498 5744 1824 5801 lnvectivar.
1877 5760 2040 5800 num.
2074 5746 2164 5816 40,

2290 4760 2351 4815 Si
2377 4762 2501 4830 quis
2532 4760 2795 4830 templum
2825 4761 2930 4816 Dei
2951 4762 3585 4833 eorrumpit,corrumpet
3611 4760 3773 4815 illum
3794 4760 3936 4818 Deus

2290 4852 2336 4921 (Ι
2367 4849 2486 4905 Cor.
2521 4866 2604 4913 ιιι,
2639 4850 2747 4920 17).
2781 4849 2889 4904 Sed
2934 4851 3130 4905 nescio
3181 4868 3254 4906 an
3305 4850 3413 4906 hoc
3459 4850 3691 4907 valeant
3734 4848 3936 4923 expla-

2288 4955 2429 4994 nare
2460 4939 2612 5009 quod
2653 4938 2930 4993 scribitur
2963 4956 2975 4994 :
3014 4942 3393 5013 Unusquisque
3434 4942 3726 5013 proprium
3773 4938 3936 4996 habet

2285 5027 2488 5082 donum
2516 5044 2549 5081 a
2582 5029 2683 5083 Deo
2716 5043 2728 5081 :
2762 5028 2913 5082 alius
2944 5029 3159 5099 quidem
3204 5032 3305 5094 sic,
3355 5037 3405 5084 et
3434 5030 3584 5085 alius
3613 5033 3691 5085 sic
3714 5030 3766 5101 (ι
3796 5028 3923 5085 Cor.

2285 5133 2387 5186 vn,
2419 5118 2495 5186 9).
2539 5116 2854 5171 Videamus
2885 5117 3066 5189 igitur
3106 5134 3176 5173 ne
3214 5119 3359 5175 forte
3405 5117 3619 5174 melius
3649 5118 3725 5174 sit
3761 5133 3936 5174 omne

2284 5212 2589 5277 peccatum
2630 5206 3066 5278 corruptionem
3114 5207 3323 5262 animae
3368 5207 3711 5281 intelligere,
3742 5214 3800 5263 et
3830 5222 3931 5263 eos

2283 5295 2383 5367 qui
2415 5313 2447 5349 a
2480 5299 2714 5366 peccato
2747 5294 2915 5349 liberi
2964 5300 3125 5361 sunt,
3149 5296 3206 5351 in
3227 5303 3531 5369 corruptos
3575 5296 3771 5353 vocari
3803 5322 3818 5362 ς
3850 5295 3933 5352 ita

2281 5389 2346 5439 ut
2374 5383 2683 5456 diligentes
2706 5383 3017 5438 Dominum
3050 5386 3252 5441 Jesum
3300 5386 3597 5443 Christum
3641 5387 3701 5442 in
3731 5386 3931 5441 incor-

2279 5473 2548 5545 ruptione
2578 5472 2714 5540 sint,
2748 5474 2889 5528 dum
2923 5474 3144 5545 peccati
3201 5475 3452 5532 vinculis
3511 5493 3626 5532 non
3656 5478 3932 5531 tenentur

2277 5599 2413 5673 haec
2430 5598 2959 5673 quasiﬂieronymi
2991 5601 3225 5673 propria
3255 5602 3672 5657 calumniatur.

2347 5672 2369 5703 ²
2392 5669 2657 5752 ,Ιὶὸιίιιυὶῐ
2692 5669 3197 5753 MartianzeusfSi
3224 5689 3333 5749 qua
3380 5674 3567 5732 aliena
3614 5673 3783 5746 dona,
3812 5674 3925 5731 etc.

2276 5746 2514 5804 Leviora
2543 5759 2677 5802 mox
2707 5746 3089 5826 castigamus.
