4310 6566
361 433 481 521 5’89
1215 462 1730 524 COMMENTAR.
1777 465 1855 524 1N
1902 464 2152 525 EPIST.
2198 465 2300 524 AD
2344 467 2618 539 TITUM,
2666 464 2835 527 CAP.
2883 468 2931 527 ι.
3654 474 3775 535 590

364 596 586 648 etcum
633 592 718 649 eis
766 596 854 649 est
892 592 1080 664 gratia
1126 593 1247 649 Dei.
1299 594 1601 667 Simulque
1653 596 1905 652 arbitror
1930 598 2001 652 ad
2034 599 2089 663 Α
2119 598 2319 652 omnia
2349 615 2452 670 pro
2484 614 2549 653 eo
2583 598 3074 656 contumeliarum
3108 616 3323 673 genera
3371 603 3684 672 sustinere,
3714 608 3773 660 et

364 680 796 738 distinctionem
829 698 1029 737 eorum
1062 682 1162 754 qui
1196 682 1450 756 diligunt
1474 685 1783 741 Dominum
1805 690 2007 741 Jesum
2121 686 2507 742 nihilominus
2557 687 2751 743 carnis
2799 688 3072 759 passione
3112 695 3467 762 superantur
3499 708 3511 747 :
3546 694 3647 748 sed
3678 692 3772 749 his

362 769 680 839 Christum,
714 770 814 825 sed
848 786 964 825 non
995 770 1055 825 in
1086 771 1524 844 incorruptione
1549 790 1703 829 nunc
1726 776 2007 845 positum,
2121 793 2236 831 non
2274 778 2627 847 imprecatur
2656 776 2967 848 Apostolus
2986 780 3263 849 gratiam:
3289 780 3426 849 quia
3449 781 3639 853 gratia
3666 781 3773 838 Do-

360 874 459 913 eos
490 858 736 931 gratiam
787 858 1000 914 habere
1048 860 1284 927 Christi,
1340 861 1439 932 qni
1492 861 1739 934 diligant
1787 881 1920 920 eum
1946 864 2007 918 in
2121 865 2261 918 mini
2297 870 2383 919 est
2415 882 2547 919 cum
2580 866 2855 920 omnibus
2886 867 2983 935 qui
3016 866 3267 939 diligunt
3318 885 3454 924 eum
3484 869 3543 924 in
3577 869 3770 926 incor-

359 946 817 1019 incorrnptione.
850 948 1061 1013 Quanti
1094 950 1250 1004 enim
1284 950 1539 1022 diligunt
1568 951 2010 1025 Dominum,pa-
2122 953 2413 1025 ruptione.

359 1035 468 1089 rati
516 1035 741 1104 exsilia,
793 1038 979 1109 parati
1030 1039 1331 1110 martyria,
1386 1039 1571 1111 parati
1621 1040 1900 1113 inopiam,
1950 1047 2009 1098 et

358 1189 3125 1224 Ἥ

1050 1371 1173 1471 S.
1261 1371 1939 1472 BUSEBII
2038 1373 3068 1476 HIERONYMI

1497 1570 2066 1633 STRIDONENSIS
2123 1574 2618 1634 PRESBYTER]

1273 1740 2843 1841 COMMENTARIORUM

604 1933 2086 2280 EPISTOLAMm
2219 2087 2306 2248 Α

1791 1933 2086 2249 tMm
2219 2087 2528 2248 AD
2718 2088 3493 2257 TITUM

1660 2353 2020 2427 LIBER
2104 2354 2438 2428 UNUS.

1625 2638 2470 2728 PROLOGUS.

410 2899 748 2970 985-086
779 2900 933 2956 Licet
962 2916 1076 2955 non
1108 2898 1229 2954 sint
1256 2898 1420 2971 digni
1470 2898 1602 2964 ﬁde,
1655 2896 1755 2969 qui
1809 2897 1983 2952 fidem
2015 2901 2062 2965 Β
2095 2897 2208 2969 ipsi
2245 2914 2359 2952 non
2390 2898 2744 2954 erubescunt
2772 2899 2921 2955 falsa
2946 2900 3245 2957 simulare.
3277 2904 3385 2959 Sed
3406 2904 3690 2963 Tatianus
3724 2911 3743 2945 ί

341 2988 590 3060 primam
612 2989 837 3045 irritam
870 2989 1151 3054 fecerunt,
1183 2987 1534 3043 Marcionem
1569 2985 1776 3057 loquor
1803 2990 1861 3040 et
1880 2986 1985 3041 Ba-
2097 2986 2525 3041 Encratitarum
2575 2988 2951 3060 patriarchas,
3005 2991 3103 3061 qui
3154 2995 3212 3047 et
3261 2993 3387 3064 ipse
3435 2995 3748 3053 nonnullas

340 3076 592 3148 silidem,
624 3083 681 3133 et
710 3094 915 3134 omnes
944 3077 1247 3133 haereticos
1276 3076 1376 3149 qui
1403 3076 1584 3131 Vetus
1631 3074 1853 3130 laniant
1880 3075 1986 3129 Te-
2097 3075 2261 3130 Pauli
2293 3075 2570 3147 epistolas
2602 3077 2947 3148 repudiavit,
2978 3078 3131 3134 hanc
3178 3079 3266 3135 vel
3316 3082 3591 3151 maxime,
3635 3083 3747 3142 hoc

340 3170 701 3223 stamentum
735 3184 748 3221 :
782 3173 979 3223 tamen
1012 3183 1112 3223 eos
1142 3165 1338 3237 aliqua
1364 3182 1434 3221 ex
1464 3170 1629 3237 parte
1678 3164 1982 3230 ferremus,
2096 3170 2205 3230 est,
2238 3165 2308 3219 ad
2340 3164 2557 3232 Titum,
2590 3166 2849 3237 Apostoli
2904 3168 3404 3239 pronuntiandam
3455 3172 3742 3243 credidit;

340 3254 387 3311 si
422 3256 628 3312 saltem
662 3256 720 3311 in
751 3255 907 3311 Novo
938 3256 1303 3311 continerent
1346 3269 1557 3309 manus
1586 3269 1745 3320 suas,
1779 3257 1835 3308 et
1867 3269 1983 3308 non
2095 3253 2520 3324 parvipendens
2551 3253 2861 3311 Marcionis
2891 3261 2946 3310 et
2977 3256 3253 3327 aliorum,
3287 3258 3386 3329 qui
3413 3275 3546 3316 cum
3578 3277 3644 3317 eo
3685 3261 3745 3319 in

339 3345 624 3401 auderent
649 3344 863 3400 Christi
921 3345 1009 3416 (ut
1039 3344 1153 3416 ipsi
1183 3344 1479 3415 jactitant)
1513 3342 1649 3398 boni
1695 3341 1794 3397 Dei
1831 3341 1980 3397 Filii.
2095 3340 2204 3396 hac
2236 3346 2397 3413 parte
2428 3343 2820 3409 consentiunt,
2854 3345 3259 3403 assertionem.
3303 3347 3516 3403 Scribit
3560 3348 3746 3421 igitur

336 3433 427 3488 vel
457 3432 847 3506 evangelistas
873 3432 1109 3503 violare,
1139 3432 1229 3486 vel
1268 3430 1582 3503 apostolos.
1636 3431 1802 3488 Nunc
1851 3447 1983 3487 vero
2091 3430 2427 3502 Apostolus,
2459 3447 2491 3485 o
2523 3431 2705 3486 Paula
2732 3437 2789 3486 et
2821 3432 3300 3499 Eustochium,de
3328 3435 3589 3508 Nicopoli
3612 3454 3741 3509 quas

337 3538 473 3577 cum
532 3527 589 3578 et
644 3520 955 3593 Evangelia
1029 3521 1158 3591 ejus
1236 3518 1671 3592 dissipaverint,
1728 3523 1787 3574 et
1850 3535 1985 3590 apo-
2092 3519 2152 3573 in
2183 3519 2418 3575 Actiaco
2460 3519 2652 3575 littore
2701 3519 2833 3588 sita,
2886 3538 3044 3576 nunc
3096 3523 3485 3593 possessionis
3534 3533 3738 3583 vestra

335 3610 620 3667 stolorum
652 3609 950 3683 epistolas,
983 3626 1097 3665 non
1131 3608 1530 3682 apostolorum
1577 3606 1790 3662 Christi
1836 3608 1981 3664 fece-
2092 3624 2228 3679 pars
2282 3606 2367 3662 vel
2426 3607 2680 3663 maxima
2710 3609 2731 3642 ²
2760 3614 2877 3676 est;
2908 3616 2965 3665 et
3005 3610 3206 3665 scribit
3262 3612 3605 3671 681-688
3663 3616 3738 3672 ad

335 3699 455 3755 rint
485 3716 633 3765 esse,
665 3699 766 3754 sed
800 3697 1085 3770 proprias,
1120 3698 1302 3753 miror
1330 3698 1624 3768 quomodo
1654 3696 1765 3751 sibi
1816 3695 1980 3751 Chri-
2089 3696 2284 3752 Titum
2318 3696 2673 3769 discipulum
2705 3704 2968 3764 suum,et
2997 3699 3054 3754 in
3086 3699 3316 3757 Christo
3349 3702 3532 3759 filium
3556 3720 3733 3776 quem

335 3790 660 3846 etianorum
712 3803 924 3843 nomen
966 3787 1220 3842 audeant
1267 3786 1581 3841 vindicare.
1615 3785 1687 3841 Ut
1715 3785 1869 3841 enim
1912 3786 1983 3842 de
2091 3786 2269 3842 Creta:
2316 3786 2631 3858 reliquerat
2678 3787 2746 3841 ad
2794 3787 3081 3845 Ecclesias
3125 3790 3504 3848 instruendae
3538 3810 3551 3849 :
3591 3811 3734 3867 prie-

335 3879 559 3934 caateris
592 3876 870 3950 Epistolis
897 3880 1143 3943 taceam,
1178 3876 1249 3932 de
1279 3875 1494 3948 quibus
1519 3875 1805 3947 quidquid
1841 3892 1981 3931 con-
2091 3879 2359 3947 cepitque
2390 3875 2462 3942 ei,
2498 3880 2562 3930 ut
2591 3891 2725 3931 cum
2758 3892 2789 3931 e
2818 3876 3049 3934 duodus
3077 3881 3367 3947 Artemis,
3401 3898 3503 3937 seu
3534 3882 3736 3956 Tychi-

336 3967 582 4022 trarium
611 3982 718 4023 suo
748 3966 1010 4039 dogmati
1043 3964 1984 4035 viderant,eraserunt,nonnullas
2091 3981 2195 4021 cus
2226 3964 2451 4020 Cretam
2486 3964 2660 4019 fuerit
2687 3965 2991 4037 appulsus,
3015 3968 3140 4039 ipse
3172 3967 3495 4041 Nicopolim
3518 3971 3733 4031 veniat.

335 4055 593 4128 integras
628 4056 1021 4127 repudiandae
1052 4056 1427 4111 crediderunt
1457 4071 1469 4109 :
1504 4055 1577 4110 ad
1609 4054 1980 4109 Timotheum
2089 4053 2324 4109 Justum
2358 4052 2574 4125 quippe
2603 4054 2709 4123 [Αἰ.
2742 4055 2902 4126 quia]
2935 4061 3078 4123 erat,
3111 4062 3176 4111 ut
3203 4056 3301 4112 ille
3340 4058 3439 4129 qui
3489 4059 3736 4129 dixerat,

335 4144 604 4201 videlicet
628 4145 1034 4217 utramque,ad
1057 4144 1346 4211 Hebraeos,
1380 4148 1437 4199 et
1467 4143 1538 4198 ad
1560 4143 1778 4214 Titum,
1803 4160 1981 4214 quam
2088 4141 2398 4198 sollicitudo
2431 4157 2553 4196 mea
2582 4143 2830 4197 omnium
2870 4144 3238 4200 Ecclesiarum
3268 4165 3285 4199 :
3318 4153 3375 4202 et
3401 4147 3502 4218 qui
3555 4148 3739 4204 Evan-

339 4249 498 4289 nunc
544 4248 825 4289 conamur
870 4249 1175 4307 exponere.
1211 4234 1278 4288 Et
1324 4232 1617 4304 siquidem
1673 4232 1982 4288 redderent
2011 4274 2054 4341 Ο
2093 4230 2310 4305 gelium
2340 4230 2557 4287 Christi
2590 4247 2775 4302 usque
2806 4232 2875 4287 ad
2910 4231 3206 4304 Illyricum
3228 4235 3299 4290 de
3322 4235 3740 4310 Hierosolymis

338 4338 697 4390 causas,cur
723 4339 821 4380 eas
848 4322 1107 4395 Apostoli
1140 4339 1256 4377 non
1288 4326 1578 4394 putarent,
1619 4325 1980 4377 tentaremus
2013 4320 2054 4341 ν
2094 4320 2493 4393 proficiscens,
2547 4320 2907 4392 fundaverat,
2957 4338 3070 4376 non
3120 4328 3411 4393 pateretur
3449 4328 3506 4380 et
3553 4326 3643 4381 sui
3682 4329 3743 4382 et

335 4410 558 4484 aliquid
590 4414 959 4485 respondere,
994 4417 1050 4468 et
1087 4412 1331 4468 forsitan
1376 4411 1712 4466 satisfacere
1759 4409 1981 4466 lectori.
2094 4410 2207 4465 Titi
2238 4410 2504 4464 absentia
2528 4410 2830 4465 Cretenses
2853 4427 2980 4465 esse
3001 4411 3294 4479 desertos;
3328 4430 3360 4469 a
3391 4413 3608 4486 quibus
3628 4414 3746 4487 pri-

333 4501 500 4558 Nunc
545 4518 680 4558 vero
730 4518 866 4558 cum
917 4502 1192 4558 haeretica
1220 4500 1571 4556 auctoritate
1601 4500 1992 4571 pronuntient
2094 4515 2258 4553 mum
2291 4497 2631 4553 idololatriae
2663 4499 2889 4553 semina
2922 4498 3289 4570 pullularunt
3340 4519 3353 4556 :
3409 4502 3510 4558 sed
3554 4503 3743 4559 mitte-

333 4594 391 4646 et
431 4591 631 4647 dicant
661 4609 675 4647 :
712 4590 814 4647 Illa
838 4590 1086 4663 epistola
1116 4589 1278 4646 Pauli
1308 4594 1418 4656 est,
1451 4589 1572 4643 haec
1612 4604 1729 4643 non
1762 4592 1884 4655 est;
1918 4604 1986 4643 ea
2094 4591 2180 4642 ret
2209 4586 2293 4641 eis
2324 4604 2427 4658 pro
2458 4603 2519 4642 se
2549 4592 2606 4642 et
2637 4588 2765 4643 Tito
2798 4590 3088 4655 Arteman,
3121 4588 3208 4645 vel
3240 4591 3745 4664 Tychicum,quo—

334 4680 677 4736 auctoritate
706 4679 890 4736 refelli
939 4695 1002 4735 se
1049 4696 1152 4752 pro
1198 4678 1438 4734 veritate
1467 4676 1817 4749 intelligant,
1870 4693 1986 4748 qua
2095 4693 2227 4731 rum
2253 4676 2521 4731 doctrina
2550 4681 2607 4731 et
2636 4676 2845 4733 solatio
2876 4678 3340 4735 confoverentur.

408 4826 425 4858 ¹
451 4822 657 4879 Recole
685 4840 822 4896 qua»
843 4822 1014 4896 paulo
1046 4824 1318 4896 superius
1356 4822 1415 4877 in
1446 4838 1572 4894 cap.
1602 4837 1656 4875 v1
1688 4820 1757 4876 ad
1792 4818 1982 4877 Galat.
2096 4819 2255 4896 quod
2288 4817 2865 4896 postllieronymum
2896 4821 3117 4896 eruditi
3166 4823 3391 4894 passim
3434 4823 3750 4896 scriptores

336 4894 408 4950 de
434 4891 987 4951 Tatianodiximus.
1119 4891 1138 4896 ’
1266 4965 1269 4966 ν
1430 4964 1461 4966 Α
1519 4891 1553 4966 ’λ
1636 4964 1685 4966 η
1818 4964 1825 4966 Α
1923 4964 1931 4966 ν
2095 4891 2382 4956 sentiunt,
2400 4891 2620 4966 debere
2648 4891 2740 4945 bic
2772 4891 3014 4966 intelligi
3051 4891 3200 4966 ultro
3233 4891 3603 4966 persuadeor.
3637 4895 3746 4951 Ve-

407 4967 433 5038 ²ί
460 4967 739 5038 Equidem
774 4984 887 5023 non
917 4966 1176 5022 Thraciae
1208 4964 1508 5038 Nicoprolin
1542 4964 1598 5019 in
1633 4964 1986 5019 Macedoniae
2097 4978 2228 5018 rum
2260 4963 2416 5038 quod
2451 4961 2573 5038 haec
2600 4965 2951 5038 possessionis
2984 4964 3171 5019 Paula
3203 4961 3258 5020 et
3292 4966 3586 5022 Enstochii
3610 4982 3747 5038 pars

336 5034 580 5113 ﬁnibus,
615 5040 770 5113 quod
792 5038 974 5113 Graeci
1005 5039 1319 5113 scriptores
1343 5034 1603 5113 plerique
1635 5042 1982 5113 autumant;
2096 5035 2343 5113 esset'pel
2376 5034 2650 5113 maxime,
2681 5034 2838 5090 haud
2865 5036 3007 5106 scio,
3040 5038 3257 5109 quibus
3287 5044 3545 5094 veterum
3574 5034 3747 5092 testi-

338 5109 439 5164 sed
472 5106 775 5183 Nicopolin
817 5110 972 5182 Epiri
1003 5106 1207 5167 urbem
1232 5106 1403 5165 secus
1421 5106 1742 5163 Ambraciae
1765 5108 1983 5179 sinum,
2098 5106 2312 5161 moniis
2342 5106 2476 5162 aliis
2505 5106 2870 5163 confirmem.

1616 5406 2034 5496 INCIPIT
2107 5407 2429 5494 LIBER
2448 5474 2466 5493 .

1943 5562 2142 5577 —-—-

403 5676 565 5752 (Cap.
600 5676 643 5735 Ι.
676 5708 744 5718 -—
774 5675 940 5733 Vers.
990 5674 1043 5746 1)
1073 5695 1094 5724 ι
1148 5666 1363 5728 Paulus
1411 5682 1616 5727 servua
1660 5668 1756 5728 Dei
1793 5686 1805 5727 :
1836 5672 1985 5743 Apo-
2019 5664 2066 5737 D
2100 5682 2308 5726 manus
2340 5662 2420 5725 ita
2451 5684 2693 5727 exorsus
2721 5674 2809 5727 est
2847 5686 2859 5727 :
2891 5667 3095 5726 Paulus
3134 5682 3321 5725 servus
3366 5667 3493 5725 Jesu
3542 5668 3752 5727 Christi

331 5767 519 5827 stolus
571 5771 769 5828 autem
813 5766 956 5826 Jesu
1004 5762 1242 5823 Christi.
1277 5782 1304 5813 »
1341 5762 1402 5819 In
1434 5760 1695 5836 Epistola
1750 5762 1822 5818 ad
1872 5760 1987 5819 Ro-
2100 5763 2323 5817 vocatus
2351 5761 2657 5835 Apostolus.
2701 5763 2764 5819 In
2796 5760 2903 5817 hac
2933 5763 3128 5817 autem
3162 5774 3396 5818 servum
3428 5775 3490 5819 se
3523 5760 3619 5820 Dei
3661 5759 3752 5841 dig
