4310 6574
526 450 635 507 591

1768 446 1829 505 8.
1881 444 2187 509 EUSEBII
2232 444 2678 506 HIERONYMI

3811 438 3939 501 502

523 579 600 635 cit
633 596 645 634 :
680 577 1022 650 Apostolum
1068 594 1204 633 vero
1249 576 1393 633 Jesu
1440 576 1675 634 Christi.
1708 577 1768 633 Si
1799 579 1955 633 enim
2007 579 2175 635 Pater
2203 578 2259 645 Α
2292 579 2487 644 Vester,
2520 576 2733 649 inquit,
2783 592 2971 633 servus
3017 582 3239 648 propter
3286 574 3566 631 Christum
3594 572 3668 644 (II
3697 572 3818 629 Cor.
3853 588 3931 641 ιν,

522 671 580 723 et
617 666 801 722 Filius
834 684 1016 722 unum
1049 671 1207 733 sunt,
1243 670 1301 722 et
1339 665 1441 737 qui
1474 666 1786 721 crediderit
1832 667 1890 722 in
1939 667 2173 736 Filium,

523 756 709 811 credit
738 760 795 811 et
823 756 883 811 in
915 756 1142 811 Patrem
1178 772 1190 810 :
1225 754 1475 810 servitus
1505 771 1739 826 quoque
1777 755 2176 812 indifferenter

524 845 770 917 apostoli
804 844 985 913 Pauli,
1018 843 1105 900 vel
1136 844 1206 899 ad
1239 847 1467 899 Patrem
1500 848 1587 898 est
1625 845 1948 911 referenda,
1982 845 2069 900 vel
2100 846 2174 901 ad

522 933 754 988 Filium.
788 934 918 989 Haec
948 939 1147 990 autem
1199 932 1449 988 servitus
1500 949 1614 988 non
1657 937 1746 988 cst
1792 933 1894 988 illa
1940 935 2010 989 de
2060 951 2175 1006 qua

524 1022 650 1094 ipse
702 1022 1017 1095 Apostolus
1067 1022 1147 1077 ait
1186 1038 1198 1075 :
1232 1023 1336 1076 Nec
1388 1023 1536 1076 enim
1585 1023 1870 1093 accepistis
1916 1024 2177 1093 spiritum

523 1112 801 1168 servitutis
830 1114 1033 1167 iterum
1061 1111 1122 1166 in
1149 1112 1343 1165 timore
1394 1108 1500 1175 [AL
1554 1110 1847 1179 timorem},
1888 1112 1979 1166 sed
2026 1127 2173 1166 acce-

519 1202 682 1271 pistis
728 1202 985 1271 spiritum
1034 1200 1352 1270 adoptionis
1401 1198 1513 1267 [AL
1566 1199 1729 1253 addit
1776 1199 2061 1269 ﬁliorum],
2114 1201 2175 1254 in

523 1304 628 1359 quo
656 1289 956 1342 clamamus
989 1288 1153 1353 Abba,
1205 1292 1371 1341 Pater
1419 1286 1592 1357 (Rom.
1644 1304 1769 1352 vm,
1814 1288 1922 1354 15),
1971 1303 2173 1343 verum

524 1374 735 1431 nobilis
768 1376 1035 1444 servitus,
1055 1375 1126 1429 de
1145 1390 1260 1445 qua
1290 1377 1347 1427 et
1368 1372 1549 1427 David
1573 1373 1643 1428 ad
1667 1373 1851 1429 Deum
1873 1374 2171 1446 loquitur:

520 1466 630 1532 Ego
656 1479 844 1518 servus
873 1471 1019 1530 tuus,
1050 1464 1203 1533 ﬁlius
1231 1463 1450 1517 ancillae
1500 1470 1612 1518 tua?
1661 1463 1835 1534 (Psal.
1888 1479 2014 1530 cxv,
2064 1464 2172 1529 16).

522 1553 589 1607 Et
622 1553 789 1606 beata
819 1553 1001 1606 Maria
1032 1554 1103 1606 ad
1136 1550 1427 1622 Angelum
1464 1567 1475 1603 :
1512 1551 1645 1605 Ecce
1672 1552 1883 1606 ancilla
1934 1553 2173 1614 Domini,

521 1642 620 1711 ﬁat
646 1641 788 1695 mihi
814 1641 1113 1695 secundum
1164 1638 1273 1706 [AL
1312 1639 1500 1709 juxta]
1550 1640 1771 1694 verbum
1818 1644 1976 1695 tuum
2023 1642 2173 1710 (Luc.

526 1746 565 1797 ι,
599 1730 711 1800 38).
744 1729 902 1783 Hanc
933 1730 1277 1784 servitutem
1304 1727 1511 1783 habuit
1559 1733 1616 1783 et
1663 1729 1909 1801 Moyses,
1944 1730 2013 1784 de
2060 1746 2175 1801 quo

524 1817 806 1873 Dominus
858 1818 928 1872 ad
971 1818 1177 1872 Jesum
1230 1816 1420 1871 filium
1464 1815 1618 1871 Nave
1653 1834 1665 1871 :
1700 1816 1929 1887 Moyses,
1960 1817 2176 1888 inquit,

523 1906 775 1978 famulus
802 1922 954 1961 mus
983 1913 1231 1961 mortuus
1279 1908 1357 1959 est
1404 1906 1585 1973 (Iosue
1634 1922 1673 1976 ι,
1710 1906 1787 1978 2).
1837 1906 1905 1959 Et
1954 1906 2011 1960 in
2062 1905 2175 1961 alio
2207 1947 2252 2011 Β

524 1994 696 2051 loco:
730 1996 967 2050 Mortuus
1008 2002 1083 2050 est
1130 1995 1332 2065 Moyses
1378 1994 1627 2065 famulus
1674 1995 1907 2050 Domini
1938 1997 2175 2050 interra

523 2084 674 2141 Moab
720 2100 820 2156 per
875 2084 1096 2139 verbum
1147 2084 1368 2138 Domini
1418 2084 1599 2156 (Deut.
1646 2100 1838 2153 xxxrv,
1889 2085 1965 2153 5).
2007 2084 2174 2139 Absit

522 2173 739 2244 quippe
790 2178 854 2227 ut
901 2172 1174 2245 spiritum
1227 2172 1528 2228 servitutis
1578 2172 1813 2245 Moysen
1845 2177 1901 2227 et
1930 2172 2171 2227 Mariam

519 2261 579 2317 in
637 2261 868 2327 timore,
920 2267 977 2316 et
1032 2277 1146 2316 non
1220 2261 1281 2316 in
1350 2260 1663 2317 dilectione
1732 2260 1826 2316 Dei
1895 2261 2174 2316 habuisse

523 2351 851 2406 credamus.
885 2350 1000 2406 Nec
1035 2349 1251 2405 mirum
1300 2349 1564 2419 quamvis
1614 2354 1849 2405 sanctos
1880 2349 2170 2417 homines,

520 2444 719 2494 tamen
782 2438 882 2494 Dei
944 2454 1140 2493 servos
1193 2437 1463 2493 nobiliter
1519 2436 1819 2509 appellari,
1879 2454 2012 2493 cum
2071 2454 2175 2508 per

523 2528 730 2583 Isaiam
762 2527 1104 2600 prophetam
1140 2527 1306 2581 Pater
1354 2525 1633 2598 loquatur
1664 2526 1735 2581 ad
1770 2525 1978 2581 Filium
2009 2544 2021 2582 :
2057 2526 2172 2580 Ma-

522 2634 692 2689 gnum
721 2617 824 2672 tibi
850 2624 932 2671 est
964 2617 1153 2671 vocari
1179 2619 1230 2669 te
1255 2631 1487 2687 puerum
1514 2631 1693 2670 meum
1736 2616 1861 2686 (Isa.
1903 2631 2053 2685 xmx,
2092 2615 2171 2685 6),

523 2706 676 2778 quod
712 2706 903 2762 Graece
934 2704 1150 2759 dicitur
1181 2720 1193 2758 :
1229 2703 1367 2777 μέγα
1413 2702 1497 2756 σοί
1548 2700 1657 2756 ἐστι
1702 2706 1798 2755 τοῦ
1838 2700 2109 2771 κληθῆναι
2151 2704 2173 2739 ⁸

524 2812 583 2847 σε
611 2789 779 2847 παῖδά
813 2812 937 2865 μου.
972 2797 1123 2848 Puer
1152 2799 1369 2858 autem,
1401 2792 1511 2848 hoc
1557 2796 1666 2858 est,
1716 2796 1842 2852 παῖς
1894 2793 2032 2863 quia
2073 2808 2173 2864 p0-

523 2887 659 2952 test,
692 2883 1014 2938 secundum
1048 2881 1297 2951 Graecos,
1343 2885 1401 2936 et
1446 2876 1720 2952 famulum
1767 2884 1824 2936 et
1869 2881 2051 2950 ﬁlium
2093 2880 2171 2937 si-

527 2971 823 3043 gniﬁcare,
859 2971 918 3025 in
952 2972 1185 3026 Hebraeo
1207 2969 2021 3040 quaesivimus,etinvenimus
2055 2985 2174 3025 non

526 3060 708 3131 ﬁlium
736 3075 920 3114 meum
968 3059 1252 3127 scriptum
1284 3074 1434 3127 esse,
1485 3059 1586 3113 sed
1630 3074 1851 3115 servum
1880 3074 2083 3124 meum,
2114 3059 2169 3114 id

527 3152 636 3214 est,
667 3164 799 3202 ABDI
830 3147 1032 3219 (νων).
1069 3146 1231 3202 Unde
1261 3152 1316 3202 et
1347 3146 1562 3201 Abdias
1592 3147 1875 3219 propheta
1929 3147 2029 3218 qui
2079 3147 2174 3202 in-

526 3241 881 3309 terpretatur
907 3251 1094 3291 servus
1122 3236 1365 3300 Domini,
1399 3251 1469 3290 ex
1512 3235 1796 3290 famulatu
1828 3235 1929 3291 Dei
1960 3252 2172 3292 nomen

2280 666 2356 737 5).
2392 667 2604 722 Servus
2638 665 2735 721 Dei
2768 665 2866 721 ille
2891 670 3000 731 est,
3034 665 3132 735 qui
3168 681 3282 720 non
3313 668 3402 719 est
3430 679 3636 718 servus
3685 661 3929 733 peccati.

2284 756 2469 810 Omnis
2498 757 2648 809 enim
2694 756 2790 826 qui
2835 756 2972 824 facit
3013 761 3315 824 peccatum,
3364 767 3551 807 servus
3596 758 3681 806 est
3720 749 3935 822 peccati

2283 842 2460 914 (Joan.
2491 860 2615 911 vm,
2648 844 2761 915 34).
2798 840 3107 913 Apostolus
3156 841 3353 913 igitur,
3407 839 3508 912 qui
3560 839 3782 911 peccati
3814 854 3931 897 non

2283 931 2394 985 fuit
2450 948 2671 997 servus,
2720 936 2875 986 recte
2922 930 3021 985 Dei
3075 930 3260 985 Patris
3316 933 3558 984 vocatur
3614 944 3818 985 servus
3874 935 3934 985 et

2283 1019 2513 1074 Christi.
2566 1019 2739 1074 Porro
2788 1018 2942 1090 quod
3002 1019 3083 1072 ait
3140 1035 3153 1072 :
3215 1018 3503 1089 Apostolus
3560 1024 3746 1073 autem
3799 1020 3935 1073 Iesu

2285 1108 2506 1175 Christi,
2536 1106 2652 1162 tale
2684 1108 2827 1161 mihi
2867 1106 3113 1175 videtur,
3152 1105 3325 1179 quale
3373 1106 3423 1160 si
3470 1105 3737 1173 dixisset,
3784 1121 3929 1178 pras-

2285 1196 2469 1251 fectus
2501 1198 2764 1267 praetorio
2797 1196 3049 1267 Augusti
3101 1195 3365 1261 Caesaris,
3400 1195 3682 1267 magister
3711 1193 3929 1250 exerci-

2284 1289 2379 1339 tus
2429 1284 2643 1339 Tiberii
2697 1283 3086 1356 imperatoris.
3139 1284 3211 1340 Ut
3257 1284 3414 1338 enim
3454 1283 3689 1355 judices
3734 1281 3928 1339 saeculi

2284 1372 2462 1444 hujus
2515 1389 2630 1444 quo
2679 1373 2990 1429 nobiliores
3037 1389 3164 1429 esse
3210 1373 3539 1431 videantur.
3586 1389 3655 1428 ex
3694 1372 3930 1445 regibus

2284 1462 2501 1533 quibus
2530 1463 2813 1530 serviunt,
2848 1468 2904 1517 et
2934 1477 3003 1517 ex
3032 1462 3314 1535 dignitate
3346 1478 3462 1533 qua
3506 1461 3932 1528 intumescunt,

2283 1550 2567 1606 vocabula
2614 1552 2985 1606 sortiuntur:
3019 1550 3102 1605 ita
3150 1556 3206 1606 et
3254 1549 3598 1622 Apostolum
3648 1549 3931 1622 grandem

2284 1638 2436 1694 inter
2458 1639 2822 1695 Christianos
2851 1639 2962 1695 sibi
2997 1640 3296 1695 vindicans
3327 1639 3933 1711 dignitatem,aposto-

2284 1726 2406 1783 lum
2440 1728 2546 1800 [AL
2581 1727 3001 1801 apostolorum]
3032 1745 3095 1787 se
3126 1728 3339 1783 Christi
3373 1728 3541 1784 titulo
3566 1728 3929 1799 prienotavit,

2286 1822 2351 1872 ut
2380 1834 2448 1872 ex
2478 1818 2606 1889 ipsa
2637 1817 2887 1873 lecturos
2938 1816 3193 1873 nominis
3245 1818 3588 1873 auctoritate
3627 1820 3875 1873 terreret
3912 1831 3930 1872 :

2285 1906 2551 1962 indicans
2599 1923 2801 1962 omnes
2850 1906 2951 1978 qui
3002 1906 3155 1962 689
3204 1907 3262 1961 in
3321 1906 3550 1962 Christo
3607 1906 3931 1975 crederent,

2282 1995 2490 2050 debere
2540 1994 2649 2050 sibi
2701 2011 2829 2050 esse
2879 1995 3193 2067 subjectos.
3224 1994 3338 2051 Nec
3396 2012 3513 2051 non
3561 1996 3718 2068 quod
3757 1994 3932 2067 paulo

2283 2088 2416 2138 ante
2448 2081 2731 2154 scriptum
2762 2084 3071 2154 posuimus
3101 2084 3173 2139 ad
3204 2082 3501 2140 Romanos
3528 2100 3541 2138 :
3578 2083 3774 2140 Servus
3804 2084 3934 2140 Jesu

2285 2172 2517 2241 Christi,
2549 2188 2665 2227 non
2697 2171 2888 2227 diﬂ‘ert
2944 2173 3017 2227 ab
3065 2188 3132 2227 eo
3183 2172 3233 2228 si
3283 2173 3552 2239 dixisset,
3584 2189 3788 2230 servus
3837 2189 3936 2229 sa-

2283 2260 2536 2332 pientiae,
2595 2277 2797 2316 servus
2845 2260 3114 2332 justitiie,
3166 2278 3370 2317 servus
3420 2261 3924 2334 sanctiﬁcationis,

2282 2365 2485 2405 servus
2514 2350 2933 2422 redemptionis
2969 2366 2980 2403 :
3015 2351 3263 2406 Christus
3287 2353 3489 2423 quippe
3515 2353 3690 2422 factus
3729 2355 3809 2407 est
3837 2366 3933 2407 no-

2283 2438 2363 2492 bis
2393 2455 2427 2492 a
2460 2442 2569 2492 Deo
2598 2439 2781 2505 Patre,
2813 2440 3113 2510 sapientia,
3153 2440 3399 2511 justitia,
3450 2441 3835 2511 sanctiﬁcatio,
3883 2447 3935 2496 et

2284 2525 2578 2596 redemptio
2603 2527 2624 2559 ²
2654 2527 2700 2595 (I
2727 2525 2845 2580 Cor.
2873 2526 3037 2598 1,30).

2353 2614 2580 2687 (Vers.2
2610 2616 2799 2687 seqq.)
2832 2637 2859 2663 ‹‹
2894 2616 3224 2671 Secundum
3256 2617 3431 2673 fidem
3461 2616 3780 2674 electorum
3802 2617 3925 2691 Dei,

2281 2708 2339 2759 et
2366 2702 2716 2774 cognitionis
2746 2704 3025 2774 veritatis,
3064 2721 3192 2777 qua:
3224 2711 3313 2761 est
3332 2707 3505 2777 juxta
3555 2707 3831 2779 pietatem
3870 2708 3931 2765 in

2283 2809 2386 2864 spe
2415 2793 2543 2846 vita:
2575 2796 3024 2862 zeternaazquam
3056 2793 3327 2864 promisit
3357 2811 3471 2849 non
3505 2796 3757 2851 mendax
3784 2797 3932 2853 Deus

2284 2885 2419 2936 ante
2449 2879 2663 2935 saecula
2694 2884 2905 2936 aeterna
2939 2896 2952 2937 :
2987 2881 3380 2938 manifestavit
3423 2887 3619 2940 autem
3650 2885 3930 2957 tempori-

2284 2970 2395 3025 bus
2424 2969 2549 3025 suis
2578 2969 2820 3025 verbum
2845 2986 3019 3026 suum
3043 2971 3100 3025 in
3123 2972 3691 3045 praedicatione,quas
3711 2973 3934 3030 credita

2283 3062 2372 3114 est
2402 3057 2546 3113 mihi
2569 3058 2890 3113 secundum
2916 3059 3230 3131 imperium
3244 3060 3571 3121 Salvatoris
3598 3062 3784 3118 nostri
3809 3061 3930 3118 Dei.

2280 3146 2408 3202 Tito
2438 3145 2787 3202 charissimo
2817 3145 2935 3202 tilio
2958 3147 3127 3218 juxta
3157 3164 3528 3205 communem
3563 3150 3738 3206 ﬁdem
3765 3151 3935 3208 :Gra.
4036 3174 4043 3177 τ

2283 3235 2364 3290 tia
2394 3240 2452 3290 et
2482 3252 2589 3305 pax
2614 3251 2646 3290 a
2672 3234 2787 3290 Deo
2829 3240 3016 3304 Patre,
3064 3243 3122 3292 et
3167 3237 3305 3293 Jesu
3353 3238 3585 3295 Christo
3633 3238 3934 3296 Salvators

529 3324 773 3398 accepit.
808 3325 867 3381 Si
900 3329 1127 3381 moveat
1157 3325 1517 3396 quempiam,
1550 3324 1864 3379 Dominum
1912 3325 2177 3381 Salvato-
2205 3316 2248 3383 C
2286 3329 2505 3379 nostro.
2540 3346 2566 3372 ››
2599 3324 2707 3386 Qui
2750 3341 2866 3380 non
2905 3326 3077 3396 juxta
3124 3324 3538 3394 humilitatem,
3572 3332 3638 3382 ut
3667 3327 3931 3400 plerique

531 3432 677 3487 rem,
720 3415 817 3486 qui
878 3412 1278 3470 universitatis
1336 3417 1426 3469 est
1470 3413 1753 3481 conditor,
1788 3429 2021 3469 servum
2079 3414 2181 3470 Dei

533 3504 679 3573 dici;
714 3520 830 3559 non
863 3504 1207 3574 movebitur,
1243 3502 1291 3558 si
1327 3503 1522 3574 ipsum
1556 3503 1625 3559 ad
1659 3502 1951 3575 apostolos
1983 3504 2183 3559 audiet

532 3592 869 3664 loquentem
903 3609 916 3648 :
951 3593 1057 3660 Qui
1102 3590 1340 3647 voluerit
1386 3594 1537 3648 inter
1577 3608 1668 3647 vos
1714 3608 1829 3648 esse
1873 3593 2068 3663 major,
2109 3595 2182 3649 sit

538 3682 785 3737 omnium
813 3698 1003 3735 servus
1034 3682 1241 3751 (Matth.
1295 3697 1390 3752 xx,
1437 3681 1560 3753 27);
1611 3686 1669 3736 et
1720 3704 1732 3735 :
1783 3682 1959 3736 Filius
2003 3682 2177 3737 homi-

532 3772 623 3825 nis
650 3772 819 3836 venit,
849 3787 961 3825 non
990 3778 1048 3824 ut
1071 3771 1485 3825 ministraretur
1512 3770 1640 3835 sibi,
1666 3769 1756 3825 sed
1784 3778 1843 3824 ut
1892 3772 2178 3826 ministra-

535 3868 616 3915 ret
647 3859 805 3931 (lbid.
836 3862 927 3927 28)
962 3875 973 3913 :
1011 3859 1161 3931 quod
1197 3875 1267 3913 ne
1296 3859 1502 3914 docere
1535 3863 1764 3913 tantum
1798 3859 1989 3915 verbis
2017 3860 2178 3916 vide-

536 3957 699 4007 retur
746 3950 1092 4004 monstravit
1137 3948 1421 4021 exemplo.
1457 3953 1776 4020 Assumpto
1808 3949 2024 4021 quippe
2063 3949 2176 4005 lin-

527 4045 640 4107 teo,
673 4039 921 4094 accinxit
952 4056 1033 4110 se,
1082 4043 1137 4093 et
1174 4024 1338 4109 ‘aqua
1370 4037 1581 4109 pelvim
1623 4037 1872 4109 replens,
1918 4039 2175 4110 discipu-

524 4128 716 4186 lorum
748 4130 924 4201 pedes
955 4127 1093 4183 lavit
1124 4129 1301 4200 (Joan.
1333 4144 1458 4194 xm,
1492 4129 1544 4193 4,
1575 4128 1652 4199 5).
1686 4127 1810 4183 Non
1845 4132 1933 4184 est
1974 4129 2173 4201 itaque

525 4219 775 4291 impium
810 4220 1044 4274 credere
1069 4234 1204 4272 eum
1238 4217 1336 4288 qui
1371 4219 1616 4272 formam
1651 4216 1801 4272 servi
1834 4233 2174 4289 assumpse-

526 4313 616 4364 rat
664 4309 933 4379 (Philipp.
977 4324 1041 4374 II,
1071 4308 1149 4378 7).
1201 4306 1322 4362 haec
1371 4305 1576 4361 fecisse
1630 4322 1761 4376 qua:
1812 4306 1960 4361 servi
2014 4310 2174 4373 sunt,

525 4402 591 4452 ut
620 4403 873 4468 paternae
902 4395 1186 4451 voluntati
1215 4394 1463 4450 servisse
1515 4394 1768 4459 dicatur,
1802 4410 1937 4448 cum
1991 4394 2177 4450 servis

500 4485 649 4565 xsuis
680 4487 804 4557 ipse
837 4485 1116 4540 servierit.
1151 4484 1281 4538 Haec
1312 4488 1506 4538 autem
1539 4482 1815 4553 servitus,
1866 4483 2175 4541 charitatis

522 4580 631 4641 est,
664 4590 764 4645 per
791 4590 965 4644 quam
1000 4574 1169 4627 nobis
1208 4572 1456 4627 invicem
1508 4571 1724 4627 servire
1774 4571 2167 4645 praecipimur.

2291 3413 2605 3481 aestimant,
2645 3413 2744 3468 sed
2790 3429 2923 3469 vere
2968 3414 3236 3471 dixerat:
3285 3416 3350 3470 Et
3405 3416 3455 3471 si
3483 3418 3767 3488 imperitus
3821 3432 3938 3473 ser-

2286 3518 2467 3571 mone,
2516 3518 2625 3557 non
2670 3507 2855 3559 tamen
2904 3505 3134 3560 scientia
3175 3504 3253 3576 (II
3282 3503 3403 3561 Cor.
3436 3522 3514 3575 ιι,
3546 3507 3624 3575 6),
3657 3505 3933 3563 Hebraeus

2287 3608 2354 3647 ex
2384 3590 2640 3646 Hebraeis
2661 3592 2831 3662 juxta
2858 3591 3045 3665 legem
3081 3592 3422 3658 Pharisaus,
3453 3595 3773 3666 profundos
3794 3612 3928 3652 sen-

2288 3698 2390 3736 sus
2420 3680 2615 3735 Graeco
2671 3697 2939 3737 sermone
2970 3698 3083 3737 non
3115 3682 3449 3755 explicat,et
3492 3685 3647 3755 quod
3689 3685 3930 3757 cogitat,

2285 3768 2345 3824 in
2375 3770 2550 3823 verba
2577 3770 2670 3823 vix
2699 3770 3115 3841 promit.Juxta
3134 3773 3398 3827 ordinem
3424 3772 3603 3845 igitur
3622 3790 3929 3848 sensuum,

2287 3863 2344 3914 et
2372 3862 2594 3913 textum
2622 3875 2816 3913 rerum
2849 3861 3258 3931 potius,quam
3282 3862 3695 3928 verborum,de
3724 3865 3927 3937 singu-

2286 3947 2449 4017 lis,ut
2479 3946 2695 4018 scripta
2725 3952 2885 4018 sunt,
2917 3948 3300 4006 disseramus.
3335 3950 3645 4007 Secundum
3666 3952 3939 4025 ﬁdem,in-

2288 4038 2435 4108 quit,
2466 4037 2756 4091 electorum
2784 4038 2901 4103 Dei,
2934 4041 3083 4093 rel'er
3109 4038 3132 4073 ⁸
3159 4039 3231 4093 ad
3284 4040 3605 4111 superiora,
3633 4043 3789 4113 quod
3849 4041 3939 4098 in-

2285 4125 2419 4181 tulit
2451 4140 2463 4179 :
2498 4126 2705 4180 Paulus
2734 4141 2919 4181 servus
2944 4127 3071 4188 Dei;
3102 4127 3385 4198 Apostolus
3416 4137 3600 4185 autem
3625 4131 3752 4187 Iesu
3774 4131 3936 4187 Chri-

2283 4216 2359 4269 sti
2384 4214 2684 4269 secundum
2730 4213 2896 4283 ﬁdem
2945 4215 3237 4271 electorum
3283 4217 3400 4284 Dei,
3455 4217 3509 4272 id
3569 4223 3681 4285 est,
3730 4234 3934 4276 eorum

2284 4304 2383 4375 qui
2417 4319 2531 4358 non
2573 4307 2801 4358 tantum
2848 4303 3033 4359 vocati
3066 4310 3226 4373 sunt,
3260 4306 3360 4361 sed
3393 4310 3449 4361 et
3488 4304 3679 4365 electi.
3714 4307 3938 4365 Electa-

2284 4408 2415 4447 rum
2448 4407 2680 4464 quoque
2709 4391 2974 4465 ipsorum
3004 4409 3219 4466 magna
3250 4394 3559 4452 diversitas
3585 4400 3674 4453 est
3698 4413 3800 4468 pro
3833 4411 3934 4451 va-

2290 4481 2492 4536 rietate
2548 4497 2813 4553 operum,
2866 4498 3149 4539 sensuum
3201 4487 3377 4555 atque
3427 4500 3781 4541 sermonum.
3813 4482 3932 4540 Nec

2283 4572 2480 4626 statim
2515 4571 2614 4643 qui
2663 4571 2883 4627 electus
2932 4571 3030 4627 Dei
3073 4576 3181 4639 est,
3232 4572 3321 4629 vel
3362 4574 3535 4644 juxta
3587 4573 3930 4631 electionem

518 4663 587 4717 Et
614 4663 739 4733 ipse
764 4662 1073 4732 Apostolus
1104 4678 1238 4751 cum
1267 4666 1418 4716 esset
1453 4660 1598 4715 liber
1621 4677 1690 4715 ex
1719 4662 2014 4751 omnibus,
2039 4678 2163 4717 om-
2193 4686 2240 4751 D
2283 4660 2858 4751 possidetilidemﬁel
2882 4661 3055 4751 juxta
3078 4661 3255 4717 ﬁdem
3287 4661 3463 4720 habet
3492 4661 3798 4720 scientiam
3830 4678 3933 4720 vsa

520 4750 683 4806 nium
715 4768 776 4804 se
808 4767 1037 4823 servum
1072 4749 1203 4804 fecit
1232 4752 1274 4821 (I
1306 4750 1628 4819 Cor.1x,19).
1666 4756 1730 4804 Et
1761 4749 1964 4827 in\alio
1986 4750 2111 4807 loco
2146 4770 2159 4808 :

596 4880 608 4913 ¹
645 4878 729 4932 Ita
759 4876 955 4947 legunt
990 4892 1192 4929 omnes
1242 4892 1382 4930 mss.
1434 4874 1680 4947 codices,
1727 4875 2158 4943 Cluniacenses,

516 4948 699 5005 sancti
738 4948 964 5001 Martini
997 4965 1029 5000 a
1061 4947 1312 5017 Campis,
1346 4952 1402 5001 et
1435 4946 1669 4999 Patrum
1701 4947 2160 5017 Augustiniano-

517 5039 646 5077 rum
683 5022 835 5086 apud
869 5019 1183 5073 'l‘olosates.
1222 5019 1363 5071 Hinc
1395 5034 1529 5088 ergo
1572 5024 1876 5072 contextus
1928 5020 2161 5073 Graecus

517 5094 913 5148 restitucmins
946 5094 1085 5145 etin
1120 5089 1456 5153 Bibllis,ubi
1489 5092 1649 5142 deest
1679 5088 1774 5155 re;
1811 5095 1867 5143 et
1900 5090 1956 5143 in
1990 5091 2162 5145 editis

516 5166 739 5219 Erasmi
800 5170 855 5217 et
902 5162 1163 5225 Mariani,
1218 5179 1272 5214 in
1325 5162 1540 5231 quibus
1595 5162 1759 5214 abest
1806 5163 1922 5213 τοῦ.
1976 5162 2156 5216 MART.

516 5238 1075 5305 Legorantvcteres
1110 5234 1380 5301 editores,
1420 5232 1697 5305 Erasmus
1738 5238 1800 5305 et
1850 5231 2158 5302 Victorius,

517 5302 655 5381 μέέία
687 5306 771 5359 σοί
806 5304 915 5359 ἐστι
938 5306 998 5381 cf;
1029 5304 1323 5381 7.).7,0-F,va_i,
1359 5321 1459 5373 pro
1492 5320 1606 5381 quo
1637 5303 1696 5356 in
1728 5302 2040 5381 Ganeo-est
2069 5321 2161 5357 ar-

512 5374 774 5451 chetypo,
807 5376 1226 5444 TOUJJ'QUE‘IIL,
1286 5377 1430 5429 bene
1482 5376 1759 5451 utrinque
1809 5374 2051 5451 lectione
2096 5392 2163 5430 ac

513 5446 709 5504 sensu.
745 5453 1009 5504 Martian.
1044 5467 1174 5503 vero
1207 5463 1450 5502 suorum
1479 5446 1705 5516 aliquot
1754 5447 2018 5500 codicum
2070 5462 2162 5501 er-

515 5538 644 5574 rore
678 5524 992 5592 deceptus,
1045 5528 1356 5590 utramque
1410 5517 1695 5592 voculam,
1728 5520 1824 5592 τρῦ
1876 5525 1932 5571 et
1978 5516 2037 5568 τὸ
2072 5518 2162 5572 hic

510 5591 692 5646 simul
723 5589 1430 5662 intrusit,contenditque
1487 5590 1641 5660 quod
1695 5589 1773 5643 rei
1819 5595 2000 5662 caput
2035 5595 2159 5662 est,

514 5663 709 5733 ipsum
742 5660 1000 5718 Graecum
1036 5670 1256 5720 textum
1280 5660 1349 5717 es
1370 5661 1479 5716 hac
1500 5676 1533 5715 a
1556 5677 1617 5715 se
1641 5661 1893 5733 reposita
1916 5660 2160 5733 lectione

517 5730 971 5805 restituendum,
1003 5740 1060 5789 et
1087 5736 1148 5791 in
1180 5734 1404 5801 Bibliis,
1438 5730 1766 5805 inquit,uhi
1796 5732 1961 5805 deest
1987 5730 2070 5799 τὸ,
2105 5737 2163 5790 et

508 5805 573 5895 in
606 5804 780 5876 editis
814 5805 1037 5863 Erasmi
1066 5811 1123 5864 et
1153 5806 1421 5883 Mariani,
1452 5804 1762 5882 inquibus
1809 5804 1992 5880 abest,
2037 5806 2155 5867 τοῦ.

2274 4748 2483 4804 ritatis.
2520 4749 2678 4805 Unde
2723 4758 2779 4804 et
2825 4749 3090 4805 Salvator
3140 4750 3211 4806 ad
3253 4750 3490 4809 Judmos
3538 4752 3637 4824 qui
3680 4752 3743 4807 in
3783 4766 3923 4809 eum

2272 4876 2341 4928 At
2396 4890 2588 4955 nemo,
2634 4875 2868 4959 ‘opinor,
2925 4875 3264 4958 non.vidot,
3298 4880 3353 4931 et
3384 4893 3475 4959 res
3516 4873 3733 4959 clamat
3777 4874 3931 4959 ipsa,

2273 4962 2449 5017 quam
2487 4945 2611 5014 ipse
2634 4944 2867 5016 longius
2892 4963 2925 5000 a
2954 4947 3070 5001 veri
3096 4947 3286 5017 specie
3308 4948 3467 5004 omni
3491 4944 3932 5013 aberret,Dixis;

2273 5024 2360 5072 set
2392 5018 2701 5087 legendum
2757 5036 2869 5073 uno
2918 5022 3109 5088 verbo,
3139 5021 3300 5071 τοῦτο
3334 5020 3431 5075 hoc
3450 5037 3471 5081 ,°
3503 5022 3646 5076 satis
3686 5021 3924 5077 obviam

2271 5090 2685 5156 conjecturam,
2708 5091 2971 5143 codicum
3028 5090 3157 5159 ipsa
3204 5090 3372 5147 lectio
3403 5092 3710 5147 commodo
3744 5108 3923 5151 sensu

2270 5162 2646 5231 suggerebat;
2682 5161 2939 5231 alioquin
2971 5160 3215 5215 alterum
3249 5169 3349 5217 aut
3377 5159 3684 5227 106,aut16
3711 5164 3924 5219 redun-

2273 5234 2427 5306 dare,
2479 5232 2855 5301 perspicuum
2898 5237 3003 5306 est.
3041 5233 3247 5302 Facile,
3296 5235 3450 5304 quod
3499 5232 3562 5287 τὸ
3611 5234 3927 5306 legendum

2273 5304 2351 5356 ibi
2387 5304 2463 5356 sit
2495 5320 2595 5373 pro
2626 5307 2741 5367 :03,
2776 5304 3079 5358 studiosus
3121 5321 3410 5359 nonnemo
3460 5306 3530 5360 ad
3593 5304 3725 5360 libri
3757 5322 3920 5362 oram

2271 5372 2588 5450 adnotarit;
2626 5377 2997 5450 postmodum
3035 5377 3225 5450 scriba
3251 5376 3559 5450 imperitus
3590 5372 3735 5432 illud
3775 5393 3924 5450 quo-

2315 5464 2381 5499 ue
2416 5447 2474 5499 in
2509 5452 2728 5500 textum
2762 5447 3063 5502 importari
3098 5453 3230 5502 post
3258 5447 3341 5502 τὸ.

2271 5464 2381 5518 que
2416 5463 2474 5499 1n
2509 5463 2728 5500 lCXLUtIl
2762 5463 3063 5516 importari
3098 5463 3230 5517 ροει
3258 5466 3341 5502 το.

2340 5520 2359 5550 ³
2388 5518 2627 5571 Addunt
2657 5519 3069 5572 Cistercienses
3104 5529 3304 5574 mss.et
3336 5521 3511 5575 Filius
3544 5520 3784 5576 hominis
3808 5534 3924 5577 non

2272 5591 2415 5643 venit
2446 5593 2503 5641 ut
2532 5591 2948 5644 ministraretur
2974 5591 3045 5657 ei,
3068 5590 3161 5644 sed
3182 5593 3238 5645 ut
3267 5593 3634 5646 ministraret.

2337 5659 2918 5788 3taiitgaulegebatur,
2951 5663 3145 5736 refert.
3192 5661 3255 5718 Id
3294 5679 3482 5737 genus
3514 5662 3663 5723 levia
3690 5662 3919 5738 passim

2338 5748 2367 5788 ε
2400 5747 2489 5788 ιςεει
2600 5747 2649 5788 s.

2267 5745 2649 5804 castigamus.
