4310 6570
398 429 517 499 ωδ
541 414 548 423 .

1244 434 1754 501 COMMENTAR.
1804 434 1880 497 IN
1928 430 2176 495 EPIST.
2227 432 2331 495 AD
2375 434 2648 513 'l‘I'l‘UM,
2696 440 2865 503 CAP.
2911 433 2959 504 Ῑ.

3695 434 3813 501 594

400 566 787 638 crediderant,
818 574 905 625 est
934 565 1173 625 locutus
1200 583 1213 623 :
1244 570 1311 626 Si
1352 569 1769 641 permanseritis
1799 569 1859 623 in
1892 568 2046 624 verbo
2078 566 2130 632 Α
2160 567 2390 625 nabiles
2420 570 2951 638 feceritcreaturas,
2972 571 3190 645 quibus
3227 570 3811 630 dederitimmortali-

397 674 536 726 meo,
588 660 912 730 cognoscetis
967 659 1268 726 veritatem,
1315 667 1366 713 et
1408 660 1610 714 veritas
1654 659 1913 713 liberabit
1958 674 2047 713 vos

397 747 575 820 (Joan.
625 764 745 811 vm,
798 748 889 813 31,
919 747 1031 819 32).
1062 746 1133 802 Et
1179 747 1535 818 evangelista
1584 752 1851 815 testatur,
1887 747 2043 819 quod

398 835 522 893 hac
552 834 922 892 credentibus
967 834 1203 908 quidem
1236 836 1465 905 dixerit,
1498 837 1598 892 sed
1648 836 2046 892 nescientibus

393 925 719 991 veritatem,
753 940 932 996 quam
980 925 1257 998 consequi
1293 930 1550 997 possent,
1583 925 1633 980 si
1684 926 1743 981 in
1777 942 2045 983 sermone

308 1010 319 1023 '
392 1013 579 1085 ipsius
612 1018 1046 1085 permanerent,
1079 1018 1135 1069 et
1165 1014 1332 1070 liberi
1363 1014 1571 1082 etl‘ecti,
1606 1015 1753 1071 servi
1787 1031 1915 1070 esse
1944 1015 2044 1070 de-

390 1102 671 1159 sinerent.
714 1102 1001 1167 Ouaaritur
1047 1119 1230 1176 quare
1261 1104 1331 1159 ad
1367 1104 1422 1158 id
1475 1104 1630 1176 quod
1679 1103 1761 1159 ait
1790 1119 1804 1158 :
1830 1104 2041 1159 Secun-

388 1191 520 1247 dum
558 1192 723 1263 ﬁdem
769 1191 1067 1249 electorum
1120 1194 1216 1250 Dei
1270 1202 1323 1249 et
1364 1195 1725 1265 cognitionem
1768 1196 2041 1259 veritatis,

379 1279 663 1351 junxerit,
698 1281 1005 1353 quaejuxta
1019 1284 1282 1353 pietatem
1305 1286 1386 1337 est
1411 1301 1431 1349 ;
1461 1286 1805 1338 utrumnam
1836 1284 1916 1338 sit
1935 1282 2040 1337 ali-

386 1384 507 1443 qua
533 1369 749 1427 veritas
781 1386 910 1443 quas
952 1387 1068 1427 non
1115 1371 1174 1426 in
1206 1371 1418 1443 pietate
1449 1370 1524 1426 sit
1556 1371 1764 1443 posita,
1798 1376 1854 1427 et
1886 1387 2041 1427 nunc

388 1459 460 1514 ad
494 1458 932 1516 distinctionem
965 1458 1126 1515 illius
1155 1460 1441 1516 inferatur
1469 1460 1723 1531 cognitio
1756 1460 2037 1525 veritatis,

386 1563 513 1623 quae
532 1550 702 1621 juxta
730 1550 991 1620 pietatem
1018 1554 1119 1604 est.
1154 1549 1255 1604 Est
1283 1548 1453 1620 plane
1496 1549 1731 1615 veritas,
1763 1566 1894 1622 quas
1921 1566 2038 1605 non

384 1638 559 1694 habet
591 1638 886 1710 pietatem.
919 1638 1075 1693 σου
1103 1638 1161 1693 Si
1194 1639 1327 1709 quis
1374 1638 1820 1711 grammaticam
1855 1646 2036 1694 artem

382 1726 625 1798 noverit,
640 1725 727 1782 vel
757 1725 1147 1794 dialecticam,
1167 1732 1232 1782 ut
1265 1724 1551 1783 rationem
1574 1734 1726 1783 recte
1759 1727 2035 1800 loquendi

381 1815 613 1882 habent,
646 1821 706 1871 et
733 1815 885 1872 inter
914 1816 1063 1873 falsa
1102 1820 1160 1871 et
1190 1832 1326 1872 vera
1372 1816 1677 1888 dijudicet,
1708 1816 2038 1872 Geometria

381 1920 616 1979 quoque
661 1909 720 1961 et
768 1904 1143 1961 arithmetica
1189 1910 1247 1961 et
1295 1905 1523 1961 musica
1570 1904 1790 1962 habent
1837 1907 1896 1961 in
1929 1923 2037 1963 sua

379 1994 630 2052 scientia
676 1993 1017 2062 veritatem;
1054 1995 1155 2050 sed
1206 2010 1321 2050 non
1367 1998 1455 2050 est
1504 1995 1749 2050 scientia
1792 1994 1894 2051 illa
1924 1997 2030 2067 [AL

375 2084 527 2140 addit
558 2083 823 2154 scientia]
873 2082 1128 2156 pietatis.
1162 2082 1415 2140 Scientia
1463 2084 1697 2156 pietatis
1729 2088 1819 2140 est
1858 2102 2033 2141 nosse

376 2171 589 2245 legem,
638 2171 966 2245 intelligere
1013 2173 1345 2245 prophetas,
1406 2172 1715 2245 Evangelia
1774 2174 2027 2242 credere,

372 2260 672 2335 apostolos
703 2278 818 2317 non
868 2261 1157 2333 ignorare.
1192 2266 1260 2316 Et
1310 2262 1635 2318 econtrario
1667 2263 1840 2318 multi
1892 2268 2030 2319 sunt

370 2350 475 2423 qui
506 2350 725 2407 habent
774 2350 1008 2423 pietatis
1055 2367 1250 2407 veram
1283 2350 1674 2423 cognitionem
1710 2369 1722 2407 :
1757 2351 1858 2407 sed
1909 2368 2027 2407 non

376 2440 577 2497 statim
609 2444 666 2495 et
695 2444 1032 2496 ceterarum
1084 2439 1303 2495 artium
1351 2446 1410 2496 et
1440 2455 1662 2505 earum,
1694 2440 1765 2496 de
1811 2440 2027 2512 quibus

376 2545 555 2601 supra
603 2529 960 2586 mentionem
1010 2529 1279 2594 fecimus,
1304 2529 1633 2585 veritatem.
1668 2529 1797 2585 Haec
1848 2530 2030 2601 igitur

362 2616 611 2684 veritas,
645 2620 816 2691 cujus
867 2619 1123 2690 cognitio
1164 2618 1336 2689 juxta
1384 2619 1656 2690 pietatem
1691 2622 1799 2685 est,
1833 2618 1893 2674 in
1925 2636 2028 2692 spe

370 2704 502 2761 vitae
531 2710 760 2764 aeterna
815 2706 1004 2778 posita
1034 2712 1123 2763 est
1154 2724 1167 2762 :
1200 2706 1340 2777 quia
1388 2707 1587 2761 statim
1618 2708 1665 2762 ei
1702 2708 1801 2779 qui
1834 2724 1896 2763 se
1925 2724 2025 2762 co-

370 2796 657 2867 gnoverit,
690 2796 995 2868 praemium
1040 2796 1249 2851 tribuit
1279 2796 1758 2854 immortalitatis.
1790 2798 2027 2869 Absque

376 2882 592 2955 pietate
620 2900 754 2941 vero
788 2884 997 2940 notitia
1023 2885 1286 2940 veritatis
1331 2885 1579 2940 delectat
1610 2886 1681 2940 ad
1716 2903 1973 2958 praesens
2009 2903 2022 2940 :

371 2973 472 3030 sed
503 2974 881 3030 aternitatem
914 2991 1028 3030 non
1060 2974 1237 3030 habet
1267 2974 1664 3047 praemiorum,
1691 2991 1868 3046 quam
1900 2992 2029 3047 pro-

374 3061 537 3120 misit
594 3080 709 3118 non
765 3065 1016 3119 mendax
1063 3063 1218 3119 Deus
1265 3067 1399 3120 ante
1442 3062 1656 3119 smcula
1702 3069 1938 3128 aeterna,
1973 3068 2029 3121 et

374 3151 774 3209 manifestavit
803 3167 933 3209 eam
965 3152 1331 3225 temporibus
1354 3152 1478 3209 suis
1509 3152 1570 3210 in
1606 3152 1836 3209 Christo
1862 3154 2024 3209 Jesu.

366 3239 474 3298 Cui
507 3245 705 3297 autem
737 3240 1011 3313 promisit
1060 3246 1215 3309 ante,
1247 3246 1304 3297 et
1336 3245 1540 3314 postea
1573 3242 1708 3297 fecit
1738 3258 1866 3297 esse
1899 3260 2027 3315 per-

2156 661 2335 713 tatem
2372 676 2385 715 :
2418 659 2499 714 ita
2529 663 2585 715 et
2632 660 2792 716 solus
2840 661 3055 717 dicitur
3085 679 3212 718 esse
3256 660 3401 717 091
3442 679 3610 717 verax
3642 679 3655 719 :
3689 679 3807 719 non

2157 749 2311 819 quod
2366 754 2423 803 et
2472 750 2660 804 ueteri
2719 766 2833 805 non
2882 750 3263 820 immortales,
3297 758 3353 806 et
3398 751 3660 807 veritatis
3692 750 3809 808 sint

2155 843 2468 906 amatores,
2492 840 2591 894 sed
2625 838 2905 911 quodille
2928 839 3089 895 solus
3120 840 3465 896 naturaliter
3493 842 3588 904 sit,
3612 846 3668 896 et
3690 842 3800 896 im-

2155 927 2442 997 mortalis,
2477 933 2534 983 et
2582 945 2774 984 verus.
2808 929 3003 984 ρωιωὶ
3054 945 3187 986 vero
3219 928 3716 985 immortalitatem
3748 935 3806 985 et

2150 1016 2545 1090 veritatemex
2564 1016 2872 1089 largitione
2895 1017 3054 1073 illius
3082 1023 3535 1091 consequantur,
3559 1023 3615 1073 et
3644 1018 3804 1075 aliud

2153 1103 2231 1158 sit
2258 1121 2459 1159 verum
2505 1122 2655 1170 esse,
2689 1106 2829 1177 quid
2863 1105 3075 1163 habere
3107 1111 3123 1143 ³
3158 1123 3258 1177 per
3289 1114 3472 1162 semet
3507 1126 3519 1162 :
3554 1107 3711 1163 aliud
3743 1108 3805 1163 in

2152 1197 2438 1264 potestate
2467 1194 2741 1251 donantis
2773 1211 2901 1251 esse
2948 1196 3101 1267 quod
3134 1196 3373 1251 habeas.
3408 1197 3517 1251 Sed
3553 1213 3659 1252 nec
3689 1196 3799 1253 hoc
3854 1221 3863 1229 -

2151 1280 2384 1337 silentio
2417 1284 2884 1354 praetereundum
2912 1288 3071 1356 puto,
3092 1285 3385 1356 quomodo
3411 1301 3526 1340 non
3553 1286 3805 1341 mendax

2154 1371 2324 1436 Deus,
2357 1376 2491 1425 ante
2522 1376 2736 1427 aeterna
2765 1372 2998 1440 saecula,
3023 1378 3297 1428 aeternam
3327 1374 3706 1445 spoponderit
3724 1374 3803 1429 vi-

2147 1463 2267 1513 tam
2304 1477 2317 1515 :
2350 1475 2418 1515 ex
2449 1475 2565 1531 quo
2604 1461 2776 1530 juxta
2824 1460 3133 1517 historiam
3183 1462 3440 1517 Genesos
3491 1462 3677 1518 factus
3709 1468 3803 1520 est

2149 1548 2429 1617 mundus,
2453 1554 2508 1604 et
2542 1565 2644 1620 per
2672 1550 2827 1604 vices
2858 1550 3119 1605 noctium
3153 1567 3218 1605 ac
3239 1550 3801 1615 dicrum,mensium

2146 1636 2365 1707 pariter
2415 1642 2472 1692 et
2524 1654 2836 1705 annorum,
2870 1643 3134 1708 tempora
3180 1638 3498 1702 constituta
3547 1646 3701 1693 sunt.
3738 1639 3801 1695 In

2146 1723 2256 1781 hoc
2286 1724 2575 1781 curriculo
2607 1731 2665 1782 et
2695 1731 2819 1781 rota
2869 1727 3097 1797 mundi,
3129 1731 3395 1798 tempora
3426 1728 3710 1782 labuntur
3739 1732 3797 1783 et

2144 1813 2406 1881 veniunt,
2429 1819 2486 1870 et
2510 1820 2612 1870 aut
2655 1802 2849 1871 futura
2880 1820 3039 1883 sunt,
3065 1820 3166 1871 aut
3192 1815 3442 1871 fuerunt.
3470 1814 3632 1871 Unde
3663 1817 3794 1888 qui-

2146 1902 2280 1957 dam
2315 1903 2800 1976 philosophorum
2834 1921 2949 1960 non
2982 1909 3194 1977 putant
3220 1921 3350 1959 esse
3381 1908 3613 1976 tempus
3646 1921 3789 1977 prie-

2143 2007 2300 2063 sens,
2335 1992 2437 2048 sed
2470 1998 2570 2048 aut
2601 1985 3104 2064 praeteritum,aut
3133 1994 3398 2048 futurum
3424 2011 3436 2049 :
3462 1993 3602 2065 quia
3620 2010 3795 2051 omne

2141 2081 2296 2153 quod
2346 2081 2667 2153 loquimur,
2700 2083 2953 2155 agimus,
2989 2082 3339 2155 cogitamus,
3372 2087 3474 2139 aut
3520 2083 3661 2138 dum
3708 2084 3795 2153 tit,

2140 2169 2416 2242 praeterit,
2451 2174 2551 2225 aut
2583 2171 2630 2225 si
2662 2172 2924 2226 nondum
2971 2172 3187 2226 factum
3222 2175 3330 2237 est,
3362 2177 3791 2243 exspectamus.

2137 2264 2289 2315 Ante
2304 2258 2425 2315 haec
2448 2259 2628 2331 igitur
2645 2259 2850 2314 mundi
2871 2264 3158 2332 tempora,
3178 2260 3556 2315 mternitatem
3582 2278 3794 2333 quam-

2138 2347 2274 2403 dam
2334 2349 2680 2403 saeculorum
2740 2348 2923 2404 fuisse
2985 2349 3343 2404 credendum
3402 2354 3513 2414 est,
3576 2349 3792 2421 quibus

2137 2453 2369 2508 semper
2394 2453 2528 2492 cum
2584 2436 2727 2493 Filio
2758 2442 2813 2493 et
2842 2437 3063 2509 Spiritu
3114 2442 3313 2494 sancto
3366 2439 3539 2495 fuerit
3568 2443 3738 2495 Pater
3768 2457 3781 2496 :

2137 2531 2215 2592 et,
2239 2531 2304 2580 ut
2334 2526 2415 2583 ita
2439 2526 2651 2594 dicam,
2682 2543 2866 2582 unum
2890 2532 3125 2599 tempus
3148 2527 3272 2592 Dei,
3296 2533 3387 2583 est
3414 2529 3608 2585 omnis
3628 2535 3788 2585 teter-

2141 2616 2294 2671 nitas
2328 2632 2341 2671 :
2376 2616 2495 2670 imo
2526 2614 2981 2672 innumerabilia
3008 2620 3272 2687 tempora
3302 2621 3461 2687 sunt,
3495 2632 3628 2672 cum
3661 2618 3790 2673 inﬂ-

2136 2704 2295 2759 nitus
2317 2704 2395 2759 sit
2425 2706 2547 2775 ipse
2578 2704 2678 2777 qui
2710 2710 2843 2761 ante
2872 2709 3136 2776 tempora
3157 2720 3329 2760 omne
3359 2709 3593 2777 tempus
3621 2720 3784 2762 exce-

2136 2792 2239 2847 dit.
2262 2793 2373 2848 Sed
2395 2792 2555 2849 mille
2573 2794 2823 2848 necdum
2851 2791 3035 2848 nostri
3057 2794 3216 2849 orbis
3241 2794 3559 2866 implentur
3573 2795 3711 2850 anni
3738 2800 3779 2851 ιε

2136 2888 2195 2936 et
2254 2890 2503 2952 quantas
2571 2882 2734 2953 prius
2792 2882 3163 2946 seternitates,
3223 2888 3444 2954 quanta
3498 2889 3783 2956 tempora,

2137 2977 2388 3043 quantas
2414 2970 2753 3027 sazculorum
2778 2971 3032 3043 origines
3054 2972 3235 3028 fuisse
3250 2960 3656 3028 arbitrandum
3678 2977 3788 3042 est,

2136 3059 2196 3114 in
2229 3060 2447 3131 quibus
2466 3060 2693 3131 Angeli,
2714 3061 2955 3127 Throni,
2976 3060 3435 3129 Dominationes,
3453 3067 3789 3134 castamque

2135 3149 2381 3204 virtutes
2412 3150 2717 3206 servierint
2748 3151 2865 3206 Deo
2900 3168 2913 3207 :
2946 3155 3003 3205 et
3034 3151 3257 3222 absque
3285 3156 3620 3224 temporum
3649 3152 3787 3207 vici-

2138 3237 2251 3294 bus
2274 3243 2446 3304 atque
2469 3239 2784 3303 mensuris,
2809 3240 2924 3295 Deo
2941 3240 3183 3309 jubente
3214 3239 3581 3295 substiterint
3605 3242 3617 3295 l
3644 3243 3789 3296 Ante

367 3328 657 3403 spicuam,
681 3330 796 3385 nisi
829 3330 1128 3401 sapientia
1154 3347 1294 3397 suis,
1327 3347 1453 3402 quae
1475 3335 1599 3386 erat
1629 3348 1863 3404 semper
1890 3349 2024 3387 cum
2057 3304 2101 3371 θ
2140 3327 2262 3383 haec
2294 3328 2489 3399 itaque
2513 3328 2711 3383 omnia
2742 3332 3026 3401 tempora,
3056 3345 3181 3399 quae
3212 3345 3317 3384 nec
3349 3346 3540 3384 sermo
3570 3329 3785 3402 eloqui,

369 3417 555 3485 Patre,
607 3433 742 3473 eum
792 3416 1090 3473 laetaretur
1135 3418 1275 3474 orbe
1324 3419 1599 3489 perfecto,
1646 3425 1703 3475 et
1748 3420 2026 3492 gauderet

371 3521 551 3579 super
585 3505 720 3561 ﬁliis
749 3506 1080 3573 hominum,
1106 3510 1164 3562 et
1192 3506 1526 3578 repromisit
1556 3523 1655 3563 eos
1686 3508 2026 3580 quicunque

368 3595 430 3652 in
462 3594 561 3650 illa
591 3595 870 3651 credituri
900 3600 1121 3662 essent,
1151 3595 1456 3651 habituros
1487 3612 1615 3652 esse
1644 3597 1827 3652 vitam
1860 3603 2023 3654 aeter-

366 3698 505 3741 nam
525 3682 555 3738 ?
582 3688 919 3756 Antequam
950 3683 1109 3739 orbis
1157 3684 1384 3755 jaceret
1427 3684 1829 3754 fundamenta,
1861 3690 2023 3741 ante-

368 3787 547 3846 quam
581 3772 771 3829 maria
813 3772 1185 3837 ditl‘underet,
1219 3777 1448 3828 montes
1479 3778 1777 3840 statueret,
1813 3775 2023 3831 ccelum

368 3863 776 3936 suspenderat,
825 3867 1043 3917 terram
1098 3862 1323 3934 dejecta
1369 3862 1523 3918 mole
1575 3863 1874 3929 solidaret,
1903 3863 2023 3920 haec

370 3951 711 4024 repromisit
740 3952 915 4020 Deus,
948 3952 1007 4007 in
1040 3968 1156 4022 quo
1203 3953 1574 4008 mendacium
1608 3970 1724 4009 non
1755 3959 1861 4009 est.
1897 3955 2022 4009 Non

371 4040 513 4114 quia
539 4040 725 4113 possit
746 4041 1006 4108 mentiri,
1029 4046 1089 4096 et
1118 4040 1264 4098 nolit
1293 4042 1350 4096 in
1383 4041 1657 4098 falsitatis
1685 4044 1859 4099 verba
1890 4060 2022 4115 pro-

366 4145 641 4201 rumpere
674 4146 687 4184 :
722 4132 825 4186 sed
856 4128 999 4201 quia
1029 4131 1127 4201 qui
1158 4136 1325 4202 pater
1356 4132 1433 4186 sit
1474 4131 1756 4199 veritatis,
1790 4132 2019 4187 nullum

365 4216 429 4274 in
460 4232 523 4273 se
552 4217 729 4273 habet
758 4219 1153 4286 mendacium,
1187 4220 1513 4275 secundum
1549 4219 1726 4275 illud:
1753 4222 1887 4276 Fiat
1916 4239 2020 4276 aa-

364 4313 476 4362 tem
504 4307 643 4362 Deus
686 4323 858 4364 verax
884 4326 903 4363 :
933 4311 1112 4365 omnis
1157 4311 1341 4363 autem
1370 4308 1527 4365 homo
1574 4309 1813 4365 mendax
1842 4312 2020 4382 (Rom.

367 4411 452 4462 In,
484 4396 558 4467 4).
596 4396 906 4468 Propterea
936 4403 1132 4453 autem
1166 4413 1281 4453 non
1310 4399 1560 4453 mendax
1582 4398 1736 4454 Deus
1758 4400 1973 4455 dicitur
2006 4417 2019 4456 :

360 4485 578 4543 etenim
609 4486 716 4555 [Αἱ.
750 4488 828 4557 et]
879 4487 1421 4557 cumjurejurando
1475 4488 1740 4558 quaedam
1795 4488 1853 4542 in
1886 4505 2020 4561 pro-

365 4572 561 4645 phetis
592 4572 920 4646 pollicetur,
953 4579 1018 4630 ut
1061 4591 1166 4631 nos
1215 4574 1541 4630 securiores
1590 4576 1797 4647 effecti,
1833 4578 2022 4648 magis

2136 3432 2241 3472 nec
2274 3432 2439 3473 mens
2487 3416 3006 3489 comprehendere,
3039 3433 3141 3471 nec
3174 3416 3445 3490 cogitatio
3475 3417 3651 3472 tacita
3682 3435 3785 3474 au-

2135 3506 2233 3561 det
2279 3505 2584 3577 attingere,
2619 3504 2886 3577 promisit
2931 3505 3086 3561 Deus
3116 3510 3288 3560 Pater
3338 3505 3637 3578 sapientiae
3671 3522 3787 3562 suis

2134 3596 2391 3649 Verbum
2449 3611 2647 3660 suum,
2677 3599 2734 3649 et
2790 3595 2977 3665 ipsam
3010 3594 3357 3665 sapientiam
3390 3612 3581 3659 suam,
3618 3601 3674 3650 et
3702 3595 3785 3649 vi-

2133 3688 2253 3740 tam
2286 3701 2489 3739 eorum
2512 3684 2610 3756 qui
2643 3684 2939 3739 creduturi
2964 3688 3147 3749 erant,
3176 3684 3396 3739 mundo
3428 3700 3556 3740 esse
3585 3689 3787 3740 ventu-

2133 3790 2282 3829 ram.
2331 3773 2650 3846 Diligenter
2697 3773 2978 3829 attendite
3024 3777 3245 3829 textum
3277 3777 3335 3829 et
3386 3773 3649 3830 ordinem
3702 3773 3787 3829 le-

2132 3863 2343 3919 ctionis
2376 3880 2389 3920 :
2421 3863 2699 3935 quoniam
2739 3864 2859 3918 vita
2886 3866 3102 3919 aeterna
3145 3879 3323 3935 quam
3375 3880 3487 3918 non
3533 3863 3790 3919 mendax

2134 3957 2308 4023 Deus,
2350 3957 2484 4009 ante
2532 3952 2744 4008 saecula
2792 3956 3007 4007 aeterna
3054 3952 3350 4024 promisit,
3394 3969 3506 4009 non
3556 3952 3668 4007 alia
3715 3952 3791 4009 sit

2132 4042 2356 4112 absque
2390 4043 2563 4096 verbo
2596 4041 2718 4096 Dei.
2756 4040 3147 4096 Manifestavit
3174 4040 3355 4107 enim,
3386 4041 3601 4112 inquit,
3634 4046 3783 4097 tem-

2132 4129 2374 4201 poribus
2403 4129 2529 4185 suis
2574 4130 2814 4184 verbum
2847 4144 3020 4183 suum
3058 4146 3070 4184 :
3107 4129 3253 4199 Ergo
3296 4144 3473 4199 quam
3507 4130 3787 4200 promise-

2132 4223 2223 4273 rat
2248 4218 2427 4273 vitam
2478 4222 2774 4285 aeternam,
2807 4216 2935 4289 ipsa
2983 4222 3070 4272 est
3100 4216 3351 4273 Verbum
3396 4233 3593 4281 suum,
3627 4218 3782 4288 quod

2131 4308 2190 4362 in
2225 4306 2512 4380 principio
2544 4307 2696 4363 θυι
2729 4311 2855 4361 erat
2885 4307 3039 4378 apud
3074 4307 3303 4361 Patrem
3339 4323 3351 4359 :
3385 4312 3441 4360 et
3471 4306 3624 4361 Deus
3657 4311 3785 4362 erat

2131 4397 2416 4463 Verbum,
2446 4401 2504 4452 et
2543 4396 2803 4453 Verbum
2836 4412 2968 4452 caro
3021 4396 3238 4451 factum
3272 4399 3380 4460 est,
3414 4400 3470 4450 et
3497 4395 3786 4451 habitavit

2132 4486 2189 4541 in
2247 4486 2418 4543 nobis
2469 4487 2653 4557 (Joan.
2691 4503 2727 4554 1,
2766 4486 2872 4551 tl).
2906 4486 3064 4551 Quod
3122 4490 3317 4540 autem
3350 4484 3604 4540 Verbum
3657 4484 3780 4553 Dei,

2130 4574 2241 4630 hoc
2271 4579 2381 4643 est,
2413 4575 2680 4631 Christus
2711 4575 2835 4646 ipse
2866 4574 2943 4629 sit
2968 4574 3107 4639 vita,
3140 4575 3197 4628 in
3230 4572 3344 4629 alio
3376 4574 3500 4629 loco
3533 4575 3784 4629 testatur

364 4677 674 4734 speremus
724 4663 924 4720 futura
964 4680 1093 4720 esse
1123 4681 1251 4736 qum
1302 4663 1581 4736 praedicta
1626 4669 1787 4727 sunt,
1820 4672 1878 4719 et
1907 4670 2027 4721 tota
2057 4671 2102 4737 1)
2133 4663 2333 4720 dicens
2366 4681 2379 4719 :
2414 4665 2523 4731 Ego
2552 4680 2673 4718 sum
2719 4665 2829 4718 vita
2862 4664 3038 4733 (Joan.
3072 4680 3185 4729 xiv,
3216 4664 3292 4731 6).
3328 4663 3457 4718 Vita
3502 4679 3637 4718 vero
3667 4678 3784 4719 non

369 4757 568 4809 mente
598 4753 925 4819 credentes,
957 4754 1028 4810 ad
1058 4754 1475 4826 consequenda
1522 4770 1587 4809 ea
1623 4770 1749 4826 quae
1782 4761 2021 4811 ventura

369 4846 531 4912 sunt,
566 4857 978 4914 praeparemur.

441 4930 567 4985 Non
599 4931 674 4987 ab
696 4947 758 4986 re
785 4930 1014 4987 videtur
1034 4930 1285 4989 breviter
1308 4932 1716 5004 perstringere,
1742 4949 1847 4988 cur
1876 4934 2021 4989 Deus

370 5017 533 5075 solus
560 5035 756 5088 verax,
786 5024 843 5075 et
871 5021 1063 5076 omnis
1094 5021 1269 5077 homo
1301 5021 1569 5087 mendax,
1597 5020 1854 5092 Apostoli
1888 5038 2022 5077 voce

369 5106 621 5164 dicatur.
647 5111 716 5167 Et
744 5109 860 5166 nisi
888 5109 1075 5179 fallor,
1110 5112 1404 5183 quomodo
1441 5110 1603 5165 solus
1635 5111 1846 5167 habere
1877 5112 2019 5166 dici-

367 5194 1013 5265 turimmortalitatem,
1036 5215 1170 5253 cum
1193 5205 1250 5254 et
1268 5197 1506 5271 angelos
1523 5204 1579 5253 ct
1600 5198 1815 5254 multas
1842 5199 2018 5254 ratio-

442 5322 458 5356 ¹
509 5320 923 5380 Cistercienses
978 5341 1146 5391 mss.,
1200 5327 1253 5379 et
1303 5321 1459 5379 aliud
1512 5324 1587 5377 sit
1644 5339 1831 5379 verum
1885 5339 2017 5390 esse,

366 5392 527 5476 qugd
543 5393 785 5476 habeas;
810 5395 994 5476 aliud,
1026 5400 1136 5451 etc.
1355 5468 1365 5476 ¹
1514 5468 1521 5476 ο
1808 5465 1842 5476 υ

437 5463 460 5500 ³
494 5466 661 5538 Paria
709 5466 822 5531 his,
874 5463 992 5523 sive
1050 5484 1118 5523 ex
1175 5468 1426 5538 propria,
1478 5468 1597 5521 sive
1645 5482 1713 5521 ex
1773 5465 2020 5521 aliorum

370 5537 664 5609 sententia
693 5540 912 5608 profert
942 5539 993 5594 St
1033 5537 1242 5594 Doctor
1273 5539 1443 5609 epist.
1479 5540 1565 5605 18,
1598 5538 1668 5592 ad
1696 5539 2019 5609 Damasum,

372 5624 431 5683 n.
460 5608 517 5677 7,
550 5609 865 5683 existitisse
897 5626 1106 5683 nempe
1144 5608 1384 5683 angelos
1415 5618 1728 5681 antequam
1764 5612 2024 5683 mundus

368 5678 484 5736 iste
514 5682 887 5747 conderetur,
908 5678 1053 5753 quin
1079 5678 1256 5737 etiam
1286 5688 1344 5737 et
1373 5678 1585 5753 lapsos'
1601 5688 1770 5737 antea
1794 5698 1806 5737 :
1835 5682 2022 5738 homi—

372 5766 598 5825 nesque
629 5753 1006 5826 postmodum
1056 5769 1125 5811 ea
1173 5762 1394 5811 creatos
1425 5753 1496 5810 de
1543 5771 1740 5823 causa,
1775 5758 1840 5810 ut
1869 5754 2022 5812 beati

2134 4753 2347 4823 brevis,
2380 4769 2495 4807 non
2546 4752 2843 4823 aliquibus
2890 4752 3335 4823 circumscripta
3380 4752 3781 4824 temporibus;

2134 4842 2235 4897 sed
2270 4847 2571 4913 perpetua,
2604 4841 2703 4896 sed
2737 4845 2949 4897 aeterna
2980 4857 2994 4895 :
3030 4857 3155 4912 qua:
3206 4841 3584 4897 manifestata
3607 4846 3695 4896 est
3724 4842 3783 4896 in

2133 4931 2470 4986 novissimis
2504 4930 2753 4997 saaculis,
2780 4930 2837 4985 in
2870 4929 3278 5001 prmdicatione
3304 4948 3430 5001 qua!
3463 4930 3677 4985 credita
3697 4935 3786 4985 est

2134 5019 2315 5076 Paulo
2349 5020 2568 5075 doctori
2600 5020 2887 5091 gentium,
2924 5024 2982 5073 et
3016 5020 3295 5092 magistro
3328 5036 3341 5073 :
3377 5025 3442 5073 ut
3471 5018 3783 5074 annuntia-

2132 5114 2293 5163 retur
2338 5108 2397 5164 in
2450 5110 2690 5175 mundo,
2724 5113 2780 5163 et
2828 5107 3168 5164 hominibus
3219 5114 3357 5163 nota
3405 5106 3784 5175 fieret,juxta

2132 5198 2446 5270 imperium
2476 5197 2792 5254 Salvatoris
2809 5198 2931 5268 Dei,
2951 5198 3052 5270 qui
3081 5214 3187 5253 nos
3212 5200 3402 5251 salvos
3424 5211 3552 5251 esse
3574 5194 3779 5259 voluit,

2134 5331 2311 5380 caelus
2342 5340 2654 5380 numerum
2702 5322 3032 5394 implerent.
3070 5321 3293 5394 Placuit
3322 5320 3442 5394 hanc
3463 5324 3528 5394 _et
3556 5316 3781 5375 Tertul-

2134 5397 2289 5452 liano
2311 5396 2618 5465 sententia,
2654 5392 3069 5465 nonnullisque
3092 5393 3221 5448 aliis
3248 5392 3546 5465 antiquis;
3578 5407 3779 5465 verum

2134 5468 2392 5540 etlonge
2426 5462 2681 5540 plurium
2734 5462 2997 5540 Ecclesiae
3028 5462 3665 5540 Patrum__aurteritatc
3698 5463 3781 5518 in-
3828 5530 3834 5535 ι

2132 5539 2316 5596 valuit
2342 5534 2679 5622 oppositum
2712 5539 2945 5606 dogma,
2981 5544 3036 5622 et
3066 5534 3643 5622 nelioribus‘nititur
3668 5552 3781 5616 _ar-

2177 5607 2453 5677 umentis,
2490 5610 2731 5680 angelos
2762 5626 2895 5665 cum
2930 5608 3094 5674 coelo,
3127 5612 3279 5662 terra
3312 5623 3378 5663 ac
3412 5607 3560 5673 luce,
3594 5608 3784 5679 prima

2177 5630 2453 5677 umentis,
2490 5630 2731 5680 angelos
2762 5630 2784 5665 ς

2135 5630 2231 5742 gis
2263 5684 2466 5740 mundi
2501 5682 2784 5738 conditos.
