4310 6566
542 403 663 470 B95

1788 402 1854 468 S.
1901 400 2213 467 EUSEBII
2260 400 2706 469 HIERONYMI

3834 401 3953 466 596

546 538 605 597 id
637 538 793 612 quod
827 535 1121 611 pollicitus
1173 537 1362 595 fuerat
1409 538 1726 612 implendo.
1756 540 1969 595 Scribit
1999 544 2196 595 autem
2226 540 2280 604 Α
2311 556 2543 612 ponere,
2576 541 2690 597 nisi
2738 541 3112 600 architectus.
3139 540 3575 600 Fundamentum
3619 546 3804 596 autem
3840 553 3955 595 non

545 627 862 702 Apostolus
914 627 1043 683 Tito
1089 630 1413 685 charissima
1442 631 1578 700 filio,
1612 630 1767 703 quod
1820 630 2013 686 Graece
2051 629 2194 685 diei-

548 722 667 789 tur,
698 714 914 790 γνησίῳ
959 716 1132 787 τέκνῳ
1162 723 1220 773 et
1271 718 1474 773 Latino
1529 736 1796 774 sermone
1846 736 1961 774 non
2011 723 2200 790 potest

550 806 826 880 explicari
874 823 887 859 :
940 807 1166 879 γνήσιος
1215 810 1372 862 enim
1417 808 1527 863 hoc
1586 808 1777 879 potius
1825 814 2014 876 sonat,
2065 825 2197 863 cum

554 895 688 969 quis
717 894 895 964 ﬁdelis
942 898 999 949 et
1043 898 1318 967 proprius,
1352 901 1407 951 et
1436 898 1522 969 (ut
1553 898 1633 952 ita
1680 897 1893 967 dicam)
1925 898 2202 968 legitimus

553 983 679 1040 sive
697 999 993 1055 germanus
1019 985 1241 1056 absque
1262 985 1693 1057 comparatione
1725 985 1967 1041 alterius
1998 985 2200 1057 appel-

554 1070 731 1128 latur.
765 1073 847 1128 Ex
877 1089 990 1145 quo
1031 1073 1414 1145 intelligimus
1449 1074 1627 1129 fuisse
1658 1079 1715 1130 et
1763 1075 1821 1129 in
1872 1075 2009 1130 filiis
2040 1074 2200 1129 Pauli

552 1160 871 1234 plurimam
927 1162 1335 1225 differentiam,
1386 1164 1540 1233 quod
1591 1162 1736 1218 alios
1793 1163 2033 1219 haberet
2075 1183 2205 1235 γνη-

555 1247 729 1319 σίους,
777 1249 833 1304 id
885 1254 994 1316 est,
1046 1252 1509 1319 germam’ssz’mos,
1563 1251 1790 1324 sibique
1837 1254 2202 1322 conjunctae,

558 1341 617 1394 et
644 1338 715 1392 de
758 1354 892 1393 vero
942 1338 1335 1402 matrimonio,
1368 1356 1434 1394 ac
1483 1340 1554 1394 de
1601 1340 1783 1395 libera
1832 1346 2203 1413 procreatos:

559 1424 704 1481 alios
755 1441 888 1482 vero
941 1426 1111 1498 quasi
1140 1444 1208 1483 ex
1256 1427 1469 1483 ancilla
1515 1434 1570 1483 et
1613 1447 1680 1484 ex
1732 1436 1905 1502 Agar,
1940 1430 2041 1501 qui
2091 1448 2207 1486 non

560 1519 809 1587 possunt
867 1515 1265 1571 haereditatem
1334 1517 1590 1588 accipere
1643 1535 1776 1574 cum
1835 1519 2028 1575 liberae
2088 1519 2206 1575 filio

558 1604 742 1661 Isaac.
776 1604 977 1659 Sermo
1008 1605 1224 1677 quippe
1267 1611 1323 1661 et
1352 1606 1658 1679 sapientia,
1692 1612 1751 1663 et
1797 1609 2063 1663 doctrina
2093 1625 2209 1679 qua

557 1690 726 1748 Titus
747 1692 961 1748 Christi
1002 1692 1295 1749 Ecclesiae
1336 1695 1682 1762 instruebat,
1713 1697 2043 1752 efficiebant
2071 1714 2206 1752 eum

555 1781 858 1854 proprium
890 1781 1146 1854 Apostoli
1182 1781 1390 1850 filium,
1415 1788 1471 1839 et
1501 1786 1572 1840 ab
1605 1785 1763 1840 omni
1787 1786 2033 1841 aliorum
2068 1803 2205 1841 con-

2305 638 2383 689 est
2435 634 2594 689 aliud
2647 644 2852 706 praeter
2907 634 3185 691 Christum
3239 636 3421 690 Iesum
3469 633 3515 704 (Ι
3561 631 3684 686 Cor.
3722 646 3808 701 Ill,
3842 629 3951 695 11).

2306 722 2466 786 Quod
2492 724 2792 780 inferiores
2809 724 3059 781 artifices
3077 742 3143 780 su
3153 729 3234 793 nt,
3259 723 3317 779 hi
3341 728 3588 795 possunt
3602 721 3755 776 sedes
3780 735 3957 791 super

2308 813 2692 869 fundamenta
2742 820 3097 869 construere.
3131 814 3348 869 Paulus
3396 813 3595 884 itaque
3623 816 3690 867 ut
3719 810 3956 883 sapiens

2310 902 2688 973 architectus,
2721 909 2777 958 et
2805 903 2914 958 hoc
2963 903 3122 958 omni
3154 902 3351 958 labore
3380 902 3760 972 contendens,
3792 917 3865 957 ne
3894 899 3955 956 in

2311 990 2650 1062 praeparatis
2704 990 3070 1062 gloriaretur,
3112 993 3213 1047 sed
3262 991 3359 1048 ubi
3409 990 3660 1046 necdum
3690 988 3959 1046 Christus

2312 1079 2504 1135 fuerat
2534 1081 2939 1151 annuntiatus,
2973 1086 3284 1154 postquam
3317 1082 3464 1136 dura
3491 1078 3853 1137 Cretensium
3885 1079 3959 1135 ad

2314 1168 2490 1223 fidem
2549 1168 2762 1224 Christi
2819 1170 2994 1225 corda
3050 1169 3358 1237 mollierat,
3401 1172 3458 1224 et
3512 1173 3637 1224 tam
3690 1183 3961 1223 sermone

2316 1273 2492 1328 quam
2522 1256 2707 1330 signis
2739 1258 3098 1322 edomuerat,
3131 1263 3187 1314 et
3216 1258 3525 1313 edocuerat
3553 1273 3653 1312 eos
3684 1273 3801 1313 non
3831 1272 3959 1312 ver-

2315 1345 2589 1401 naculum
2607 1348 2827 1417 Jovem,
2847 1348 2945 1402 sed
2975 1348 3035 1402 in
3059 1348 3242 1403 Deum
3258 1347 3484 1402 Patrem
3507 1345 3641 1401 etin
3663 1344 3959 1400 Christum

2316 1434 2569 1500 credere,
2602 1434 2837 1506 reliquit
2865 1436 3059 1491 Titum
3112 1433 3468 1505 discipulum
3498 1433 3675 1489 Cretas
3704 1436 3769 1486 ut
3801 1431 3960 1486 rudi-

2318 1527 2515 1577 menta
2562 1524 2857 1579 nascentis
2900 1523 3165 1579 Ecclesiae
3207 1523 3598 1587 confirmaret,
3629 1524 3687 1577 et
3739 1520 3787 1576 si
3821 1519 3962 1591 quid

2316 1611 2623 1667 videbatur
2663 1613 2884 1684 deesse,
2918 1613 3251 1685 corrigeret,
3283 1612 3408 1683 ipse
3438 1627 3684 1683 pergens
3714 1610 3786 1665 ad
3817 1608 3962 1665 alias

2317 1700 2601 1767 nationes,
2664 1706 2730 1756 ut
2779 1716 3017 1757 rursum
3075 1702 3132 1756 in
3183 1702 3268 1757 eis
3322 1700 3531 1757 Christi
3578 1701 3799 1770 jaceret
3839 1699 3965 1754 fun-

2315 1788 2679 1844 damentum.
2702 1790 2863 1854 Quod
2889 1796 3082 1846 autem
3103 1790 3185 1846 ait
3208 1807 3221 1843 :
3245 1794 3385 1845 utea
3404 1804 3526 1860 quae
3539 1787 3782 1857 deerant,
3797 1788 3965 1855 corri-

560 1870 742 1927 sortio
772 1876 1134 1943 separatum.
1164 1871 1482 1928 Videamus
1516 1879 1647 1944 post
1678 1875 1794 1929 haec
1825 1877 1977 1946 quod
2013 1876 2205 1948 sequi-
2240 1907 2287 1972 Β
2314 1894 2492 1948 geres,
2524 1879 2780 1933 ostendit
2810 1880 3058 1935 necdum
3089 1896 3188 1935 eos
3220 1880 3292 1935 ad
3324 1878 3557 1951 plenam
3588 1877 3818 1933 venisse
3849 1875 3961 1932 sci-

558 1962 661 2015 tur
692 1975 705 2013 :
740 1959 1045 2016 Secundum
1092 1976 1429 2017 communem
1468 1961 1659 2033 ﬁdem,
1694 1969 2032 2020 utrumnam
2085 1983 2207 2021 om-

566 2047 732 2104 nium
763 2048 863 2120 qui
895 2048 955 2104 in
982 2048 1209 2105 Christo
1240 2051 1574 2118 credebant,
1607 2068 1981 2109 communem
2002 2054 2210 2110 dixerit

564 2137 741 2195 fidem
777 2154 790 2194 :
825 2156 896 2194 an
919 2155 1313 2206 communem,
1341 2157 1508 2196 suam
1531 2146 1758 2197 tantum
1782 2148 1837 2197 et
1859 2143 2017 2197 Titi?
2049 2143 2211 2207 Quod

566 2227 804 2299 quidem
835 2227 982 2283 mihi
1012 2227 1225 2283 melius
1256 2228 1487 2284 videtur
1535 2230 1780 2302 apostoli
1816 2232 1974 2288 Pauli
2008 2237 2065 2287 et
2094 2233 2210 2288 Titi

564 2315 742 2373 ﬁdem
759 2316 939 2372 fuisse
954 2332 1531 2389 communem,quam
1546 2320 1810 2375 omnium
1825 2322 2208 2389 credentium;

566 2403 627 2459 in
675 2403 891 2475 quibus
940 2422 1043 2477 pro
1090 2406 1369 2461 varietate
1419 2409 1724 2479 mentium,
1778 2410 1922 2465 fides
1979 2427 2211 2482 quoque

564 2494 898 2550 communis
928 2510 1056 2550 esse
1088 2512 1202 2550 non
1240 2501 1481 2567 poterat,
1506 2498 1602 2552 sed
1629 2498 1876 2553 diversa.
1908 2500 1992 2554 Ad
2025 2505 2207 2555 extre-

565 2598 732 2640 mum
782 2583 1042 2654 praefatio
1098 2584 1389 2656 Epistolas,
1429 2592 1487 2641 et
1535 2587 1810 2643 salutatio
1858 2580 2211 2659 praefationis

563 2670 827 2744 Apostoli
859 2671 929 2727 ad
980 2672 1198 2745 Titum,
1232 2673 1332 2729 tali
1378 2675 1491 2730 fine
1540 2676 1865 2748 completur
1898 2695 1910 2732 :
1947 2677 2133 2733 Gratia
2161 2682 2210 2734 et

564 2776 676 2832 pax
721 2776 757 2815 α
803 2761 904 2816 Deo
954 2762 1119 2817 Patre
1147 2771 1198 2818 et
1242 2762 1454 2819 Christo
1500 2766 1627 2821 Iesu
1673 2765 1957 2821 Saluatore
2003 2771 2206 2823 nostra.

563 2847 694 2906 Sive
743 2849 898 2920 quod
945 2856 1001 2905 et
1046 2850 1252 2923 gratia,
1284 2858 1341 2907 et
1381 2870 1509 2925 pax,
1544 2857 1664 2908 tam
1716 2872 1749 2910 a
1782 2860 1891 2910 Deo
1924 2856 2087 2910 Patre
2135 2856 2212 2911 sit

565 2952 744 3008 quam
777 2954 811 2992 a
838 2937 1065 2993 Christo
1094 2939 1258 3007 Jesu,
1290 2945 1345 2995 et
1378 2945 1692 3013 utrumque
1722 2943 1794 2998 ab
1826 2950 2075 3015 utroque
2103 2944 2211 2999 da-

563 3030 692 3081 tum
724 3025 909 3096 possit
939 3025 1184 3098 intelligi
1216 3043 1229 3081 :
1265 3028 1385 3083 sive
1433 3029 1588 3099 quod
1638 3031 1827 3101 gratia
1858 3031 1926 3086 ad
1963 3032 2207 3098 Patrem,

564 3118 624 3169 et
654 3129 766 3186 pax
792 3114 1075 3169 referatur
1125 3116 1196 3170 ad
1230 3115 1460 3172 Filium.
1491 3117 1613 3172 Non
1664 3120 1885 3190 absque
1933 3120 2209 3191 scrupulo

563 3203 992 3258 transeundum
1024 3207 1130 3274 est,
1155 3206 1309 3276 quod
1329 3205 1681 3277 quibusdam
1715 3208 2026 3279 Apostolus
2055 3210 2209 3265 698

2320 1970 2536 2023 entiam
2568 1968 2828 2023 veritatis
2863 1986 2874 2023 :
2910 1973 2967 2023 et
2994 1968 3130 2024 licet
3157 1969 3229 2023 ab
3264 1965 3539 2040 Apestolo
3569 1966 3809 2021 correcti
3842 1965 3964 2020 fue-

2320 2056 2457 2124 rint,
2492 2061 2687 2112 tamcn
2722 2057 2913 2112 adhuc
2945 2058 3202 2128 indigere
3233 2055 3609 2113 correctione.
3643 2054 3828 2110 Omne
3856 2070 3961 2109 au-

2319 2149 2435 2199 tem
2465 2147 2618 2217 quod
2667 2146 2997 2218 corrigitur,
3030 2146 3435 2218 imperfectum
3484 2148 3591 2200 est.
3623 2148 3769 2199 Nam
3818 2147 3876 2197 et
3903 2142 3964 2198 in

2320 2233 2513 2289 Graeco
2546 2236 2973 2306 praepositionis
2995 2235 3263 2306 adjectio,
3287 2251 3403 2308 qua
3426 2232 3703 2290 scribitur
3723 2228 3966 2305 ἐπιδιορ-

2319 2322 2489 2388 fiction,
2527 2340 2640 2378 non
2694 2324 2950 2395 idipsum
3001 2329 3172 2379 sonat
3217 2324 3372 2396 quod
3423 2319 3716 2396 διαρθώσῃ,
3747 2322 3804 2376 id
3854 2324 3966 2387 est,

2320 2415 2638 2484 corrigeres,
2700 2415 2798 2468 sed
2851 2418 2916 2468 ut
2967 2413 3049 2469 ita
3096 2414 3310 2479 dicam,
3371 2413 3852 2484 supercorrigeres,
3901 2413 3967 2465 ut

2322 2501 2539 2557 scilicet
2587 2520 2654 2559 ea
2681 2520 2806 2573 quin
2856 2520 2890 2558 a
2921 2520 3013 2558 me
3065 2507 3323 2558 correcta
3360 2505 3516 2567 sunt,
3549 2501 3705 2557 694
3750 2503 3809 2555 et
3833 2515 3966 2555 neo-

2320 2590 2463 2646 dum
2495 2592 2566 2646 ad
2613 2590 2847 2663 plenam
2879 2592 2997 2647 veri
3044 2591 3260 2647 lineam
3293 2596 3433 2646 sunt
3461 2593 3711 2646 retracta
3738 2588 3844 2660 [Αι.
3872 2604 3967 2643 re-

2321 2682 2611 2751 tractata],
2648 2697 2680 2735 a
2707 2686 2763 2736 te
2791 2681 3179 2753 corrigantur,
3214 2684 3271 2735 et
3317 2695 3584 2736 normam
3614 2677 3967 2750 aequalitatis

2320 2770 2629 2839 accipiant.

2395 2880 2422 2907 α
2450 2859 2514 2912 Et
2536 2858 2645 2929 [AL
2672 2858 2785 2929 Ut],
2809 2859 3131 2915 constituas
3170 2875 3269 2930 per
3291 2858 3575 2920 civitates.
3598 2856 3967 2929 presbyteros

2321 2946 2474 3001 sicut
2502 2963 2607 3018 ego
2638 2945 2743 3002 tibi
2772 2947 3055 3019 disposui.
3094 2971 3119 2996 n
3149 2947 3404 3003 Audiant
3442 2945 3700 3018 episcopi
3728 2944 3829 3016 qui
3860 2942 3967 2999 ha-

2321 3035 2459 3089 bent
2487 3034 2882 3091 constituendi
2935 3036 3304 3108 presbyteros
3356 3051 3457 3106 per
3484 3034 3659 3090 urbes
3701 3030 3968 3104 singulas

2322 3128 2691 3194 potestatem,
2728 3125 2837 3179 sub
2886 3124 3044 3195 quali
3077 3122 3202 3196 lege
3248 3122 3658 3180 ecclesiasticas
3687 3121 3971 3177 constitu-

2320 3212 2497 3267 tionis
2528 3213 2667 3267 ordo
2697 3218 2964 3268 teneatur
2994 3231 3006 3268 :
3039 3230 3144 3269 nec
3175 3217 3382 3285 putent
3406 3210 3655 3285 apostoli
3680 3211 3854 3267 verba
3882 3226 3970 3266 es-

561 3290 919 3365 imprecatus
948 3297 1056 3358 est,
1088 3271 1151 3347 ut
1171 3271 1272 3349 eis
1304 3271 1492 3366 gratia
1521 3301 1576 3351 et
1608 3313 1717 3368 pax
1747 3271 2207 3369 multiplicaren-
2241 3271 2283 3337 C
2323 3317 2405 3367 se,
2438 3303 2536 3356 sed
2571 3301 2808 3372 Christi,
2833 3303 2933 3373 qui
2956 3304 3026 3358 ad
3052 3271 3371 3374 discipulos
3391 3271 3472 3356 ait
3512 3318 3524 3356 :
3557 3302 3671 3371 Qui
3696 3316 3787 3357 vos
3814 3315 3969 3372 sper-

562 3384 679 3449 tur,
714 3396 870 3435 nunc
899 3397 1031 3438 vero
1066 3383 1136 3437 ad
1163 3382 1357 3438 Titum
1415 3401 1525 3455 pax
1558 3390 1614 3439 et
1642 3386 1847 3457 gratia,
1884 3387 2009 3441 sine
2060 3386 2211 3441 mul-

458 3495 477 3511 ο
560 3468 925 3542 tiplicatione
956 3470 1074 3527 sint
1108 3472 1329 3543 positae.
1356 3473 1472 3528 Noe
1495 3473 1583 3529 vir
1602 3475 1824 3546 justus,
1850 3480 1903 3531 et
1930 3477 2211 3547 naufrago

561 3559 700 3623 orbe
730 3558 896 3616 solus
925 3565 1191 3617 servatus
1218 3579 1334 3617 non
1369 3562 1584 3618 dicitur
1610 3564 1805 3634 plures
1820 3565 2076 3635 gratias,
2110 3566 2211 3621 sed

561 3664 741 3703 unam
771 3647 1016 3720 gratiam
1050 3650 1343 3727 invenisse
1376 3651 1435 3706 in
1471 3661 1791 3724 conspectu
1823 3655 1944 3710 Dei.
1971 3656 2037 3709 Et
2059 3656 2213 3727 Moy-

561 3752 656 3792 ses
685 3736 757 3791 ad
806 3738 1120 3793 Dominum
1153 3756 1167 3792 :
1205 3724 1266 3794 Si
1294 3742 1502 3810 inveni,
1536 3741 1745 3813 inquit,
1781 3746 2018 3813 gratiam
2067 3724 2212 3815 apud

561 3828 615 3881 te
660 3826 849 3892 (Exod.
901 3843 1101 3894 xxxm,
1158 3828 1264 3899 13).
1319 3830 1384 3884 Et
1427 3831 1613 3885 sicubi
1661 3831 1797 3885 alibi
1849 3832 1906 3886 in
1964 3851 2215 3904 persona

560 3916 896 3969 sanctorum
957 3915 1146 3987 gratia
1201 3917 1396 3988 posita
1441 3925 1551 3986 est,
1597 3936 1787 3990 quaere
1843 3926 1900 3974 et
1953 3921 2212 3976 invenies

560 4001 668 4074 [AL
703 4002 1001 4075 reperies],
1039 4021 1152 4060 non
1187 4022 1287 4061 eos
1339 4006 1560 4079 gratias
1610 4008 1921 4075 invenisse,
1955 4013 2052 4065 sed
2087 4027 2212 4081 gra-

561 4090 726 4147 tiam.
762 4091 1045 4149 Mercator
1077 4093 1173 4149 ille
1203 4096 1274 4151 de
1304 4097 1614 4168 Evangelia
1647 4099 1743 4168 qui
1781 4098 1975 4170 plures
2007 4100 2213 4155 habuit

559 4181 929 4253 margaritas,
964 4184 1035 4238 ad
1068 4190 1393 4241 extremum
1428 4203 1603 4241 unam
1629 4188 1943 4258 pretiosam
1978 4188 2210 4259 reperit,

558 4285 738 4340 quam
771 4270 842 4326 de
874 4273 1079 4328 multis
1105 4274 1439 4347 margaritis
1471 4275 1656 4331 solam
1687 4277 1829 4331 emit
1855 4278 2063 4344 (Matth.
2088 4294 2211 4343 xm,

560 4357 671 4428 46).
706 4360 1100 4417 Perfectorum
1136 4364 1355 4434 quippe
1398 4370 1489 4419 est
1519 4382 1695 4419 unam
1729 4366 2125 4437 margaritam,
2160 4370 2215 4421 et

559 4462 747 4501 unum
789 4447 1156 4516 thesaurum,
1220 4452 1499 4507 omnibus
1553 4454 1886 4523 margaritis
1933 4460 1989 4509 et
2035 4455 2213 4510 totius

562 4532 904 4590 substantiae
955 4555 1073 4592 suae
1127 4556 1317 4595 emere
1377 4543 1726 4596 commercio
1760 4559 1773 4609 ;
1808 4543 2212 4614 incipientium

2320 3392 2423 3457 nit,
2460 3407 2542 3445 me
2590 3394 2798 3463 spernit
2851 3393 2946 3462 qui
2972 3396 3157 3447 autem
3203 3408 3289 3447 me
3322 3391 3552 3463 spernit,
3592 3391 3805 3462 spernit
3842 3405 3970 3445 eum

2320 3481 2418 3549 qui
2445 3496 2530 3534 me
2545 3482 2699 3535 misit
2720 3482 2869 3551 (Luc.
2894 3499 2946 3546 x,
2973 3482 3081 3552 16).
3105 3480 3198 3535 Sic
3219 3486 3275 3536 et
3300 3479 3402 3553 qui
3422 3497 3523 3535 vos
3549 3480 3716 3535 audit
3742 3494 3833 3534 me
3862 3495 3968 3534 au-

2320 3569 2407 3622 dit
2440 3586 2452 3623 :
2489 3569 2587 3639 qui
2618 3560 2813 3624 a'utem
2848 3586 2940 3625 me
2969 3569 3153 3632 audit,
3174 3569 3341 3624 audit
3359 3585 3492 3624 eum
3525 3567 3623 3640 qui
3656 3583 3749 3622 me
3780 3565 3965 3622 misit.

2320 3656 2399 3711 Ex
2428 3674 2543 3728 quo
2568 3657 2944 3712 manifestum
2976 3663 3085 3727 est,
3109 3674 3208 3713 eos
3238 3656 3361 3729 qui,
3386 3654 3643 3728 Apostoli
3675 3656 3800 3728 lege
3822 3671 3967 3711 con-

2320 3751 2561 3816 tempta,
2594 3746 3055 3802 ecclesiasticum
3096 3747 3342 3819 gradum
3392 3763 3508 3802 non
3542 3746 3747 3800 merito
3778 3744 3970 3799 volue-

2321 3833 2438 3888 rint
2466 3835 2638 3889 alicui
2670 3836 2913 3906 deferre,
2946 3837 3047 3891 sed
3080 3837 3289 3909 gratia,
3323 3839 3524 3891 contra
3552 3833 3846 3890 Christum
3880 3833 3968 3889 fa-

2320 3939 2469 3989 cere,
2507 3924 2604 3995 qui
2639 3924 2831 3995 qualis
2878 3925 2939 3979 in
2970 3924 3226 3980 Ecclesia
3274 3926 3575 3997 presbyter
3603 3922 3967 3979 constituen-

2322 4013 2433 4067 dus
2447 4012 2523 4067 sit
2538 4029 2639 4083 per
2651 4012 2989 4084 Apostolum
3005 4030 3178 4069 suum
3194 4013 3251 4069 in
3266 4012 3648 4084 sequentibus
3658 4015 3966 4068 exsecutus

2323 4104 2432 4155 est.
2464 4101 2690 4171 Moyses
2733 4101 2959 4157 amicus
2992 4103 3115 4170 D81,
3155 4101 3248 4158 cui
3281 4101 3425 4157 facie
3454 4102 3525 4157 ad
3580 4101 3785 4156 faciem
3813 4100 3966 4155 Deus

2322 4189 2552 4245 locutus
2575 4197 2663 4245 est
2686 4192 2861 4259 (Deut.
2884 4208 2939 4257 ν,
2964 4193 3243 4258 4;xxx1v,
3269 4193 3377 4263 19),
3402 4191 3591 4263 potuit
3618 4190 3821 4261 utique
3842 4205 3969 4246 suo-

2323 4296 2584 4335 crssores
2619 4279 2998 4351 principatus,
3033 4280 3185 4336 filios
3225 4298 3363 4336 suos
3395 4282 3603 4347 facere,
3635 4284 3693 4334 et
3722 4277 3969 4350 posteris

2325 4368 2621 4438 propriam
2654 4368 2984 4439 relinquere
3013 4369 3358 4441 dignitatem
3384 4389 3398 4433 ς
3434 4369 3536 4423 sed
3566 4372 3873 4423 extraneas
3893 4364 3968 4419 de

2324 4456 2437 4512 alia
2465 4456 2623 4512 tribu
2656 4457 2891 4530 eligitur
2917 4459 3109 4525 Jesus,
3143 4462 3208 4512 ut
3236 4457 3527 4513 sciremus
3577 4455 3967 4528 principatum

2322 4545 2381 4600 in
2415 4545 2657 4617 populos
2682 4564 2794 4602 non
2817 4547 3089 4617 sanguini
3119 4546 3496 4603 deferendum
3523 4561 3671 4613 esse,
3694 4543 3794 4600 sed
3817 4540 3965 4597 vitai.

561 4636 696 4676 vero
725 4627 780 4677 et
812 4625 1003 4680 adhuc
1031 4625 1090 4681 in
1122 4627 1325 4683 itinere
1349 4629 1926 4700 positorum,nedum
1954 4650 2129 4689 unam
2153 4641 2209 4689 et
2243 4641 2284 4704 D
2325 4641 2397 4688 At
2429 4652 2583 4689 nunc
2613 4636 2907 4692 cernimus
2960 4635 3241 4707 plurimos
3272 4636 3422 4691 hanc
3466 4652 3589 4691 rem
3617 4630 3968 4689 beneficium

564 4709 775 4782 solam,
809 4714 910 4768 sed
945 4714 1141 4786 plures
1172 4716 1385 4775 habere
1417 4721 1784 4794 margaritas.

638 4798 821 4881 (γει-ε.
852 4802 933 4874 5.)
966 4827 994 4853 ι(
1027 4804 1213 4877 Hujus
1260 4809 1341 4863 rei
1374 4810 1562 4880 gratia
1593 4812 1799 4883 reliqui
1834 4818 1887 4867 te
1918 4815 2118 4880 Cretae,
2152 4818 2216 4869 ut

565 4904 635 4945 ea
665 4906 796 4961 quae
827 4891 1069 4948 deerant
1098 4895 1434 4969 corrigeres.
1474 4922 1502 4948 ››
1533 4902 1880 4971 Apostolicm
1913 4902 2215 4975 dignitatis

563 4982 655 5034 est
674 4977 938 5035 Ecclesiae
948 4982 1144 5052 jacere
1162 4985 1632 5054 fundamentum,
1658 4991 1810 5060 quod
1832 5008 2000 5046 nemo
2025 4998 2216 5064 potest

636 5087 654 5122 ³
688 5085 952 5167 Codicem
990 5095 1191 5167 m_s.§.
1218 5091 1450 5147 Martini
1483 5112 1516 5148 a
1539 5097 1772 5167 Campis
1795 5102 1853 5152 et
1880 5098 2025 5154 alios
2055 5117 2215 5153 secu-

564 5157 619 5217 ti.
637 5173 863 5239 sumus_.
895 5162 1060 5239 Apud
1115 5163 1420 5239 Erasmum
1471 5157 1737 5237 corrupte
1774 5168 2025 5236 legimus
2060 5187 2071 5224 :
2104 5172 2215 5239 Qui

562 5235 789 5309 possunt
819 5232 1072 5309 Ecclesia:
1096 5234 1226 5305 plus
1266 5236 1533 5309 prodesse,
1567 5248 1618 5292 et
1643 5232 1709 5293 in
1736 5232 1973 5295 Ecclesia
2003 5232 2214 5309 erigei‘e

561 5302 869 5378 columnas.
908 5302 1215 5378 rMaria'nus
1263 5302 1527 5378 peiorem»
1567 5327 1634 5363 ex
1682 5312 1908 5368 decreto
1954 5302 2209 5367 Gratiani

562 5372 869 5450 lectionem
902 5377 958 5431 in
989 5372 1404 5450 Hieronymum
1431 5380 1660 5444 invexit,
1694 5383 1893 5440 dicens
1929 5401 1939 5437 :
1976 5386 2036 5439 ,ιι
2070 5401 2214 5439 nunc

560 5447 835 5501 cernimus
880 5450 1152 5526 plurimos
1199 5447 1341 5526 hanc
1388 5467 1507 5526 rem
1537 5454 1859 5526 bene/icium
1906 5458 2109 5526 facere,
2154 5466 2212 5511 ut

563 5530 671 5599 non
703 5529 958 5586 quaerant
1004 5537 1090 5578 eos
1110 5525 1175 5599 in
1211 5523 1450 5599 Ecclesia
1492 5525 1776 5580 columnas
1822 5523 2050 5597 erigere,
2083 5523 2212 5599 quos

561 5586 688 5668 plus
736 5595 1367 5668 cognoscantHEcctesiee
1409 5598 1657 5666 prodesse
1702 5600 1727 5651 f'
1766 5599 1856 5652 sed
1903 5586 2051 5668 quos,
2092 5586 2206 5654 ‘etc.

565 5662 731 5741 certe
748 5675 861 5741 non
883 5662 1433 5741 contuliteditiones
1464 5684 1598 5722 cum
1618 5662 2209 5737 codicibus'mss.,sed

567 5725 661 5784 hic
693 5730 1029 5791 Gratianum
1080 5739 1285 5796 habuit
1314 5757 1415 5810 pro
1466 5741 1834 5812 Hieronymo.
1872 5725 2209 5815 Ergovq'uid

2326 4726 2532 4795 facere,
2565 4731 2629 4779 ut
2668 4742 2783 4780 non
2833 4730 3098 4796 quaerant
3143 4742 3261 4792 eos,
3294 4724 3394 4797 qui
3426 4728 3673 4797 possunt
3702 4720 3967 4778 Ecclesia

2324 4813 2458 4885 plus
2490 4815 2787 4885 prodesse,
2812 4814 2868 4889 in
2895 4813 3161 4869 Ecclesiae
3189 4816 3409 4885 erigere
3440 4812 3745 4869 columnas
3766 4814 3782 4846 ¹
3818 4827 3829 4866 :
3867 4810 3966 4866 sed

2325 4920 2473 4974 quos
2503 4903 2585 4957 vel
2646 4903 2756 4974 ipsi
2805 4910 3024 4967 amant,
3067 4902 3151 4957 vel
3185 4919 3436 4975 quorum
3486 4907 3627 4958 sunt
3668 4900 3969 4971 obsequiis

2326 4991 2552 5047 deliniti
2577 5008 2587 5046 :
2613 4994 2697 5047 vel
2732 5009 2834 5063 pro
2866 4993 3386 5064 quibusmajorum
3409 4991 3703 5065 quispiam
3735 5005 3971 5062 rogave-

2327 5099 2458 5170 plus
2474 5104 2720 5170 possunt
2739 5100 3003 5155 Ecclesiae
3023 5100 3316 5171 prodesse,
3340 5102 3479 5155 sunt
3498 5097 3761 5168 ejusdem
3779 5095 3970 5171 Eccle-

2326 5169 2426 5227 Sia:
2456 5169 2762 5236 columnae,
2797 5178 2862 5226 ut
2890 5172 2986 5226 hic
3019 5169 3214 5226 monet
3240 5176 3297 5227 8.
3332 5172 3740 5236 Hieronymus.
3778 5169 3839 5224 In
3871 5183 3971 5223 ex-

2324 5243 2567 5313 emplari
2598 5260 2706 5298 ms.
2739 5242 3300 5315 Augustinianorum
3328 5242 3520 5309 'l‘olos,
3552 5240 3973 5315 legimus,plu-

2324 5312 2489 5368 rimus
2541 5316 2797 5371 honorem
2836 5312 3173 5384 beneﬁcium
3226 5317 3427 5385 facere,
3485 5312 3625 5385 etc.)
3656 5312 3843 5385 ΜΑινιζ.
3906 5340 3972 5351 ~—

2325 5386 2635 5459 Victorius,
2670 5404 2844 5459 quem
2876 5383 3245 5459 Martianicus
3294 5386 3559 5459 castigat,
3592 5383 3974 5459 locum_hu_nc

2322 5475 2390 5536 ex
2413 5453 2789 5536 Gratiano-ita
2811 5459 2997 5536 refixit
3030 5475 3042 5511 :
3069 5482 3095 5506 ‹‹
3118 5458 3242 5536 Non
3271 5453 3530 5530 quaerant
3557 5473 3657 5513 eos
3675 5456 3744 5536 in
3778 5453 3971 5536 Eccle-

2322 5530 2417 5583 sia:
2436 5530 2741 5607 columnas
2757 5530 3158 5607 erigere,_quos
3182 5526 3319 5607 plus
3340 5526 3971 5607 cognoscantEcclesies

2324 5603 2596 5672 prodesse
2648 5606 2755 5655 etc.
2793 5623 2820 5649 ››
2854 5600 3046 5656 Paulo
3102 5607 3232 5673 post
3290 5601 3525 5671 Apostoli
3568 5600 3753 5666 verba,
3785 5600 3972 5654 nostri

2323 5688 2465 5726 mss.
2500 5672 2739 5743 Apostoli
2763 5672 3348 5744 praeceptum’legunt.
