4310 6566
378 449 495 515 597

1231 451 1746 522 COMMENTAR.
1794 454 1872 517 ΙΝ
1921 450 2164 515 EPIST.
2212 451 2315 514 AD
2358 453 2632 527 TITUM,
2679 453 2849 516 CAP.
2896 442 2948 512 Ῐ.

3675 440 3792 505 διδ

382 584 482 656 rit,
511 588 589 655 et,
621 588 687 646 ut
714 585 999 645 deteriora
1025 590 1271 655 taceam,
1305 591 1405 663 qui
1446 594 1511 647 ut
1558 590 1751 649 clerici
1801 593 2026 658 fierent,
2057 587 2112 653 Α
2140 596 2466 665 propterea,
2527 594 2593 645 ut
2650 588 3091 644 ostenderemus
3156 581 3309 656 apud
3368 582 3592 637 veteres
3656 594 3788 637 eos-

380 676 727 733 muneribus
756 678 1163 748 impetrarunt.
1197 680 1516 753 Diligenter
1546 683 1805 754 Apostoli
1850 685 2026 741 verba

383 766 757 822 attendamus
802 765 1132 824 dicentibus
1165 786 1178 824 :
1235 772 1298 827 Ut
1325 774 1623 828 constituas
1650 789 1751 845 per
1777 775 2025 830 civitates

377 854 736 928 presbyteros,
759 856 899 911 sicut
917 873 1021 929 ego
1044 858 1151 913 tibi
1166 859 1428 932 disposui.
1453 861 1558 926 Qui
1582 863 1772 933 qualis
1795 865 2026 936 presby-

379 946 470 999 ter
498 942 706 999 debeat
748 944 1025 1012 ordinari,
1058 948 1116 1002 in
1165 951 1659 1021 consequentibus
1706 951 2020 1020 disserens,

375 1029 484 1087 hoc
529 1031 611 1086 ait
643 1047 656 1086 :
706 1034 769 1088 Si
797 1036 921 1104 quis
950 1041 1032 1091 est
1060 1038 1181 1092 sine
1207 1039 1464 1105 crimine,
1494 1042 1662 1095 unius
1691 1042 1883 1096 uxoris
1911 1042 2019 1108 vir,

373 1119 533 1192 (vers.
557 1120 635 1193 6.)
657 1125 714 1177 et
743 1127 968 1191 caetera,
993 1128 1195 1196 postea
1223 1126 1423 1183 intulit
1447 1144 1459 1182 :
1495 1128 1711 1199 Oportet
1735 1132 1884 1185 enim
1911 1132 2023 1201 epi-

369 1224 591 1281 scopum
618 1211 739 1268 sine
757 1213 990 1269 crimine
1017 1231 1133 1271 esse
1165 1224 1430 1286 tanquam
1447 1219 1548 1273 Dei
1574 1219 2017 1290 dispensatorem.

369 1297 532 1369 (vers.
553 1299 633 1370 7.)
666 1299 823 1356 Idem
854 1307 945 1357 est
972 1319 1109 1376 ergo
1140 1307 1441 1378 presbyter
1469 1307 1569 1378 qui
1600 1313 1656 1362 et
1683 1308 2016 1380 episcopus,

368 1391 427 1445 et
454 1392 774 1461 antequam
804 1390 1023 1448 diaboli
1056 1393 1339 1450 instinctu
1385 1396 1583 1452 studia
1631 1397 1688 1452 in
1739 1398 2018 1470 religione

366 1475 593 1545 ﬁerent,
621 1482 679 1535 et
709 1478 998 1536 diceretur
1028 1481 1089 1537 in
1119 1483 1353 1556 populis
1380 1502 1393 1540 :
1430 1489 1539 1555 Ego
1562 1502 1686 1542 sum
1714 1488 1897 1555 Pauli,
1922 1503 2017 1558 ego

367 1565 578 1637 Apollo,
626 1583 721 1639 ego
767 1576 953 1625 autem
1001 1570 1194 1641 (Iephte
1238 1573 1287 1644 (I
1314 1571 1433 1629 Cor.
1478 1576 1660 1644 1,12),
1717 1570 2016 1631 communi

364 1654 838 1727 presbyterorum
890 1658 1135 1715 concilio
1191 1660 1454 1718 Ecclesiae
1512 1664 2011 1735 gubernabantur.

362 1745 681 1825 Postquam
711 1761 845 1801 vero
877 1748 1287 1823 unusquisque
1315 1767 1414 1807 eos
1444 1768 1593 1825 quos
1622 1754 2016 1825 baptizaverat

362 1818 502 1888 suos
559 1833 806 1904 putabat
854 1851 1004 1905 esse,
1037 1818 1153 1893 non
1191 1818 1437 1907 .Christi,
1464 1818 1529 1896 in
1577 1818 1718 1898 toto-
1744 1842 1881 1898 orbe
1911 1843 2010 1898 de-

2135 680 2267 737 dem
2291 680 2471 736 fuisse
2496 679 2864 753 presbyteros
2887 691 3032 747 quos
3054 678 3109 729 et
3131 672 3436 745 episcopos
3461 687 3472 724 :
3498 666 3781 741 paulatim

2132 788 2267 826 vero
2281 769 2791 825 utdissensionum
2815 759 3577 837 plantariaevellerenturad
3596 774 3781 813 unum

2135 877 2369 916 omnem
2420 856 2877 914 sollicitudinem
2928 868 3055 908 esse
3107 852 3381 905 delatam.
3427 848 3589 903 Sicut
3643 863 3779 919 ergo

2132 948 2457 1021 presbyteri
2487 947 2682 1003 sciunt
2728 962 2790 1000 se
2838 961 2905 999 ex
2952 940 3215 996 Ecclesiae
3266 936 3685 993 consuetudine
3728 935 3779 1035 ei

2133 1038 2233 1111 qui
2264 1038 2375 1093 sibi
2409 1037 2753 1108 praepositus
2786 1032 2978 1099 fuerit,
3012 1047 3139 1087 esse
3171 1029 3467 1099 subjectos
3501 1043 3512 1081 :
3546 1027 3627 1081 ita
3657 1027 3778 1097 epi-

2131 1127 2291 1200 scopi
2323 1126 2587 1183 noverint
2616 1125 2769 1180 698
2803 1140 2864 1178 se
2902 1121 3090 1193 magis
3120 1117 3564 1186 consuetudine,
3599 1132 3778 1187 quam

2131 1215 2535 1289 dispositionis
2585 1213 2894 1269 Dominicis
2944 1210 3207 1277 veritate,
3251 1205 3603 1279 presbyteris
3651 1220 3779 1261 esse

2131 1308 2402 1375 majores,
2435 1310 2491 1359 et
2521 1304 2578 1358 in
2612 1317 2920 1358 commune
2953 1299 3162 1355 debere
3196 1296 3507 1351 Ecclesiam
3556 1310 3773 1365 regere,

2128 1394 2429 1450 imitantes
2452 1397 2706 1466 Moysen,
2728 1390 2827 1462 qui
2855 1405 2987 1443 cum
3012 1388 3252 1442 haberet
3279 1385 3336 1440 in
3370 1388 3651 1456 potestate
3674 1399 3774 1439 so-

2126 1483 2247 1539 lum
2286 1499 2530 1555 praeesse
2562 1481 2774 1553 populo
2806 1477 3005 1542 Israel,
3028 1475 3400 1548 septuaginta
3420 1473 3614 1545 elegit,
3639 1487 3773 1527 cum

2127 1574 2343 1646 quibus
2374 1570 2655 1644 populum
2679 1568 2969 1641 judicaret
2990 1568 3171 1632 (Nam.
3198 1582 3275 1631 x1,
3312 1565 3396 1629 16,
3434 1563 3540 1633 17.)
3570 1560 3778 1617 Videa-

2126 1680 2260 1718 mus
2312 1662 2493 1733 igitur
2540 1659 2729 1731 qualis
2772 1658 3092 1730 presbyter,
3126 1655 3248 1710 sive
3276 1653 3585 1725 episc0pus
3616 1648 3774 1706 ordi-

2124 1752 2355 1808 nandus
2388 1751 2484 1807 sit.
3057 1834 3068 1841 _
3144 1833 3154 1841 _
3340 1831 3350 1841 ⁸
3598 1830 3609 1841 .
3701 1829 3713 1841 ⁹

2194 1842 2507 1912 (Vers.6.)«
2525 1838 2582 1895 Si
2602 1838 2733 1910 quis
2748 1841 2836 1891 est
2852 1835 2978 1892 sine
2992 1833 3235 1890 crimine
3253 1831 3429 1888 unius
3448 1830 3646 1886 uxoris
3661 1830 3769 1901 vir,

360 1925 582 1976 cretum
612 1926 722 1992 est,
759 1927 823 1978 ut
851 1941 1007 1981 unus
1037 1926 1496 2002 (le-presbyteris
1528 1932 1570 1984 ¹.
1608 1930 1758 1989 695
1793 1930 2012 1987 electus
2044 1957 2090 2022 Β
2121 1929 2276 1986 filios
2297 1931 2519 1985 habens
2544 1927 2895 2022 fideles,_non
2918 1922 3369 2022 inaccusatione
3392 1920 3775 2022 luxurians-ut.

358 2015 856 2082 superponeretur
907 2016 1153 2081 caeteris,
1186 2017 1258 2072 ad
1310 2034 1486 2090 quem
1518 2020 1710 2075 omnis
1743 2021 2011 2077 Ecclesiae

362 2114 506 2154 cura
534 2099 865 2172 pertineret,
891 2107 946 2158 et
975 2104 1361 2162 schismatum
1395 2108 1621 2164 semina
1649 2109 2009 2166 tollerentur.

365 2186 536 2244 Putet
564 2188 670 2261 [Αι.
696 2190 880 2262 putat]
911 2192 1128 2265 aliquis
1155 2211 1273 2252 non
1298 2195 1757 2269 Scripturarum,
1781 2200 1884 2255 sed
1916 2217 2016 2256 no-

365 2280 550 2333 stram
580 2293 712 2334 esse
743 2280 1115 2347 sententiam,
1146 2282 1487 2357 episcopum
1519 2291 1577 2343 et
1604 2288 2010 2361 presbyterum

364 2380 552 2420 unum
575 2373 793 2435 esse,et
814 2368 972 2425 aliud
997 2371 1204 2439 aetatis,
1228 2372 1385 2429 aliud
1408 2390 1537 2431 esse
1560 2392 1773 2432 nomen
1798 2377 2009 2434 officii:

361 2452 583 2529 relegat
593 2456 852 2528 Apostoli
873 2459 945 2515 ad
981 2459 1387 2534 Philippenses
1403 2464 1579 2521 verba
1590 2464 1856 2522 dicentis:
1871 2469 2015 2523 Pau-

363 2543 447 2599 lus
474 2548 528 2600 et
562 2544 889 2604 Timothaus
930 2551 1077 2605 servi
1101 2551 1227 2606 Iesu
1256 2553 1487 2621 Christi,
1520 2555 1767 2610 omnibus
1811 2558 2014 2612 sanctis

361 2632 422 2688 in
448 2632 659 2690 Christo
687 2636 815 2692 Iesu
835 2637 875 2705 ¹,
898 2639 997 2709 qui
1021 2647 1151 2695 sunt
1170 2640 1471 2714 Philippis,
1502 2659 1623 2698 cum
1654 2644 1761 2715 [ΑΙ.
1796 2645 1866 2716 et]
1896 2648 2011 2717 epi-

361 2725 540 2793 scopis
569 2726 622 2779 et
649 2723 894 2781 diaconis
921 2728 1103 2798 gratia
1130 2730 1280 2785 vobis
1299 2735 1351 2786 et
1374 2748 1488 2802 pax
1503 2731 1764 2804 (Philipp.
1791 2751 1829 2802 1,
1856 2734 1905 2801 1,
1933 2737 2009 2803 2),

361 2814 420 2868 et
450 2810 698 2883 reliqua.
722 2812 992 2887 Philippa
1011 2833 1128 2872 una
1148 2822 1240 2873 est
1268 2819 1410 2875 urbs
1429 2821 1797 2892 Macedonia,
1820 2827 1878 2879 et
1899 2840 2013 2878 cer-

361 2899 499 2955 tein
523 2917 644 2957 una
664 2900 895 2959 civitate
925 2903 1145 2977 plures,
1170 2911 1234 2962 ut
1263 2915 1698 2981 nuncupantur,
1721 2911 2014 2983 episc0pi’

362 3003 491 3044 esse
520 3005 637 3045 non
669 2994 957 3062 poterant.
992 2994 1102 3051 Sed
1134 2996 1273 3068 quia
1302 2998 1536 3054 eosdem
1576 2998 1884 3072 episcopos
1912 2999 2012 3056 illo

364 3079 627 3150 tempore
650 3094 798 3150 quos
819 3084 875 3136 et
894 3084 1263 3156 presbyteros
1280 3085 1684 3159 appellabant:
1711 3092 2014 3160 propterea

361 3163 763 3224 indifferenter
808 3170 879 3226 de
920 3172 1209 3247 episcopis
1241 3175 1409 3247 quasi
1441 3176 1511 3232 de
1540 3177 1894 3251 presbyteris
1924 3184 2014 3234 est

360 3252 615 3313 locutus.
649 3257 857 3315 Adhuc
889 3259 998 3317 hoc
1027 3262 1201 3319 alicui
1232 3264 1494 3320 videatur
1522 3266 1888 3340 ambiguum,
1922 3269 2010 3323 ni-

2124 2038 2238 2076 non
2276 2020 2563 2075 subditos.
2602 2040 2629 2066 ››
2685 2015 2943 2071 Primum
2978 2013 3178 2085 itaque
3208 2012 3333 2067 sine
3366 2010 3610 2065 crimine
3648 2008 3726 2063 sit
3756 2024 3771 2065 :

2124 2111 2276 2182 quod
2298 2112 2435 2180 puto
2449 2106 2563 2162 alio
2580 2106 2753 2161 verbo
2766 2105 2837 2159 ad
2851 2102 3220 2159 Timotheum
3236 2099 3776 2171 irreprehensibilem

2112 2196 2490 2255 nominatum
2524 2196 2568 2265 (ι
2594 2197 2725 2251 Tim.
2761 2211 2847 2261 111,
2878 2194 2957 2263 2.)
2994 2210 3005 2247 :
3063 2208 3177 2247 non
3210 2190 3365 2262 quod
3397 2188 3503 2260 (At.
3538 2188 3677 2260 quo)
3707 2203 3774 2244 eo

2122 2292 2352 2344 tantum
2384 2291 2645 2358 tempore
2692 2300 2807 2355 quo
2854 2280 3217 2338 ordinandus
3248 2282 3355 2346 est,
3389 2278 3515 2333 sine
3546 2275 3665 2332 ullo
3696 2276 3776 2332 sit

2123 2376 2387 2444 crimine,
2420 2380 2475 2431 et
2505 2374 2826 2447 praeteritas
2866 2369 3129 2426 maculas
3160 2385 3306 2425 nova
3336 2366 3773 2429 conversatione

2123 2466 2397 2522 diluerit:
2434 2465 2534 2521 sed
2567 2481 2635 2519 ex
2665 2480 2731 2518 eo
2761 2467 3021 2532 tempore
3046 2476 3159 2531 quo
3190 2458 3250 2513 in
3272 2457 3499 2512 Christo
3530 2460 3770 2512 renatus

2122 2560 2233 2621 est,
2265 2554 2429 2610 nulla
2477 2553 2695 2626 peccati
2747 2548 3099 2606 conscientia
3149 2547 3567 2603 remordeatur.
3614 2546 3767 2610 Quo-

2122 2646 2295 2701 modo
2328 2644 2483 2699 enim
2517 2646 2708 2715 potest
2743 2656 2957 2713 przeses
2989 2637 3256 2693 Ecclesia:
3288 2636 3515 2691 auferre
3545 2634 3767 2692 malum

2124 2736 2194 2791 de
2226 2733 2417 2789 medio
2448 2733 2596 2803 ejus,
2628 2730 2725 2799 qui
2757 2730 2814 2784 in
2846 2728 3056 2784 delicto
3088 2725 3265 2783 simili
3298 2723 3626 2780 corruerit?
3656 2724 3772 2779 Aut

2123 2842 2249 2888 quae
2273 2822 2540 2878 libertate
2564 2819 2851 2891 corripere
2873 2821 3231 2889 peccantem,
3257 2830 3393 2870 cum
3415 2812 3632 2868 tacitus
3654 2812 3766 2868 sibi

2122 2914 2245 2985 ipse
2297 2911 2667 2982 respondeat,
2698 2909 2899 2964 eadem
2950 2904 3260 2961 admisisse
3309 2919 3435 2975 quas
3483 2900 3771 2973 corripit?

2125 3004 2325 3073 Itaque
2377 2999 2475 3071 qui
2525 2999 2927 3069 episcopatum
2977 2993 3289 3058 desiderat,
3346 2993 3563 3047 bonum
3623 3007 3771 3062 opus

2123 3090 2435 3146 desiderat.
2469 3090 2517 3156 (Ι
2548 3089 2683 3143 Tim.
2715 3104 2797 3156 111,
2836 3086 2883 3155 1)
2920 3088 3074 3156 Opus
3104 3082 3315 3154 inquit,
3344 3098 3454 3136 non
3486 3081 3771 3152 honorem,

2122 3196 2237 3235 non
2268 3179 2522 3251 gloriam.
2560 3178 2777 3248 Oportet
2805 3182 2990 3230 autem
3014 3174 3173 3228 illum
3203 3176 3254 3227 et
3285 3171 3659 3226 testimonium
3679 3169 3775 3226 ha-

2123 3268 2246 3324 bere
2270 3268 2468 3323 bonum
2489 3269 2557 3322 ab
2578 3266 2664 3320 his
2686 3267 2779 3336 qui
2798 3265 2934 3333 foris
2958 3269 3104 3331 sunt,
3127 3265 3321 3315 utnon
3343 3261 3402 3315 in
3423 3259 3771 3331 opprobrium

284 3341 298 3363 '
361 3344 411 3400 ei
442 3344 622 3401 altero
654 3348 989 3405 testimonio
1026 3352 1458 3423 comprobetur.
1496 3356 1556 3410 In
1591 3327 1834 3412 Actibus
1866 3327 2010 3429 apo-
2040 3327 2082 3394 α
2122 3358 2328 3414 incidat
2358 3362 2409 3413 et
2456 3374 2511 3411 in
2559 3327 2810 3425 laqueum
2841 3353 3050 3407 diaboli
3080 3327 3237 3421 (Ibid.
3269 3350 3344 3420 7).
3380 3327 3541 3412 Quod
3573 3351 3795 3411 autem,

361 3432 645 3490 stolorum
675 3435 960 3508 scriptum
990 3443 1099 3506 est,
1132 3442 1288 3513 quod
1319 3459 1454 3498 cum
1482 3444 1738 3501 venisset
1767 3450 2011 3518 Aposto-

360 3521 455 3578 lus
470 3522 730 3580 Miletum
742 3567 755 3592 ,
771 3526 1327 3602 miseritEphesum,
1342 3535 1398 3587 et
1416 3533 1704 3588 vocaverit
1720 3536 2010 3609 presbyte-

361 3629 456 3668 ros
490 3611 757 3670 Ecclesize
804 3615 1091 3686 ejusdem,
1125 3619 1344 3692 quibus
1394 3626 1596 3693 postea
1624 3622 1776 3679 inter
1804 3628 2011 3681 caetera

359 3700 440 3758 sit
467 3699 699 3758 locutus
732 3718 745 3757 :
795 3704 1065 3762 Attendile
1114 3708 1282 3776 vobis,
1316 3713 1372 3765 et
1409 3712 1561 3766 omni
1603 3698 1784 3785 gregi,
1818 3714 1876 3768 in
1907 3729 2009 3785 quo

357 3804 449 3846 vos
475 3790 720 3863 Spiritus
746 3802 973 3850 sanctus
1016 3797 1199 3867 posuit
1242 3798 1521 3870 episcopos
1562 3816 1785 3871 pascere
1828 3803 2011 3858 Eccle-

359 3877 501 3934 siam
528 3879 770 3948 Domini,
801 3897 967 3952 quam
993 3884 1286 3955 acquisivit
1330 3903 1430 3957 per
1472 3890 1807 3957 sanguinem
1850 3906 2011 3945 suum

361 3966 495 4036 (Act.
528 3984 621 4037 xx,
652 3969 766 4041 28).
819 3973 887 4025 Et
940 3969 1035 4027 hic
1092 3971 1435 4045 diligentius
1490 3977 1810 4049 observate,
1862 3996 2005 4051 quo-

362 4056 536 4112 modo
588 4057 767 4115 unius
814 4058 1063 4117 civitatis
1110 4062 1320 4134 Ephesi
1369 4065 1739 4138 presbyteros
1768 4085 2004 4137 vocans,

360 4149 566 4217 postea
607 4148 841 4205 eosdem
891 4149 1196 4224 episcopos
1243 4152 1471 4210 dixerit.
1505 4156 1564 4211 Si
1598 4157 1733 4229 quis
1763 4157 1890 4214 vult
1919 4175 2007 4215 re-

363 4232 556 4305 cipere
605 4251 734 4292 eam
784 4237 1128 4311 Epistolam,
1161 4258 1287 4314 quae
1331 4244 1443 4299 sub
1475 4247 1712 4302 nomine
1742 4248 1905 4303 Pauli
1937 4249 2006 4317 ad

332 4322 634 4381 .Hebraeos
686 4326 905 4399 scripta
951 4333 1060 4397 est,
1093 4334 1150 4386 et
1192 4330 1271 4387 ibi
1302 4332 1603 4405 aequaliter
1629 4336 1784 4392 inter
1814 4336 2010 4409 plures

360 4409 631 4469 Ecclesiae
653 4431 793 4471 cura
809 4416 1415 4492 dividitur.Siquidem
1435 4422 1507 4477 ad
1528 4421 1755 4493 plebem
1774 4426 2006 4483 scribit:

360 4502 565 4558 Parele
611 4505 959 4578 principibus
1008 4510 1221 4578 vestris,
1271 4516 1326 4565 et
1369 4512 1596 4583 subjecti
1642 4516 1807 4570 estote
1839 4532 1857 4568 :
1903 4516 2012 4581 ipsi

358 4590 513 4645 enim
556 4601 685 4650 sunt
729 4596 829 4667 qui
870 4597 1106 4668 vigilant
1142 4614 1244 4669 pro
1279 4600 1577 4656 animabus
1606 4603 1819 4670 vestris,
1852 4605 2013 4675 quasi

2118 3447 2218 3506 ait.
2242 3448 2410 3501 unius
2430 3446 2620 3500 uxoris
2643 3445 2744 3512 vir,
2770 3441 2854 3497 sic
2875 3438 3199 3511 intelligere
3218 3437 3501 3492 debemus
3518 3452 3537 3503 :
3564 3440 3629 3491 ut
3649 3452 3766 3492 non

2117 3552 2353 3594 omnem
2387 3548 2801 3604 monogamum
2834 3530 3067 3602 digamo
3100 3531 3373 3600 putemus
3404 3541 3531 3582 esse
3563 3523 3762 3581 melio-

2118 3642 2270 3693 rem;
2290 3625 2389 3681 sed
2410 3640 2523 3696 quo
2545 3622 2595 3678 is
2619 3621 2805 3694 possit
2826 3620 2895 3675 ad
2919 3616 3449 3690 monogamiam,et
3469 3613 3766 3670 continen-

2118 3714 2261 3772 tiam
2283 3713 2591 3777 cohortari,
2612 3711 2707 3783 qui
2732 3710 2823 3766 sui
2846 3707 3177 3779 exemplum
3199 3706 3466 3778 praeferat
3485 3703 3545 3759 in
3563 3704 3772 3759 docen-

2121 3807 2214 3863 do.
2244 3807 2380 3861 Esto
2407 3804 2624 3875 quippe
2650 3801 2905 3873 aliquem
2928 3794 3431 3854 adolescentulum
3458 3794 3771 3867 conjugem

2122 3894 2543 3968 perdidisse,et
2560 3891 2753 3947 carnis
2777 3888 3122 3945 necessitate
3144 3889 3507 3957 superatum,
3523 3883 3775 3955 accepis-

2122 4000 2185 4040 se
2202 3998 2439 4039 uxorem
2460 3981 2981 4050 secundam,quam
2996 3981 3051 4031 et
3068 3975 3257 4047 ipsam
3274 3972 3472 4029 statim
3489 3970 3772 4039 amiserit,

2122 4077 2179 4129 et
2199 4072 2473 4143 deinceps
2496 4069 2700 4125 vixerit
2716 4066 3108 4130 continenter;
3132 4062 3313 4118 alium
3336 4078 3468 4117 vero
3490 4077 3679 4133 usque
3699 4061 3772 4117 ad

2122 4164 2417 4218 senectam
2440 4158 2718 4213 habuisse
2735 4152 3265 4216 matrimonium,et
3282 4150 3478 4206 uxoris
3497 4166 3694 4219 usum,
3710 4154 3777 4205 ut

2120 4249 2383 4323 plerique
2412 4247 2752 4303 existimant
2781 4243 3139 4311 felicitatem,
3177 4255 3480 4311 nunquam
3514 4255 3546 4293 a
3576 4238 3770 4294 carnis

2120 4356 2291 4412 opere
2322 4353 2581 4394 cessasse
2616 4352 2628 4390 :
2687 4334 2822 4407 quis
2850 4331 3013 4388 vobis
3056 4346 3086 4385 e
3118 4329 3348 4385 duobus
3382 4328 3614 4383 videtur
3642 4342 3774 4382 esse

2121 4427 2349 4493 melior,
2400 4425 2730 4499 pudicitior,
2777 4417 3213 4479 continentior?
3262 4417 3473 4488 Utique
3524 4414 3622 4472 ille
3668 4414 3772 4486 qui

2120 4516 2323 4573 infelix
2344 4517 2517 4573 etiam
2536 4516 2558 4549 ³
2584 4514 2639 4569 in
2666 4512 2922 4569 secundo
2946 4506 3318 4565 matrimonio
3341 4506 3469 4577 fuit,
3494 4510 3548 4561 et
3570 4510 3774 4578 postea

2120 4606 2347 4679 pudice,
2372 4609 2427 4661 et
2457 4610 2657 4660 sancte
2688 4606 3061 4657 conversatus
3090 4602 3199 4663 est,
3221 4601 3277 4652 et
3306 4612 3420 4651 non
3452 4595 3502 4650 is
3531 4594 3665 4667 quis
3697 4594 3769 4651 ab

362 4682 634 4738 rationem
661 4684 967 4751 reddentes,
998 4703 1070 4742 ne
1098 4691 1449 4760 suspiranles
1486 4689 1584 4746 hoc
1627 4692 1887 4761 faciant:
1936 4694 2012 4749 si-
2042 4701 2091 4766 ι)
2127 4694 2325 4751 uxoris
2385 4693 2652 4765 amplexu
2713 4708 2817 4745 nec
2876 4687 3045 4744 senili
3095 4691 3184 4743 est
3230 4688 3534 4757 separatus
3581 4686 3770 4740 aetate.

360 4770 581 4843 quidem
607 4777 710 4828 hoc
739 4775 878 4829 utile
904 4775 1053 4831 vobis
1083 4780 1158 4832 est
1188 4777 1370 4848 (Hebr.
1394 4795 1516 4848 x111,
1551 4780 1658 4846 17).
1683 4778 1751 4834 Et
1781 4780 2007 4849 Petrus,

362 4859 462 4932 qui
491 4875 560 4916 ex
583 4861 717 4919 ﬁdei
742 4863 1018 4921 firmitate
1044 4882 1257 4921 nomen
1281 4867 1523 4941 accepit,
1546 4868 1603 4924 in
1627 4869 1882 4941 Epistola
1904 4887 2011 4927 sua

360 4946 625 5022 loquitur
672 4950 919 5010 dicens:
971 4955 1314 5028 Presbyteros
1361 4972 1485 5028 ergo
1527 4961 1587 5014 in
1616 4959 1766 5015 votis
1794 4961 2007 5017 obsecro

361 5041 786 5114 compresbyter,
818 5046 868 5099 et
903 5046 1056 5100 testis
1087 5045 1293 5102 Christi
1316 5049 1656 5118 passionum,
1689 5051 1785 5121 qui
1813 5059 1864 5106 et
1892 5052 2008 5117 eius

360 5128 558 5200 gloriae
583 5144 712 5203 quae
758 5133 819 5187 in
846 5135 1039 5203 futuro
1070 5134 1366 5191 revelanda
1398 5140 1494 5207 est,
1525 5140 1702 5193 socius
1728 5155 1872 5205 sum,
1903 5156 2009 5211 pa-

358 5218 491 5274 scite
519 5234 643 5274 eum
673 5222 771 5293 qui
798 5222 857 5278 in
889 5222 1038 5279 vobis
1065 5227 1163 5289 est,
1193 5240 1408 5296 gregem
1440 5226 1678 5295 Domini,
1712 5242 1823 5283 non
1851 5231 2010 5300 quasi

357 5320 488 5365 cum
512 5311 857 5381 necessitate,
877 5311 972 5369 sed
998 5313 1311 5370 voluntarie
1339 5314 1387 5385 (ι
1414 5317 1561 5371 Petr.
1595 5332 1649 5385 v,
1685 5316 1734 5386 1,
1767 5316 1842 5389 2).
1879 5317 2009 5374 Haec

435 5470 462 5547 ι.
485 5466 902 5547 Cistercienses
953 5488 1120 5547 mss.,
1150 5477 1229 5547 ut,
1255 5477 1388 5529 tunc
1423 5475 1492 5531 de
1515 5476 1862 5547 presbyteris,
1896 5483 2005 5535 etc.

361 5539 503 5595 Vide
531 5540 863 5619 ειρὶειᾼίιςξἱ
891 5542 967 5598 ad
994 5545 1347 5619 Evangelam,
1380 5550 1436 5619 et
1465 5539 1591 5619 qua:
1625 5539 1699 5604 ad
1727 5539 1858 5604 eam
1905 5552 2007 5605 ob-

361 5626 667 5668 servamus
696 5613 769 5694 d_e
798 5613 1455 5694 Hieronymiiseptehtia
1480 5613 1556 5676 de
1586 5620 2006 5694 Episcoporum

361 5697 570 5791 nupta:
588 5685 958 5791 p‘resbyierqs
983 5685 1303 5791 .dign‘i‘tﬁte.

488 5755 700 5831 Verba,
751 5755 1004 5815 omnibus
1048 5755 1251 5816 s'anclis
1304 5763 1363 5817 in
1415 5762 1631 5824 Christo
1668 5767 1817 5836 Jesu,
1864 5784 2005 5824 mss.

2122 4784 2245 4841 Non
2289 4783 2401 4837 sibi
2451 4799 2585 4854 ergo
2629 4780 2967 4853 applaudat,
3002 4777 3338 4850 quicunque
3366 4776 3535 4846 quasi
3568 4788 3771 4829 mono-

2122 4890 2334 4947 gamus
2364 4871 2615 4943 eligitur,
2644 4868 2795 4940 quod
2824 4867 2981 4922 omni
3017 4866 3251 4939 digamo
3281 4864 3358 4919 sit
3387 4863 3613 4932 melior,
3637 4878 3770 4918 cum

2118 4962 2177 5018 in
2209 4978 2274 5016 eo
2303 4960 2489 5032 magis
2514 4961 2589 5015 sit
2611 4959 2794 5014 electa
2820 4956 3087 5024 felicitas,
3121 4970 3295 5027 quam
3326 4951 3619 5029 voluntas.
3644 4950 3776 5013 Qui-

2118 5051 2255 5108 dam
2280 5051 2425 5105 697
2458 5050 2528 5104 de
2559 5048 2666 5104 hoc
2697 5048 2822 5103 loco
2852 5046 2932 5101 ita
2955 5045 3251 5100 sentiunt:
3285 5041 3562 5107 Judaicze,
3584 5038 3774 5109 inqui-

2120 5145 2245 5210 unt,
2270 5139 2715 5196 consuetudinis
2742 5138 2869 5204 fuit,
2894 5134 2983 5191 vel
3006 5135 3175 5189 binas
3197 5145 3405 5187 uxores
3428 5128 3658 5193 habere,
3682 5125 3772 5183 vel

2119 5230 2315 5299 plures
2349 5246 2362 5285 :
2415 5230 2569 5302 quod
2604 5228 2779 5284 etiam
2813 5226 2870 5281 in
2901 5224 3074 5280 veteri
3110 5223 3257 5294 Lege
3287 5220 3357 5274 de
3387 5215 3679 5273 Abraham
3711 5219 3769 5271 et

2116 5321 2298 5377 Jacob
2320 5320 2572 5393 legimus
2600 5335 2610 5375 :
2638 5324 2693 5374 et
2715 5319 2822 5373 hoc
2845 5331 3000 5371 nunc
3022 5312 3225 5369 volunt
3244 5324 3371 5365 esse
3394 5307 3770 5378 praeceptum,

2117 5626 2549 5752 rerZ’ﬁlectius
2589 5695 2704 5749 duo
2747 5708 2911 5759 mss.,
2946 5697 3006 5744 ut
3034 5701 3184 5741 nunc
3212 5688 3481 5759 putantur
3506 5682 3766 5754 episcopi.

2260 5771 2281 5803 ‘
2313 5770 2466 5824 Idem
2500 5784 2666 5832 mss.,
2699 5765 2794 5836 qui
2820 5754 2966 5834 [etis
2994 5760 3183 5825 etiam,
3215 5762 3348 5825 etc.,
3383 5754 3546 5813 falso.
