4310 6602
356 390 573 508 θοιν

1202 446 1713 512 COMMENTAR.
1761 447 1837 509 lN
1886 445 2134 510 EPIST.
2183 445 2287 508 AD
2329 443 2601 546 ἸξῙἸἯΜ,
2647 443 2821 509 CAP.
2867 440 2920 507 1.

3649 430 3769 500 602

366 576 504 646 cati,
537 575 706 652 quasi
737 593 771 636 a
796 581 964 636 vento
1004 578 1207 636 folium
1248 585 1664 638 commovetur.
1702 582 1769 638 Et
1814 597 2013 638 revera
2039 580 2095 648 Α
2124 579 2330 637 Melius
2360 584 2557 636 autem
2589 582 2693 646 est,
2729 582 2793 635 ut
2822 594 2937 634 non
2968 589 3371 651 percussorem
3422 570 3592 629 illum
3619 569 3777 627 dica-

368 666 519 723 nihil
559 673 647 724 est
693 668 900 724 fcedius
947 674 1297 742 praeceptore
1346 669 1584 738 furioso,
1618 671 1719 743 qui
1752 687 1886 727 cum
1918 671 2017 726 de-

368 757 505 814 beat
533 774 661 814 esse
692 763 1031 814 mansuetus
1055 758 1135 829 (et
1164 759 1489 815 secundum
1516 750 1665 816 illud
1699 761 1852 832 quod
1877 759 2020 815 scri-

372 850 538 919 ptum
589 850 674 902 est
717 847 785 918 (ll
832 847 964 901 Tim.
1020 864 1080 915 11,
1124 848 1215 917 24)
1267 848 1543 904 :Servum
1580 853 1764 906 autem
1796 850 2025 905 Domini

372 951 485 990 non
529 943 735 1006 oportet
766 936 949 991 rixari
977 954 990 1005 ;
1024 936 1116 992 sed
1146 937 1411 992 humilem
1461 953 1573 993 esse
1623 938 1692 993 ad
1727 954 1895 1005 omes,
1925 937 2023 992 do-

373 1033 598 1092 ctorem,
625 1023 946 1096 patientem,
979 1028 1038 1081 in
1083 1026 1509 1082 mansuetudine
1551 1028 1887 1083 erudientem
1938 1043 2025 1082 eos

370 1113 464 1183 qui
490 1115 927 1182 contraveniunt,
949 1112 1049 1169 ille
1105 1131 1136 1170 e
1184 1114 1410 1170 diverso
1466 1120 1628 1171 torvo
1686 1116 1872 1183 vultu,
1906 1121 2024 1171 tre-

369 1201 669 1257 mentibus
699 1201 893 1271 labiis,
928 1207 1139 1275 rugata
1169 1204 1357 1258 fronte
1397 1204 1694 1261 effrenatis
1724 1205 2023 1272 conviciis,

369 1287 516 1345 facie
544 1289 698 1347 inter
728 1291 1010 1364 pallorem
1053 1294 1442 1366 ruboremque
1487 1295 1727 1360 variata,
1773 1293 2027 1350 clamore

367 1383 697 1453 perstrepat
720 1397 732 1435 :
763 1385 820 1436 et
847 1387 1105 1437 errantes
1123 1399 1237 1437 non
1262 1387 1381 1437 tam
1404 1383 1473 1438 ad
1502 1384 1717 1439 bonum
1741 1384 2018 1449 retrahat,

370 1478 550 1538 quam
582 1470 653 1523 ad
687 1469 909 1525 malum
960 1488 1067 1527 sua
1115 1471 1332 1527 saevitia
1364 1472 1719 1544 praecipitet;
1752 1473 1886 1528 inde
1941 1476 2031 1529 est

371 1557 527 1627 quod
559 1561 617 1613 et
660 1558 933 1615 Salomon
981 1560 1061 1615 ait
1112 1577 1125 1614 :
1180 1561 1498 1632 Ira.perdit
1543 1564 1715 1618 etiam
1759 1564 2029 1632 sapientes

367 1645 554 1716 (Prov.
598 1648 898 1720 xxx,'23);
953 1654 1009 1704 et
1059 1665 1071 1703 :
1129 1651 1221 1705 Ira
1280 1652 1391 1705 viri
1442 1651 1721 1722 justitiam
1766 1652 1865 1706 Dei
1919 1667 2029 1708 non

367 1744 629 1804 operatur
657 1736 860 1807 (Iacob.
896 1755 935 1805 1,
982 1739 1095 1808 20).
1150 1738 1353 1811 Neque
1385 1756 1516 1796 vero
1563 1739 1665 1811 qui
1715 1739 2031 1812 aliquando

365 1820 663 1892 irascitur,
717 1824 1039 1881 iracundus
1086 1830 1210 1895 est;
1249 1827 1349 1883 sed
1401 1827 1497 1882 ille
1543 1826 1756 1884 dicitur
1802 1829 2031 1912 iracu’n-

371 1909 506 1976 dus,
537 1912 638 1984 qui
674 1913 879 1969 crebro
927 1913 1036 1970 hac
1081 1915 1355 1986 passione
1399 1922 1730 1989 superatur.
1763 1909 2035 1972 Prohibet
2065 1957 2112 2029 Β

371 2016 610 2029 "conn-un
634 2002 974 2029 An:---—.-M
1004 2020 1126 2029 ..-ι-Α
1165 2004 1522 2029 -.ἓ-Αἲ-..ι.-....
1578 2004 1641 2029 Δ-
1687 2022 1795 2029 -.-ι-
1832 2005 1897 2029 -Δ
1935 2006 1999 2029 m:

368 2016 610 2072 quoque
633 2002 977 2075 episcopum
1001 2020 1129 2059 esse
1165 2004 1549 2076 vinolentum,
1575 2004 1644 2060 de
1684 2022 1799 2077 quo
1830 2005 1901 2060 ad
1935 2006 2032 2061 Ti-

377 2089 680 2146 motheum
704 2092 986 2148 scribitur
1026 2111 1039 2149 :
1075 2098 1194 2150 Non
1216 2093 1399 2149 multo
1423 2098 1549 2150 vino
1571 2094 1811 2149 deditum
1830 2097 1875 2158 (1
1899 2096 2032 2150 Tim.

378 2195 464 2246 ιιι,
496 2180 570 2252 8).
606 2180 785 2247 Quale
814 2186 905 2236 est
949 2186 1143 2261 autem
1176 2183 1514 2255 episcopum
1546 2184 1741 2239 videre
1770 2184 2034 2240 vinolen-

383 2271 533 2339 tum,
568 2272 632 2323 ut
661 2285 840 2326 sensu
884 2276 1184 2343 occupato,
1236 2273 1325 2329 vel
1373 2271 1585 2327 exaltet
1616 2272 1801 2327 risum
1833 2277 2036 2328 contra

378 2356 685 2427 gravitatis
715 2359 1006 2427 decorem,
1040 2364 1096 2415 et
1124 2359 1298 2416 labiis
1328 2359 1634 2416 dissolutis
1677 2361 1986 2416 cachinnat
2017 2378 2030 2417 :

375 2444 464 2500 vel
496 2446 544 2499 si
576 2445 885 2518 paululum
938 2449 1128 2504 tristis
1176 2450 1486 2521 cujusdam
1548 2451 1699 2505 700
1738 2450 1820 2505 rei
1864 2450 2038 2505 fuerit

378 2534 742 2601 recordatus,
776 2536 930 2591 inter
958 2535 1168 2608 pocula
1198 2536 1254 2591 in
1288 2536 1583 2610 singultus
1610 2541 1954 2608 prorumpat
1980 2541 2038 2592 et

374 2621 684 2695 lacrymas.
721 2624 981 2697 Longum
1014 2630 1104 2681 est
1131 2624 1215 2681 ire
1248 2641 1350 2696 per
1379 2625 1631 2698 singula,
1664 2630 1720 2681 et
1772 2625 2036 2680 insanias

375 2727 527 2783 quas
558 2713 812 2769 ebrietas
844 2713 1126 2786 suggerit,
1160 2714 1466 2786 explicare.
1502 2713 1712 2770 Videas
1758 2714 1904 2770 alios
1935 2731 2031 2787 po—

376 2800 510 2856 cuia
562 2800 621 2856 in
656 2801 772 2857 tela
800 2808 1116 2870 vertentes,
1179 2803 1466 2876 scyphum
1499 2803 1557 2857 in
1609 2803 1815 2859 faciem
1839 2804 2036 2875 jacere

375 2889 661 2957 convivae;
696 2890 842 2946 alios
874 2892 1080 2948 scissis
1127 2892 1392 2948 vestibus
1448 2893 1506 2947 in
1549 2892 1791 2947 vulnera
1846 2892 2034 2948 aliena

376 2995 688 3052 proruere;
722 2980 868 3038 alios
901 2981 1196 3049 clamare;
1226 2981 1372 3038 alios
1391 2981 1744 3039 dormitare;
1778 2982 1875 3053 qui
1903 2981 2036 3053 plus

374 3066 610 3133 biberit,
644 3068 849 3125 fortior
901 3075 1277 3143 computatur
1311 3088 1324 3139 ;
1359 3069 1753 3127 accusationis
1796 3071 2034 3126 occasio

374 3164 483 3224 est,
516 3158 855 3228 adjuratum
887 3176 991 3230 per
1019 3160 1612 3234 regem,frequentius
1646 3177 1761 3215 non
1796 3160 2033 3226 bibisse,

374 3244 635 3303 Vomunt
692 3252 757 3303 ut
811 3247 1038 3317 bibant,
1094 3249 1305 3304 bibunt
1362 3254 1428 3304 ut
1482 3253 1742 3305 vomant.
1776 3248 2035 3322 Digestio

2130 687 2264 726 mus
2307 686 2456 738 esse,
2505 669 2605 741 qui
2653 672 2997 724 mansuetus
3028 671 3086 721 et
3122 664 3369 739 patiens,
3394 662 3507 720 scit
3535 661 3595 716 in
3625 664 3777 716 tem-

2130 778 2268 834 pore
2310 760 2450 833 quid
2503 758 2861 831 loquendum
2909 757 3006 820 sit,
3050 757 3260 828 quidve
3291 753 3639 810 tacendum:
3676 765 3782 806 nec

2132 866 2401 907 sermone
2428 848 2646 914 inutili,
2683 845 3099 904 conscientiam
3137 843 3386 917 percutit
3413 841 3782 897 infirmorum

2130 939 2253 997 Non
2288 939 2442 995 enim
2474 936 2787 1010 Apostolus
2844 934 3108 991 Ecclesia:
3140 933 3466 1007 principem
3499 932 3781 995 formans,

2133 1034 2290 1085 vetat
2315 1044 2442 1083 esse
2465 1026 2722 1100 pugilem
2753 1030 2811 1082 et
2841 1024 3271 1097 pancratiasten
3297 1017 3783 1095 [παγκρατιασυὴν,

2135 1117 2192 1172 id
2242 1120 2330 1172 est
2377 1115 2662 1187 athletam]
2706 1114 2882 1186 (quod
2933 1113 3109 1170 etiam
3154 1113 3212 1168 in
3265 1111 3489 1183 plebeio
3546 1113 3604 1165 et
3642 1123 3785 1189 quo-

2135 1222 2367 1278 cunque
2409 1204 2613 1277 gentili
2661 1203 2709 1259 si
2754 1202 2948 1274 fuerit,
2998 1200 3487 1274 reprehenditur),
3525 1199 3626 1256 sed
3682 1198 3790 1254 hoc

2136 1298 2201 1351 ut
2230 1294 2348 1349 dixi
2382 1309 2453 1349 ne
2492 1291 2954 1349 contumeliosus
2987 1296 3044 1346 et
3081 1289 3352 1363 garrulus
3384 1287 3588 1360 perdat
3630 1303 3787 1354 eum,

2142 1384 2284 1439 701
2324 1398 2500 1454 quem
2558 1381 2747 1453 potuit
2796 1379 3082 1435 modestia
3111 1383 3167 1434 et
3213 1378 3451 1434 lenitate
3479 1376 3789 1448 corrigere.

2137 1471 2348 1543 Turpis
2378 1486 2611 1544 quoque
2643 1470 2789 1525 lucri
2823 1468 3118 1542 appetitus
3147 1467 3220 1524 ab
3249 1484 3316 1523 eo
3347 1466 3446 1540 qui
3480 1464 3791 1537 episcopus

2137 1562 2375 1616 futurus
2406 1565 2516 1627 est,
2550 1575 2678 1615 esse
2718 1559 2894 1615 debet
2934 1557 3180 1614 alienus.
3215 1557 3365 1612 Sunt
3414 1554 3571 1611 enim
3620 1551 3791 1608 multi

2140 1651 2415 1706 docentes
2465 1666 2594 1721 quae
2649 1664 2765 1703 non
2824 1651 3068 1718 oportet,
3118 1646 3308 1717 turpis
3355 1643 3501 1700 lucri
3555 1642 3791 1716 gratia:

2142 1738 2243 1813 qui
2272 1744 2429 1795 totas
2458 1738 2665 1793 domos
2696 1736 3066 1804 subvertunt,
3126 1740 3181 1790 et
3237 1737 3446 1806 putant
3500 1736 3790 1804 quaestum

2141 1844 2269 1886 esse
2327 1829 2622 1900 pietatem.
2673 1827 2862 1882 Melior
2917 1830 3103 1881 autem
3155 1832 3233 1881 est
3286 1823 3502 1881 modica
3556 1822 3797 1893 acceptio

2142 1935 2266 1975 cum
2285 1918 2529 1990 justitia,
2563 1932 2730 1987 quam
2758 1915 2943 1971 multa
2974 1915 3265 1984 genimina
3311 1911 3426 1986 [ΑΙ.
3459 1912 3792 1981 germinata]

2142 2024 2269 2064 eum
2298 2006 2592 2077 iniquitate
2622 2006 2804 2076 (Prpv.
2838 2022 2955 2071 xvr,
2987 2005 3043 2075 8)
3099 2020 3111 2059 :
3154 2007 3212 2060 et
3243 2001 3432 2074 magis
3460 1999 3795 2072 eligendum

2142 2098 2201 2151 in
2235 2099 2575 2167 paupertate
2608 2110 2822 2150 nomen
2852 2096 3096 2159 bonum,
3116 2108 3306 2172 quam
3338 2091 3399 2147 in
3450 2088 3667 2146 divitiis
3693 2106 3797 2145 no-

2145 2202 2278 2241 men
2314 2180 2659 2256 p’essimum.
2695 2183 3017 2256 Episcopus
3064 2182 3165 2255 qui
3221 2181 3482 2238 imitator
3535 2178 3799 2252 Apostoli

2114 2290 2271 2343 ,esse
2302 2272 2482 2344 cupit,
2510 2272 2736 2329 habens
2766 2272 2984 2327 victum
3017 2276 3075 2327 et
3102 2270 3400 2337 vestitum,
3446 2269 3540 2326 his
3565 2272 3798 2324 tantum

2145 2363 2317 2419 debet
2345 2378 2472 2417 esse
2501 2365 2814 2418 contentus
2838 2363 2885 2433 (Ι
2913 2361 3212 2433 Tim.v1,8).
3237 2360 3346 2426 Qui
3367 2358 3573 2415 altario
3594 2356 3804 2415 servie-

2144 2451 2286 2516 rint,
2339 2450 2410 2506 de
2436 2449 2643 2506 altario
2674 2449 2874 2506 vivant
2902 2451 2950 2522 (Ι
2973 2450 3092 2507 Cor.
3124 2467 3202 2519 ιχ,
3237 2448 3345 2519 13).
3376 2447 3554 2513 Vivat,
3587 2444 3799 2519 inquit,

2147 2558 2261 2596 non
2285 2538 2492 2595 divites
2516 2539 2847 2596 ﬁant.Unde
2866 2543 2923 2596 et
2939 2557 3018 2595 es
3041 2538 3209 2595 nobis
3229 2536 3522 2594 excutitur
3544 2536 3613 2592 de
3633 2550 3797 2592 zona:

2146 2634 2203 2685 et
2248 2646 2367 2685 una
2418 2632 2646 2684 tantum
2686 2628 2887 2684 tunica
2934 2628 3241 2684 induimur
3271 2626 3485 2699 (Mattio.
3544 2643 3599 2694 ιι,
3652 2625 3741 2691 10)
3784 2640 3798 2678 :

2146 2732 2254 2771 nec
2284 2717 2354 2771 de
2387 2716 2644 2773 crastino
2690 2716 3017 2789 cogitamus
3076 2717 3285 2788 (Matth.
3318 2732 3395 2781 v1,
3445 2714 3557 2784 34).
3588 2712 3804 2784 Turpis

2152 2803 2302 2861 lucri
2334 2805 2611 2878 appetitio
2642 2810 2751 2871 est,
2786 2804 3099 2877 plusquam
3132 2806 3205 2861 de
3235 2802 3617 2876 praesentibus
3650 2799 3803 2873 cogi-

2144 2898 2289 2949 tare.
2326 2898 2645 2965 ﬂuensque
2676 2893 2815 2966 quid
2851 2911 2966 2950 non
3015 2892 3222 2949 debeat
3250 2893 3464 2949 habere
3493 2891 3803 2964 episcopus

2144 2983 2264 3039 sive
2294 2984 2616 3056 presbyter,
2649 2982 2909 3054 Apostoli
2940 2999 3214 3040 sermone
3272 2986 3625 3055 praeceptum
3657 2985 3748 3035 est
3786 2996 3800 3034 :

2145 3088 2300 3127 nunc
2333 3088 2364 3127 e
2394 3072 2684 3127 contrario
2743 3071 2882 3143 quid
2945 3072 3160 3129 habere
3199 3072 3408 3129 debeat
3462 3069 3802 3142 explicatur.

2216 3160 2402 3233 (Vers.
2448 3150 2517 3228 '8,
2575 3162 2655 3230 9.)
2705 3183 2733 3210 «
2768 3162 2877 3218 Sed
2913 3159 3287 3233 hospitalem,
3320 3161 3606 3217 bonorum
3640 3174 3802 3217 ama-

2145 3244 2353 3315 torem,
2414 3256 2666 3317 castum,
2709 3250 2968 3322 justum,
3026 3254 3320 3320 sanctum,
3383 3249 3801 3317 continentem,

375 3337 620 3404 ventris,
657 3342 715 3392 et
773 3342 999 3411 guttur,
1056 3355 1172 3394 uno
1231 3344 1593 3410 occupantur
1639 3337 1855 3394 ofﬁcio.
1916 3338 2034 3394 Hoc
2063 3325 2107 3393 C
2146 3340 2265 3396 sive
2297 3339 2709 3410 abstinentem,
2746 3340 3107 3396 obtinentem
3140 3355 3274 3395 eum
3332 3340 3435 3411 qui
3472 3338 3798 3395 secundum

373 3441 533 3481 nunc
563 3424 782 3482 dixisse
816 3426 1093 3497 sufficiat,
1125 3428 1277 3498 quod
1313 3428 1637 3483 secundum
1670 3426 2035 3499 Apostolum,

372 3514 435 3568 in
464 3512 598 3569 vino
630 3513 866 3570 luxuria
897 3518 1011 3570 est.
1044 3515 1116 3570 Et
1148 3515 1507 3586 ubicumque
1553 3516 1833 3571 saturitas
1864 3521 2039 3588 atque

371 3602 623 3658 ebrietas
654 3602 892 3669 fuerint,
929 3603 1009 3659 ibi
1042 3603 1222 3659 libido
1257 3604 1615 3660 dominetur.
1658 3607 1867 3677 Specta
1895 3621 2037 3660 ven-

372 3694 525 3747 trem
555 3696 613 3747 et
641 3691 923 3764 genitalia
987 3694 1027 3757 ¹,
1085 3710 1190 3765 pro
1248 3692 1531 3764 qualitate
1592 3693 1861 3748 vitiorum
1897 3694 2037 3750 ordo

374 3779 1124 3854 membrorum.Nunquam
1157 3798 1263 3856 ego
1284 3781 1511 3837 ebrium
1538 3788 1770 3838 castum
1797 3784 2036 3857 putabo,

375 3869 477 3940 qui
505 3874 564 3924 et
592 3868 642 3924 si
673 3869 806 3925 vino
847 3871 1188 3943 consopitus
1238 3872 1559 3938 dormierit,
1610 3877 1809 3928 tamen
1852 3873 2041 3945 potuit

376 3970 614 4030 peccare
666 3974 769 4029 per
798 3958 1020 4015 vinum.
1056 3960 1340 4016 Miramur
1369 3966 1566 4016 autem
1596 3962 1944 4032 Apostolum
1979 3962 2037 4017 in

376 4046 667 4120 episcopis
716 4048 836 4103 sive
865 4049 1225 4123 presbyteris
1272 4051 1586 4106 damnasse
1634 4050 2034 4118 vinolentiam,

377 4151 512 4190 cum
542 4136 601 4191 in
632 4141 825 4192 vetere
848 4154 1082 4210 quoque
1116 4143 1261 4210 Lege
1283 4146 1638 4212 praeceptum
1673 4140 2042 4211 sit,sacerdo-

378 4226 469 4279 tes
497 4239 631 4279 cum
664 4225 1081 4297 ingrediuntur
1111 4227 1397 4298 templum
1422 4228 1755 4285 ministrare
1785 4229 1921 4299 Deo,
1954 4228 2037 4284 vi-

383 4326 526 4365 num
576 4312 814 4368 omnino
864 4331 978 4371 non
1026 4316 1227 4371 bibere
1275 4318 1466 4384 (Leuit.
1511 4333 1567 4377 ιε.
1599 4317 1774 4383 9).'et
1805 4333 1817 4370 :
1852 4318 2032 4373 Naza-

378 4415 559 4456 raeum
606 4401 863 4475 quandiu
914 4409 1177 4460 sanctam
1233 4420 1460 4459 comam
1506 4406 1749 4476 nutriat,
1781 4410 1837 4460 et
1888 4405 2036 4460 nihil

375 4491 875 4569 contaminatum,
903 4492 1050 4549 nihil
1100 4494 1347 4549 mortale
1377 4493 1720 4566 conspiciat,
1751 4498 1808 4549 et
1837 4512 1871 4549 a
1901 4495 2033 4551 vino

373 4579 684 4648 abstinere,
743 4585 800 4637 et
852 4582 926 4637 ah
972 4599 1083 4638 uva
1135 4599 1329 4655 passa,
1382 4587 1438 4637 et
1487 4599 1522 4637 a
1565 4582 1827 4637 dilutiori
1858 4584 1879 4617 ²
1909 4599 2038 4653 quae

2146 3427 2475 3484 doctrinam
2523 3431 2632 3493 est,
2682 3426 2915 3484 ﬁdelem
2965 3443 3319 3494 sermonem,
3365 3432 3432 3483 ut
3486 3430 3700 3498 potens.
3723 3424 3802 3482 sit

2146 3516 2432 3573 consolari
2492 3516 2549 3571 in
2609 3515 2878 3571 doctrina
2927 3532 3094 3583 sana,
3124 3520 3182 3571 et
3209 3514 3676 3571 contradicentes
3706 3530 3797 3569 ar-

2098 3604 2111 3613 “
2147 3623 2342 3680 gnere.
2380 3628 2406 3655 »
2436 3607 2581 3661 Ante
2611 3605 2811 3660 omnia
2866 3603 3239 3675 hospitalitas
3298 3604 3494 3661 futuro
3525 3603 3803 3675 episcopo.

2147 3694 2550 3759 denuntiatur,
2584 3694 2643 3749 Si
2674 3692 2832 3749 enim
2894 3710 3099 3749 omnes
3160 3693 3303 3750 illud
3362 3693 3433 3749 de
3491 3692 3801 3765 Evangelio

2148 3784 2353 3840 audire
2408 3782 2789 3839 desiderant:
2827 3783 3024 3854 Hospes
3080 3784 3188 3853 lui.
3247 3790 3298 3839 et
3351 3782 3665 3854 suscepistis
3718 3796 3805 3837 me

2149 3873 2357 3945 (Matth.
2391 3890 2519 3943 xxv,
2550 3872 2642 3939 34)
2677 3889 2691 3929 :
2723 3876 2942 3944 quanto
2996 3870 3185 3945 magis
3238 3870 3573 3945 episcopus,
3634 3871 3805 3943 cujus

2148 3962 2361 4017 domus
2410 3961 2677 4016 omnium
2734 3977 3043 4016 commune
3074 3976 3203 4016 esse
3233 3960 3404 4016 debet
3432 3959 3754 4032 hospitium
3788 3958 3801 4014 ε

2150 4049 2359 4106 Lairus
2386 4050 2540 4105 enim
2575 4065 2759 4105 unum
2792 4054 2891 4103 aut
2922 4050 3091 4114 duos,
3116 4053 3218 4104 aut
3246 4064 3463 4121 paucos
3494 4048 3801 4121 recipiens,

2147 4138 2417 4211 implebit
2448 4139 2549 4206 [Αἱ.
2593 4137 2878 4209 implevit]
2909 4135 3330 4208 hospitalitatis
3360 4137 3641 4192 cilicium.
3664 4137 3805 4207 Epi-

2149 4244 2361 4300 scOpus
2393 4227 2506 4282 nisi
2541 4243 2747 4281 omnes
2793 4225 3093 4297 receperit,
3145 4224 3506 4280 inhumanus
3548 4229 3655 4280 est.
3688 4224 3800 4279 Sed

2148 4332 2348 4371 vereor
2376 4333 2467 4387 ne,
2515 4315 2811 4389 quomodo
2843 4314 3043 4387 regina
3098 4314 3300 4370 Austri
3330 4313 3571 4369 veniens
3600 4330 3636 4371 a
3666 4313 3797 4368 tini-

2147 4404 2260 4459 bus
2292 4410 2458 4459 terrae
2491 4402 2694 4459 audire
2728 4402 3076 4474 sapientiam
3110 4399 3802 4471 Salomonisjudicatura

2147 4497 2236 4548 est
2291 4493 2562 4547 homines
2596 4492 2877 4564 temporis
2908 4490 3000 4545 sui
3058 4490 3268 4561 (Matth.
3301 4507 3406 4556 xu,
3439 4489 3528 4561 42)
3556 4507 3570 4557 ;
3605 4494 3661 4545 et
3692 4487 3800 4544 viri

2125 4581 2373 4659 _Nivitze,
2406 4586 2535 4637 acta
2592 4578 2932 4652 poenitentia
2988 4580 3058 4635 ad
3121 4579 3592 4652 praedicationem
3640 4577 3800 4635 Jonas

372 4667 522 4725 solet
551 4686 620 4725 ex
643 4669 901 4727 vinaceis
934 4672 1079 4743 ﬁeri,
1105 4671 1361 4744 potione,
1393 4671 1667 4742 omnique
1698 4672 2037 4745 sicera,quae
2072 4697 2117 4762 Β
2149 4671 2625 4726 condemnabunt
2674 4686 2771 4724 eos
2820 4669 2919 4740 qui
2955 4669 3234 4740 majorem
3262 4672 3411 4725 Jona
3440 4669 3801 4726 Salvatorem

373 4763 629 4814 mentem
691 4760 763 4815 ab
820 4759 1049 4832 integra
1103 4760 1351 4817 sanitate
1407 4759 1680 4831 pervertit
1735 4761 1919 4832 (Num.
1959 4778 2035 4825 vi,

370 4842 517 4918 3-9).
574 4846 734 4903 Dicat
781 4848 1035 4922 quisque
1083 4850 1238 4923 quod
1284 4850 1478 4907 volet:
1514 4862 1620 4922 ego
1666 4850 1875 4922 loquor
1903 4867 2039 4907 con-

373 4936 683 4992 scientiam
734 4953 928 4994 meam
981 4956 994 4995 :
1040 4940 1160 4995 scio
1194 4939 1335 4995 mihi
1370 4940 1815 5011 abstinentiam,
1848 4945 1903 4995 et
1936 4957 2037 4996 no-

372 5024 566 5081 cuisse
617 5027 1044 5096 intermissam,
1097 5034 1155 5085 et
1203 5029 1499 5101 profuisse
1543 5029 1867 5101 repetitam.
1901 5030 2041 5085 Post

366 5114 751 5172 vinolentiam
795 5122 995 5174 autem
1017 5117 1140 5173 'boc
1188 5119 1468 5191 praecipit,
1492 5126 1574 5173 'ne
1602 5135 1890 5190 percussor
1915 5121 1987 5175 sit
2018 5153 2038 5199 ,-

372 5205 528 5276 quod
583 5205 821 5278 quidem
873 5210 932 5263 et
986 5206 1338 5280 simpliciter
1385 5206 1749 5264 intellectum
1793 5207 2043 5264 aediﬁcat

373 5292 818 5371 audientemme
839 5296 1009 5353 facile
1031 5313 1275 5352 manum
1298 5297 1558 5370 porrigat
1578 5297 1647 5352 ad
1672 5297 2035 5353 caedendum:

369 5396 443 5436 ne
474 5381 532 5438 in
568 5396 634 5439 os
665 5383 909 5441 alterius
957 5373 1387 5441 verberandum
1449 5386 1694 5441 insanus
1745 5391 2036 5458 erumpat.

443 5509 462 5543 ι
497 5508 623 5562 Haec
655 5508 932 5564 delibarit
961 5512 1020 5565 S.
1056 5510 1223 5566 Pater
1281 5526 1350 5566 ex
1401 5509 1746 5567 Tertulliani
1795 5509 1946 5564 libro
1976 5509 2042 5565 de

369 5577 633 5649 Jejumis,
668 5586 874 5637 contra
904 5582 1237 5653 Psychioos,
1279 5583 1444 5638 initio
1479 5600 1493 5637 :
1528 5606 1557 5633 ι(
1587 5583 1795 5653 Specta
1825 5599 2039 5652 corpus

372 5654 432 5725 et
460 5666 579 5707 una
608 5653 768 5723 regio
814 5658 945 5725 est,
979 5654 1233 5725 denique
1282 5671 1384 5725 pro
1437 5655 1822 5725 dispositione
1852 5670 2039 5709 mem-

376 5720 645 5793 brorum,
677 5720 820 5780 ordo
849 5720 1154 5781 vitiorum:
1182 5720 1345 5781 Prior
1369 5720 1570 5783 venter
1611 5732 1667 5783 et
1702 5726 1898 5783 statim
1932 5742 2038 5781 cie-

373 5797 501 5850 tera
533 5795 750 5867 saginis
784 5796 1127 5854 substructa
1155 5794 1393 5854 lascivia
1422 5803 1531 5866 est,
1560 5815 1664 5870 per
1689 5798 2037 5855 edacitatem

2150 4759 2353 4815 audire
2412 4764 2891 4830 contempserunt
2936 4758 3095 4829 (Ibid.
3130 4759 3220 4830 41)
3281 4776 3295 4814 :
3357 4759 3440 4816 sic
3470 4758 3710 4831 plurimi
3740 4757 3800 4813 in

2150 4848 2385 4922 populis
2440 4849 2745 4921 episcopos
2797 4848 3081 4919 judicent,
3140 4848 3555 4905 subtrahentes
3612 4865 3674 4905 se
3730 4847 3802 4903 ab

2150 4937 2546 4994 ecclesiastico
2578 4938 2785 5009 gradu,
2813 4941 2866 4992 et
2898 4953 2966 4993 ea
3012 4955 3138 5009 quae
3169 4938 3439 5010 episcopo
3468 4939 3489 4972 ³
3520 4954 3633 4993 non
3666 4952 3801 4992 con-

2149 5026 2389 5083 veniunt
2441 5031 2815 5090 exercentes;
2848 5027 2917 5082 de
2974 5028 3191 5099 quibus
3248 5032 3389 5099 puto
3433 5033 3490 5083 et
3516 5027 3800 5083 Joannem

2151 5116 2220 5172 ad
2254 5116 2458 5174 Caium
2490 5115 2744 5172 scribere
2778 5132 2790 5170 :
2828 5116 3178 5183 Charissime,
3212 5116 3450 5187 ﬁdeliter
3475 5116 3614 5186 facis
3642 5113 3806 5186 quod-

2151 5222 2365 5279 cunque
2392 5207 2641 5278 operaris
2672 5208 2729 5261 in
2760 5206 3054 5277 fratribus,
3084 5210 3135 5262 et
3191 5200 3311 5261 hoc
3339 5205 3673 5276 peregrinis,
3706 5203 3804 5274 qui

2151 5296 2531 5351 testimonium
2551 5295 2814 5351 dederunt
2835 5295 3120 5351 dilectioni
3173 5299 3288 5352 tua:
3305 5309 3491 5350 coram
3509 5292 3750 5348 Ecclesia
3780 5311 3800 5347 .-

2149 5402 2278 5459 quos
2331 5386 2533 5457 optime
2569 5386 2730 5455 facis,
2772 5386 2823 5439 si
2871 5384 3211 5457 praemiserit
3252 5384 3356 5439 Deo
3420 5383 3580 5453 digne
3618 5401 3638 5450 ,-
3694 5397 3800 5453 pro

2150 5509 2437 5566 fallacitas
2465 5510 2696 5565 transit.

2216 5584 2237 5617 ³
2266 5581 2577 5646 Victorius,
2609 5582 2921 5637 emendare
2951 5582 3090 5634 dum
3129 5578 3481 5642 vnlt,locum
3515 5579 3672 5635 hunc
3703 5580 3798 5635 de-

2150 5659 2371 5725 pravat,
2405 5653 2602 5724 legens
2625 5657 2675 5708 et
2704 5670 2743 5725 a
2766 5653 3093 5725 delicatiori,
3126 5658 3233 5725 etc.
3310 5674 3319 5681 ο

2254 5726 2275 5759 ³
2305 5722 2580 5807 Negandi
2599 5723 2884 5796 particula
2906 5724 2963 5778 in
2996 5738 3112 5777 uno
3139 5722 3389 5778 alterove
3420 5723 3793 5783 Cisterciens.

2150 5813 2262 5853 ms.
2296 5798 2681 5854 desideratur.
