4310 6596
549 424 667 487 603

1792 432 1857 495 S.
1906 433 2215 499 EUSEBII
2261 436 2706 503 HIERONYMI

3832 446 3956 510 604

538 561 776 656 nomine;
791 564 940 656 enim
971 572 1202 630 Domini
1223 574 1373 633 702
1403 579 1839 648 exierunt,nihit
1868 581 2195 653 accipientes
2222 571 2276 637 Α
2307 590 2415 631 nos
2442 577 2600 648 pium
2627 576 2687 633 in
2723 582 2899 634 Deum
2928 594 3243 652 possumus
3265 577 3577 653 appellare.
3602 577 3688 637 Sit
3719 594 3953 656 quoque

537 664 572 748 ξι
603 653 905 748 gentilibus
933 659 1033 729 (III
1060 663 1216 719 Joan.
1275 666 1417 738 5-7).
1479 668 1548 724 Et
1578 686 1708 726 vere
1740 675 1942 727 sancto
1972 672 2190 744 Spiritu

534 741 595 831 in
627 756 689 797 se
720 741 1011 817 loquente,
1041 754 1193 822 quod
1228 753 1490 813 futurum
1523 768 1643 814 erat
1676 759 1735 815 in
1769 741 2194 831 Ecclesiis,jam

532 830 675 919 tunc
707 835 1088 905 reprehendit
1119 841 1319 900 dicens
1376 863 1389 900 :
1426 846 1639 919 Scripsi
1662 850 1831 903 etiam
1860 830 2117 906 Ecclesiée
2174 867 2193 903 :

529 917 629 1008 sed
655 937 750 991 qui
775 926 1059 994 primatus
1089 947 1252 1002 agere
1280 937 1433 1006 cupit
1487 917 1701 1002 eorum,
1769 939 2051 994 Diotrehes
2082 937 2189 1008 [ΑΙ.

535 1006 872 1097 Dioprepes],
906 1032 1014 1072 non
1057 1022 1252 1092 recipit
1292 1039 1408 1079 nos.
1463 1027 1756 1097 Pr0pterea
1801 1043 1927 1081 cum
1979 1006 2192 1092 venero,

536 1096 838 1159 admonebo
863 1109 987 1175 eius
1015 1123 1183 1179 Opera.
1238 1128 1358 1182 qua
1412 1096 1581 1184 facit,
1603 1116 1767 1171 malis
1796 1115 1972 1171 verbis
2008 1116 2194 1172 detra-

547 1191 685 1245 hens
713 1192 780 1248 de
809 1196 965 1252 nobis
992 1217 1011 1253 :
1043 1202 1095 1254 et
1122 1216 1231 1255 mm
1260 1203 1461 1272 sufﬁcit
1492 1206 1549 1259 ci
1564 1206 1706 1276 quod
1726 1208 1841 1275 ipse
1859 1221 1966 1260 non
1999 1202 2196 1273 recipit

541 1280 763 1350 fratres,
794 1286 892 1340 sed
918 1290 969 1342 et
997 1290 1232 1345 volentes
1261 1291 1533 1363 prohibet,
1592 1296 1643 1350 et
1671 1293 1735 1349 de
1771 1295 2015 1351 Ecclesia
2039 1279 2195 1363 ejici‘

537 1371 703 1442 (Ibid.
736 1372 789 1442 9,
826 1375 933 1442 10).
969 1380 1114 1433 Vere
1144 1396 1299 1435 nunc
1332 1385 1419 1437 est
1477 1398 1710 1439 cernere
1771 1386 1926 1454 quod
1987 1385 2192 1458 praedi-

535 1463 692 1515 ctum
751 1468 861 1525 est,
920 1464 980 1520 in
1039 1467 1333 1541 plerisque
1391 1471 1660 1541 urbibus,
1694 1473 2020 1546 episcopos,
2074 1475 2194 1531 sive

533 1551 927 1623 presbyteros,
962 1555 1009 1610 si
1044 1556 1222 1613 laicos
1251 1558 1501 1615 viderint
1530 1560 1868 1634 hospitales,
1903 1568 2192 1621 amatores

538 1639 867 1707 bonorum,
912 1642 1193 1713 invidere,
1226 1648 1489 1717 fremere,
1550 1652 2077 1718 excommunicare,
2120 1654 2192 1710 de

541 1727 804 1785 Ecclesia
831 1730 1139 1803 expellere,
1198 1736 1363 1807 quasi
1424 1754 1537 1793 non
1596 1737 1768 1795 liceat
1815 1741 2002 1798 facere
2033 1744 2188 1814 quod

538 1817 850 1889 episcopus
880 1836 995 1875 non
1029 1821 1203 1879 faciat
1234 1840 1247 1878 :
1282 1830 1338 1880 et
1369 1825 1516 1881 tales
1545 1844 1672 1883 esse
1701 1828 1904 1896 laicos,
1945 1831 2189 1888 damna-

2303 664 2613 739 episcopus
2643 673 2699 724 et
2746 670 3045 725 abstinens
3106 686 3120 726 :
3183 687 3295 726 non
3328 675 3558 726 tantum
3590 671 3675 742 (ut
3707 671 3949 744 quidam

2305 760 2535 827 putant)
2593 775 2628 813 a
2684 758 2926 815 libidine
2973 763 3030 813 et
3083 759 3151 814 ah
3185 760 3381 815 uxoris
3412 758 3705 831 amplexu,
3740 762 3840 816 sed
3871 762 3945 819 ab

2304 848 2581 903 omnibus
2603 847 2786 902 animi
2810 848 3373 920 perturbationibus:
3396 864 3467 903 ne
3484 850 3555 903 ad
3579 848 3944 908 iracundiam

2304 936 2627 992 concitetur
2658 953 2670 991 :
2708 954 2779 992 ne
2829 936 2996 992 illum
3044 937 3284 993 tristitia
3320 937 3556 1009 dejiciat
3588 955 3601 993 :
3630 954 3703 993 ne
3759 944 3948 996 terror

2303 1024 2576 1097 exagitet,
2613 1041 2680 1080 ne
2712 1025 2914 1080 laetitia
2971 1025 3357 1082 immoderata
3416 1025 3706 1083 sustollat.
3756 1030 3948 1085 Absti-

2305 1113 2503 1168 nentia
2530 1119 2724 1169 autem
2757 1114 2816 1169 in
2850 1114 3136 1170 fructibus
3166 1115 3410 1185 spiritus
3440 1116 3514 1171 ab
3537 1116 3810 1189 Apostolo
3842 1136 3949 1174 nu-

2304 1207 2526 1258 merata
2557 1206 2645 1258 est
2674 1203 2874 1274 (Galat.
2934 1221 2987 1270 v,
3046 1204 3159 1274 23).
3187 1204 3252 1259 Et
3281 1202 3329 1258 si
3359 1204 3611 1276 exigitur
3639 1206 3713 1260 ab
3743 1208 3936 1262 omni-

2306 1292 2435 1357 bus,
2494 1298 2713 1364 quanto
2771 1294 2959 1366 magis
3017 1293 3088 1349 ab
3139 1292 3431 1366 episcopo,
3475 1293 3575 1367 qui
3616 1294 3845 1366 patiens
3882 1300 3941 1352 ct

2304 1386 2652 1438 mansuetus
2708 1382 2878 1438 debet
2928 1382 3065 1437 vitia
3104 1382 3253 1438 ferre
3292 1383 3659 1454 peccantium
3693 1400 3706 1438 :
3738 1401 3943 1441 conso-

2304 1468 2409 1526 lari
2445 1469 2856 1542 pusillanimes
2890 1488 2903 1526 :
2937 1475 3263 1528 sustentare
3291 1470 3557 1527 infirmos
3592 1487 3604 1527 :
3640 1472 3785 1528 nulli
3819 1490 3942 1530 ma-

2300 1557 2422 1614 lum
2470 1576 2572 1631 pro
2615 1560 2768 1616 malo
2818 1561 3092 1627 reddere;
3128 1561 3228 1616 sed
3271 1560 3500 1616 vincere
3529 1559 3587 1615 in
3622 1560 3774 1618 bono
3813 1579 3945 1618 ma-

2300 1646 2421 1704 lum
2451 1650 2625 1718 (Rom.
2657 1666 2757 1712 xu,
2789 1650 2844 1717 7,
2875 1651 2986 1721 21).
3021 1649 3106 1704 Ad
3140 1652 3468 1705 extremum
3518 1649 3777 1706 obtineat
3805 1667 3941 1710 eum

2300 1738 2396 1810 qui
2430 1739 2750 1794 secundum
2782 1738 3107 1794 doctrinam
3138 1743 3227 1794 est
3259 1738 3486 1795 ﬁdelem
3519 1744 3943 1811 sermonem,ut

2299 1827 2592 1898 quomodo
2626 1843 2818 1883 sermo
2840 1827 2938 1883 Dei
2962 1826 3151 1883 ﬁdelis
3180 1833 3289 1894 est,
3323 1831 3380 1883 et
3408 1827 3569 1883 omni
3599 1829 3934 1900 acceptione

537 1904 619 2000 tio
649 1907 1016 2000 sacerdotum
1050 1911 1127 1966 sit
1177 1913 1283 1981 [ΑΙ.
1316 1918 1446 1985 est].
1479 1918 1691 1972 Graves
1720 1917 1915 1991 itaque
1949 1936 2048 1976 eos
2078 1920 2186 1976 ha-

2301 1915 2517 1987 dignus
2549 1916 2596 1987 (Ι
2625 1916 2757 1971 Tim.
2792 1933 2831 1981 1,
2878 1916 2963 1987 15)
2990 1933 3002 1982 ;
3039 1916 3123 1972 sic
3153 1920 3211 1971 et
3239 1914 3335 1971 ille
3365 1915 3541 1971 talem
3574 1932 3635 1971 se
3665 1916 3932 1988 praebeat,

533 1992 694 2059 bent,
727 1999 783 2051 et
813 1998 981 2069 quasi
1005 2000 1328 2057 cervicibus
1357 2002 1481 2058 suis
1512 2004 1839 2076 impositos,
1872 2011 1938 2063 ut
1969 2024 2002 2063 a
2032 2009 2182 2066 bono

534 2082 830 2140 abducant
854 2102 1046 2158 opere,
1078 2088 1255 2145 variis
1297 2093 1801 2162 persecutionibus
1832 2096 2180 2168 inquietant.

537 2172 595 2228 Si
625 2178 817 2229 autem
842 2175 1151 2249 episcopus
1173 2183 1230 2234 et
1259 2181 1706 2254 pudicus,quem
1732 2184 1908 2241 Graeci
1931 2186 2183 2261 σώφρονα

536 2266 777 2340 vocant:
809 2267 866 2319 et
892 2265 1135 2321 Latinus
1164 2266 1452 2341 interpres
1480 2272 1639 2327 verbi
1671 2274 2053 2347 ambiguitate
2084 2277 2185 2333 de-

540 2356 765 2423 ceptus,
799 2370 902 2425 pro
941 2356 1138 2426 pudico
1165 2359 1486 2428 prudentem
1543 2362 1867 2418 transtulit.
1900 2364 1961 2421 Si
1988 2371 2182 2423 autem

550 2438 720 2497 laicis
774 2441 1100 2514 imperatur
1128 2451 1194 2502 ut
1223 2454 1458 2521 propter
1486 2450 1807 2507 orationem
1855 2454 2187 2511 abstineant

547 2542 611 2584 se
632 2530 704 2585 ab
736 2548 983 2588 uxorum
1019 2535 1172 2591 coitu
1201 2539 1248 2604 (Ι
1275 2540 1503 2602 Conv”.
1522 2540 1576 2607 5)
1610 2557 1622 2594 :
1657 2540 1796 2613 quid
1820 2542 1890 2597 de
1914 2542 2184 2617 episcopo

542 2618 913 2677 sentiendum
948 2628 1060 2691 est,
1110 2626 1209 2697 qui
1260 2628 1518 2700 quotidie
1559 2646 1660 2701 pro
1710 2630 1833 2687 suis
1868 2632 2186 2706 populique

537 2710 813 2778 peccatis,
841 2710 1099 2769 illibatae
1132 2718 1244 2772 Deo
1292 2716 1600 2775 oblaturus
1629 2723 1719 2775 est
1746 2720 2013 2778 victimas
2038 2723 2066 2778 ?
2096 2740 2184 2780 re-

536 2796 806 2870 legamus
836 2800 1059 2874 Regum
1095 2804 1201 2875 [Αι.
1235 2805 1590 2882 Regnorum]
1623 2808 1824 2879 libros,
1850 2816 1907 2866 et
1935 2810 2186 2868 invenie-

428 2889 451 2895 ”
538 2902 673 2943 mus
702 2890 1062 2947 sacerdotem
1095 2892 1432 2952 Ahimelech
1456 2897 1527 2953 de
1557 2898 1809 2970 panibus
1840 2902 2185 2971 propositio-

543 2975 637 3031 nis
666 2976 926 3033 noluisse
978 2981 1142 3051 prius
1192 2982 1329 3039 dare
1358 2984 1537 3040 David
1577 2990 1635 3042 et
1663 2986 1858 3058 pueris
1889 2989 2037 3059 ejus,
2071 2990 2186 3047 nisi

541 3063 1150 3138 interrogaret,utrum
1185 3073 1387 3128 mundi
1422 3079 1619 3130 essent
1648 3075 1811 3147 pueri
1842 3093 1876 3131 a
1906 3077 2181 3136 muliere:

543 3169 659 3208 non
692 3154 898 3227 utique
947 3155 1303 3229 aliena,-sed
1346 3163 1595 3236 conjuge
1644 3163 1692 3235 (l
1719 3167 1840 3235 Reg.
1893 3184 2008 3231 xxr,
2042 3169 2180 3237 4-6).

2299 2011 2361 2060 ut
2391 2020 2563 2060 omne
2593 2005 2747 2077 quod
2779 2004 3057 2077 loquitur,
3112 2005 3223 2060 ﬁde
3279 2005 3525 2078 dignum
3555 2005 3939 2078 existimetur,

2293 2097 2350 2148 et
2370 2094 2541 2149 verba
2571 2093 2760 2165 ipsius
2789 2094 2908 2149 sint
2937 2093 3138 2166 regula
3167 2093 3444 2149 veritatis.
3465 2098 3676 2151 Potens
3706 2111 3939 2167 quoque

2293 2182 2370 2238 sit
2399 2199 2498 2239 eos
2556 2184 2655 2255 qui
2705 2182 2899 2239 saeculi
2949 2183 3121 2239 istius
3161 2183 3499 2240 turbinibus
3545 2184 3935 2256 exagitantur,

2294 2272 2667 2340 consolari,et
2697 2289 2799 2343 per
2819 2289 3023 2328 sanam
3047 2272 3372 2328 doctrinam
3394 2272 3630 2329 inﬁrma
3654 2278 3941 2346 praecepta

2293 2361 2613 2418 destruere.
2648 2363 2802 2418 Sana
2832 2367 3030 2417 autem
3064 2362 3330 2418 doctrina
3356 2362 3589 2429 dicitur,
3622 2363 3694 2419 ad
3726 2363 3936 2419 distin-

2294 2451 2543 2506 ctionem
2558 2450 2845 2523 languida
2860 2450 3142 2524 inﬁrmaeq
3154 2468 3222 2507 ue
3236 2450 3696 2508 doctrine.'l‘alis
3707 2468 3940 2524 quoque

2296 2541 2467 2607 sit,ut
2486 2541 2951 2597 contradicentes
2976 2544 3183 2613 arguat
3204 2540 3503 2597 haereticos
3535 2540 3655 2597 sive
3680 2540 3936 2608 Judaeos,

2294 2634 2350 2686 et
2375 2628 2572 2687 saeculi
2599 2629 2773 2686 istius
2802 2630 3193 2702 sapientes.Et
3216 2629 3521 2703 superiora
3539 2629 3778 2702 quidem
3809 2646 3937 2702 qua

2294 2718 2354 2773 in
2382 2717 2639 2790 episcopi
2697 2717 3014 2773 virtutibus
3058 2718 3278 2790 posuit,
3307 2718 3379 2773 ad
3410 2717 3586 2773 vitam
3621 2719 3933 2790 pertinent.

2293 2806 2413 2862 Hoc
2442 2823 2575 2862 vero
2606 2807 2761 2879 quod
2794 2806 2874 2862 ait
2904 2824 2918 2862 :
2956 2808 3019 2864 Ut
3069 2815 3259 2879 potens
3318 2808 3389 2862 sit
3417 2807 3689 2863 consolari
3744 2809 3807 2862 in
3834 2808 3932 2863 do-

2294 2898 2473 2951 ctrina
2500 2912 2660 2963 sana,
2716 2904 2768 2952 et
2795 2896 3222 2953 contradicentes
3264 2912 3519 2965 arguere,
3567 2895 3936 2952 referendum

2293 2990 2385 3041 est
2415 2985 2486 3041 ad
2518 2985 2997 3052 scientiam.Quia
3013 2988 3061 3041 si
3093 2984 3350 3058 episcopi
3371 2989 3601 3041 tantum
3631 2985 3711 3041 sit
3736 2990 3940 3042 sancta

2291 3076 2430 3142 vita,
2489 3074 2600 3130 sibi
2659 3078 2850 3147 potest
2905 3075 3181 3147 prodesse
3236 3074 3321 3131 sic
3374 3073 3592 3131 vivens.
3650 3078 3826 3130 Porro
3884 3072 3935 3129 si

2294 3164 2558 3220 doctrina
2587 3168 2644 3220 et
2672 3180 2941 3220 sermone
2974 3164 3148 3220 fuerit
3199 3164 3485 3234 eruditus,
3520 3167 3710 3236 potest
3737 3180 3799 3219 se
3828 3179 3935 3219 ces-

540 3241 739 3298 Etnisi
767 3260 866 3300 eos
887 3246 1149 3304 audisset
1170 3249 1241 3305 ab
1266 3249 1390 3307 heri
1414 3255 1470 3306 et
1500 3252 1927 3311 nudiustertius
1948 3273 2183 3313 vacasse
2216 3305 2255 3325 η
2295 3256 2571 3325 torosque
2618 3253 2909 3308 instruere
2950 3253 2972 3287 ³
3021 3270 3034 3307 :
3085 3257 3142 3308 et
3192 3269 3307 3308 non
3340 3252 3531 3309 solum
3563 3252 3850 3309 instruere
3879 3256 3939 3308 et

543 3330 618 3386 ab
647 3348 819 3405 opere
875 3335 1190 3408 conjugali,
1224 3305 2182 3418 πράυεαυααῖρῖιίἐέξιῖοζρξῖιῖἑ
2213 3305 2256 3373 C
2296 3305 2706 3408 aggestus;
2723 3305 2918 3398 sit;
2951 3305 3313 3398 missas;
3341 3305 3931 3415 statuistis};

538 3426 852 3492 negaverat
882 3424 1285 3483 concessisset.
1321 3429 1571 3485 Tantum
1604 3430 1848 3488 interest
1874 3432 2026 3490 inter
2055 3451 2183 3506 pro-

539 3509 850 3580 positionis
882 3529 1066 3584 panes
1093 3520 1150 3570 et
1182 3532 1395 3589 corpus
1436 3518 1672 3588 Christi,
1708 3526 1998 3590 quantum
2030 3523 2183 3578 inter

536 3598 848 3655 umbram‘
882 3605 939 3657 et
967 3606 1388 3676 corpora,inter
1416 3607 1731 3681 imaginem
1766 3616 1824 3666 et
1853 3612 2178 3681 veritatem,

538 3686 694 3741 inter
748 3690 1104 3763 exemplaria
1158 3694 1487 3751 futurorum
1529 3702 1588 3753 et
1626 3715 1693 3755 ea
1747 3699 1875 3771 ipsa
1912 3716 2040 3771 qua:
2080 3718 2182 3773 per

537 3775 891 3847 exemplaria
910 3781 1758 3854 praefigurabantur.Quomodo
1787 3788 1983 3861 itaque
2014 3805 2181 3845 man-

537 3866 810 3933 suetudo,
842 3868 1146 3939 patientia,
1172 3871 1483 3943 sobrietas,
1506 3877 1848 3942 moderatio,
1882 3878 2179 3934 abstinen-

535 3954 620 4010 tia
649 3954 822 4021 lucri,
858 3957 1229 4031 hospitalitas
1259 3979 1494 4037 quoque
1540 3969 1599 4021 et
1644 3966 1999 4039 benignitas,
2033 3984 2180 4039 prae-

544 4043 715 4114 cipue
754 4062 883 4103 esse
931 4049 1146 4106 debent
1191 4050 1250 4107 in
1293 4053 1587 4128 episcopo,
1638 4060 1695 4112 et
1738 4055 1893 4113 inter
1941 4062 2182 4113 cunctos

544 4129 723 4190 laicos
754 4137 1075 4194 eminentia
1106 4156 1120 4196 :
1155 4140 1238 4196 sic
1268 4146 1324 4199 et
1352 4144 1591 4201 castitas
1635 4146 1871 4218 propria
1899 4150 1956 4202 et
1985 4150 2073 4215 (ut
2103 4148 2184 4202 ita

548 4220 795 4280 dixerim
828 4228 1110 4298 pudicitia
1159 4231 1556 4300 sacerdotalis,
1618 4239 1683 4289 ut
1738 4253 1852 4291 non
1886 4234 2077 4291 solum
2110 4237 2182 4292 ab

539 4325 711 4382 opere
759 4331 821 4370 se
870 4315 1178 4374 immundo
1227 4321 1539 4391 abstineat,
1588 4324 1686 4379 sed
1738 4324 1913 4380 etiam
1961 4326 2181 4396 ajactu

550 4398 703 4455 oculi
736 4413 794 4458 et
822 4405 1190 4477 cogitationis
1224 4425 1438 4487 errore,
1500 4427 1667 4467 mens
1724 4413 1936 4468 Christi
1992 4414 2183 4487 corpis

544 4488 876 4549 confectura
940 4495 1018 4550 sit
1058 4495 1258 4554 libera.
1286 4486 1291 4493 ’
1320 4498 1526 4555 Justus
1585 4518 1816 4573 quoque
1848 4507 1905 4557 et
1948 4486 2186 4559 sanctus

547 4576 858 4664 episcopus
893 4583 1043 4639 708
1073 4600 1202 4640 esse
1232 4586 1421 4655 debet,
1454 4592 1519 4644 ut
1538 4589 1830 4660 justitiam
1862 4590 1921 4646 in
1952 4592 2184 4664 populis

2290 3430 2405 3487 nisi
2437 3431 2673 3486 refutati
2710 3431 2927 3486 fuerint
2963 3436 3141 3501 atque
3196 3430 3464 3496 convicti,
3514 3429 3682 3487 facile
3710 3434 3934 3503 queunt

2290 3518 2649 3592 simplicium
2684 3520 2859 3576 corda
2919 3522 3070 3576 704
3127 3524 3472 3592 pervertere.
3505 3519 3608 3576 Hic
3637 3519 3802 3576 locus
3830 3519 3930 3576 ad-

2287 3624 2490 3664 versus
2523 3626 2621 3665 eos
2654 3609 2807 3676 facit,
2840 3609 2962 3682 qui,
2994 3609 3217 3665 inertiae
3248 3625 3330 3678 se,
3363 3614 3420 3665 et
3447 3609 3583 3677 otio,
3617 3612 3674 3666 et
3726 3624 3932 3665 somno

2289 3698 2736 3770 dantes,putant
2754 3704 3058 3770 peccatum
3080 3715 3209 3755 esse
3230 3698 3280 3754 si
3306 3698 3641 3771 Scripturas
3669 3697 3931 3771 legerint:

2290 3791 2348 3842 et
2376 3802 2475 3842 eos
2504 3786 2605 3858 qui
2637 3786 2694 3841 in
2728 3785 2852 3856 lege
2902 3785 3134 3842 Domini
3164 3786 3524 3843 meditantur
3552 3786 3645 3843 die
3676 3802 3741 3842 ac
3771 3790 3935 3842 nocte

2292 3874 2466 3947 (Psal.
2499 3891 2540 3946 ι,
2571 3875 2826 3948 2),quasi
2856 3874 3124 3947 garrulos
3145 3875 3499 3948 inutilesque
3522 3879 3929 3932 contemnunt:

2291 3982 2408 4021 non
2460 3964 2991 4021 animadvertentes
3040 3964 3388 4038 Apostolum
3445 3969 3578 4039 post
3606 3963 3933 4038 catalogum

2292 4053 2747 4110 conversationis
2779 4053 3057 4127 episcopi,
3088 4054 3263 4111 etiam
3295 4054 3617 4111 doctrinam
3667 4052 3936 4111 similiter

2291 4142 2655 4216 praecepisse.

2365 4231 2555 4303 (Vers.
2613 4234 2695 4300 10,
2751 4233 2861 4303 11.)
2913 4254 2941 4282 ‹‹
2990 4234 3138 4289 Sunt
3169 4234 3325 4289 enim
3359 4232 3529 4289 multi
3559 4236 3616 4290 et
3652 4249 3765 4289 non
3796 4232 3934 4289 sub-

2293 4319 2425 4387 diti,
2457 4320 2774 4392 vaniloqui,
2815 4325 2874 4378 et
2921 4320 3206 4378 mentium
3264 4323 3603 4395 deoeptores
3636 4337 3650 4377 :
3685 4320 3936 4378 maxime

2294 4408 2395 4481 qui
2427 4410 2499 4465 de
2528 4409 2972 4467 circumcisione
3027 4415 3188 4481 sunt,
3246 4411 3461 4483 quibus
3490 4414 3716 4485 oportet
3755 4409 3932 4489 silen-

2294 4498 2442 4554 tium
2476 4498 2651 4554 indici
2687 4517 2700 4555 :
2736 4500 2835 4571 qui
2864 4500 3166 4557 universas
3196 4501 3545 4557 subvertunt
3573 4501 3798 4571 domos,
3829 4499 3931 4555 do-

2294 4592 2492 4642 centes
2523 4604 2650 4659 quze
2679 4604 2792 4643 non
2826 4592 3072 4660 oportet,
3104 4589 3295 4661 turpis
3350 4588 3496 4645 lucri
3525 4589 3732 4663 gratia.
3769 4609 3797 4638 ιι
3826 4586 3934 4652 Qui

551 4663 768 4734 quibus
817 4676 1025 4740 praeest
1080 4680 1360 4747 exerceat,
1405 4672 1654 4735 reddens
1685 4680 2001 4753 unicuique
2032 4663 2187 4753 quod
2219 4676 2264 4741 D
2295 4675 2561 4732 Ecclesiae
2594 4675 2832 4732 futurus
2861 4681 2950 4733 est
2978 4677 3247 4749 princeps
3280 4673 3515 4735 'habeat
3543 4677 3935 4750 eloquentiam

558 4756 852 4840 meretur:
887 4774 991 4815 nec
1016 4761 1263 4833 accipiat
1292 4781 1599 4837 personam
1652 4768 1709 4823 in
1734 4769 1979 4840 judicio.
2034 4771 2188 4826 Inter

550 4839 681 4931 laici
713 4849 910 4903 autem
934 4852 990 4903 et
1016 4849 1271 4924 episcopi
1295 4855 1588 4925 justitiam
1622 4839 2184 4931 hociinterest,quod

551 4927 737 4991 laicus
771 4940 962 5006 potest
991 4955 1268 5011 apparere
1290 4943 1495 5015 justus
1538 4946 1595 5001 in
1628 4948 1852 5020 paucis,
1884 4927 2191 5021 episcopus

550 5036 685 5077 vero
742 5023 798 5109 in
849 5028 934 5081 tot
976 5043 1241 5086 exercere
1284 5032 1577 5103 justitiam
1633 5038 1894 5108 potest’,
1938 5043 2079 5109 quot
2134 5042 2192 5093 et

555 5111 824 5171 subditos
853 5114 1047 5173 habet.
1095 5119 1343 5176 Sanctus
1389 5128 1586 5178 autem
1635 5127 1788 5197 quod
1819 5128 2011 5183 Graece
2041 5124 2189 5187 ὅσιος

551 5200 786 5275 dicitur,
823 5205 1010 5277 magis
1038 5207 1090 5261 id
1125 5208 1436 5280 significat,
1470 5229 1603 5267 cum
1638 5214 1766 5285 ipsa
1796 5215 2075 5271 sanctitas
2105 5219 2193 5272 est

551 5290 729 5347 mista
760 5294 1046 5366 pietati,et
1074 5298 1145 5353 ad
1180 5302 1358 5355 Deum
1392 5302 1655 5358 refertur.
1689 5305 1867 5369 Quem
1895 5304 2052 5359 enim
2084 5321 2191 5360 nos

547 5384 1029 5451 sanctum,Graaci
1060 5388 1214 5462 ἅγιον
1248 5395 1491 5448 vocant:
1516 5409 1691 5464 quem
1716 5398 1912 5450 autem
1935 5393 2020 5450 illi
2043 5392 2191 5448 ὅσιον

593 5526 637 5607 ,ί
672 5526 941 5607 Fortasse
981 5531 1196 5607 rectius
1240 5533 1299 5588 in
1351 5536 1649 5591 vetustiori
1698 5536 2061 5593 Cisterciensi
2095 5554 2189 5594 co-

551 5596 697 5663 dice,
731 5605 1026 5681 (montum!
1054 5606 1312 5681 interest“
1336 5607 1481 5662 inter
1525 5609 1914 5681 propositionis
1939 5626 2109 5679 panes
2138 5614 2192 5666 et

548 5670 976 5752 corpttslcmisti
1003 5678 1028 5727 .7
1047 5692 1177 5752 qua:
1204 5670 1535 5750 diﬂ’erentia'
1572 5670 1719 5737 inter
1766 5670 2045 5752 umbram,
2079 5686 2186 5738 etc.

552 5741 663 5797 sub
693 5741 1089 5816 interrogandi
1120 5741 1277 5807 nota'.

2296 4780 2429 4821 cum
2487 4765 2613 4819 vitai
2665 4765 2997 4837 integritate
3049 4766 3352 4837 sociatam,
3383 4784 3457 4823 ne
3486 4783 3662 4840 opera
3716 4767 3939 4837 absque

2298 4870 2567 4910 sermone
2598 4854 2718 4910 sint
2745 4855 2944 4919 tacita,
3006 4860 3064 4912 et
3112 4856 3268 4912 dicta
3321 4856 3491 4913 factis
3536 4855 3941 4913 deficientibus

2300 4943 2651 4999 erubescant
2684 4961 2696 4999 :
2732 4944 2984 5000 maxime
3011 4961 3143 5011 cum
3175 4946 3293 5001 sint
3323 4963 3439 5002 non
3472 4945 3780 5018 pauci,sed
3813 4944 3941 5018 plu-

2302 5048 2394 5087 res
2429 5049 2441 5088 :
2494 5049 2598 5088 nec
2629 5033 2869 5102 subditi,
2904 5034 3001 5089 sed
3033 5034 3307 5107 protervi,
3341 5036 3441 5107 qui
3500 5050 3615 5092 non
3647 5038 3854 5091 curent
3880 5032 3946 5089 il-

2299 5120 2401 5178 lud
2431 5121 2754 5179 Psalmiste:
2786 5123 2978 5179 dicere
3011 5139 3023 5179 :
3056 5124 3245 5180 Nonne
3271 5125 3507 5196 subjecta
3552 5128 3632 5181 est
3666 5125 3770 5181 Deo
3816 5125 3945 5179 ani-

2298 5228 2391 5268 ma
2417 5228 2542 5268 mea
2571 5213 2743 5284 (Psat.
2776 5229 2887 5278 LXI,
2916 5212 2971 5285 2)
2993 5211 3021 5267 ‘2
3050 5213 3160 5269 Sed
3219 5213 3433 5269 bonam
3492 5214 3943 5287 [Alnhonarum]

2301 5301 2584 5358 mentium
2617 5306 3094 5374 sementem,tu
3118 5302 3460 5360 naturaliter
3478 5302 3656 5360 habet
3673 5300 3945 5360 notitiam

2300 5392 2423 5459 Dei,
2483 5391 2645 5448 inani
2714 5390 3096 5464 persuasione
3144 5396 3493 5465 pervertant.
3551 5396 3672 5449 Hoc
3727 5389 3948 5465 quippe

2369 5536 2545 5591 ’Duo
2605 5551 2772 5619 mss.,
2831 5535 2981 5591 debet
3013 5552 3117 5608 pro
3166 5539 3337 5609 potest
3387 5554 3400 5593 :
3456 5536 3731 5608 idemque
3785 5549 3945 5599 mox,

2300 5604 2476 5680 ἂγιος,
2510 5623 2612 5679 pro
2643 5604 2813 5667 ὅσιος.
3015 5604 3032 5608 ⁷
3166 5604 3181 5609 ⁷
3632 5604 3651 5608 ⁷

2370 5679 2392 5712 ³
2422 5679 2605 5735 Iidem
2636 5693 2804 5746 mss.,
2832 5681 3007 5751 potest
3030 5682 3258 5738 caeteros
3287 5695 3496 5754 quoque
3522 5680 3822 5735 instruere.
