4310 6574
334 428 453 500 605

1175 428 1690 497 COMMENTAR.
1735 427 1817 492 ΙΝ
1861 424 2112 490 EPIST.
2159 425 2263 488 AD
2305 424 2582 499 TITUM,
2627 424 2800 488 CAP.
2846 420 2896 486 Ῑ.

3618 415 3740 481 606

337 567 484 628 mihi
514 566 735 626 Paulus
765 566 994 625 videtur
1022 566 1295 639 sensisse,
1330 583 1463 623 cum
1521 566 1662 624 dicit
1703 563 1979 643 cppevamt-
2012 560 2065 627 Α
2098 563 2254 629 ferri,
2289 564 2360 621 de
2393 561 2607 634 quibus
2638 558 2910 633 superius
2938 560 3029 617 est
3054 555 3287 616 locutus
3321 573 3334 613 :
3367 554 3614 614 Maxime
3642 552 3742 628 qui

335 678 423 714 ται
459 675 472 715 :
508 675 623 716 non
655 662 719 714 ut
747 655 1091 729 simpliciter
1122 656 1363 712 Latinus
1407 658 1696 727 interpres
1728 659 1983 712 transtu-

339 746 427 816 lit,
460 747 784 820 deceptores,
817 746 917 801 sed
946 746 1215 801 mentium
1242 746 1568 817 deceptores.
1622 747 1690 802 Et
1745 746 1979 819 quidem

344 839 469 894 sine
508 836 941 907 Scripturarum
991 835 1337 890 auctoritate
1386 835 1702 906 garrulitas
1732 851 1848 890 non
1879 834 1982 890 ha-

341 925 503 983 beret
531 925 725 995 ﬁdem,
760 923 868 979 nisi
901 923 1235 979 viderentur
1283 939 1615 995 perversam
1657 924 1983 979 doctrinam

344 1008 539 1071 etiam'
569 1012 782 1069 divinis
834 1013 1189 1069 testimoniis
1261 1014 1552 1069 roborare.
1616 1014 1680 1068 lli
1728 1017 1868 1068 sunt
1915 1014 1987 1068 de

342 1102 790 1158 circumcisione
819 1102 1140 1175 Judai,qui
1166 1108 1306 1159 tunc
1339 1104 1621 1175 temporis
1648 1106 1985 1159 nascentem

339 1190 556 1249 Christi
586 1191 908 1247 Ecclesiam
943 1192 1278 1248 subvertere
1325 1193 1684 1263 nitebantur,
1718 1197 1773 1248 et
1802 1192 1986 1248 intro-

340 1279 552 1336 ducere
577 1285 864 1353 pracepta
891 1280 1102 1353 legalia
1134 1297 1149 1337 :
1183 1283 1253 1337 de
1279 1282 1497 1354 quibus
1528 1285 1586 1337 et
1641 1282 1713 1338 ad
1776 1282 1986 1337 Roma-

340 1386 450 1425 nos
481 1376 536 1425 et
567 1370 637 1425 ad
672 1369 908 1427 Galatas
966 1370 1198 1443 plenius
1235 1370 1454 1427 Paulus
1512 1370 1869 1443 exsequitur.
1920 1371 1990 1425 Et

340 1475 448 1516 nos
480 1462 614 1515 ante
646 1476 863 1531 paucos
893 1476 1146 1530 menses,
1178 1460 1289 1515 tria
1321 1458 1621 1515 volumina
1675 1460 1733 1515 in
1765 1459 1990 1532 Episto-

343 1547 411 1603 la
441 1547 514 1602 ad
545 1546 783 1604 Galatas
814 1547 1223 1619 explanatione
1252 1548 1623 1605 dictavimus.
1684 1547 1856 1604 Tales
1884 1548 1988 1603 ho-

345 1636 536 1692 mines
594 1636 808 1692 Doctor
866 1636 1154 1705 Ecclesia,
1212 1638 1305 1694 cui
1383 1637 1594 1694 anima
1640 1636 1989 1710 populorum

343 1725 575 1785 credita
606 1732 767 1791 sunt,
799 1726 1233 1799 Scripturarum
1265 1728 1437 1784 debet
1465 1726 1685 1783 ratione
1715 1742 1992 1799 superare

343 1818 401 1871 et
430 1813 730 1870 silentium
759 1813 878 1871 illis
907 1816 1378 1873 testimoniorum
1401 1816 1990 1890 pondereimponere,

2090 657 2155 714 de
2180 657 2600 713 circumcisione
2642 654 2773 709 simi
2803 669 2815 707 :
2850 668 2981 723 quos
3037 652 3243 723 oportet
3298 647 3592 719 refrenari,
3647 644 3744 717 qui

2091 749 2373 804 universas
2400 745 2584 801 domos
2613 745 2951 807 subvertant,
2984 740 3234 796 docentes
3263 752 3389 810 quae
3428 752 3540 791 non
3586 750 3742 806 opor-

2090 840 2164 894 tet
2191 838 2368 909 turpis
2398 838 2542 892 lucri
2570 834 2753 902 gratia
2784 831 2946 904 (vers.
2986 832 3070 893 10,
3130 830 3239 896 11),
3294 831 3361 883 ut
3408 829 3691 897 sequatur
3722 839 3735 878 :

2092 927 2247 982 Dixit
2275 925 2499 997 quidam
2520 940 2591 979 ex
2618 922 2733 978 illis
2762 921 3017 991 proprius
3059 934 3247 974 eorum
3279 916 3559 987 prapheta.
3595 911 3741 978 Quia

2093 1030 2227 1070 vero
2274 1014 2333 1070 in
2382 1012 2544 1069 nullo
2594 1010 3007 1084 prophetarum
3055 1007 3195 1079 quid
3264 1004 3418 1078 apud
3477 1003 3737 1059 Judaam

2093 1103 2388 1159 vaticinati
2422 1106 2581 1170 sunt,
2621 1100 2717 1155 hic
2747 1099 3083 1155 hexameter
3102 1094 3426 1151 versiculus
3454 1091 3743 1164 reperitur

2095 1192 2325 1248 videtur
2355 1190 2497 1246 mihi
2529 1188 2845 1261 dupliciter
2892 1185 3229 1257 legendum,
3298 1187 3363 1238 ut
3416 1181 3527 1237 hoc
3583 1180 3740 1251 quod

2096 1281 2178 1337 ait
2210 1298 2222 1336 :
2254 1282 2415 1338 Dixit
2442 1280 2668 1353 quidam
2698 1294 2767 1333 ea:
2794 1276 2911 1331 illis
2936 1276 3196 1347 proprius
3239 1288 3429 1328 eorum
3454 1270 3744 1342 propheta,

2096 1387 2232 1427 cum
2265 1367 2668 1441 superioribus
2699 1364 3023 1437 copuletur,
3056 1362 3220 1433 hujus
3254 1363 3335 1417 rei
3378 1361 3561 1431 gratia
3610 1358 3744 1414 reli-

2098 1461 2197 1533 qui
2223 1464 2275 1515 te
2304 1460 2491 1525 Creta,
2526 1466 2586 1513 ut
2612 1474 2675 1513 ea
2706 1473 2824 1529 qua
2846 1455 3090 1518 deerant,
3112 1452 3414 1518 corrigeres
3462 1449 3629 1520 (vers.
3662 1447 3741 1517 5).

2098 1553 2155 1605 et
2184 1553 2466 1621 sequatur
2497 1564 2511 1605 :
2544 1548 2701 1604 Dixit
2724 1546 2949 1618 quidam
2995 1538 3065 1599 ea?
3094 1541 3209 1597 illis
3252 1538 3513 1612 proprius
3556 1551 3748 1592 eorum

2097 1639 2385 1710 prapheta,
2417 1638 2475 1693 id
2509 1641 2599 1692 est
2640 1634 3028 1691 Cretensium.
3087 1630 3199 1687 Sed
3257 1627 3396 1701 quia
3446 1624 3633 1681 multa
3684 1624 3744 1680 in

2101 1728 2293 1784 medio
2344 1732 2505 1796 sunt,
2554 1733 2609 1782 et
2650 1725 2760 1781 hoc
2810 1723 3135 1779 absurdum
3191 1719 3441 1782 videtur,
3492 1719 3549 1771 et
3599 1715 3746 1770 forte

2102 1833 2273 1872 nemo
2305 1816 2549 1889 recipiat
2581 1833 2593 1870 :
2627 1819 2933 1887 propterea
2967 1829 3097 1868 cum
3164 1805 3585 1880 superioribus,
3617 1819 3745 1876 qua

345 1902 444 1976 qui
475 1920 591 1959 non
623 1921 827 1971 unam,
863 1910 965 1960 aut
993 1922 1213 1978 paucas
1250 1907 1480 1976 domos,
1532 1907 1631 1961 sed
1690 1905 1994 1961 universas
2025 1933 2072 1998 Β
2105 1906 2294 1977 magis
2314 1906 2506 1961 vicina
2536 1908 2677 1960 sunt
2702 1903 2871 1959 aliter
2898 1900 3222 1974 aptandum
3240 1900 3429 1963 est,ut
3458 1894 3742 1967 legamus:

343 2007 478 2048 cum
508 1992 768 2048 dominis
802 1993 1158 2066 familiisque
1210 1996 1583 2061 subvertunt,
1618 1996 1891 2051 docentes
1922 1994 1994 2048 de
2027 1984 2072 1998 “’
2105 1995 2241 2050 Sunt
2269 1997 2420 2050 enim
2448 1995 2615 2050 multi
2642 2001 2692 2049 et
2727 1994 2877 2049 700
2907 2008 3023 2047 non
3071 1988 3293 2055 subditi,
3337 1984 3644 2057 vaniloqui,
3695 1989 3748 2037 et

343 2080 608 2138 ciborum
642 2081 1091 2149 dilferentiis,de
1121 2084 1349 2140 sabbati
1374 2085 1502 2156 jam
1521 2084 1659 2140 olim
1683 2082 1995 2140 abolitione

349 2170 421 2226 de
451 2170 914 2228 circumcisionis
943 2172 1188 2244 injuria;
1221 2177 1396 2246 atque
1418 2175 1640 2229 utinam
1671 2173 1780 2229 hoc
1800 2172 1995 2244 ipsum

348 2261 471 2315 zelo
504 2259 639 2314 fidei
671 2259 947 2328 iacerent,
980 2277 1049 2317 ex
1081 2268 1243 2333 parte
1275 2261 1474 2335 aliqua
1524 2265 1720 2333 posset
1749 2260 1994 2334 ignosci,

349 2347 579 2403 dicente
609 2346 884 2418 Apostolo
917 2365 930 2403 :
967 2349 1262 2419 Conﬁteor,
1294 2350 1475 2405 zelum
1503 2350 1601 2405 Dei
1647 2348 1875 2417 habent,
1905 2348 1998 2404 sed

350 2451 460 2491 non
491 2436 791 2491 secundum
818 2440 1107 2494 scientiam
1148 2440 1322 2507 (Rom.
1383 2456 1439 2505 κ,
1469 2440 1524 2509 2)
1559 2455 1572 2505 ;
1604 2454 1803 2493 verum
1859 2437 1999 2508 quia

353 2524 500 2581 deus
530 2528 621 2580 est
647 2529 847 2581 venter
873 2525 1160 2599 ipsorum,
1192 2527 1381 2599 turpis
1410 2526 1557 2583 lucri
1579 2527 1767 2598 gratia
1795 2525 1997 2581 volunt

357 2613 623 2689 proprios
673 2614 858 2671 facere
904 2614 1246 2687 discipulos,
1282 2618 1427 2673 705
1489 2621 1556 2671 ut
1586 2615 1751 2685 quasi
1810 2615 1995 2687 magi-

353 2702 458 2759 stri
491 2719 525 2757 a
549 2703 937 2759 sectatoribus
967 2704 1093 2760 suis
1121 2703 1371 2759 alantur.
1417 2704 1739 2760 Possumus
1797 2709 1995 2759 autem

350 2796 409 2847 et
437 2790 604 2847 aliter
632 2790 1001 2865 interpretari
1029 2794 1136 2849 hoc
1167 2794 1323 2866 quod
1375 2793 1599 2849 dictum
1647 2796 1754 2861 est,
1816 2795 1997 2865 turpis

355 2882 498 2936 lucri
522 2880 725 2952 gratia:
758 2885 823 2936 ut
853 2881 1483 2955 putemusApostolum
1506 2882 1995 2938 communiverho

354 2986 551 3038 usum,
584 2986 699 3041 quo
733 2986 935 3026 omnes
959 2970 1214 3027 haretici
1245 2988 1381 3027 cum
1437 2987 1709 3044 perversa
1764 2972 1993 3037 docent,

351 3073 414 3114 se
446 3057 753 3114 hominum
786 3058 973 3116 solent
1001 3076 1261 3117 asserere
1316 3059 1637 3118 lucratores
1670 3078 1683 3116 :
1716 3076 1849 3116 cum
1879 3075 1994 3114 non

346 3146 586 3203 lucrum
616 3147 715 3216 sit,
750 3148 850 3204 sed
883 3149 1153 3221 perditio,
1186 3150 1415 3206 animas
1469 3150 1797 3206 interﬁcere
1826 3149 1995 3204 dece-

356 3241 616 3309 piorum.
654 3235 889 3305 Contra,
913 3238 1011 3310 qui
1042 3243 1334 3295 errantem
1365 3239 1603 3295 fratrem
1634 3239 1997 3307 suumjuxta

356 3299 739 3398 Evangelium
772 3299 1137 3398 corripuerit,
1191 3328 1240 3382 si
1283 3328 1456 3384 fuerit
1508 3327 1603 3384 ille
1660 3299 1995 3393 con-versus,
2027 3299 2071 3367 (ἶ

345 3413 612 3471 lucratus
644 3418 735 3470 est
782 3431 916 3470 eum
965 3416 1187 3488 (Matth.
1248 3434 1409 3482 xvm,
1479 3419 1581 3486 15).
1626 3416 1787 3480 Quod
1841 3417 1998 3471 enim

359 3503 555 3575 majus
588 3501 820 3559 lucrum
861 3508 1053 3575 potest
1106 3521 1255 3573 esse,
1313 3510 1416 3561 aut
1470 3504 1610 3578 quid
1667 3504 1999 3576 pretiosius,

361 3608 543 3665 quam
573 3592 622 3648 si
657 3592 977 3649 humanam
1009 3592 1267 3649 animam
1299 3593 1432 3666 quis
1466 3593 1725 3650 lucretur
1751 3592 2003 3649 ?Omnis

355 3681 539 3755 igitur
571 3682 774 3737 doctor
804 3681 1090 3748 Ecclesia,
1124 3683 1221 3755 qui
1255 3683 1327 3738 ad
1357 3684 1532 3739 ﬁdem
1588 3682 1799 3738 Christi
1847 3688 2006 3738 recta

351 3772 575 3828 ratione
606 3772 940 3843 persuadet,
972 3771 1258 3828 honestus
1287 3771 1544 3829 lucrator
1571 3777 1679 3829 est.
1714 3773 1783 3827 Et
1811 3770 2004 3828 omnis

355 3859 667 3916 hareticus
697 3859 797 3931 qui
830 3859 1185 3931 quibusdam
1218 3861 1529 3933 prastigiis
1557 3862 1826 3917 homines
1858 3859 2007 3917 fallit

354 3952 411 4005 et
443 3948 684 4017 fallitur,
728 3948 992 4021 loquitur
1028 3966 1158 4023 qua
1188 3967 1303 4008 non
1336 3956 1581 4024 oportet,
1610 3950 1800 4023 turpis
1860 3949 2006 4006 lucri

355 4038 564 4110 gratia.

435 4127 620 4197 (Vers.
656 4128 723 4182 12
752 4129 943 4201 seqq.)
974 4150 1003 4178 «
1038 4128 1188 4184 Dixit
1216 4128 1455 4201 quidam
1488 4145 1557 4185 ex
1584 4129 1706 4186 illis
1734 4130 2007 4204 proprius

364 4229 566 4270 eorum
622 4217 902 4290 propheta
934 4218 936 4220 ’
968 4234 982 4273 :
1024 4218 1327 4274 Cretenses
1366 4222 1615 4290 semper
1653 4209 2003 4288 'mendaces,

366 4301 535 4358 malae
585 4304 803 4373 bestia,
880 4310 1109 4363 ventres
1168 4306 1336 4379 pigri.
1414 4308 1839 4365 Testimonium
1897 4309 2006 4365 hoc

361 4407 563 4448 verum
597 4398 705 4461 est,
734 4394 807 4450 ob
841 4412 1018 4468 quam
1050 4411 1289 4451 causam
1323 4395 1689 4467 increpaillo
1719 4398 1929 4454 acriter
1962 4401 2003 4467 ¹,

360 4484 429 4535 ut
459 4482 586 4538 sani
618 4482 737 4539 sint
766 4484 824 4539 in
858 4484 993 4551 fide,
1026 4500 1144 4540 non
1175 4484 1541 4540 attendentes
1560 4485 1821 4542 Judaicis
1843 4487 2006 4543 fabu-

358 4569 456 4639 lis,
489 4575 545 4626 et
574 4573 870 4629 mandatis
900 4572 1207 4629 hominum
1239 4573 1637 4630 aversantium
1696 4592 1757 4631 se
1787 4592 1822 4631 a
1858 4575 2003 4631 veri-

2102 2084 2373 2139 mentium
2400 2083 2721 2154 deceptores,
2744 2083 2991 2137 maxime
3033 2087 3216 2135 autem
3260 2078 3357 2149 qui
3400 2074 3465 2131 de
3510 2074 3745 2129 circum-

2104 2174 2309 2229 cisione
2353 2181 2481 2228 sunt
2510 2175 2666 2245 (vers.
2701 2172 2790 2242 10)
2826 2190 2839 2239 ;
2872 2186 3021 2243 quos
3051 2167 3267 2223 multos
3318 2172 3372 2220 et
3400 2179 3517 2219 non
3547 2157 3749 2217 subdi-

2105 2266 2216 2325 tos.
2249 2262 2614 2333 vaniloquos,
2646 2265 2703 2316 et
2736 2258 3023 2316 mentium
3075 2257 3434 2327 deceptores,
3476 2266 3610 2306 cum
3654 2246 3749 2302 his

2106 2350 2206 2423 qui
2243 2350 2315 2406 de
2369 2349 2812 2407 circumcisione
2860 2351 3022 2415 sunt,
3069 2348 3298 2418 oportet
3348 2337 3618 2404 refenari,
3649 2335 3751 2409 qui

2114 2440 2416 2497 universas
2446 2441 2651 2495 domos
2695 2440 3059 2505 subvertant,
3120 2435 3391 2491 docentes
3445 2445 3573 2502 qua
3630 2442 3747 2482 non

2105 2533 2331 2602 oportet
2361 2531 2549 2602 turpis
2581 2528 2725 2584 lucri
2755 2527 2943 2600 gratia
2975 2543 2988 2582 :
3023 2524 3169 2581 dixit
3215 2520 3456 2594 quidam
3515 2534 3584 2573 ex
3630 2513 3748 2571 illis

2104 2619 2377 2692 proprius
2407 2634 2608 2675 eorum
2642 2616 2924 2690 pr0pheta
2956 2632 2968 2671 :
3002 2619 3068 2669 ut
3096 2613 3154 2668 id
3187 2608 3341 2684 quod
3374 2604 3747 2679 ait,pr0prius

2103 2724 2291 2766 eorum
2314 2708 2601 2780 propheta,
2632 2724 2748 2762 non
2778 2703 3109 2777 specialiter
3163 2701 3235 2758 ad
3273 2699 3532 2763 Judaos,
3563 2698 3620 2751 et
3647 2709 3747 2750 eos

2105 2798 2358 2853 maxime
2389 2796 2489 2869 qui
2523 2797 2593 2853 de
2622 2793 3067 2851 circumcisione
3095 2795 3255 2860 sunt,
3291 2788 3392 2846 sed
3424 2786 3496 2843 ad
3529 2782 3749 2839 multos

2104 2886 2409 2952 referatur,
2444 2886 2543 2957 qui
2576 2902 2689 2941 non
2722 2882 2943 2940 subditi
2994 2884 3154 2946 sunt,
3212 2882 3269 2935 et
3322 2872 3643 2946 vaniloqui,
3692 2873 3749 2927 et

2102 2960 2391 3031 mentium
2448 2975 2803 3047 deceptores,
2864 2971 2965 3044 qui
3022 2970 3227 3041 utique
3280 2966 3420 3039 quia
3474 2964 3535 3019 in
3586 2964 3752 3017 Creta

2104 3067 2292 3131 erant,
2323 3062 2624 3119 Cretenses
2655 3062 2837 3131 fuisse
2866 3059 3138 3116 credendi
3181 3060 3338 3113 sunt.
3398 3051 3622 3111 Dicitur
3645 3066 3749 3106 au-

2104 3156 2222 3207 tem
2255 3153 2365 3208 iste
2392 3151 2719 3208 versiculus
2750 3150 2808 3205 in
2841 3147 3201 3222 Epimenidis
3250 3141 3540 3202 CrEtensis
3570 3142 3751 3214 poeta

2108 3241 2357 3298 oraculis
2404 3241 2643 3313 reperiri
2686 3242 2708 3275 ³
2760 3264 2774 3307 ;
2823 3255 2998 3311 quem
3059 3232 3585 3309 imprasentiarum
3631 3228 3750 3286 sive

2110 3328 2366 3387 illudens
2396 3331 2505 3402 (Αι.
2548 3328 2838 3400 alludens)
2897 3326 3241 3399 prophetam
3296 3320 3537 3390 vocavit,
3595 3316 3751 3391 quod

2110 3420 2333 3476 scilicet
2360 3419 2511 3475 tales
2549 3417 2887 3483 Christiani,
2942 3414 3088 3471 tales
3144 3412 3359 3469 habere
3416 3409 3754 3465 mereantur

2112 3508 2429 3581 prophetas
2458 3524 2471 3562 :
2505 3507 2798 3579 quomodo
2830 3510 2887 3561 et
2938 3502 3232 3577 propheta
3277 3501 3444 3556 erant
3489 3493 3626 3552 Baal
3656 3493 3753 3564 (III

2114 3599 2238 3669 Reg.
2272 3615 2429 3665 xvm,
2465 3598 2573 3667 19),
2607 3601 2665 3652 et
2694 3594 2988 3667 propheta
3024 3588 3404 3657 confusionis,
3436 3590 3493 3642 et
3547 3582 3644 3640 alii
3675 3581 3755 3637 of-

2112 3687 2445 3744 fensionum
2480 3703 2494 3743 :
2527 3690 2583 3742 et
2608 3699 2990 3758 quoscunque
3010 3681 3249 3736 vitiosos
3262 3676 3576 3751 prophetas
3604 3670 3757 3728 Scri-

2113 3782 2287 3849 ptura
2318 3778 2782 3831 commemorat:
2828 3773 2948 3829 sive
2993 3787 3146 3841 vere,
3191 3767 3329 3841 quia
3376 3766 3447 3822 de
3493 3759 3758 3820 Oraculis

2114 3864 2414 3937 scripserit
2444 3868 2621 3935 atque
2649 3861 2972 3934 responsis,
3004 3877 3130 3931 qua
3162 3862 3220 3914 et
3246 3858 3377 3930 ipsa
3404 3855 3600 3910 futura
3623 3866 3763 3924 pra~

2114 3953 2412 4018 nuntient,
2437 3957 2496 4010 et
2521 3969 2588 4009 ea
2617 3968 2745 4024 qua
2777 3955 3021 4007 ventura
3049 3952 3191 4004 sunt
3234 3944 3420 4002 multo
3451 3947 3585 3999 ante
3614 3958 3759 4014 pra-

2116 4042 2329 4098 dicant.
2397 4041 2661 4113 Denique
2736 4039 2861 4111 ipse
2944 4038 3090 4093 liber
3167 4035 3522 4092 Oraculorum
3587 4028 3760 4086 titulo

2116 4135 2473 4203 pranotatur
2504 4146 2518 4184 :
2552 4145 2727 4201 quem
2759 4128 2900 4199 quia
2917 4126 3227 4181 videbatur
3248 4123 3511 4179 divinum
3535 4117 3760 4192 aliquid

2115 4220 2540 4292 repromittere,
2573 4221 2875 4290 propterea
2901 4213 3248 4287 Apostolum
3280 4211 3534 4268 arbitror
3563 4208 3756 4279 inspe-

2114 4310 2293 4381 xisse,
2331 4314 2396 4365 ut
2417 4309 2639 4365 videret
2669 4307 2806 4380 quid
2852 4303 3161 4379 gentilium
3216 4299 3493 4357 divinatio
3526 4295 3760 4371 pollice-

2116 4405 2279 4457 retur
2312 4416 2323 4456 :
2358 4404 2416 4455 et
2444 4400 2503 4455 in
2538 4404 2799 4469 tempore
2830 4395 3083 4451 abusum
3112 4408 3241 4448 esse
3272 4386 3579 4455 versiculo,
3613 4384 3755 4442 scri-

2113 4490 2350 4546 bentem
2384 4489 2456 4544 ad
2485 4488 2682 4544 Titum
2714 4484 2813 4557 qui
2845 4488 2971 4540 erat
2994 4487 3198 4538 Creta:
3234 4484 3300 4536 ut
3327 4478 3503 4535 falsos
3524 4475 3757 4532 Creten-

2116 4579 2271 4633 sium
2304 4579 2571 4634 doctores
2602 4574 2835 4648 proprio
2874 4571 3079 4629 insula
3100 4565 3757 4627 doctorecouvincerets.

359 4663 506 4717 tate.
549 4682 577 4711 »
607 4662 901 4726 Quantum
932 4663 1002 4719 ad
1031 4667 1254 4719 textum
1309 4663 1618 4735 sermonis,
1662 4669 1716 4719 et
1768 4665 1838 4720 ad
1880 4682 2011 4721 con-
2042 4672 2086 4737 ι)
2120 4666 2235 4723 Hoc
2283 4672 2476 4723 autem
2528 4663 2745 4720 Paulus
2791 4678 2905 4718 non
2950 4660 3141 4717 solum
3196 4659 3256 4714 in
3313 4658 3421 4714 hoc
3480 4656 3626 4727 loco,
3659 4654 3761 4710 sed

359 4748 668 4807 tinentiam
700 4751 810 4807 loci
842 4752 1231 4825 pertinet,hoc
1262 4753 1417 4825 quod
1449 4752 1548 4808 ait:
1586 4756 1747 4809 Dixit
1784 4754 2009 4826 quidam

361 4851 425 4893 ev
456 4838 572 4893 illis
588 4842 848 4911 proprius
877 4856 1072 4897 eorum
1099 4842 1380 4915 propheta,
1430 4842 1659 4899 videtur
1687 4844 1757 4899 ad
1788 4860 1888 4899 eos
1920 4861 2006 4900 re-

438 4985 464 5062 :
487 4981 858 5062 Cisterciens.
892 5001 1058 5057 mss.,
1091 4987 1329 5059 graviter
1357 5003 1461 5058 pro
1498 4988 1729 5055 acriter,
1777 4988 2007 5062 longius

363 5070 398 5108 ει
427 5057 642 5129 91:88am
675 5054 991 5129 ἀποτόμως

434 5125 1117 5201 _’_Epimenidis’laudari
1173 5129 1244 5184 ab
1304 5129 1579 5201 Apostolo
1633 5131 2005 5201 sententiam,

364 5195 634 5269 nihil'est
661 5199 931 5257 dubium.
964 5201 1126 5266 Quod
1159 5217 1293 5257 vero
1323 5195 1503 5257 tradit
1530 5209 1585 5256 ὃ.
1621 5202 1809 5269 Pater,
1844 5220 1912 5258 ex
1941 5195 2007 5260 eo

364 5268 611 5345 fortasse
644 5272 989 5344 prophetam
1020 5289 1156 5329 eum
1189 5271 1491 5344 appellari,
1545 5276 1677 5345 quia
1706 5275 1769 5329 de
1798 5268 2004 5331 Oracu-

366 5340 781 5417 lis_scripserit,
831 5361 1154 5417 versusque
1211 5340 1308 5401 ille
1347 5362 1415 5400 ex
1471 5340 1821 5417 eo'petatur
1862 5346 2008 5403 libro

361 5412 461 5490 qui
488 5412 869 5490 (Graeculorum
911 5412 1074 5473 titulo
1110 5425 1475 5489 praenotatur,
1530 5412 1827 5488 utcunque
1874 5435 2005 5490 pro-

363 5483 505 5559 bant
550 5490 608 5540 et
653 5491 941 5559 Socrates,
997 5483 1222 5559 111,7'16,
1292 5494 1348 5543 et
1400 5483 1761 5559 Nicephorus
1811 5483 2004 5553 x,"26.

362 5555 629 5612 Fortasse
659 5558 835 5613 etiam
870 5555 1109 5614 Luciani
1137 5560 1490 5616 Scholiastes
1530 5555 1649 5616 tom
1685 5562 1725 5616 Ι.
1752 5564 1862 5615 sub
1895 5561 2005 5616 ini-

362 5627 541 5707 tium‘
576 5646 589 5683 :
621 5696 632 5707 ‘
660 5630 747 5707 '0“
787 5626 1145 5707 ’Empsyibnc
1171 5704 1195 5707 ψ
1229 5632 1379 5705 Κρῆς
1409 5703 1419 5707 Α
1446 5634 1511 5700 ἦν
1579 5630 2007 5707 Χρησμολόγᾳς,

360 5697 425 5777 (ζῦ
454 5696 545 5777 nui
573 5696 661 5777 τλὸ,
710 5696 930 5777 Χρῆτεξ
969 5700 1050 5755 ἀεὶ
1101 5696 1345 5777 traheret,
1400 5696 2007 5777 Loc{tov,'Ep'iInenides

363 5773 633 5828 Cretensis
678 5773 827 5830 vates
891 5782 1032 5843 erat,
1081 5775 1236 5843 cuius
1300 5783 1351 5830 et
1418 5773 1518 5832 illa
1581 5773 1855 5835 sententia
1903 5782 2007 5849 est,

2117 4756 2292 4812 etiam
2343 4756 2401 4811 in
2456 4754 2586 4810 aliis
2640 4752 2847 4808 fecisse
2892 4748 3369 4821 deprehenditur.
3411 4747 3473 4802 In
3521 4744 3765 4801 Actibus

2118 4845 2333 4919 quippe
2347 4841 2908 4915 apostolorum,cum
2923 4838 3330 4894 concionaretu
3340 4836 3439 4892 rad
3456 4832 3763 4908 populum,

2120 4990 2392 5045 Cretenses
2420 4984 3280 5058 sempermendaces._Caterum
3331 4978 3428 5051 qui
3462 4976 3762 5058 divinandi

2117 5060 2351 5117 laudem
2383 5052 2709 5132 Epimenidi
2741 5053 3075 5132 tribuerint,
3124 5059 3453 5132 occurrunt
3495 5052 3763 5132 ex.A_n‘ti-

2119 5132 2254 5205 quis
2305 5118 2471 5205 multi
2510 5149 2521 5186 :
2566 5129 2747 5198 Plato,
2796 5128 2862 5182 de
2891 5118 3127 5205 Legibus
3152 5123 3253 5205 lib.
3285 5140 3327 5205 ξι
3362 5141 3376 5191 ;
3425 5118 3764 5205 Aristoteles

2118 5192 2338 5261 ﬁhetor.
2392 5203 2491 5259 lib.
2570 5218 2647 5267 vx,
2698 5192 2825 5271 cap.
2889 5192 3002 5271 17';
3047 5194 3397 5271 Plutarchus
3423 5192 3482 5271 in
3530 5192 3761 5257 Solone,

2120 5277 2384 5332 Laertius
2406 5275 2507 5330 lib.
2542 5292 2579 5339 ι,
2615 5264 2859 5347 ἐιιῄἰὶᾳὺθᾷ
2882 5267 3283 5347 Epimeniden!
3308 5264 3765 5347 .celehrem‘poe-

2119 5354 2241 5403 tam
2273 5349 2526 5418 epicum,
2556 5333 2789 5401 natione
2820 5333 3180 5418 Cretensem,
3208 5338 3348 5418 dicit
3371 5340 3434 5418 et
3480 5333 3762 5418 Apuleius

2117 5418 2220 5475 lib.
2248 5437 2287 5474 ιι
2308 5405 2583 5475 ’Ὲιονίάὸη
2615 5434 2629 5484 ;
2663 5421 2719 5471 et
2754 5430 2885 5489 cum
2936 5413 3081 5467 mira
3115 5405 3319 5489 inulla,
3358 5406 3503 5489 licet
3531 5405 3764 5489 Tabulis

2120 5491 2403 5557 immista,
2435 5491 2505 5545 de
2535 5480 2663 5560 ipso
2694 5487 3122 5560 traderentur_a
3153 5480 3487 5560 concivihus
3518 5480 3668 5560 suis,
3700 5483 3766 5560 ut

2120 5550 2411 5618 testantur
2443 5550 2701 5617 Laertius
2731 5564 2787 5614 et
2816 5557 3013 5612 Cicero
3048 5553 3147 5607 lib.
3184 5570 3222 5613 ι.
3256 5551 3322 5606 de
3343 5551 3553 5619 Divin.,
3584 5550 3760 5608 veluti

2114 5635 2376 5715 propheta
2401 5635 2733 5715 futurorum
2769 5627 3047 5703 prascius
3077 5629 3166 5715 cst
3195 5623 3450 5715 habitus;

2118 5696 2145 5757 ’.
2186 5696 2362 5763 3'Duo
2392 5696 2976 5769 Cisterciens.'mss.,
3020 5697 3243 5770 praprio
3294 5696 3491 5753 insula
3533 5699 3764 5754 auctore

2118 5778 2398 5836 intererat.
