4310 6594
572 344 690 415 607

1808 360 1878 423 S.
1920 358 2237 425 EUSEBII
2280 357 2726 424 BIERONYMI

3853 354 3975 425 608

566 486 623 541 et
654 482 712 539 in
745 489 1064 560 Areopago,
1099 504 1225 562 quae
1251 493 1341 548 est
1389 491 1552 550 curia
1574 486 2041 567 Atheniensium,
2089 496 2209 549 dis-
2242 496 2294 563 Α
2329 493 2553 567 integer
2583 512 2785 551 versus
2826 494 2898 551 de
2936 491 3276 567 Epimenide
3333 495 3503 567 poeta
3559 489 3631 551 ab
3686 492 3963 568 Apostolo

566 578 817 646 putaret,
851 574 1004 633 inter
1036 584 1241 636 caetera
1288 581 1369 637 ait
1400 598 1413 636 :
1448 581 1598 639 Sicut
1649 590 1703 638 et
1756 583 1982 656 quidam
2038 587 2104 639 de
2132 601 2215 643 ve-

553 664 687 718 stris
726 668 899 735 poetis
950 667 1211 725 dixerunt
1246 688 1265 725 :
1291 670 1468 743 Ipsius
1521 674 1671 727 enim
1726 676 1775 729 et
1805 690 1976 744 genus
2018 690 2220 729 sumus

548 751 681 824 (Act.
714 771 855 819 xvn,
887 757 1000 827 28),
1034 760 1190 830 quod
1239 758 1681 817 hemistichium
1718 764 1777 816 in
1827 762 2220 819 Phanomenis

553 844 750 898 Aratis
783 843 1000 917 legitur
1032 864 1045 914 ;
1078 864 1251 919 quem
1301 850 1495 907 Cicero
1554 850 1613 904 in
1677 851 1953 907 Latinum
1987 868 2214 908 sermo-

560 945 693 987 nem
765 934 1111 1004 transtulit;
1145 943 1203 992 et
1244 939 1626 994 Germanicus
1674 939 1880 1007 Cmsar,
1922 946 1979 996 et
2030 957 2215 1013 nuper

571 1021 845 1088 Avienus,
878 1028 936 1079 et
968 1025 1157 1094 multi,
1189 1043 1337 1097 quos
1366 1043 1709 1083 enumerare
1732 1028 2079 1101 perlongum
2104 1035 2210 1085 est.

568 1109 656 1164 Ad
707 1111 1033 1168 Corinthios
1073 1131 1325 1187 quoque,
1360 1116 1456 1187 qui
1490 1124 1545 1171 et
1577 1117 1684 1187 ipsi
1719 1119 1907 1173 Attica
1942 1119 2215 1174 facundia

561 1199 832 1272 expoliti;
864 1208 920 1256 et
950 1209 1185 1275 propter
1217 1203 1475 1259 locorum
1529 1206 1672 1261 701
1727 1207 1996 1263 viciniam
2033 1207 2210 1262 Athe-

563 1288 832 1344 niensum
868 1307 1072 1362 sapore
1104 1292 1319 1347 conditi
1351 1298 1513 1360 sunt,
1548 1294 1619 1349 de
1648 1295 1947 1350 Menandri
1997 1313 2211 1352 comm-

558 1377 655 1433 dia
683 1395 915 1434 versum
949 1381 1203 1453 sumpsit
1231 1384 1550 1439 ambicum:
1588 1384 1983 1457 Corrumpiunt
2025 1402 2209 1441 mores

562 1467 723 1521 bonos
750 1468 1020 1540 colloquia
1068 1471 1223 1525 mata
1256 1470 1303 1542 (I
1340 1472 1459 1527 Cor.
1510 1489 1601 1541 xv,
1660 1473 1773 1545 33).
1834 1474 1947 1529 Nec
1993 1474 2207 1530 mirum

557 1555 606 1611 ei
644 1571 746 1627 pro
778 1559 1216 1628 opportunitate
1238 1560 1538 1632 temporis,
1564 1562 1870 1632 gentilium
1906 1569 2205 1634 poetarum

558 1645 831 1701 versibus
874 1646 1156 1703 abutatur
1207 1664 1219 1702 :
1272 1664 1406 1704 cum
1457 1648 1630 1705 etiam
1694 1651 1763 1705 de
1829 1650 2208 1723 inscriptione

561 1749 673 1788 arae
706 1733 905 1805 aliqua
930 1737 1403 1803 commutans,ad
1436 1737 1820 1794 Athenienses
1845 1739 2075 1795 locutus
2109 1741 2203 1796 sit:

556 1820 939 1878 Pertranszens
968 1826 1136 1895 enim,
1167 1824 1377 1897 inquit,
1425 1830 1474 1881 et
1529 1828 1904 1899 contemplans
1961 1830 2208 1885 culturas
2242 1867 2286 1931 Β

558 1914 781 1981 vestras,
817 1913 1008 1967 inveni
1034 1920 1085 1968 et
1116 1930 1280 1968 aram
1326 1916 1384 1969 in
1436 1932 1544 1986 qua
1602 1919 2035 1989 superscriptum
2081 1922 2160 1974 est
2187 1936 2206 1972 .-

563 1999 749 2070 Ignoto
787 2000 911 2057 Deo.
964 2001 1112 2070 Quod
1157 2004 1345 2074 itaque
1392 2006 1710 2077 ignomntes
1755 2008 1951 2075 colitis,
1986 2007 2087 2063 hoc
2114 2023 2211 2077 ego

569 2090 841 2145 annuntio
883 2090 1029 2147 vobis
1091 2092 1225 2161 (Act.
1295 2110 1431 2162 xvn,
1498 2095 1610 2166 23).
1649 2095 1951 2168 Inscriptio
2014 2102 2208 2152 autem

565 2193 677 2234 arae
711 2194 824 2233 non
859 2179 940 2234 ita
969 2186 1114 2246 erat,
1149 2184 1212 2235 ut
1255 2181 1471 2238 Paulus
1516 2184 1786 2251 asseruit,
1819 2185 2001 2255 Ignoto
2029 2186 2141 2241 Deo
2170 2185 2210 2253 ¹,

566 2266 668 2322 sed
716 2267 799 2323 ita
850 2285 862 2323 :
915 2269 1035 2324 Diis
1084 2271 1253 2337 Asiae,
1292 2275 1345 2326 ct
1394 2273 1648 2343 Europae,
1698 2277 1749 2329 et
1797 2274 1995 2345 Africa
2042 2294 2063 2330 .·
2104 2275 2213 2330 diis

563 2355 783 2428 ignotis,
815 2366 865 2413 et
889 2359 1440 2429 peregrinis.Verum
1469 2361 1606 2433 quia
1632 2362 1851 2419 Paulus
1882 2381 1995 2420 non
2029 2364 2212 2435 pluri-

564 2445 677 2502 bus
704 2445 816 2501 diis
846 2445 1147 2520 indigebat
1177 2448 1411 2520 ignotis,
1447 2450 1547 2505 sed
1581 2467 1696 2507 uno
1726 2456 1955 2507 tantum
2014 2453 2212 2526 ignoto

565 2539 700 2604 Deo,
731 2536 1014 2609 singulari
1065 2538 1235 2594 verbo
1295 2555 1437 2593 usus
1468 2544 1595 2595 est:
1632 2546 1696 2595 ut
1752 2542 1985 2597 doceret
2042 2541 2210 2598 illum

561 2641 735 2681 suum
766 2642 895 2681 esse
927 2628 1128 2697 Deum,
1163 2644 1336 2699 quem
1369 2628 1753 2685 Athenienses
1804 2629 1863 2685 in
1896 2647 2007 2685 aras
2040 2629 2210 2686 titulo

560 2719 986 2788 praenotassent
1016 2732 1032 2771 :
1066 2721 1123 2771 et
1154 2722 1305 2773 recte
1334 2733 1468 2772 eum
1520 2718 1770 2775 scientes
1826 2719 2015 2775 colere
2046 2721 2214 2776 debe-

566 2808 714 2870 rent,
757 2820 931 2877 quem
976 2803 1314 2877 ignorantes
1367 2807 1820 2875 venerabantur,
1878 2813 1935 2863 et
1990 2809 2213 2863 nescire

563 2909 682 2951 non
715 2898 1001 2964 poterant.
1037 2898 1154 2949 Hoc
1195 2900 1389 2950 autem
1424 2896 1641 2951 Paulus
1676 2895 1920 2952 faciebat
1974 2915 2125 2963 raro,
2157 2903 2214 2953 et

560 2985 625 3036 ut
670 2980 781 3036 loci
824 2982 1021 3054 potius
1089 2999 1266 3054 quam
1321 2984 1728 3041 ostentationis
1803 2987 2214 3058 opportunitas

563 3068 849 3142 exigebat.
883 3067 944 3125 in
978 3085 1197 3126 morem
1233 3074 1455 3142 apium,
1489 3089 1617 3143 quas
1649 3073 1721 3128 de
1775 3073 2021 3129 diversis
2052 3075 2211 3131 flori-

468 3162 475 3165 ’
563 3156 675 3214 bus
707 3155 895 3214 solent
924 3157 1100 3215 mella
1137 3176 1504 3231 componere,
1555 3166 1613 3216 et
1645 3161 1907 3218 favorum
1967 3162 2212 3220 cellulas

2325 590 2598 657 sumptus
2629 590 2718 641 est
2751 603 2764 652 ;
2797 590 2853 640 et
2885 586 3013 658 ejus
3044 583 3435 640 Callimachus
3464 583 3521 638 in
3554 599 3661 640 suo
3693 591 3960 657 poemate

2325 678 2415 730 est
2447 692 2587 729 usus
2637 675 2891 730 exordio.
2945 674 3072 729 Sive
3128 673 3369 746 vulgare
3424 673 3819 747 proverbium,
3851 692 3967 746 quo

2327 763 2627 819 Cretenses
2660 763 2894 819 fallaces
2947 762 3412 836 appellabantur,
3462 763 3588 818 sine
3628 763 3781 819 furto
3818 762 3968 821 ηε

2323 851 2497 907 alieni
2528 852 2718 923 operis
2765 852 2824 907 in
2886 857 3134 907 metrum
3196 851 3414 907 retulit.
3477 852 3691 908 Putant
3722 853 3966 926 quidam

2322 940 2667 1011 Apostolum
2730 940 3296 1011 reprehendendum,
3357 940 3509 1011 quod
3560 940 3966 1013 imprudenter

2323 1028 2523 1101 lapsus
2552 1030 2632 1084 sit
2666 1056 2679 1094 ;
2712 1035 2767 1084 et
2799 1031 2904 1098 [ΑΙ.
2938 1030 3024 1101 ut]
3056 1030 3196 1084 dum
3233 1028 3411 1084 falsos
3450 1030 3717 1086 doctores
3749 1031 3966 1101 arguit,

2321 1116 2489 1173 illum
2538 1117 2889 1173 versiculum
2950 1119 3345 1191 comprobarit
3397 1133 3411 1171 :
3455 1119 3610 1190 quod
3660 1125 3969 1191 propterea

2321 1209 2623 1262 Cretenses
2652 1208 2933 1262 dicuntur
2961 1207 3068 1279 [ΑΙ.
3103 1206 3329 1285 dicunt]
3361 1221 3489 1262 esse
3522 1205 3776 1277 fallaces,
3808 1208 3966 1281 quod

2318 1296 2479 1352 Jovis
2511 1295 2846 1368 sepulcrum
2881 1296 3054 1351 inane
3086 1295 3539 1352 construxerint.
3573 1296 3630 1353 Si
3664 1296 3842 1364 enim,
3876 1297 3966 1352 in-

2321 1385 2533 1457 quiunt
2591 1384 2962 1457 Epimenides
3043 1385 3162 1441 sive
3234 1383 3647 1457 Callimachus,
3723 1392 3967 1460 proptea

2318 1473 2622 1529 Cretenses
2656 1473 2910 1543 fallaces,
2960 1480 3017 1529 et
3076 1472 3263 1529 malas
3323 1474 3540 1530 bestias
3590 1480 3864 1548 arguunt,
3905 1480 3965 1531 et

2316 1568 2545 1618 ventres
2584 1562 2802 1636 pigros,
2839 1563 2990 1634 quod
3052 1563 3247 1618 divina
3301 1579 3417 1618 non
3450 1563 3745 1631 sentiant;
3779 1568 3836 1620 et
3860 1563 3959 1620 Jo-

2316 1666 2468 1720 vem,
2502 1651 2602 1723 qui
2651 1655 2851 1723 regnet
2895 1649 2952 1705 in
3002 1651 3165 1722 coelo,
3216 1651 3275 1705 in
3336 1669 3445 1707 sua
3501 1651 3696 1709 insula
3742 1653 3968 1726 fingant

2318 1738 2614 1811 sepultum
2647 1757 2659 1795 :
2693 1746 2750 1795 et
2781 1740 2889 1795 hoc
2921 1740 3076 1812 quod
3126 1739 3208 1795 illi
3266 1739 3556 1811 dixerunt,
3588 1756 3717 1797 esse
3760 1758 3963 1798 verum

2318 1828 2572 1901 Apostoli
2606 1829 2900 1886 sententia
2954 1829 3371 1901 comprobatur
3403 1872 3416 1895 ,
3451 1830 3720 1900 sequitur
3757 1830 3957 1887 Jovem

2318 1933 2433 1973 non
2485 1922 2783 1973 mortuum
2836 1935 2986 1986 esse,
3040 1919 3138 1973 sed
3188 1918 3405 1975 vivum.
3457 1918 3729 1990 Imperite
3781 1919 3962 1991 igitur

2317 2006 2535 2062 Paulus
2565 2006 2847 2062 idolatriae
2877 2007 3224 2076 destructor,
3266 2007 3409 2062 dum
3455 2009 3732 2062 adversus
3764 2024 3962 2080 perve-

2321 2111 2417 2150 sus
2449 2096 2710 2151 doctores
2743 2096 2882 2168 agit,
2914 2097 3073 2163 deos,
3104 2095 3674 2169 quosimpugnabat,
3708 2095 3964 2152 asseruit

2321 2183 2543 2250 Quibus
2606 2185 2855 2240 breviter
2910 2185 3383 2256 respondendum
3441 2189 3548 2248 est,
3583 2185 3735 2241 sicut
3787 2184 3847 2240 in
3895 2201 3964 2241 eo

2321 2273 2475 2344 quod
2508 2273 2588 2328 ait
2620 2290 2632 2328 :
2664 2273 3039 2345 Corrumpunt
3086 2290 3259 2329 mores
3307 2274 3470 2329 bonos
3496 2274 3767 2346 colloquia
3792 2291 3965 2345 prava

2323 2361 2434 2434 [ΑΙ.
2470 2361 2665 2435 mata].
2702 2364 2768 2417 Et
2799 2362 2856 2417 in
2893 2361 3013 2426 illo,
3047 2364 3224 2434 Ipsius
3271 2365 3422 2417 enim
3448 2370 3502 2417 et
3536 2378 3707 2433 genus
3753 2379 3964 2430 sumus,

2322 2467 2437 2507 non
2469 2452 2668 2507 statim
2703 2456 2888 2507 totam
2946 2452 3249 2507 Menandri
3309 2450 3678 2519 commdiam,
3719 2454 3777 2506 et
3805 2451 3974 2506 Arati

2322 2539 2539 2595 librum
2573 2540 2837 2613 probavit
2872 2558 2885 2596 :
2919 2541 3021 2595 sed
3078 2540 3483 2612 oppotunitate
3541 2539 3814 2596 versiculi
3868 2540 3976 2596 ab-

2324 2645 2469 2685 usus
2500 2633 2609 2695 est,
2640 2630 2723 2685 ita
2748 2633 2805 2685 et
2830 2627 2888 2684 in
2919 2630 3189 2701 praesenti
3252 2628 3377 2685 loco
3434 2645 3547 2685 non
3598 2633 3787 2685 totum
3821 2644 3971 2702 opus

2322 2717 2687 2789 Callimachi,
2720 2719 2838 2774 sive
2871 2718 3251 2790 Epimenidis,
3307 2734 3557 2790 quorum
3594 2716 3742 2774 alter
3769 2716 3975 2775 laudes

2321 2807 2480 2862 Jovis
2512 2807 2689 2877 canit,
2722 2805 2867 2861 alter
2897 2807 2967 2861 de
2996 2805 3263 2862 Oraculis
3306 2806 3614 2878 ecriptitat,
3648 2822 3751 2880 per
3780 2823 3967 2863 unum

2323 2895 2676 2952 versiculum
2737 2896 3124 2964 confirmavit,
3201 2896 3301 2951 sed
3379 2899 3679 2951 Cretenses
3737 2900 3967 2951 tantum

2325 2985 2635 3041 mendaces
2686 2983 2824 3040 vitio
2880 2985 3073 3057 gentis
3129 2983 3494 3054 increpavit:
3529 3000 3645 3040 non
3688 2984 3761 3039 ob
3803 2982 3967 3040 illam

2323 3072 2682 3145 opinionem,
2715 3089 2833 3144 qua
2863 3076 3003 3128 sunt
3034 3072 3226 3145 arguti
3253 3089 3287 3128 a
3318 3072 3522 3145 poetis,
3555 3074 3656 3129 sed
3688 3073 3760 3129 ob
3794 3074 3969 3146 inge-

2325 3162 2507 3217 nitam
2542 3162 2797 3217 entiendi
2832 3160 3191 3229 facilitatem,
3242 3162 3313 3217 de
3344 3162 3577 3235 proprio
3627 3178 3726 3218 eos
3778 3162 3970 3236 gentis

563 3250 858 3319 coeptare.
890 3251 1038 3303 Sunt
1066 3248 1166 3320 qui
1199 3253 1405 3320 putent
1454 3249 1610 3305 hunc
1656 3267 1891 3307 versum
1941 3251 2013 3307 de
2043 3250 2209 3307 Calli-
2241 3237 2283 3304 C
2323 3257 2559 3308 auctore
2590 3251 3034 3314 confutans.0ui
3069 3257 3263 3306 autem
3296 3255 3505 3323 putant
3530 3255 3720 3307 totum
3749 3249 3968 3307 librum

563 3336 773 3392 macho
806 3337 1117 3409 Cyrenensi
1169 3344 1337 3409 poeta
1387 3344 1690 3411 sumptum
1741 3341 1782 3410 ²,
1832 3346 1888 3395 et
1917 3340 2115 3413 aliqua
2147 3358 2215 3397 ex

559 3430 724 3498 parte
779 3442 893 3481 non
937 3433 1155 3482 errant.
1214 3426 1511 3499 Siquidem
1564 3432 1620 3483 et
1663 3428 1789 3500 ipse
1831 3428 1888 3483 in
1937 3428 2213 3485 laudibus

559 3514 718 3571 Jovis
768 3516 1048 3571 adversus
1096 3515 1397 3572 Cretenses
1440 3517 1800 3589 scriptitans,
1854 3518 1953 3590 qui
2004 3520 2210 3591 sepul-

562 3618 728 3659 crum
763 3604 891 3675 ejus
914 3621 976 3660 se
1007 3605 1313 3660 ostendere
1344 3604 1771 3677 gloriabantur,
1819 3608 1899 3663 ait
1934 3624 1945 3663 :
1990 3609 2209 3664 Creten-

556 3706 640 3747 ses
667 3707 878 3763 semper
917 3693 1243 3749 mendaces:
1274 3695 1372 3765 qui
1427 3698 1482 3749 et
1522 3696 1837 3767 sepulcrum
1891 3698 2006 3768 ejus
2031 3699 2208 3753 sacri-

542 3779 683 3850 'lego
712 3783 889 3835 mente
906 3781 1170 3852 fabricati
1187 3790 1335 3837 sunt.
1370 3782 1607 3852 Verum,
1637 3788 1702 3839 ut
1730 3801 1911 3857 supra
1931 3785 2208 3857 diximus,

636 3888 651 3921 ¹
686 3890 848 3943 Hanc
879 3887 949 3964 de
969 3903 1104 3943 vera
1132 3887 1480 3964 Atheniensi
1506 3889 1896 3964 inscriptione
1933 3893 2207 3964 quaestio-

562 3974 697 4013 nem
730 3959 1079 4015 recentiores
1111 3959 1295 4015 critici
1326 3959 1815 4018 luculentissimis
1845 3959 2207 4019 dissertatio-

560 4030 738 4114 nibus
767 4031 1087 4114 agitarppt,
1132 4048 1279 4114 quos
1329 4033 1731 4114 _adire_satius
1781 4034 1978 4114 lectori
2013 4036 2205 4114 fuerit.

556 4101 691 4166 Quae
722 4101 917 4159 tamen
950 4101 1206 4159 Victorio
1239 4104 1294 4158 in
1328 4104 1485 4160 hunc
1515 4104 1706 4161 locum
1739 4108 2015 4163 adnotata
2044 4113 2205 4174 sunt,

556 4189 629 4249 ne
658 4174 1014 4249 doleatquis
1044 4176 1451 4249 praetermissa,
1512 4194 1842 4249 apponam:
1884 4178 2204 4249 Clemens,

560 4244 774 4319 inquit.
802 4244 1257 4319 Alexandrinus,
1292 4248 1481 4319 primo
1512 4244 1850 4304 Stfomatum
1880 4248 2048 4319 libro,
2068 4244 2208 4305 scri-

2324 3341 2535 3396 debere
2558 3339 2723 3413 sequi
2757 3356 2890 3395 eum
2924 3339 3025 3411 qui
3061 3338 3192 3394 libri
3227 3346 3356 3411 pate
3386 3356 3530 3396 usus
3561 3340 3658 3406 sit,
3691 3340 3969 3396 videntur

2323 3430 2468 3485 mihi
2500 3436 2557 3486 et
2615 3430 3015 3502 apocryphum
3071 3428 3288 3484 Enochi
3329 3428 3435 3503 [AL
3498 3429 3971 3504 apocryphorum

2320 3519 2519 3591 Enoc],
2553 3519 2623 3575 de
2654 3535 2769 3591 quo
2799 3517 3098 3589 apostolus
3125 3517 3311 3575 Judas
3343 3518 3403 3573 in
3454 3517 3711 3589 Epistola
3740 3534 3853 3574 sua
3882 3528 3969 3573 te-

2321 3609 2663 3665 stimonium
2700 3608 2887 3678 posuit
2923 3608 3085 3677 (vers.
3130 3607 3239 3674 15),
3283 3606 3437 3661 inter
3492 3606 3761 3664 Ecclesiae
3811 3606 3967 3663 Scri-

2320 3701 2524 3769 pturae
2554 3696 2807 3767 recipere
2841 3713 2855 3764 ;
2885 3700 2943 3750 et
2972 3695 3161 3751 multa
3179 3695 3294 3751 alia
3325 3712 3453 3767 quas
3482 3697 3786 3768 apostolus
3818 3696 3966 3751 Pau-

2318 3783 2413 3840 lus
2458 3786 2530 3840 de
2577 3783 2890 3840 reconditis
2938 3794 3026 3839 est
3086 3784 3339 3840 locutus.
3400 3776 3731 3840 Possumus
3806 3780 3956 3839 τσο

2319 3896 2660 3963 pestemque
2696 3890 3058 3963 compescuit
3114 3890 3225 3963 hoc
3272 3891 3454 3963 modo
3482 3908 3501 3963 7:
3536 3890 3801 3962 Sumpsit
3830 3906 3964 3947 oves

2318 3961 2486 4034 nigro
2517 3969 2574 4036 et
2604 3962 2851 4036 candido
2884 3961 3113 4036 vellere,
3146 3962 3428 4036 duxitque
3473 3961 3957 4036 in‘Are‘opagum,

2318 4032 2493 4105 atque
2540 4033 2676 4088 inde
2722 4050 2838 4104 quo
2885 4033 3100 4087 vellent
3152 4032 3687 4105 abire'permisit:
3718 4032 3821 4089 his
3862 4033 3965 4105 qui

2317 4104 2422 4161 illa
2467 4107 2866 4176 sequebantur
2908 4105 3217 4172 mandans,
3254 4104 3589 4176 ubicunque
3634 4104 3744 4176 illas
3790 4104 3960 4161 accu-

2315 4175 2608 4245 buissent,
2667 4177 2930 4249 singulas
2978 4181 3303 4249 mactarent
3374 4175 3656 4249 peculiari
3701 4176 3954 4249 cuipiam

2319 4253 2431 4303 Deo
2467 4255 2689 4320 :atque
2738 4246 2792 4301 in
2844 4247 3000 4302 hunc
3034 4248 3292 4320 modum
3344 4246 3567 4320 quievit
3609 4246 3756 4303 lues.
3790 4246 3870 4304 Ex
3897 4264 3965 4305 eo

556 4314 1659 4403 bit-Paulum‘iambp'tragico'uti,dum
1692 4321 1854 4403 dicit,
1888 4314 2204 4392 Φθείρουσιν
2261 4314 2268 4321 ’
2311 4321 2436 4393 jam
2466 4314 2788 4401 .hod'ieque.
2808 4336 2911 4402 per
2956 4314 3381 4403 Atheniensum
3416 4335 3616 4403 pagos,
3669 4336 3799 4375 aras
3838 4320 3966 4403 sine

566 4385 695 4464 fida
726 4389 945 4464 χρηστά
994 4386 1214 4464 (indigi
1251 4385 1459 4464 iuuat.»
1498 4385 1563 4445 In
1628 4385 1900 4447 eumdem
1967 4385 2207 4447 sensum

558 4459 823 4533 iambum
872 4459 1110 4533 essein
1161 4461 1495 4533 Menandri
1529 4464 1832 4528 comoedia,
1896 4468 2203 4533 sumptum

562 4530 799 4586 Hieron.
825 4531 1046 4587 scribit.
1079 4532 1316 4588 Constat
1343 4531 1616 4588 similiter
1654 4550 1722 4589 ex
1768 4536 1925 4590 Arati
1976 4530 2207 4591 Piniano—

2320 4390 2556 4446 nomine
2600 4390 2845 4445 inveniri
2888 4396 3111 4463 certum
3156 4396 3269 4453 est.
3312 4390 3433 4463 gini
3462 4390 3612 4463 ejus,
3662 4406 3786 4463 quc
3833 4394 3961 4444 tum

2319 4463 2474 4518 facta
2518 4467 2630 4529 est,
2681 4462 3031 4533 expiationis
3080 4461 3444 4533 memoriam.
3494 4461 3523 4513 ἰ
3575 4461 3699 4518 Non
3762 4465 3961 4517 tamen

2321 4540 2626 4607 propterea
2672 4532 2889 4588 falsum
2934 4549 3085 4607 esse,
3120 4534 3275 4605 quod
3331 4532 3720 4607 Hieronymus
3772 4533 3966 4607 prodit

561 4605 741 4656 menis
771 4608 1097 4675 sumptum,
1129 4603 1284 4674 quod
1326 4605 1451 4660 Act.
1503 4621 1617 4660 xvu
1669 4604 1944 4661 similiter
1991 4607 2208 4662 Paulus
2240 4609 2288 4675 Ι)
2319 4603 2633 4661 dicendum
2668 4621 2679 4661 :
2711 4608 2883 4660 Aram
2917 4603 3152 4660 scilicet
3173 4610 3424 4660 erectam
3474 4603 3656 4663 fuisse
3686 4603 3821 4661 cum
3851 4603 3962 4661 hac

564 4680 835 4750 usurpat,
868 4673 1007 4728 dum
1041 4673 1165 4750 ait}
1200 4676 1351 4750 Sicut
1396 4680 1449 4750 et
1495 4676 1718 4748 quidam
1758 4686 2062 4734 vestrorum
2088 4695 2212 4750 poe-

552 4747 741 4821 tarum
769 4747 1075 4821 dixerunt;
1117 4746 1298 4821 Ipsius
1342 4746 1514 4802 eniml
1548 4758 1600 4804 et
1626 4766 2042 4821 genusﬂsumus
2072 4746 2208 4805 ε’τοῦ

555 4814 671 4905 χοὶεέ
694 4815 784 4869 καὶ
832 4815 994 4905 γέμος
1036 4812 1224 4901 ἔσμεν,
1265 4817 1456 4905 inquit
1505 4812 1738 4905 A'ratus.
1776 4820 1923 4905 lllud
1983 4827 2202 4905 autem,

559 4887 767 4967 Κρῆίςες
828 4887 925 4967 eisi
966 4887 1376 4967 ψξῦπαιῇκακᾶ
1432 4889 1615 4960 θηρία,
1698 4888 1953 4967 γαστέρ-ες
1998 4887 2204 4964 ἀργαίξ

561 4960 716 5046 quod
765 4964 856 5046 est
902 4960 1101 5046 Latine
1135 4977 1147 5016 :
1184 4960 1464 5046 Cretenses
1498 4960 1722 5046 semper
1741 4960 2049 5033 mendaces,
2083 4960 2207 5019 'ma-

564 5032 872 5109 (gubestiag.
906 5034 1118 5087 ventres
1144 5034 1295 5103 pigri
1343 5032 1734 5109 :Epimenidis
1774 5042 1954 5109 poeta:
1993 5032 2142 5105 esse,
2175 5053 2209 5090 a

561 5102 916 5179 Callimacho
947 5119 1178 5175 quoque
1206 5102 1553 5179 usurpatum
1575 5102 1798 5162 erudite
1824 5102 2206 5179 Hieronymus

562 5175 787 5242 scribit,
817 5174 992 5249 Aram
1025 5180 1222 5249 autem,
1251 5174 1525 5248 Ἀγὺόστῳ
1557 5183 1691 5249 Θεῷ,
1738 5179 1846 5234 hoc
1874 5185 1963 5234 est
2021 5174 2207 5246 ignoto

553 5249 679 5314 Deo,
733 5250 805 5303 ab
864 5247 1322 5303 Atheniensibus
1381 5247 1685 5320 erectam,
1721 5268 1837 5306 non
1894 5250 2084 5305 solum
2137 5266 2206 5304 ex

549 5320 711 5393 Actis
736 5320 1158 5393 apostolorum,
1190 5336 1414 5393 veruta
1444 5320 1617 5377 etiam
1650 5338 1719 5377 ex
1747 5322 2000 5393 Diogene
2030 5322 2201 5377 Laer-

551 5392 632 5446 tio
667 5391 725 5446 in
760 5390 887 5447 Vita
942 5390 1299 5465 Epimenidis
1359 5390 1574 5465 diserte
1631 5390 1891 5465 apparet.
1928 5393 2201 5465 Diogenis

552 5467 748 5518 autem
779 5465 950 5518 verba
981 5468 1123 5518 sunt
1146 5463 1283 5517 tusc:
1315 5484 1343 5511 «
1379 5463 1537 5517 Unde
1567 5468 1621 5519 et
1653 5463 2198 5520 Athenienses'cum

552 5532 868 5608 aliquando
901 5542 1061 5608 peste
1090 5535 1727 5608 laborarent,responso
1758 5554 1791 5590 a
1822 5536 2023 5608 Pythia
2040 5552 2198 5591 acce-

557 5606 881 5677 pto,_uhem
904 5606 1129 5676 expiari
1161 5612 1448 5677 oportere,
1484 5608 1708 5663 Niciam
1733 5606 1980 5663 Nicerati
2015 5608 2198 5662 filium

560 5674 698 5752 navi
731 5677 963 5747 misere,
987 5674 1518 5752 Epimenidemque
1548 5696 1615 5734 ex
1645 5684 1810 5752 Creta
1830 5680 2202 5752 advocarunt.

558 5744 861 5807 Proiectus
892 5744 1085 5807 autem
1116 5744 1455 5823 Olympiade
1508 5754 1599 5825 27,
1651 5751 1920 5811 lustravit
1975 5752 2200 5808 urbem.

2322 4677 2701 4749 inscriptione
2752 4677 2917 4732 :Diis
2975 4676 3143 4743 Asiae,
3191 4681 3247 4749 et
3299 4676 3550 4748 Europae,
3606 4680 3655 4749 ct
3710 4677 3962 4748 African

2321 4750 2449 4805 Diis
2477 4748 2697 4821 ignotis,
2740 4751 2789 4803 et
2837 4750 3162 4821 peregrinis.
3225 4748 3466 4803 Constat
3532 4748 3747 4821 quippe
3797 4764 3866 4805 ex
3893 4764 3959 4804 eo

2320 4820 2556 4891 ignotis,
2588 4826 2642 4873 et
2675 4819 2997 4891 peregrinis
3028 4819 3142 4874 diis
3189 4835 3322 4875 aras
3382 4819 3654 4886 statutas,
3679 4819 3958 4876 alteram-

2363 4889 2433 4946 ue
2466 4889 2903 4962 inscriptionem
2938 4889 3179 4946 alteram
3230 4908 3516 4962 exponere
3558 4892 3751 4963 potius
3781 4908 3957 4963 quam

2363 4910 2433 4946 ΗΘ
2466 4910 2903 4962 ιηδονιριιοηθω
2938 4910 3179 4946 alterum
3230 4910 3516 4962 exponere
3558 4910 3751 4963 ροιιυε
3781 4910 3957 4963 quam

2319 4910 2649 5035 destruere,
2700 4963 3023 5033 praesertim
3079 4978 3217 5035 cum
3274 4979 3343 5018 ex
3390 4963 3597 5019 multis
3626 4962 3764 5031 aris,
3813 4979 3962 5035 quas

2320 5034 2541 5091 multas
2574 5033 2754 5089 fuisse
2776 5039 3006 5107 constat
3036 5050 3104 5088 ex
3135 5033 3432 5107 ADiogene,
3484 5036 3602 5091 una
3632 5033 3848 5107 primo,
3874 5035 3963 5090 al-

2318 5110 2443 5161 tera
2475 5107 2732 5161 secundo
2765 5107 2937 5161 modo
2969 5104 3209 5177 inscribi
3244 5104 3519 5177 potuerit.

2392 5180 2412 5212 ²
2443 5177 2515 5233 Ut
2544 5178 2775 5248 aliquos
2804 5178 2877 5233 de
2908 5176 3482 5250 nomineappellem,
3512 5177 3965 5250 Chrysostomns

2317 5255 2383 5321 et
2424 5250 2818 5305 Theodoritus
2851 5267 2865 5315 ;
2899 5249 3001 5321 sed
3060 5248 3252 5321 ipsius
3307 5248 3671 5321 Epimenidis
3729 5264 3964 5305 carmen

2317 5320 2596 5378 allusisse
2628 5318 3259 5388 Callimachum,‘nibil
3288 5318 3379 5376 est
3409 5322 3677 5381 dubium.
3709 5321 3833 5378 Jovi
3867 5336 3965 5377 se—

2316 5392 2586 5465 pulcrum
2637 5394 2816 5465 Cretaa
2844 5409 2949 5448 suo
2994 5391 3185 5465 adhuc
3232 5394 3634 5464 superstitisse
3700 5399 3964 5464 tempore

2313 5463 2585 5520 testatur.
2645 5464 2969 5537 Cyprianus
3036 5463 3137 5519 lib.
3176 5465 3283 5537 Ade
3313 5463 3636 5537 'Idolorum‘
3668 5463 3915 5521 vanitate
3943 5480 3962 5517 :

2315 5560 2343 5586 ‹‹
2379 5542 2630 5591 Antrum
2662 5535 2821 5592 Jovis
2855 5537 2921 5609 in
2942 5540 3106 5591 Creta
3135 5535 3430 5602 visitur,st
3474 5535 3810 5609 sepulcrum
3834 5537 3963 5609 ejus

2314 5608 2645 5663 ostenditur
2675 5626 2689 5675 ;
2722 5630 2749 5658 ››
2786 5608 3147 5679 totidemque
3187 5610 3379 5665 verbis
3430 5607 3721 5665 Minucius
3755 5607 3913 5664 Felix
3944 5623 3961 5663 :

2315 5702 2343 5729 ‹‹
2382 5680 2580 5735 Adhuc
2611 5685 2846 5735 antrum
2872 5678 3306 5748 Jovis’visitur,
3354 5687 3412 5737 et
3459 5680 3792 5754 sepulcrum
3832 5679 3964 5750 ejus

2315 5752 2696 5808 ostenditur.»

2313 5752 2696 5809 ostenditur.»
