4310 6628
308 556 429 619 609

1149 542 1663 612 COMMEN'I‘AR.
1710 546 1788 610 IN
1835 550 2083 612 EPIST.
2131 546 2235 611 AD
2278 544 2552 623 'I‘l'I‘UM,
2599 542 2772 611 CAP.
2821 547 2869 611 Ι.

3600 551 3723 612 610

312 690 468 747 enim
501 688 612 744 hoc
642 687 982 759 argumento
1014 679 1244 750 dicere;
1279 683 1417 755 quia
1447 683 1601 754 apud
1635 682 1957 738 Athenien-
1988 685 2044 751 Α
2073 685 2151 756 (II
2178 684 2309 739 Tim.
2346 700 2385 754 ι,
2424 683 2528 754 13).
2563 682 2670 749 Qui
2702 682 2852 737 hanc
2901 682 3117 739 habent
3159 681 3292 740 fidei
3340 687 3397 739 et
3441 684 3721 742 doctrina:

317 795 412 835 ses
443 778 707 851 ignotum
762 773 943 829 Deum
994 770 1179 826 colere
1228 788 1289 826 se
1339 771 1503 839 dixit,
1551 788 1725 845 quem
1772 771 1853 827 illi
1902 773 1961 827 in

320 885 427 925 ara
449 866 883 928 adnotaverunt,
919 862 1128 917 debere
1160 859 1406 915 Paulum
1457 866 1515 916 et
1561 866 1787 928 caetera,
1837 878 1963 934 quae

319 962 381 1018 in
409 973 509 1013 ara
533 940 750 1025 scripta
779 952 1027 1015 fuerant,
1048 949 1235 1022 sequi,
1269 954 1326 1006 et
1345 967 1413 1006 ea
1437 967 1562 1022 quae
1585 950 1967 1007 Athenienses

324 1038 630 1108 faciebant,
662 1043 850 1097 facere
873 1056 887 1094 :
913 1038 1051 1111 quia
1082 1054 1214 1093 cum
1247 1038 1704 1094 Atheniensibus
1752 1038 1810 1092 in
1844 1038 1966 1094 cul-

322 1143 453 1193 tura
490 1131 673 1205 ignoti
734 1127 830 1185 Dei
887 1144 955 1183 ex
1012 1133 1172 1200 parte
1229 1131 1624 1183 consenserat.
1683 1128 1852 1182 Absit
1907 1130 1973 1181 ut

324 1224 737 1297 argumentum
768 1222 825 1272 et
845 1215 1256 1273 scholasticam
1280 1215 1625 1288 elegantiam
1658 1214 1714 1270 in
1749 1215 1970 1271 calum-
2014 1260 2019 1265 .

322 1313 483 1375 niam
514 1308 767 1370 traham.
801 1306 982 1364 Nemo
1013 1309 1101 1360 est
1133 1310 1249 1361 tam
1284 1304 1551 1375 sicarius,
1583 1308 1640 1359 et
1688 1309 1807 1361 tam
1842 1321 1972 1377 par-

325 1400 528 1467 ricida,
560 1401 683 1453 tam
727 1392 1041 1460 venellcus,
1094 1391 1195 1464 qui
1227 1407 1342 1455 non
1392 1390 1616 1464 aliquid
1674 1392 1811 1451 boni
1870 1392 1974 1447 ali-

327 1486 561 1562 quando
593 1482 809 1540 fecerit.
844 1481 992 1554 Ergo
1023 1482 1071 1536 si
1105 1497 1285 1536 unum
1319 1480 1538 1536 bonum
1582 1480 1743 1537 illitis
1774 1480 1976 1541 videns

280 1598 286 1607 λ
329 1578 665 1651 probavero,
698 1577 753 1629 et
782 1571 841 1626 in
873 1570 1096 1625 caeteris
1126 1570 1273 1625 mihi
1304 1570 1605 1625 incumbet
1636 1570 1974 1637 necessitas,

329 1682 457 1739 qua
482 1663 638 1719 mala
665 1661 879 1716 fuerint
899 1659 1304 1731 approbandi?
1320 1657 1377 1714 Si
1401 1658 1677 1715 inimicus
1698 1660 1978 1714 adversus

332 1772 439 1810 nos
462 1754 735 1826 jurgetur
765 1754 823 1805 et
853 1746 1134 1815 clamitet,
1163 1764 1355 1803 nonne
1387 1748 1538 1803 inter
1567 1749 1740 1803 verba
1771 1746 1976 1803 simul-

330 1843 469 1900 tatis
499 1846 556 1897 et
584 1841 717 1896 rixae
750 1837 969 1911 aliquid
1010 1837 1282 1909 loquetur
1326 1836 1630 1903 veritatis?
1678 1837 1830 1908 quod
1862 1842 1918 1891 et
1948 1853 1981 1890 a

334 1932 501 1988 nobis
534 1944 767 2003 quoque
792 1927 1071 1982 adversus
1103 1942 1252 1997 quos
1282 1924 1562 1998 loquitur,
1607 1942 1721 1980 non
1774 1940 1982 1997 usque-

334 2036 565 2094 quaque
598 2016 1061 2090 reprehenditur.
1130 2015 1331 2087 Itaque
1389 2019 1445 2069 et
1495 2012 1889 2071 Callimachus
1929 2017 1985 2070 et

334 2108 734 2184 Epimenides,
769 2122 884 2162 non
915 2105 1043 2160 ideo
1074 2120 1209 2160 vera
1237 2104 1529 2173 dixerunt,
1571 2103 1774 2160 Jovem
1807 2104 1979 2159 deum

335 2214 487 2263 esse,
518 2201 576 2253 et
616 2195 842 2267 reliqua
871 2210 999 2265 quis
1030 2193 1089 2247 in
1136 2208 1339 2248 eorum
1390 2192 1751 2248 carminibus
1799 2191 1983 2248 conti-

336 2292 575 2354 nentur,
607 2285 746 2358 quia
776 2273 1079 2339 Cretenses
1111 2280 1347 2337 fallaces
1404 2284 1544 2336 sunt
1564 2297 1585 2342 ,ο
1643 2282 1743 2336 sed
1804 2282 1861 2336 in
1920 2297 1986 2337 eo

336 2374 748 2434 tantummodo
777 2387 978 2428 verum
1036 2370 1213 2427 locuti
1246 2374 1404 2441 sunt,
1465 2370 1605 2441 quia
1659 2370 1987 2442 ingenitum

338 2463 702 2522 Cretensium
732 2461 940 2517 vitium
972 2473 1309 2532 expressere
1356 2458 1685 2515 mendacii:
1722 2459 1819 2530 qui
1851 2457 1991 2530 quia

340 2553 575 2611 fallaces
605 2555 763 2621 sunt,
798 2567 913 2606 non
947 2549 1149 2607 statim
1182 2552 1239 2604 et
1266 2564 1466 2604 verum
1516 2564 1631 2604 non
1671 2546 1988 2621 aliquando

341 2644 631 2700 dixerunt.
653 2639 768 2697 Nec
797 2639 952 2695 enim
981 2637 1212 2711 Jupiter
1241 2639 1385 2693 deus
1423 2637 1641 2693 idcirco
1666 2653 1781 2692 non
1815 2639 1988 2707 esset,

342 2732 393 2790 si
443 2731 746 2787 Cretenses
791 2744 927 2784 vera
984 2726 1405 2799 loquerentur;
1458 2726 1560 2781 sed
1618 2730 1815 2781 tamen
1875 2725 1991 2781 illis

341 2820 693 2889 tacentibus,
726 2816 824 2890 qui
854 2820 1121 2871 mortuus
1153 2819 1301 2880 erat,
1331 2814 1424 2870 dei
1475 2813 1824 2869 vocabulum
1874 2830 1990 2870 non

343 2909 604 2966 haberet.
651 2905 907 2978 Denique
936 2910 1002 2960 ut
1031 2904 1289 2959 sciamus
1317 2903 1661 2976 Apostolum
1711 2920 1827 2958 non
1876 2901 1991 2958 for-

345 2999 519 3067 tuito,
551 3003 609 3054 et
640 3000 705 3052 ut
746 2995 887 3051 libet
933 2992 1265 3050 transitoria
1312 2992 1400 3063 (ut
1450 2992 1538 3047 illi
1588 2991 1992 3063 arbitrantur),

348 3089 450 3146 sed
480 3086 843 3144 considerate
873 3088 930 3140 et
960 3082 1401 3154 circumspecte,
1436 3085 1494 3137 et
1523 3097 1589 3137 ex
1643 3081 1803 3137 omni
1831 3084 1995 3153 parte

350 3194 412 3233 se
440 3178 839 3250 protegentem
871 3171 1148 3227 adversus
1196 3170 1501 3226 Cretenses
1557 3169 1848 3225 locutum:
1904 3170 1994 3224 Te-

346 3266 691 3333 stimonium,
722 3261 937 3334 inquit,
970 3260 1066 3316 hoc
1104 3274 1295 3314 verum
1323 3263 1440 3321 est;
1490 3276 1604 3315 non
1654 3263 1841 3315 totum
1874 3274 1996 3313 car-

350 3371 509 3423 men,
542 3353 612 3409 de
639 3368 756 3424 quo
784 3348 1189 3406 testimonium
1223 3352 1550 3419 sumptum,
1601 3365 1715 3403 non
1763 3347 1997 3403 univer-

2073 773 2381 828 sanitatem
2414 777 2589 847 atque
2617 773 2948 837 verborum,
2976 790 3087 827 non
3119 774 3421 829 attendent
3451 773 3466 808 ¹
3514 774 3718 829 Judai-

2074 860 2158 917 cis
2189 860 2401 917 tabulis
2431 867 2486 916 et
2518 861 2809 915 mandatis
2856 861 3164 917 hominum
3224 863 3616 918 aversantium
3661 879 3724 919 se

2076 968 2109 1006 a
2133 951 2392 1006 veritate.
2424 950 2882 1022 Acquiescamus
2930 950 3232 1022 paulisper
3277 950 3495 1006 Judaais
3544 956 3601 1007 et
3626 968 3723 1007 eo-

2079 1056 2231 1106 rum,
2267 1040 2363 1111 qui
2399 1041 2553 1110 apud
2602 1056 2701 1095 eos
2750 1039 3043 1111 sapientes
3095 1045 3395 1111 vocantur,
3450 1041 3735 1114 patienter

2082 1128 2332 1199 ineptias
2390 1128 2743 1196 audiamus;
2805 1133 2863 1182 et
2919 1133 3058 1183 tunc
3133 1128 3534 1202 intelligemus
3606 1146 3732 1202 quae

2081 1222 2222 1271 sunt
2270 1216 2377 1286 (Al.
2413 1217 2550 1285 sint)
2604 1216 2859 1271 Judaica:
2924 1216 3129 1272 fabulae
3190 1218 3317 1274 sine
3383 1219 3779 1297 auctoritate\

2082 1305 2415 1377 Scriptum,
2449 1306 2576 1360 sine
2608 1303 2728 1359 ulla
2767 1306 3090 1361 assertione
3138 1306 3403 1375 rationis,
3454 1308 3735 1363 animalia

2084 1395 2350 1465 quaedam
2380 1399 2437 1447 et
2474 1393 2739 1449 fabulosa
2781 1393 3150 1465 ﬁngentium,
3202 1394 3273 1449 de
3304 1395 3522 1466 quibus
3554 1396 3738 1454 Isaias
3796 1456 3809 1467 ,

2086 1480 2472 1553 prophetavit,
2493 1481 2695 1536 dicens
2721 1498 2732 1536 :
2764 1483 3008 1550 Populus
3052 1483 3141 1537 hic
3170 1483 3337 1538 labiis
3364 1499 3451 1539 me
3480 1484 3735 1551 honorat,

2085 1586 2177 1625 cor
2206 1575 2390 1626 autem
2419 1586 2611 1625 eorum
2653 1571 2814 1640 longe
2846 1575 2923 1625 est
2951 1582 2985 1626 (ι
3027 1586 3134 1626 me.
3182 1572 3313 1627 Sine
3342 1588 3503 1628 causa
3552 1581 3739 1631 autem

2086 1676 2175 1715 me
2203 1660 2419 1715 colunt:
2448 1660 2693 1715 docentes
2741 1659 3016 1715 doctrinas
3052 1663 3101 1715 et
3149 1650 3409 1715 mandata
3451 1661 3739 1716 hominum

2089 1749 2216 1821 (Isa.
2275 1765 2430 1814 xx1x,
2485 1749 2593 1819 13).
2656 1750 2815 1811 Quod
2877 1749 3279 1804 testimonium
3360 1748 3624 1805 Salvator
3676 1749 3735 1804 in

2091 1836 2397 1911 Evangelio
2427 1838 2837 1910 comprobans,
2871 1839 3065 1911 arguit
3092 1854 3191 1894 eos
3250 1837 3364 1911 legi
3417 1839 3515 1895 Dei
3574 1855 3741 1894 man-

2092 1929 2228 1983 data
2254 1927 2559 1993 hominum
2593 1927 2937 1999 prmtulisse.
2978 1928 3118 1983 Deus
3157 1930 3353 1999 quippe
3381 1930 3460 1984 ait
3475 1946 3494 1983 :
3525 1930 3744 1984 Honora

2090 2025 2304 2088 patrem
2358 2025 2412 2071 et
2466 2019 2737 2071 matrem:
2787 2014 2874 2070 Illi
2934 2032 3067 2072 vero
3142 2017 3549 2074 tradiderunt:
3603 2019 3745 2087 Quia

2095 2108 2405 2178 quicunque
2433 2105 2638 2171 dixerit
2679 2106 2833 2176 patri
2858 2113 2911 2160 et
2959 2108 3169 2160 matri:
3216 2123 3420 2162 munus
3466 2106 3743 2178 quodcun-

2094 2211 2197 2267 que
2249 2196 2327 2249 est
2386 2210 2455 2248 ex
2510 2209 2614 2264 me,
2663 2194 2765 2249 tibi
2791 2194 3055 2265 proderit,
3105 2203 3156 2250 et
3207 2211 3315 2252 non
3363 2185 3748 2266 honoriﬁcabit

2090 2287 2306 2355 patrem
2332 2298 2495 2338 suum
2541 2286 2593 2337 et
2639 2291 2872 2338 matrem
2928 2284 3132 2353 (Matth.
3170 2300 3264 2347 xv,
3296 2284 3351 2355 8,
3404 2286 3460 2351 9,
3493 2285 3545 2352 3,
3578 2286 3655 2357 6).
3686 2285 3744 2341 Si

2097 2371 2230 2443 quis
2260 2374 2391 2442 post
2418 2371 2731 2426 adventum
2766 2371 2980 2427 Christi
3011 2372 3357 2441 conciditur,
3390 2379 3446 2429 et
3486 2391 3600 2429 non
3634 2374 3746 2430 cir-

2098 2460 2487 2519 cumciditur:
2546 2460 2805 2516 .ludaicis
2863 2461 3042 2516 servit
3099 2461 3313 2517 fabulis
3343 2467 3399 2519 et
3454 2463 3749 2521 mandatis

2099 2549 2402 2606 hominum
2473 2549 2865 2604 aversantium
2925 2550 3229 2607 veritatem
3291 2550 3398 2624 [AL
3460 2551 3745 2626 veritate].

2099 2640 2223 2694 Non
2256 2639 2411 2693 enim
2442 2637 2541 2709 qui
2572 2639 2625 2691 in
2661 2638 2971 2694 manifesto
3001 2640 3238 2695 Iudaeus
3272 2646 3378 2707 est,
3413 2642 3517 2696 sed
3558 2640 3659 2713 qui
3689 2640 3749 2696 in

2101 2727 2363 2784 occulto:
2397 2732 2454 2783 et
2499 2725 2867 2801 circumcisio
2906 2728 3095 2783 cordis
3146 2729 3205 2783 in
3238 2730 3471 2801 spiritu,
3504 2746 3620 2785 non
3650 2729 3746 2785 lit-

2102 2823 2227 2872 tera
2252 2816 2425 2888 (Rom.
2462 2815 2644 2885 11,28,
2675 2814 2788 2885 29).
2848 2816 2908 2871 Si
2966 2817 3100 2888 quis
3158 2817 3377 2873 Pascha
3434 2817 3575 2890 agit,
3635 2833 3753 2873 non

2102 2908 2160 2961 in
2195 2904 2414 2977 azymis
2444 2904 2797 2959 sinceritatis
2836 2910 2894 2959 et
2944 2905 3245 2961 veritatis:
3294 2911 3361 2962 ut
3411 2905 3756 2962 exterminet

2105 3011 2173 3050 ex
2203 2993 2399 3048 anima
2428 3009 2536 3048 sua
2567 3009 2740 3048 omne
2781 2998 2946 3049 vetus
2997 2996 3347 3050 fermentum
3404 2996 3638 3051 malitia:
3699 3000 3757 3052 et

2105 3083 2377 3155 nequitiae
2435 3082 2483 3154 (Ι
2513 3085 2721 3148 Conv,
2779 3083 2833 3151 7,
2868 3082 2961 3152 8):
3021 3082 3134 3138 iste
3190 3084 3438 3139 attendit
3505 3083 3756 3155 fabulas,

2106 3178 2163 3228 et
2192 3173 2433 3227 umbras
2466 3171 2753 3243 sequitur,
2783 3172 3026 3227 veritate
3062 3172 3346 3245 neglecta.
3379 3173 3437 3229 Si
3478 3174 3612 3246 quis
3639 3190 3754 3229 non

2111 3276 2425 3333 resurgens
2455 3276 2587 3315 cum
2620 3259 2870 3328 Christo,
2916 3276 3020 3316 nec
3049 3278 3314 3334 quaerens
3340 3279 3409 3318 ea
3455 3280 3582 3334 quis
3633 3279 3760 3319 sur-

2109 3366 2242 3405 sum
2274 3354 2435 3415 sunt,
2462 3348 2562 3404 sed
2597 3365 2725 3421 quae
2763 3350 3038 3406 deorsum
3088 3349 3311 3421 (Coloss.
3347 3368 3429 3423 ui,
3464 3353 3537 3423 1),
3581 3352 3758 3408 dicit:

350 3459 485 3511 sum
525 3423 711 3514 opus:
748 3439 847 3495 sed
882 3443 1108 3493 tantum
1142 3437 1250 3492 hoc
1279 3436 1708 3507 testimonium,
1753 3436 1848 3491 hic
1877 3452 1997 3491 ver.
2029 3423 2072 3490 C
2111 3442 2194 3495 Ne
2223 3440 2489 3508 tetigeris,
2519 3453 2588 3493 ne
2634 3440 2957 3509 gustaveris,
3008 3454 3078 3494 ne
3108 3442 3434 3495 tractaveris
3464 3452 3597 3511 quae
3634 3448 3763 3495 sunt

353 3530 580 3589 siculus
617 3545 733 3602 quo
763 3526 1076 3583 mendaces
1116 3528 1417 3580 vocantur.
1449 3524 1519 3580 Et
1550 3525 1749 3602 utique
1813 3525 1913 3596 qui
1944 3524 2005 3579 in

356 3637 477 3678 una
505 3598 737 3676 tantum
770 3615 1059 3689 poematis
1090 3619 1256 3686 parte
1286 3614 1601 3683 consensit,
1636 3598 1840 3669 caetera
1870 3629 2001 3669 con-

356 3711 579 3766 futasse
608 3705 934 3763 credendus
982 3708 1089 3759 est.
1142 3703 1441 3768 Quomodo
1473 3707 1670 3758 autem
1702 3703 2007 3758 Cretenses

359 3798 693 3866 mendaces,
726 3799 783 3850 et
812 3792 978 3851 stulti
1012 3792 1245 3860 Galatae,
1282 3791 1367 3846 vel
1396 3792 1541 3847 dura
1561 3791 1780 3847 cervice
1807 3789 2005 3859 Israel,

356 3887 446 3944 vel
473 3894 839 3958 unaquaeque
869 3882 1167 3956 provincia
1208 3879 1443 3953 proprio
1492 3881 1632 3937 vitio
1679 3881 2007 3951 denotetur,

359 3978 418 4033 in
450 3974 712 4048 Epistola
740 3972 904 4028 Pauli
934 3971 1005 4026 ad
1038 3969 1274 4027 Galatas
1315 3970 1722 4026 disseruimus.
1771 3970 1839 4025 Et
1871 3969 2011 4042 quia

358 4064 505 4121 nihil
537 4062 793 4135 amplius
819 4066 907 4117 est
967 4059 1122 4131 quod
1181 4059 1273 4114 hic
1306 4059 1603 4130 possimus
1652 4058 1876 4125 aiferre,
1908 4058 2008 4114 illo

357 4152 615 4210 contenti
659 4167 887 4207 sumus.
947 4148 1334 4212 Quamobrem
1394 4148 1651 4220 increpa,
1711 4148 1808 4218 ait,
1879 4146 2011 4203 illos

358 4242 607 4297 acriter:
641 4240 950 4296 mendaces
999 4238 1217 4310 quippe
1275 4240 1434 4302 sunt,
1468 4242 1525 4292 et
1572 4237 1736 4292 malae
1788 4238 2007 4303 bestiae,

356 4334 416 4386 et
442 4334 676 4385 ventres
699 4327 845 4401 pigri
872 4346 885 4383 :
920 4327 1019 4398 qui
1053 4328 1200 4381 falsa
1227 4326 1603 4397 persuadent,
1630 4327 1731 4398 qui
1755 4326 2008 4381 ferarum

354 4418 473 4475 ritu
507 4417 853 4491 sanguinem
883 4416 1093 4473 sitiunt
1143 4414 1559 4485 deceptorum:
1603 4421 1661 4469 et
1709 4431 1825 4469 non
1876 4430 2009 4470 cum

363 4507 596 4567 silentio
626 4511 953 4580 operantes,
986 4521 1159 4561 suum
1194 4518 1402 4576 panem
1450 4503 1828 4571 manducent,
1862 4519 2011 4575 quo-

364 4612 494 4653 rum
528 4598 673 4653 deus
707 4596 859 4651 710
888 4599 1090 4650 venter
1118 4598 1223 4659 est,
1255 4597 1312 4648 et
1343 4590 1530 4665 gloria
1582 4592 1641 4646 in
1672 4592 2014 4647 oonl‘usio’ne

364 4701 605 4744 eorum:
667 4690 724 4742 et
752 4686 1011 4757 increpa,
1056 4688 1120 4738 ut
1176 4681 1303 4737 sani
1363 4682 1483 4737 sint
1509 4682 1567 4736 in
1602 4681 1734 4735 fide.
1786 4679 1867 4736 De
1897 4696 2015 4752 qua

363 4776 500 4833 fidei
531 4774 781 4831 sanitate
810 4778 868 4830 et
898 4773 956 4828 in
989 4769 1484 4843 consequentibus
1506 4769 1800 4842 loquitur:
1833 4771 2013 4826 Senes

360 4864 591 4921 sobrios
622 4879 770 4931 esse,
803 4862 1101 4928 honestos,
1136 4861 1400 4934 pudicos,
1463 4877 1639 4916 sanos
1670 4860 1729 4915 in
1789 4859 1901 4915 ﬁde
1958 4863 2015 4915 et

360 4952 666 5019 charitate,
700 4957 756 5008 et
786 4950 1103 5024 patientia:
1138 4950 1209 5006 ad
1261 4966 1437 5023 quam
1489 4949 1622 5004 tldei
1673 4948 2014 5005 similitudi-
2053 4971 2060 4977 ·

361 5059 518 5109 nem,
553 5041 828 5099 doctrina:
852 5058 1085 5117 quoque
1119 5041 1342 5096 sanitas
1375 5038 1719 5111 appellatur.
1754 5039 1894 5108 Erit,
1935 5038 2017 5094 ait

361 5130 471 5202 [ΑΙ.
504 5132 697 5203 enim],
748 5140 958 5202 tempus
1005 5128 1221 5202 quando
1263 5141 1420 5184 sanae
1465 5127 1732 5184 doctrina:
1770 5144 1880 5182 non
1925 5143 2014 5182 ac-

361 5223 637 5293 quiescent
689 5221 841 5276 Sunt
871 5225 927 5276 et
958 5234 1258 5276 sermones
1289 5216 1582 5281 sanitatis,
1606 5217 1677 5272 de
1707 5216 1920 5288 quibus
1942 5217 2014 5271 ad

360 5311 741 5367 Timotheum
773 5311 833 5366 in
893 5310 1087 5383 prima
1130 5306 1387 5380 Epistola
1444 5306 1743 5377 loquitur:
1797 5307 1860 5361 Si
1889 5307 2018 5376 quis

298 5430 305 5435 ι
357 5400 524 5456 aliter
577 5401 753 5469 docet,
812 5402 862 5455 et
914 5413 1022 5453 non
1081 5398 1377 5469 acquiescit
1447 5397 1598 5451 sanis

360 5489 584 5545 Domini
611 5488 791 5543 nostri
834 5488 961 5543 Jesu
1000 5488 1227 5557 Christi,
1259 5495 1309 5541 et
1342 5501 1459 5557 qute
1496 5484 1797 5540 secundum
1841 5488 2017 5556 pieta-

360 5588 473 5635 tem
501 5578 762 5635 doctrinze
792 5576 837 5649 (ι
869 5576 1002 5631 Tim.
1037 5591 1109 5644 vn,
1144 5577 1219 5644 3).
1262 5576 1333 5630 Et
1380 5576 1438 5630 in
1488 5575 1783 5630 secunda:
1819 5575 2016 5629 Exem-

359 5668 518 5742 plum
545 5668 748 5724 habens
778 5680 1045 5720 sanorum
1093 5666 1385 5720 verborum
1429 5680 1549 5737 qua:
1598 5682 1633 5719 a
1673 5681 1759 5719 me
1813 5664 2021 5719 audisti

1675 5396 2017 5451 sermonibus
2048 5428 2055 5435 ς

2112 3530 2175 3583 in
2202 3529 2548 3599 corruptione
2579 3526 2806 3597 (Caloss.
2838 3544 2900 3594 ιι,
2931 3527 3043 3599 21),
3088 3528 3215 3600 ipso
3274 3545 3384 3584 usu
3435 3529 3762 3584 secundum

2116 3621 2402 3689 pracepta
2431 3621 2487 3670 et
2518 3615 2809 3672 doctrinas
2839 3615 3169 3683 hominum,
3208 3616 3318 3673 iste
3362 3617 3634 3690 sequitur
3658 3619 3763 3690 ju-

2084 3704 2305 3761 ‘stitias
2357 3721 2469 3760 non
2514 3703 2718 3772 bonas,
2753 3708 2808 3760 et
2856 3709 3141 3778 praecepta
3188 3723 3304 3761 non
3348 3706 3503 3763 bona
3533 3707 3761 3778 (Ezech.

2114 3812 2210 3864 xx,
2240 3794 2352 3866 25).
2396 3792 2503 3850 Ubi
2560 3798 2756 3849 autem
2815 3801 2901 3849 est
2941 3795 3179 3860 veritas,
3228 3800 3284 3851 et
3311 3795 3404 3851 lex
3463 3796 3607 3851 711
3646 3795 3765 3868 spi-

2120 3882 2369 3953 ritualis,
2399 3884 2494 3938 ubi
2513 3883 2967 3955 justiﬁcationes
2999 3884 3185 3950 honre,
3217 3890 3274 3941 et
3306 3890 3588 3958 praecepta
3627 3889 3768 3942 sunt

2118 3973 2341 4047 optima
2366 3972 2540 4043 {quae
2573 3964 2672 4043 qui
2705 3972 2922 4041 fecerit,
2953 3973 3105 4029 vivet
3133 3976 3190 4028 in
3222 3974 3307 4029 eis
3339 3974 3496 4046 (Ibid.
3528 3975 3643 4044 21).

2187 4066 2377 4131 (Vers.
2415 4062 2524 4132 15.)
2558 4082 2585 4109 «
2614 4060 2823 4116 Omnia
2860 4062 3079 4116 munda
3111 4062 3371 4132 mundis,
3424 4062 3767 4135 coinquina-

2122 4150 2193 4206 tis
2226 4153 2418 4205 autem
2451 4153 2507 4203 et
2543 4148 2882 4203 inﬁdelibus
2930 4149 3074 4203 nihil
3130 4151 3454 4206 mundum:
3507 4152 3607 4206 sed
3642 4150 3766 4224 pol-

2120 4239 2242 4293 luta
2276 4242 2364 4293 est
2400 4253 2602 4293 eorum
2634 4241 2689 4291 et
2721 4252 2886 4291 mens
2918 4241 2972 4292 et
3004 4237 3380 4295 conscientia.
3415 4258 3441 4291 n
3495 4238 3643 4304 Quia
3673 4256 3771 4295 su-

2120 4328 2315 4400 perius
2347 4326 2609 4381 dixerat:
2669 4324 2807 4381 Sunt
2857 4327 3007 4381 enim
3061 4328 3231 4381 multi
3282 4331 3333 4383 et
3388 4344 3498 4383 non
3539 4328 3770 4397 subditi,

2121 4417 2431 4487 vaniloqui,
2461 4423 2511 4471 et
2563 4414 2888 4486 deceptores,
2941 4417 3187 4471 maxime
3226 4418 3325 4488 qui
3373 4416 3437 4473 de
3479 4417 3775 4473 circumci-

2119 4507 2272 4560 sione
2298 4513 2425 4560 sunt
2452 4504 2616 4576 (vers.
2653 4504 2762 4575 10),
2803 4508 2859 4559 et
2908 4505 2978 4560 de
3028 4504 3120 4559 his
3151 4504 3250 4576 qui
3295 4506 3367 4561 ab
3415 4506 3500 4562 eis
3546 4504 3774 4579 decepti

2124 4595 2374 4661 fuerunt,
2444 4596 2873 4664 consequenter
2928 4593 3275 4650 addiderat:
3357 4596 3585 4667 [nerepa
3652 4595 3777 4652 illos

2123 4684 2347 4749 acriter,
2380 4687 2438 4736 ut
2466 4683 2594 4736 sani
2620 4684 2731 4736 sint
2758 4683 2814 4736 in
2844 4680 2975 4753 ﬁde,
3024 4698 3135 4738 non
3165 4683 3505 4741 intendente:
3530 4684 3776 4741 Judaicis

2045 4793 2090 4858 Β
2122 4771 2327 4842 fabalis
2357 4779 2408 4826 et
2460 4770 2736 4825 mandatis
2791 4770 3077 4826 hominum
3131 4776 3509 4829 aversantium
3567 4777 3777 4830 verita-

2125 4865 2234 4915 tem
2281 4859 2705 4932 (vers.13,14).
2758 4860 2825 4914 Et
2874 4861 3166 4931 quomodo
3215 4864 3285 4917 ad
3322 4863 3560 4919 Galatas
3592 4869 3650 4919 et
3704 4863 3776 4919 ad

2128 4949 2419 5005 Romanos
2450 4947 2789 5019 plenissime
2818 4948 3174 5020 disputatur,
3210 4951 3495 5023 putabant
3524 4954 3674 5007 inter
3702 4950 3779 5008 ci-

2130 5042 2232 5093 bos
2260 5055 2389 5093 esse
2419 5038 2782 5105 distantiam,
2833 5054 2969 5094 cum
3002 5038 3184 5111 aliqui
3217 5040 3444 5099 mundi.
3480 5039 3660 5112 aliqui
3690 5039 3778 5094 vi-

2125 5129 2403 5182 derentur
2432 5127 2744 5193 immundi,
2782 5134 3086 5198 propterea
3128 5146 3282 5184 nunc
3333 5129 3543 5183 infert:
3579 5127 3780 5183 Omnia

2124 5217 2332 5272 munda
2361 5215 2607 5283 mundis,
2633 5216 2725 5271 his
2742 5216 3006 5271 videlicet
3027 5218 3123 5289 qui
3159 5219 3217 5273 in
3248 5217 3479 5273 Christo
3509 5217 3776 5284 credunt,

2126 5313 2181 5362 et
2213 5307 2407 5360 sciunt
2437 5322 2672 5360 omnem
2706 5313 3035 5360 creaturam
3079 5306 3292 5361 bonam
3329 5321 3492 5360 esse:
3546 5308 3602 5359 et
3633 5302 3778 5359 nihil

2128 5394 2523 5465 alijiciendum
2556 5394 2710 5465 quod
2742 5410 2874 5449 cum
2907 5398 3229 5466 gratiarum
3263 5394 3489 5448 actione
3530 5392 3777 5464 percipi-

2126 5489 2242 5539 tur.
2278 5484 2653 5553 Coinquinatis
2682 5487 2861 5538 autem
2892 5492 2942 5538 et
2971 5483 3283 5554 inﬁdelibus
3302 5482 3447 5536 nihil
3476 5481 3780 5538 mundum:

2128 5574 2268 5647 quia
2299 5573 2520 5645 polluta
2547 5578 2636 5627 est
2681 5589 2881 5647 eorum
2937 5577 2994 5626 et
3053 5588 3220 5627 mens
3277 5575 3333 5625 et
3382 5571 3778 5630 conscientia:

2130 5645 2436 5736 propterea
2466 5663 2640 5717 etiam
2683 5645 2813 5733 qan
2860 5661 3081 5716 munda
3131 5664 3271 5715 sunt
3328 5675 3428 5731 per
3484 5665 3780 5732 naturam,

441 5776 459 5811 ί
518 5774 723 5833 Hiulco
781 5787 960 5849 penes
1005 5770 1407 5849 Martianaeum
1466 5787 1666 5842 sensu,
1714 5787 1826 5830 non
1884 5771 2237 5831 attendentes.
2281 5770 2414 5830 Mox
2471 5760 2881 5829 Cistereienses
2932 5783 3100 5838 mss.,
3145 5769 3195 5826 et
3250 5766 3556 5828 mendaciis
3607 5769 3784 5837 hamis

367 5861 528 5927 num,
550 5851 685 5919 etc.,
717 5840 822 5924 pr'o
850 5842 1146 5918 mandatis,
1172 5840 1342 5907 falso.
