4310 6626
597 518 706 580 611

1833 518 1895 579 S.
1944 513 2255 580 EUSEBII
2303 512 2747 577 HIERONYMI

3876 518 3993 580 6H

595 651 679 708 eis
708 651 1018 707 immunda
1047 650 1218 706 ﬁunt.
1272 649 1396 706 Non
1456 652 1612 724 quod
1671 650 1759 707 vel
1813 651 2100 706 mundum
2158 650 2236 704 sit
2262 656 2319 723 Α
2348 648 2528 704 animi
2561 649 2860 703 fortitudo.
2895 648 2962 703 Et
2992 647 3455 720 quotiescunque
3505 645 3797 704 vincimur
3833 650 3990 707 vitiis

590 739 834 813 aliquid,
869 739 955 795 vel
988 739 1362 796 immundum
1386 756 1398 796 :
1424 740 1546 805 sed,
1573 757 1676 813 pro
1699 740 1981 813 qualitate
1999 755 2235 795 vescen-

587 828 760 898 tium,
795 834 852 886 et
882 829 1169 884 mundum
1201 828 1461 900 mundis,
1502 834 1561 885 et
1609 829 1980 884 immundum
2030 833 2234 884 conta-

590 918 829 974 minatis
860 918 980 973 ﬁat.
1010 917 1281 991 Alioquin
1312 917 1574 975 infideles
1600 934 1863 991 quosque
1892 922 2067 988 atque
2108 915 2234 988 pol-

588 1006 764 1076 lutos,
794 1006 971 1063 etiam
1003 1007 1171 1080 panis
1202 1007 1643 1078 benedictionis,
1675 1011 1732 1063 et
1779 1006 1928 1062 calix
1974 1005 2232 1061 Domini-

589 1113 695 1153 cus
724 1113 838 1153 non
864 1097 1033 1168 juvat
1078 1096 1124 1167 (I
1176 1095 1295 1152 Cor.
1329 1113 1386 1165 x,
1451 1096 1571 1169 10);
1635 1096 1775 1168 quia
1832 1095 1933 1167 qui
1993 1093 2232 1166 indigne

589 1185 906 1242 comederit
933 1185 1004 1241 de
1035 1200 1182 1257 pane
1210 1183 1331 1255 illo,
1362 1189 1421 1241 et
1450 1184 1522 1240 de
1570 1182 1749 1239 calice
1803 1182 2034 1250 biberit,
2074 1182 2232 1254 judi-

584 1273 742 1330 cium
772 1273 884 1330 sibi
915 1273 1229 1329 manducat
1259 1276 1318 1329 et
1366 1272 1515 1328 bibit
1571 1273 1619 1344 (1
1649 1270 1769 1329 Cor.
1801 1289 1879 1339 x1,
1935 1271 2047 1343 29).
2107 1270 2227 1326 Ad-

582 1367 758 1420 ventu
787 1361 998 1418 Christi
1028 1367 1277 1435 purgata
1305 1364 1445 1417 sunt
1472 1360 1687 1417 omnia.
1738 1363 1872 1428 Quis
1914 1358 2013 1416 ille
2056 1375 2226 1416 mun-

581 1452 758 1525 davit,
790 1468 897 1508 nos
924 1451 1359 1508 communicare
1387 1467 1503 1506 non
1541 1466 1879 1524 possumus.
1928 1450 2039 1513 Sed
2088 1466 2225 1505 con-

579 1540 960 1598 siderandum
1015 1555 1109 1612 ne,
1163 1539 1277 1597 ista
1329 1543 1668 1611 tractantes,
1727 1538 2090 1595 occasionem
2138 1536 2224 1594 illi

569 1629 775 1687 haeresi
819 1631 1050 1702 demus,
1109 1645 1236 1701 quae
1289 1630 1461 1700 juxta
1513 1627 1923 1701 Apocalypsim
1983 1628 2120 1700 (cap.
2155 1643 2218 1696 ιι,

565 1721 681 1788 20),
714 1724 771 1775 et
800 1719 996 1791 ipsum
1032 1735 1266 1790 quoque
1298 1717 1629 1790 apostolum
1661 1716 1910 1772 Paulum
1959 1715 2218 1772 scriben-

564 1812 686 1864 tem
718 1808 790 1863 ad
823 1806 1175 1873 Corinthios,
1228 1810 1396 1879 putat
1439 1806 1510 1861 de
1568 1804 1906 1877 idolothytis
1952 1822 2081 1861 esse
2122 1821 2216 1860 ve-

564 1896 849 1952 scendum
882 1896 929 1967 (ι
963 1898 1090 1951 Cor.
1123 1912 1247 1963 VIII,
1277 1896 1372 1966 7):
1409 1895 1548 1966 quia
1579 1894 1777 1951 omnia
1808 1894 2031 1950 munda
2079 1898 2218 1950 sunt

2346 744 2521 810 atque
2552 737 2825 810 peccatis,
2857 738 3025 793 toties
3058 737 3240 793 Deum
3288 753 3592 810 negamus.
3644 736 3717 793 Ut
3764 738 3872 810 [Αι.
3899 740 3988 812 Et]

2344 827 2685 897 econtrario,
2717 826 2944 898 quoties
2975 826 3121 882 bene
3160 826 3300 898 quid
3331 826 3586 899 agimus,
3638 825 3825 883 Deum
3856 843 3991 884 con-

2342 915 2595 971 fitemur.
2628 916 2743 971 Nec
2772 916 3176 971 arbitrandum
3216 919 3302 971 est
3337 914 3397 971 in
3455 915 3552 973 die
3593 916 3803 986 judicii
3859 916 3989 975 illos

2340 1007 2570 1059 tantum
2600 1021 2634 1060 a
2665 1004 2763 1060 Dei
2795 1003 2939 1060 Filio
2995 1004 3389 1077 denegandos,
3431 1005 3533 1077 qui
3588 1005 3648 1061 in
3707 1006 3985 1079 martyrio

2338 1091 2637 1148 Christum
2666 1093 3066 1160 denegarunt:
3094 1094 3195 1150 sed
3234 1110 3339 1166 per
3385 1094 3585 1150 omnia
3635 1110 3833 1168 opera,
3864 1111 3984 1152 ser-

2340 1196 2564 1253 mones,
2593 1181 2996 1254 cogitationes,
3053 1181 3340 1251 Christus,
3370 1181 3459 1239 vel
3508 1188 3755 1256 negatus
3812 1189 3985 1259 negat

2336 1269 2426 1326 vel
2457 1270 2759 1327 confessus
2788 1271 3112 1328 confitetur.
3148 1275 3225 1328 De
3264 1270 3374 1328 hac
3428 1275 3568 1344 puto
3620 1272 3983 1333 confessione

2336 1362 2395 1415 et
2424 1358 2732 1434 discipulis
2759 1359 3051 1433 praecepit,
3083 1360 3282 1418 dicens
3308 1378 3321 1417 :
3352 1361 3522 1417 Eritis
3556 1361 3701 1418 mihi
3738 1366 3893 1421 testes
3919 1365 3981 1419 in

2333 1448 2664 1519 Jerusalem,
2696 1451 2838 1506 etin
2866 1451 3020 1506 omni
3052 1450 3248 1508 Judaa
3293 1454 3345 1507 et
3398 1450 3676 1520 Samaria,
3708 1456 3760 1508 et
3812 1469 3979 1526 usque

2331 1536 2405 1594 ad
2432 1541 2736 1595 extremum
2765 1542 2932 1597 terra
2959 1539 3110 1612 (Λα.
3147 1556 3186 1610 ι,
3218 1540 3295 1611 8),
3328 1540 3473 1597 utin
3501 1540 3779 1598 omnibus
3807 1541 3977 1598 bonis

2331 1628 2607 1700 operibus
2636 1632 2811 1701 atque
2858 1628 3253 1699 sermonibus,
3284 1646 3450 1685 mens
3512 1629 3806 1687 Christum
3864 1630 3974 1704 ipsi

2331 1715 2526 1771 dedita
2556 1717 2922 1774 confiteatur.
2956 1717 3056 1773 Est
3087 1722 3142 1774 et
3182 1719 3449 1791 quaedam
3480 1717 3776 1776 laudanda
3805 1736 3974 1794 nega-

2329 1803 2429 1870 tio,
2463 1804 2533 1859 de
2582 1821 2699 1875 qua
2745 1810 2802 1860 et
2830 1806 2955 1878 ipse
3010 1806 3326 1877 Apostolus
3354 1807 3472 1862 ait:
3530 1808 3593 1865 Ut
3649 1809 3973 1880 abnegantes

2326 1894 2662 1963 impiaatem
2690 1898 2745 1949 et
2799 1897 3091 1950 saecularia
3118 1895 3413 1970 desideria,
3469 1901 3644 1965 caste,
3701 1900 3753 1955 et
3798 1899 3966 1969 juste,

563 1984 824 2040 mundis.
859 1989 1024 2041 Nunc
1051 1984 1209 2040 enim
1256 1983 1532 2056 Apostolo
1564 2000 1679 2039 non
1713 1983 1822 2038 fuit
1842 1982 2208 2055 propositum
2242 2025 2289 2090 B
2324 1985 2376 2036 et
2424 1984 2516 2052 pie
2558 1984 2810 2039 vivamus
2861 1985 2920 2038 in
2987 1994 3251 2053 prwwntz
3307 1986 3550 2042 saeculo:
3598 1990 3970 2059 exspectantes

566 2074 639 2129 de
670 2073 761 2128 his
793 2090 920 2145 quae
951 2072 1333 2129 immolantur
1352 2073 1717 2129 daemonibus
1746 2073 2082 2144 disputare:
2108 2073 2209 2127 sed

567 2163 845 2219 adversus
920 2162 1177 2231 Judeeos,
1234 2162 1335 2234 qui
1404 2163 1726 2217 secundum
1785 2160 1930 2233 legis
1985 2160 2209 2217 abolitae

563 2250 959 2323 disciplinam,
993 2252 1256 2324 quaedam
1293 2252 1532 2321 munda,
1556 2250 1819 2323 quaedam
1852 2250 2212 2306 arbitraban-

563 2345 661 2397 tur
688 2340 1015 2397 immunda.
1048 2341 1163 2397 Non
1210 2342 1380 2407 enim,
1424 2339 1635 2412 inquit,
1677 2355 1965 2411 possumus
2013 2354 2208 2395 mensae

561 2431 789 2486 Domini
837 2431 1196 2503 participare,
1245 2437 1295 2485 et
1357 2446 1560 2485 mense
1615 2430 2053 2486 daemoniorum:
2110 2446 2209 2486 nec

558 2520 802 2576 valemus
848 2519 1017 2575 simul
1069 2518 1249 2575 bibere
1302 2519 1527 2574 calicem
1579 2519 1817 2585 Domini,
1876 2522 1929 2573 et
1981 2519 2208 2574 calicem

556 2608 955 2666 daemoniorum
1010 2609 1058 2680 (Ι
1086 2608 1293 2676 Corax,
1349 2609 1438 2678 20,
1495 2608 1603 2673 21).
1664 2608 1727 2662 In
1783 2608 1951 2663 nobis
2008 2607 2206 2680 itaque

556 2702 647 2754 est
675 2699 979 2754 comedere
1016 2697 1102 2753 vel
1159 2697 1381 2753 munda
1408 2698 1497 2752 vel
1556 2697 1883 2752 immunda.
1935 2696 1992 2752 Si
2045 2697 2200 2754 enim

557 2788 761 2843 mundi
792 2804 1023 2852 sumus,
1058 2787 1279 2842 munda
1328 2785 1499 2841 nobis
1539 2791 1629 2841 est
1675 2791 1959 2841 creatura.
2010 2786 2067 2840 Si
2098 2803 2200 2842 au-

556 2881 672 2932 tem
723 2876 1011 2932 immundi
1062 2881 1119 2931 et
1165 2874 1451 2941 infideles,
1504 2876 1652 2929 fiunt
1698 2875 1867 2931 nobis
1927 2875 2203 2933 universa

554 2966 927 3021 communia:
987 2965 1108 3020 sive
1168 2980 1268 3035 per
1326 2963 1752 3019 inhabitantem
1808 2963 1868 3018 in
1926 2965 2201 3021 cordibus

554 3053 774 3109 nostris
830 3053 1122 3123 haeresim,
1199 3053 1347 3108 πη
1406 3051 1524 3107 sive
1595 3068 1697 3124 per
1780 3054 2196 3110 conscientiam

550 3141 915 3198 delictorum.
949 3145 1125 3197 Porro
1174 3141 1222 3196 si
1282 3141 1639 3197 conscientia
1692 3148 1892 3197 nostra
1942 3159 2049 3198 nos
2083 3160 2196 3200 non

550 3230 1007 3304 reprehenderit,
1042 3234 1097 3286 et
1140 3229 1521 3285 habuerimus
1553 3230 1823 3285 ﬁduciam
1859 3230 2087 3302 pietatis
2122 3232 2192 3287 ad

550 3319 862 3376 Dominum
892 3336 904 3375 :
937 3320 1238 3375 orabimus
1268 3318 1497 3390 spiritu,
1531 3319 1830 3374 arabimus
1860 3325 1918 3375 et
1957 3328 2188 3378 mente:

2322 2070 2534 2126 beatam
2581 2073 2731 2128 71³
2788 2089 2939 2145 spem
2984 2077 3035 2129 et
3089 2074 3382 2130 adventum
3438 2074 3739 2131 Saluatoris
3792 2078 3970 2134 nostri

2316 2161 2425 2215 Dei
2454 2160 2573 2231 (Tit.
2605 2177 2671 2221 ιι,
2704 2162 2812 2233 12).
2842 2161 3026 2225 Quam
3075 2162 3443 2235 negationem
3493 2164 3594 2236 qui
3648 2166 3961 2238 negaverit,

2317 2251 2373 2303 et
2402 2249 2569 2321 sequi
2600 2248 2847 2305 voluerit
2894 2250 3249 2307 Salvatorem
3298 2251 3667 2324 loquentem:
3723 2254 3962 2322 Quicun-

2315 2354 2417 2409 que
2446 2338 2678 2394 voluerit
2706 2338 2810 2410 [ΑΙ.
2845 2340 2983 2411 vult]
3014 2341 3199 2395 venire
3239 2340 3310 2396 ad
3344 2357 3451 2408 me,
3495 2342 3725 2412 abneget
3769 2348 3961 2400 semet-

2316 2428 2495 2497 ipsum
2524 2427 2673 2499 (Luc.
2699 2445 2773 2496 ix,
2807 2428 2919 2500 23),
2952 2433 3160 2495 exutus
3190 2434 3439 2486 veterem
3495 2430 3791 2489 hominem
3824 2450 3958 2490 cum

2315 2517 2588 2588 operibus
2617 2518 2765 2587 ejus,
2799 2522 2856 2573 et
2884 2517 3125 2574 indutus
3162 2534 3401 2587 novum,
3449 2526 3730 2592 sequetur
3774 2527 3957 2580 Deum

2313 2620 2511 2661 suum.
2544 2606 2844 2671 Quomodo
2893 2611 3088 2663 autem
3121 2624 3185 2663 se
3214 2608 3348 2680 quis
3378 2609 3645 2683 abneget,
3694 2615 3958 2668 contem-

2312 2692 2595 2766 plandum
2626 2700 2734 2751 est.
2779 2696 3035 2751 Pudicus
3093 2696 3524 2770 fornicatorem,
3579 2700 3734 2771 quod
3792 2701 3958 2774 prius

2314 2783 2517 2850 fuerat,
2543 2789 2752 2856 negat:
2788 2785 3023 2856 sapiens
3054 2785 3512 2859 imprudentem,
3551 2790 3751 2860 justus
3800 2790 3955 2862 inju~

2309 2876 2488 2941 stum,
2550 2873 2712 2929 fortis
2769 2873 3093 2930 infirmum.
3163 2875 3230 2930 Et
3279 2881 3345 2931 ut
3402 2878 3459 2932 in
3519 2893 3830 2936 commune
3884 2880 3956 2937 de

2309 2962 2583 3017 omnibus
2616 2962 2841 3034 loquar,
2874 2962 3043 3018 toties
3074 2980 3359 3035 negamus
3414 2983 3539 3037 nos,
3584 2968 3812 3039 quoties
3842 2969 3958 3041 pri-

2308 3067 2409 3106 ora
2438 3051 2577 3105 vitia
2607 3050 2919 3117 calcantes,
2950 3052 3275 3108 desinimus
3315 3071 3442 3110 esse
3500 3057 3651 3127 quod
3706 3058 3951 3127 luimus,

2306 3144 2362 3195 et
2392 3139 2707 3212 incipimus
2737 3157 2865 3195 esse
2896 3142 3046 3212 quod
3081 3146 3212 3197 ante
3244 3159 3359 3198 non
3392 3144 3630 3201 fuimus.

2376 3229 2537 3301 (Cap.
2565 3229 2635 3284 ΙΙ.
2668 3260 2735 3269 --
2765 3229 2930 3285 Vers.
2967 3230 3036 3301 1).
3069 3252 3095 3283 α
3115 3231 3200 3286 Tu
3226 3248 3355 3288 vero
3382 3234 3616 3305 loquere
3637 3252 3764 3307 quis
3787 3237 3954 3295 decet

2308 3335 2508 3374 sanam
2545 3319 2892 3374 doctrinam.
2930 3340 2957 3367 »
3015 3320 3185 3375 Aliud
3226 3326 3315 3376 est
3362 3339 3567 3379 sanam
3625 3326 3949 3384 doctrinam

550 3409 872 3483 psallemus
910 3407 1140 3481 spiritu,
1174 3386 1496 3480 psallemus
1528 3412 1585 3462 et
1616 3413 1809 3464 mente
1855 3409 1901 3481 (I
1926 3410 2046 3466 Cor.
2078 3428 2192 3481 xw,
2225 3386 2268 3452 Ο
2305 3406 2486 3478 loqui,
2517 3406 2675 3463 aliud
2706 3424 2775 3463 ea
2804 3424 2930 3478 qua:
2970 3424 3124 3463 sanae
3182 3410 3536 3467 conveniunt
3590 3414 3796 3470 docere
3851 3417 3950 3472 do-

550 3500 676 3567 15):
729 3502 786 3554 et
834 3496 1033 3570 procul
1084 3498 1304 3552 erimus
1357 3497 1429 3552 ab
1487 3497 1587 3552 his
1636 3498 1707 3553 de
1765 3497 1980 3570 quibus
2040 3517 2195 3556 nunc

548 3587 861 3644 scribitur:
896 3588 1111 3642 Polluta
1150 3600 1228 3642 est
1257 3601 1446 3642 eorum
1473 3594 1524 3641 et
1552 3602 1703 3641 mens
1740 3597 1792 3641 et
1840 3590 2190 3644 conscientia.

618 3677 805 3747 (Vers.
843 3676 951 3747 16).
987 3699 1015 3725 ‹‹
1050 3676 1414 3731 Confitentur
1444 3692 1505 3732 se
1555 3693 1726 3732 nosse
1771 3676 1976 3743 Deum,
2028 3678 2193 3735 factis

547 3770 742 3821 autem
776 3769 1027 3837 negant:
1062 3764 1467 3834 exsecrabiles,
1498 3768 1555 3819 et
1583 3765 2001 3833 inobedientes,
2036 3772 2094 3821 et
2120 3769 2191 3822 ad

550 3870 724 3909 omne
755 3870 902 3925 opus
950 3854 1167 3908 bonum
1214 3852 1464 3924 reprobi.
1499 3876 1526 3903 ››
1562 3852 1628 3907 Hi
1688 3871 1938 3924 quorum
1972 3855 2194 3927 polluta

548 3947 638 3998 est
666 3945 723 3997 et
752 3959 919 3998 mens
948 3946 1005 3997 et
1033 3940 1403 4008 conscientia,
1451 3940 1634 3997 Deum
1667 3958 1729 3997 se
1786 3960 1958 3998 nosse
2015 3944 2193 4000 conﬁ-

544 4035 764 4097 tentur,
799 4031 964 4087 factis
994 4036 1189 4086 autem
1223 4035 1459 4103 negant,
1493 4031 1817 4087 secundum
1852 4032 1995 4089 illud
2037 4035 2189 4105 quod

544 4121 602 4176 in
637 4121 787 4177 Isaia
818 4120 1069 4177 dicitur:
1132 4120 1384 4192 Populus
1440 4120 1529 4176 hic
1585 4121 1749 4176 labiis
1804 4138 1890 4176 me
1939 4124 2187 4191 honorat,

542 4226 636 4266 cor
681 4220 877 4267 autem
930 4228 1123 4267 eorum
1165 4212 1322 4281 longe
1370 4214 1449 4266 est
1506 4228 1539 4265 a
1596 4227 1681 4266 me
1734 4213 1857 4277 (lsa.
1890 4230 2043 4279 xxxx,
2079 4214 2185 4285 13).

540 4301 839 4365 Quomodo
870 4300 1049 4373 igitur
1080 4300 1251 4355 labiis
1283 4300 1380 4370 qui
1411 4299 1678 4366 honorat,
1703 4305 1759 4354 et
1789 4302 1961 4356 corde
1991 4303 2189 4373 procul

540 4390 794 4446 recedit:
819 4389 900 4444 ita
934 4395 1113 4445 Deum
1139 4404 1407 4445 sermone
1430 4388 1561 4460 quis
1583 4389 1889 4461 confitens,
1914 4390 2188 4461 operibus

539 4483 731 4550 negat.
766 4477 997 4550 Negans
1025 4481 1223 4533 autem
1256 4477 1530 4548 operibus
1560 4476 1767 4547 Deum,
1825 4480 2187 4536 confessione

538 4565 818 4621 simulata
867 4571 1018 4622 recte
1074 4564 1446 4621 exsecrabilis
1499 4570 1555 4621 et
1612 4568 1893 4636 profanus
1951 4572 2076 4624 est:
2130 4574 2187 4625 et

537 4652 699 4707 nulla
752 4653 1014 4709 veritatis
1074 4653 1297 4709 ratione
1353 4670 1689 4725 persuasus,
1746 4654 2087 4712 inobediens
2128 4662 2185 4714 et

2304 3496 2500 3552 ctrinre
2526 3514 2539 3552 :
2572 3496 2670 3568 qui
2698 3496 2754 3551 in
2777 3496 2955 3552 altero
2987 3496 3235 3570 simplex
3258 3503 3487 3554 tantum
3520 3499 3809 3559 institutio
3837 3509 3944 3561 est:

2302 3584 2361 3640 in
2393 3585 2573 3641 altero
2605 3602 2737 3640 cum
2780 3601 2846 3641 eo
2887 3587 3039 3657 quod
3091 3587 3325 3659 docens,
3368 3589 3494 3643 vitae
3543 3606 3774 3663 quoque
3821 3609 3946 3649 cor-

2302 3676 2478 3729 rectio
2504 3679 2612 3730 est.
2646 3676 2754 3743 Qui
2781 3678 2928 3731 enim
2951 3675 3174 3730 solverit
3204 3692 3377 3731 unum
3404 3677 3469 3733 de
3521 3680 3798 3738 mandatis
3829 3684 3947 3739 istis

2300 3765 2575 3831 minimis,
2607 3768 2656 3818 et
2702 3763 2945 3818 docuerit
2971 3766 3051 3820 sic
3097 3764 3364 3835 homines,
3417 3768 3682 3826 minimus
3728 3771 3941 3827 vocabi-

2298 3854 2504 3905 tur’in
2576 3867 2745 3919 regno
2794 3853 3049 3907 cistarum
3103 3854 3309 3923 (Matth.
3369 3872 3423 3922 ν,
3486 3857 3610 3928 19);
3702 3859 3943 3916 Domino

2302 3940 2668 4011 praecipiente
2699 3940 3023 4012 discipulis,
3060 3958 3175 3998 non
3204 3942 3404 4007 solum
3467 3945 3526 4000 in
3570 3947 3950 4008 meditatione

2298 4029 2731 4101 Scripturarum
2759 4046 2857 4084 eos
2896 4029 3161 4086 laborare
3193 4032 3422 4098 debere,
3454 4039 3519 4088 ut
3547 4051 3674 4106 qua:
3723 4040 3946 4112 scripta

2299 4123 2457 4184 sunt,
2500 4118 2796 4189 replicent,
2826 4128 2876 4174 et
2910 4121 3163 4175 condant
3217 4120 3276 4175 in
3309 4123 3598 4179 memoriae
3631 4126 3942 4186 thesauro:

2298 4207 2399 4262 sed
2435 4207 2597 4279 prius
2628 4206 2843 4262 faciant
2883 4224 3010 4280 quae
3068 4215 3356 4282 praecepta
3412 4218 3569 4268 sunt.
3633 4216 3949 4289 Quicunque

2296 4312 2422 4352 vero
2471 4298 2661 4366 fecerit
2710 4298 2760 4351 et
2819 4297 3078 4367 docuerit,
3136 4300 3234 4354 ille
3291 4302 3569 4358 vocabitur
3614 4320 3847 4376 magnus
3884 4309 3947 4363 in

2298 4401 2462 4456 regno
2489 4386 2749 4441 calorum
2778 4385 2985 4456 (Ibid).
3020 4386 3139 4442 Nisi
3171 4389 3325 4444 enim
3361 4406 3738 4463 supergressa
3768 4395 3943 4451 fuerit

2296 4480 2494 4530 nostra
2516 4474 2749 4546 justitia
2796 4476 3134 4531 Scribarum
3173 4478 3469 4548 justitiam
3519 4485 3576 4536 et
3623 4481 3937 4538 Pharisaeo-

2294 4582 2448 4631 rum,
2482 4581 2595 4619 non
2628 4580 2943 4637 possumus
2976 4565 3200 4638 ingredi
3234 4583 3415 4639 regna
3464 4569 3740 4626 cmlorum
3775 4572 3935 4644 (Ibid.

2291 4656 2403 4726 20).
2432 4654 2537 4720 Qui
2572 4671 2751 4726 supra
2781 4654 2964 4725 Moysi
2999 4655 3335 4711 cathedram
3387 4658 3679 4729 sedentes,
3735 4661 3940 4719 dicunt

535 4740 875 4797 incredulus
931 4741 1274 4814 appellatur.
1336 4742 1499 4798 Unde
1547 4743 1736 4798 evenit
1793 4750 1857 4799 ut
1906 4746 1978 4800 ad
2011 4763 2181 4803 omne
2211 4754 2258 4819 D
2288 4750 2365 4801 et‘
2402 4761 2518 4799 non
2574 4743 2817 4812 faciunt,
2875 4747 2932 4798 et
2981 4743 3226 4817 alligant
3283 4761 3460 4802 onera
3524 4748 3938 4821 importabilia,

536 4845 685 4902 opus
715 4830 933 4886 bonum
993 4832 1275 4903 reprobus
1318 4832 1429 4887 sit:
1490 4832 1643 4904 quod
1699 4832 1958 4910 scilicet,
2001 4836 2179 4892 etiam

533 4935 601 4975 ea
641 4935 768 4991 qua
827 4920 1076 4976 naturali
1140 4920 1397 4976 bonitate
1454 4926 1764 4994 superatus
1826 4923 1972 4979 forte
2028 4925 2182 4982 bona

532 5007 752 5081 fecerit,
782 5025 896 5065 non
956 5009 1073 5065 sint
1104 5009 1275 5077 bona,
1335 5010 1476 5065 dum
1535 5010 1748 5066 mentis
1803 5012 2180 5083 perversitate

534 5102 672 5154 sunt
702 5099 967 5171 reproba.
1014 5098 1366 5154 Existimant
1409 5100 1649 5170 quidam
1706 5100 1765 5155 in
1822 5118 1887 5157 eo
1946 5107 2177 5158 tantum

528 5187 714 5245 Deum
748 5188 970 5261 negari,
1003 5188 1053 5245 si
1084 5188 1143 5244 in
1175 5189 1574 5261 persecutione
1604 5189 1737 5260 quis
1776 5208 1809 5245 a
1858 5191 2177 5262 gentilibus

528 5277 1009 5351 comprehensus,
1044 5294 1107 5335 se
1138 5278 1394 5335 renuerit
1422 5277 1818 5334 Christianum
1859 5280 1968 5349 [Αι.
1999 5280 2171 5337 addit.

528 5369 702 5438 esse.]
761 5367 871 5423 Sed
947 5384 1078 5424 ecce
1135 5366 1470 5441 Apostolus,
1528 5366 1802 5423 omnibus
1859 5385 1987 5440 quae
2046 5386 2173 5441 per-

524 5468 692 5512 versa
728 5461 868 5513 sunt
912 5457 1101 5527 factis,
1160 5457 1344 5514 Deum
1398 5456 1609 5512 asserit
1662 5456 1955 5530 denegari.
2012 5457 2175 5514 Chri-

528 5548 656 5599 stus
711 5546 1000 5618 sapientia
1073 5551 1180 5616 est,
1234 5545 1493 5618 justitia,
1569 5544 1804 5614 veritas,
1867 5548 2170 5618 sanctitas,

527 5630 825 5689 fortitudo.
885 5636 1144 5710 Negatur
1204 5652 1305 5709 per
1378 5635 1777 5708 insipientiam
1863 5637 2168 5709 sapientia,

527 5735 630 5792 per
686 5720 1053 5795 iniquitatem
1099 5726 1356 5798 justitia,
1416 5742 1519 5798 per
1591 5724 1960 5780 mendacium
2030 5728 2173 5784 veri-

2291 4852 2416 4908 quaa
2449 4832 2771 4889 cervicibus
2804 4831 3109 4888 hominum
3151 4832 3486 4907 imponunt,
3545 4842 3602 4892 et
3658 4838 3769 4911 ipsi
3830 4840 3939 4895 mi-

2289 4925 2448 4979 nimo
2488 4921 2668 4994 digito
2727 4920 2938 4976 nolunt
2988 4938 3056 4977 ea
3110 4924 3445 4997 contingere
3504 4927 3721 4999 (Matth.
3773 4945 3937 4997 xxm,

2288 5012 2421 5082 2-4).
2480 5010 2597 5065 Hoc
2658 5009 2836 5082 igitur
2892 5027 3047 5067 nunc
3104 5014 3412 5085 Apostolus
3466 5016 3684 5083 Titum,
3744 5016 3934 5073 ﬁlium

2289 5101 2347 5156 in
2398 5099 2626 5156 Christo
2660 5104 2717 5155 et
2763 5099 3116 5172 discipulum
3175 5119 3370 5170 suum,
3420 5104 3587 5160 docet
3644 5110 3708 5162 ut
3738 5123 3806 5163 ea
3858 5105 3939 5162 lo-

2287 5194 2503 5262 quatur
2543 5206 2671 5262 qua:
2702 5207 2856 5245 sanae
2886 5190 3162 5245 doctrinae
3206 5193 3584 5249 conveniant:
3628 5195 3767 5267 quia
3794 5199 3937 5252 tunc

2287 5280 2565 5336 doctrina:
2596 5278 2673 5335 sit
2702 5279 2945 5351 sanitas,
2979 5295 3113 5336 cum
3139 5281 3394 5338 doctoris
3423 5283 3690 5341 doctrina
3719 5284 3938 5358 pariter

2284 5375 2342 5426 et
2374 5370 2494 5425 vita
2522 5370 2908 5426 consentiant.

2356 5459 2539 5530 (Vers.
2561 5459 2639 5530 2).
2673 5458 2853 5515 Senes
2884 5460 3109 5517 sobrios
3138 5477 3289 5529 esse,
3322 5463 3621 5534 honestos,
3668 5464 3934 5537 pudicos,

2282 5565 2460 5605 sanos
2490 5548 2547 5602 in
2588 5548 2723 5617 fide,
2757 5553 2814 5603 et
2838 5548 3139 5621 charitate,
3168 5557 3226 5608 et
3254 5554 3558 5626 patientia.
3596 5576 3623 5603 ››
3674 5552 3934 5609 Genera-

2282 5638 2414 5693 liter
2443 5638 2573 5692 Tito
2605 5641 2748 5691 ante'
2768 5638 3108 5710 praecipiens
3139 5643 3279 5714 quid
3312 5643 3436 5716 ipse
3485 5642 3646 5715 loqui
3693 5642 3933 5698 deberet

2281 5728 2354 5784 ad
2387 5729 2651 5792 cunctos,
2682 5725 2743 5780 in
2774 5742 2840 5781 eo
2879 5730 3031 5798 quod
3065 5731 3185 5787 ait:
3245 5734 3319 5788 Tu
3368 5749 3492 5789 vero
3541 5734 3762 5804 loquere
3812 5746 3931 5802 quae

522 5813 637 5887 tas,
669 5826 773 5885 per
799 5814 1225 5889 turpitudinem
1257 5814 1557 5884 sanctitas,
1589 5828 1693 5888 per
1710 5812 2169 5878 imbecillitatem
2277 5816 2465 5879 decerit
2492 5831 2698 5877 sanam
2724 5815 3031 5883 doctrinam
3060 5820 3221 5900 (vers.
3260 5824 3311 5901 1)
3348 5839 3504 5883 nunc
3534 5839 3635 5901 per
3665 5820 3931 5906 singulae
