4310 6652
322 503 441 565 613

1163 499 1677 566 COMMENTAR.
1726 501 1804 563 IN
1849 500 2096 562 EPIST.
2145 497 2248 562 AD
2291 505 2562 567 TITUM.
2611 503 2782 566 CAP.
2829 503 2906 566 ΙΙ.

3616 515 3734 573 614

331 636 555 710 species
596 634 736 710 quid
785 650 1261 708 unamquamque
1309 639 1540 691 aetatem
1589 635 1786 691 deceat
1809 637 1847 700 ί,
1879 649 1973 689 ex-
2005 635 2058 700 Α
2090 650 2206 690 non
2252 635 2579 702 zemulatur,
2614 652 2728 691 non
2778 637 3036 708 inflatur,
3070 656 3181 695 non
3235 641 3355 712 agit
3404 657 3729 716 perperam,

335 727 519 799 ponit.
569 728 720 782 714
767 724 1026 780 Primum
1076 725 1316 779 senibus
1364 724 1504 779 viris
1553 723 1976 789 convenientia,

337 815 548 872 deinde
579 832 726 870 anus
757 813 895 885 quid
927 814 1146 883 deceat,
1167 813 1337 868 tertio
1359 830 1486 884 quze
1507 811 1980 868 adolescentibus

340 911 474 977 apta
513 905 798 971 sint,tam
849 903 1113 958 maribus
1161 902 1445 972 videlicet,
1498 920 1672 974 quam
1724 900 1979 965 feminis,

338 995 473 1049 licet
501 994 558 1047 in
592 996 872 1064 praecepto
926 991 1238 1048 mulierum
1269 991 1591 1047 vetularum
1638 992 1709 1046 de
1759 990 1981 1045 adoles-

342 1081 604 1140 centibus
635 1081 868 1136 feminis
911 1083 1188 1136 mandata
1229 1081 1546 1151 subjecerit
1574 1099 1586 1136 :
1623 1085 1686 1134 ut
1717 1097 1830 1134 non
1864 1084 1981 1133 tam

344 1171 466 1242 ipse
497 1171 728 1225 doceret
773 1169 1258 1239 adolescentulas,
1312 1186 1487 1241 quam
1539 1169 1682 1240 quid
1713 1186 1746 1223 a
1777 1165 1987 1222 vetulis

341 1261 707 1324 docerentur,
753 1264 1080 1331 exponeret.
1117 1260 1384 1314 Extremo
1432 1259 1503 1313 de
1553 1257 1752 1321 servis,
1784 1262 1839 1312 et
1887 1273 1990 1327 per

341 1347 603 1422 singulas
633 1354 851 1415 aetates,
883 1355 942 1403 et
980 1348 1362 1414 conditiones,
1398 1348 1481 1402 sic
1530 1348 1798 1403 decenter
1846 1362 1988 1417 prae-

344 1443 512 1510 cepta
535 1437 859 1505 constituit,
895 1442 958 1492 ut
987 1454 1178 1493 sermo
1222 1438 1349 1508 ejus
1380 1436 1505 1491 vita:
1542 1451 1887 1506 morumque
1919 1432 1994 1488 sit

348 1527 567 1600 regula.
602 1527 782 1583 Senes
828 1526 1008 1599 igitur
1037 1526 1262 1582 sobrios
1293 1543 1422 1582 esse
1442 1527 1482 1596 ²,
1516 1526 1633 1580 sive
1663 1523 1992 1596 vigilantes,

351 1618 493 1690 quia
520 1613 780 1692 νηφάλιοι
806 1616 956 1688 apud
988 1616 1215 1672 Graecos
1244 1619 1560 1686 utrumque
1590 1619 1762 1670 sonat
1787 1631 1799 1668 :
1825 1613 1999 1668 hone-

353 1712 496 1773 stos,
520 1713 584 1761 ut
612 1706 796 1761 aetatis
823 1704 1166 1777 gravitatem
1190 1721 1423 1760 morum
1452 1704 1706 1776 gravitas
1739 1703 1996 1768 decoret;

356 1795 619 1868 pudicos,
653 1812 724 1850 ne
756 1795 812 1849 in
845 1794 1035 1850 aliena
1081 1797 1250 1849 aetate
1281 1793 1595 1859 luxurient,
1630 1810 1700 1848 ne
1746 1793 1867 1864 jam
1901 1793 1998 1847 fri-

355 1883 490 1958 gido
535 1886 606 1940 ad
655 1883 958 1940 libidinem
993 1883 1298 1954 sanguine,
1333 1882 1596 1954 exemplo
1644 1882 1763 1937 sint
1809 1881 2001 1938 adole-

2089 741 2202 780 non
2235 724 2562 792 inhoneste,
2597 742 2709 781 non
2743 726 2815 780 ad
2848 726 3208 784 iracundiam
3244 730 3589 800 concitatur,
3618 753 3732 790 non

2090 813 2303 885 cogitat
2334 813 2575 880 malum,
2611 831 2723 868 non
2768 815 2983 886 gaudet
3022 816 3126 886 [Αἰ.
3160 821 3508 891 eongaudet]
3559 839 3737 894 super

2090 900 2419 972 iniquitate,
2452 903 2796 974 congaudet,
2831 909 3027 958 autem
3060 908 3305 974 veritati,
3330 911 3528 964 omnia
3557 911 3736 966 susti-

2094 996 2209 1053 net,
2256 992 2452 1045 omnia
2496 992 2698 1057 credit,
2729 993 2926 1046 omnia
2965 1001 3177 1064 sperat,
3211 998 3408 1051 omnia
3437 1000 3738 1070 praestola-

2094 1084 2191 1133 tur
2243 1081 2288 1147 (I
2315 1083 2436 1134 Cor.
2471 1097 2591 1146 xm,
2622 1081 2752 1151 4-8).
2805 1082 2870 1135 Et
2928 1084 3067 1154 quia
3123 1085 3374 1142 charilas
3435 1106 3738 1160 nunquam

2096 1168 2329 1232 excidit,
2371 1169 2470 1240 qui
2523 1167 2580 1223 in
2624 1169 2925 1224 charitatis
2974 1177 3064 1226 est
3113 1174 3381 1240 sanitate,
3433 1194 3739 1250 nunquam

2098 1265 2155 1312 et
2184 1257 2308 1330 ipse
2349 1257 2585 1312 corruit.
2620 1256 2919 1329 Siquidem
2974 1277 3077 1314 nec
3119 1263 3419 1318 tribulatio
3449 1284 3605 1336 eum,
3638 1285 3743 1324 nec

2101 1346 2394 1418 angustia,
2429 1362 2529 1401 nec
2580 1346 2784 1413 fames,
2821 1364 2923 1401 nec
2967 1351 3321 1419 persecutio,
3356 1369 3460 1407 nec
3493 1356 3752 1426 nuditas,

2105 1453 2210 1492 nec
2244 1435 2588 1506 periculum,
2624 1451 2726 1490 nec
2776 1436 3006 1507 gladius
3037 1455 3306 1508 separare
3356 1443 3566 1512 poterit
3599 1461 3630 1499 a
3661 1463 3754 1500 sa-

2106 1525 2285 1581 nitate
2333 1524 2656 1590 charitatis,
2689 1541 2866 1595 quam
2917 1525 3186 1582 habuerit
3236 1529 3291 1584 in
3343 1530 3568 1588 Christo
3609 1534 3752 1590 Jesu

2108 1616 2283 1687 (Rom.
2310 1630 2430 1683 vin,
2455 1614 2565 1681 35).
2594 1614 2736 1678 Quid
2774 1614 2843 1668 de
2868 1615 3061 1686 gladio
3092 1621 3148 1671 et
3181 1619 3405 1675 caeteris
3429 1621 3760 1679 minoribus

2109 1703 2480 1774 inquamquia
2505 1720 2616 1757 non
2644 1710 2890 1774 possunt
2911 1720 3045 1758 eum
3070 1705 3344 1776 dividere,
3363 1725 3463 1779 qui
3486 1711 3760 1768 sanitatis

2111 1791 2371 1864 possidet
2402 1791 2746 1846 charitatem
2779 1809 2791 1846 :
2827 1809 2960 1848 cum
2995 1811 3100 1850 nec
3141 1812 3318 1864 mors,
3356 1815 3458 1853 nec
3489 1799 3623 1866 vita,
3660 1818 3764 1857 nec

2112 1879 2326 1954 angeli,
2356 1897 2459 1934 nec
2500 1880 2882 1951 principatus,
2909 1899 3012 1938 nec
3040 1886 3369 1955 praesentia,
3404 1904 3509 1944 nec
3543 1890 3762 1956 futura,

355 1973 656 2029 scentibus
705 1973 777 2028 ad
828 1973 1081 2027 ruinam.
1117 1972 1302 2027 Sanos
1334 1972 1392 2026 in
1426 1972 1560 2036 fide,
1587 1972 1656 2026 de
1705 1988 1822 2043 qua
1869 1971 2002 2025 fidei
2034 2000 2082 2065 Β
2116 1986 2220 2025 nec
2273 1969 2570 2031 fortitudo,
2623 1986 2728 2025 nec
2777 1969 3042 2038 altitudo,
3091 1989 3193 2027 nec
3242 1976 3623 2045 profundum,
3658 1995 3765 2035 nec

356 2063 609 2118 sanitate
637 2077 817 2133 supra
841 2060 1117 2116 diximus.
1149 2065 1331 2115 Sanos
1357 2065 1550 2116 autem
1607 2077 1723 2116 non
1773 2065 2005 2115 tantum

357 2152 418 2207 in
451 2152 585 2220 fide,
617 2167 818 2206 verum
859 2157 916 2205 et
964 2151 1022 2205 in
1070 2149 1372 2218 aharitate,
1406 2154 1462 2205 et
1506 2150 1561 2204 in
1613 2149 1912 2222 patientia,
1947 2153 2012 2203 ut

360 2258 496 2297 cum
527 2241 779 2313 primam
814 2239 946 2294 fidei
979 2239 1293 2294 habuerint
1338 2239 1674 2305 sanitatem,
1708 2239 1950 2294 audiant
1979 2254 2012 2292 a

357 2330 651 2387 Salvatore
686 2327 889 2385 :Fides
937 2332 1034 2383 tua
1088 2333 1138 2383 te
1186 2328 1399 2383 salvum
1437 2329 1564 2400 fecit
1593 2328 1776 2400 (Marc.
1810 2345 1864 2394 x,
1895 2329 2008 2395 5'2).

356 2421 428 2475 Et
457 2419 593 2474 alibi
633 2437 645 2474 :
677 2420 857 2490 Neque
898 2420 1046 2473 enim
1076 2419 1133 2472 in
1167 2417 1333 2473 Israel
1363 2421 1579 2473 tantam
1625 2417 1786 2487 ﬁdem
1827 2418 2015 2474 inveni

360 2509 570 2583 (Matth.
595 2525 718 2575 vm,
745 2508 852 2578 id).
881 2508 946 2562 Et
974 2512 1208 2579 propter
1239 2507 1507 2562 eamdem
1541 2507 1673 2562 fidei
1704 2507 2014 2563 sanitatem

367 2599 514 2654 fiant
553 2596 659 2652 filii
705 2596 972 2664 Abrahae,
1000 2597 1070 2651 de
1102 2611 1215 2667 quo
1269 2596 1553 2667 scriptum
1604 2601 1692 2651 est
1725 2613 1738 2650 :
1777 2594 2016 2650 Credidit

366 2685 648 2743 Abraham
695 2691 826 2756 Deo,
860 2689 915 2740 et
971 2693 1292 2756 reputatum
1349 2688 1428 2740 est
1483 2686 1574 2740 illi
1628 2685 1697 2740 ad
1741 2685 2019 2758 justitiam

369 2775 582 2849 (Cenes.
617 2791 706 2846 xv,
739 2774 816 2844 6).
850 2774 918 2828 Et
970 2773 1238 2828 Habacuc
1289 2773 1360 2827 de
1419 2773 1528 2828 hac
1579 2773 1711 2828 fidei
1770 2773 2021 2829 sanitate

369 2880 838 2922 commemorans
889 2862 971 2917 ait
1005 2880 1016 2918 :
1044 2862 1228 2919 Justus
1261 2870 1442 2918 autem
1483 2879 1553 2918 ex
1579 2863 1687 2933 ﬁde
1732 2880 1856 2918 mea
1888 2862 2021 2918 vivit

371 2955 480 3025 [AL
515 2953 681 3024 vivet]
724 2951 952 3021 (Habac.
987 2969 1049 3021 ιι,
1084 2951 1158 3023 4),
1194 2951 1398 3024 Relege
1448 2952 1516 3006 ad
1570 2952 1839 3007 Hebraeos
1890 2953 2024 3024 Epi—

378 3043 590 3100 stolam
640 3041 801 3097 Pauli
850 3039 1094 3114 apostoli
1139 3041 1280 3113 (sive
1327 3042 1732 3114 cujuscunque
1787 3041 2026 3097 alterius

382 3150 507 3190 eam
542 3149 669 3189 esse
701 3137 895 3204 putas,
928 3131 1067 3202 quia
1106 3131 1234 3202 jam
1277 3131 1428 3185 inter
1475 3130 1898 3187 ecclesiasticas
1939 3136 2029 3187 est

378 3222 690 3296 recepta3),
726 3225 912 3276 totum
962 3219 1130 3274 illum
1181 3219 1508 3292 catalogum
1542 3220 1673 3274 fidei
1724 3237 2024 3291 enumera,

385 3313 446 3368 in
478 3329 593 3385 quo
626 3310 908 3382 scriptum
938 3313 1026 3364 est
1055 3326 1066 3362 :
1101 3310 1238 3364 Fide
1265 3310 1445 3377 majus
1473 3310 1809 3379 sacriﬁcium
1839 3309 1968 3364 Abel
1993 3325 2025 3362 a

347 3429 350 3436 -
384 3369 522 3459 Cain
565 3369 763 3457 obtulil
809 3399 913 3454 Deo
955 3397 1138 3467 (Hebr.
1179 3414 1255 3468 x1,
1290 3369 1369 3468 4).
1398 3398 1467 3452 Et
1498 3414 1511 3452 :
1545 3369 1726 3452 Erioch
1775 3399 2026 3453 transla-
2058 3369 2100 3435 C

386 3496 475 3548 tus
502 3494 601 3556 est,
631 3505 700 3544 ne
727 3489 938 3544 videret
967 3491 1195 3542 mortem
1227 3486 1384 3558 (Ibid.
1415 3487 1502 3556 5);
1550 3492 1607 3542 et
1648 3487 1766 3543 Noe
1813 3487 1884 3542 de
1937 3487 2030 3542 his

384 3597 514 3654 quae
558 3578 807 3635 necdum
857 3576 1108 3643 videbat,
1143 3575 1258 3631 Deo
1308 3577 1550 3632 credens
1598 3577 1914 3632 fabricatus
1945 3581 2034 3633 est

387 3687 604 3736 arcam,
637 3672 695 3723 et
743 3665 1035 3721 Abraham
1097 3665 1154 3719 in
1203 3669 1419 3720 terram
1481 3681 1656 3736 quam
1713 3667 2031 3734 nesciebat,

332 3765 338 3792 '
385 3774 656 3833 egressus
688 3761 776 3812 est
804 3755 968 3827 (Ibid.
997 3755 1051 3820 7,
1083 3757 1182 3826 8.).
1214 3755 1282 3809 Et
1312 3770 1383 3809 ne
1413 3753 1703 3810 videretur
1733 3754 2036 3826 Scriptura

391 3848 617 3906 nullum
656 3844 999 3902 mulieribus
1035 3844 1163 3899 ﬁdei
1197 3842 1527 3915 exemplum
1561 3844 1718 3916 dare,
1743 3845 1799 3899 in
1832 3845 2035 3899 eadem

391 3935 650 4010 Epistola
678 3932 974 4002 scribitur,
1007 3933 1148 4005 quia
1177 3938 1234 3988 et
1263 3933 1406 3988 Sara
1448 3934 1734 4005 acceperit
1763 3933 2037 3990 virtutem

396 4029 467 4084 ad
530 4024 930 4098 recipiendum
987 4039 1209 4086 semen,
1252 4021 1438 4078 alieno
1488 4023 1613 4093 jam
1675 4023 1861 4078 aetatis
1921 4041 2038 4078 suae

396 4121 674 4188 tempore,
710 4114 847 4186 quia
873 4113 1098 4167 fidelem
1134 4128 1266 4166 eum
1298 4112 1396 4182 qui
1430 4111 1861 4184 repromiserat,
1895 4112 2044 4168 arbi-

399 4212 552 4261 trata
580 4209 670 4260 est
699 4203 858 4274 (Ibid.
895 4202 1000 4272 11).
1032 4201 1327 4256 Laudatur
1357 4200 1436 4255 ibi
1471 4201 1613 4256 fides
1646 4201 1826 4272 Isaac,
1860 4206 1916 4256 et
1944 4202 2042 4257 Ja-

399 4293 527 4363 cob,
585 4291 821 4362 Joseph,
871 4290 1051 4362 Moysi
1107 4306 1338 4361 quoque
1384 4294 1440 4343 et
1489 4289 1688 4344 Rahab
1737 4290 1898 4362 (Ibid.
1956 4292 2044 4360 18,

399 4385 491 4449 21,
532 4383 621 4449 22,
671 4381 759 4448 23,
810 4380 920 4450 31),
971 4383 1333 4446 caeterorum,
1385 4395 1531 4448 quos
1588 4378 1799 4434 melius
1856 4385 2048 4453 potest

403 4472 570 4540 scire,
605 4470 703 4542 qui
755 4471 942 4541 ipsam
993 4467 1314 4540 Epistolam
1356 4465 1578 4539 legerit.
1613 4470 1911 4533 Quomodo
1960 4474 2049 4525 est

402 4561 582 4635 igitur
613 4559 745 4615 fidei
781 4559 926 4614 715
975 4557 1194 4613 sanitas
1229 4574 1240 4612 :
1275 4557 1357 4611 ita
1404 4557 1605 4612 eadem
1654 4557 1875 4613 sanitas
1906 4563 1964 4614 et
1987 4560 2046 4613 in

406 4650 688 4708 charitate
718 4653 825 4705 est.
860 4647 1001 4713 Quis
1039 4652 1235 4702 autem
1276 4647 1586 4702 sanitatem
1619 4647 1875 4719 possidet
1907 4648 2042 4703 cha-

2116 2058 2230 2114 alia
2260 2056 2534 2128 quaelibet
2562 2064 2827 2114 creatura
2857 2061 3042 2131 possit
3073 2078 3346 2134 separare
3367 2081 3499 2120 eum
3525 2067 3627 2137 qui
3659 2068 3763 2123 ha-

2119 2149 2217 2203 bet
2250 2147 2590 2202 charitatem
2635 2148 2904 2203 sanitatis
2948 2150 3007 2204 in
3040 2149 3269 2207 Christo
3298 2153 3436 2208 Jesu
3470 2156 3643 2224 (Ibid.
3676 2158 3766 2228 38,

2122 2236 2250 2308 39)?
2277 2236 2335 2292 Si
2371 2234 2667 2291 intellecta
2709 2241 2798 2291 est
2829 2255 2862 2292 a
2893 2239 3061 2294 nobis
3094 2240 3317 2297 sanitas
3350 2243 3672 2312 charitatis,
3697 2246 3770 2301 de

2122 2324 2440 2397 Scripturis
2499 2324 2737 2397 aliquod
2797 2344 3105 2383 sumamus
3161 2331 3515 2404 exemplum,
3565 2350 3768 2390 eorum

2124 2415 2221 2487 qui
2257 2415 2314 2468 in
2350 2413 2686 2468 infirmitate
2732 2420 2871 2470 sunt
2901 2415 3222 2474 charitatis.
3261 2421 3348 2475 Ait
3395 2422 3656 2479 Salvator
3700 2425 3770 2480 de

2125 2502 2396 2559 extremis
2429 2503 2792 2575 temporibus
2824 2522 2836 2559 ε
2881 2506 3022 2573 Quia
3050 2523 3176 2562 cum
3203 2510 3569 2582 multiplicata
3597 2515 3773 2583 fuerit

2127 2593 2423 2664 iniquitas,
2489 2594 2804 2663 refrigescet
2882 2596 3130 2651 charitas
3194 2599 3494 2655 multorum
3551 2601 3769 2672 (Matth.

2129 2699 2280 2752 xxxv,
2316 2682 2424 2750 12).
2458 2679 2659 2764 Calida
2701 2682 2917 2755 quippe
2971 2691 3061 2740 est
3114 2685 3368 2743 charitas
3415 2688 3474 2744 in
3529 2689 3619 2746 his
3668 2690 3774 2761 qui

2133 2773 2350 2827 fervent
2398 2770 2456 2824 in
2504 2771 2710 2842 spiritu
2747 2788 2760 2826 :
2796 2771 3013 2844 frigens
3062 2780 3257 2831 autem
3307 2781 3364 2832 et
3408 2778 3669 2851 glacialis
3716 2783 3781 2836 et

2133 2860 2324 2933 gelida
2355 2860 2412 2913 in
2446 2859 2535 2914 his
2567 2861 2663 2931 qui
2701 2860 2873 2916 ﬂatus
2916 2862 3223 2933 Aquilonis
3263 2866 3614 2923 durissimos
3646 2885 3777 2925 sus-

2134 2966 2357 3021 cepere,
2408 2951 2486 3003 Ab
2536 2952 2793 3019 aquilone
2828 2954 2979 3006 enim
3023 2954 3376 3010 exardescent
3421 2958 3568 3011 mala
3617 2973 3783 3029 super

2135 3055 2317 3095 omnes
2370 3037 2746 3093 inhabitantes
2796 3043 3000 3095 terram
3050 3043 3272 3111 (Jerem.
3312 3062 3346 3111 ι,
3382 3047 3489 3117 14).
3541 3046 3620 3101 De
3674 3048 3784 3102 hoc

2139 3129 2349 3200 frigore
2381 3127 2685 3183 charitatis
2713 3134 2769 3183 et
2799 3135 3047 3185 Ammon
3083 3131 3141 3185 in
3171 3149 3367 3188 sorore
3393 3151 3502 3189 sua
3529 3135 3786 3192 Thamar

2137 3218 2474 3289 obriguerat
2495 3217 2566 3288 (II
2586 3218 2707 3287 Reg.
2733 3235 2851 3283 vm,
2878 3219 2985 3290 14).
3002 3220 3352 3276 'l‘imendum
3376 3239 3511 3295 ergo
3544 3241 3616 3279 ne
3639 3226 3784 3281 forte

2140 3311 2197 3362 et
2229 3323 2334 3362 nos
2366 3306 2473 3360 hac
2503 3305 2844 3361 infirmitate
2879 3306 3182 3364 charitatis
3209 3310 3522 3382 aliquando
3545 3331 3785 3386 supere-

2141 3414 2292 3451 mur.
2327 3395 2761 3467 Nonnunquam
2804 3395 2958 3452 enim
3010 3398 3200 3452 evenit
3229 3404 3292 3454 ut
3330 3400 3585 3471 primum
3617 3420 3652 3456 a
3682 3419 3783 3457 no-

2140 3485 2230 3540 bis
2275 3485 2336 3540 in
2380 3485 2686 3556 virginem,
2721 3485 2838 3539 sive
2882 3485 2939 3538 in
2993 3486 3318 3556 quamlibet
3372 3489 3649 3544 feminam
3710 3491 3788 3546 sit

2141 3580 2343 3632 sancta
2386 3573 2618 3630 dilectio
2652 3590 2665 3629 :
2698 3577 2754 3629 et
2802 3591 2937 3629 cum
2989 3574 3214 3631 mollita
3271 3594 3437 3634 mens
3497 3580 3671 3636 fuerit
3726 3581 3785 3636 in

2143 3666 2404 3733 affectus,
2439 3663 2719 3736 paulatim
2752 3664 2972 3720 sanitas
3015 3664 3317 3722 charitatis
3363 3667 3640 3741 languore
3671 3669 3790 3742 pal-

2144 3754 2344 3820 lescat,
2378 3758 2435 3810 et
2467 3753 2749 3808 infirmari
2782 3753 3043 3825 incipiat,
3073 3759 3131 3810 et
3169 3757 3239 3811 ad
3284 3761 3601 3814 extremam
3633 3775 3789 3815 mor-

2146 3849 2264 3900 tem
2295 3842 2633 3914 diligentem
2680 3844 2842 3898 ferat.
2879 3842 3040 3899 Unde
3070 3850 3127 3900 et
3158 3847 3471 3918 Apostolus
3517 3854 3685 3904 caute
3735 3854 3792 3906 et

2148 3934 2466 4006 prudenter
2494 3932 2798 3988 Timotheo
2832 3934 3090 4005 pracipit
3134 3939 3197 3989 ut
3234 3936 3569 3992 exhortetur
3597 3937 3794 3995 adole~

2150 4021 2448 4079 scentulas
2506 4021 2560 4075 in
2617 4021 2775 4076 omni
2826 4023 3092 4078 castitate
3142 4024 3190 4093 (I
3228 4027 3361 4080 Tim.
3399 4043 3447 4093 v,
3481 4029 3556 4098 2).
3593 4027 3796 4083 Omnis

2151 4117 2346 4167 autem
2375 4109 2614 4164 castitas
2647 4109 2702 4162 in
2728 4125 2899 4164 carne
2920 4115 2976 4164 et
3007 4110 3214 4181 spiritu
3248 4118 3304 4167 et
3333 4114 3531 4169 anima
3559 4122 3648 4171 est
3677 4134 3689 4171 :
3727 4132 3800 4171 ne

2152 4198 2577 4268 scandalizetur
2606 4199 2755 4253 716
2789 4197 3023 4268 oculus;
3047 4216 3117 4254 ne
3139 4199 3196 4254 in
3223 4201 3656 4273 pulchritudine
3680 4203 3801 4259 vul-

2154 4295 2249 4343 tus
2300 4286 2525 4342 femina:
2577 4285 2858 4341 harentes
2916 4288 3275 4358 pendeamus
3325 4291 3430 4362 [Αἰ.
3484 4292 3800 4364 impendea-

2152 4379 2294 4446 mus]
2331 4393 2342 4431 :
2379 4393 2448 4430 ne
2486 4374 2702 4430 blanda
2732 4392 2838 4430 nos
2868 4375 3069 4431 audire
3097 4377 3270 4433 verba
3301 4380 3544 4436 delectet
3579 4398 3591 4436 :
3626 4399 3698 4438 ne
3728 4383 3801 4439 ad

2155 4464 2467 4522 simulatos
2509 4480 2808 4520 sermones
2855 4481 3020 4521 mens
3053 4466 3212 4537 prius
3256 4468 3405 4524 dura
3452 4476 3802 4529 marcescat.

2157 4555 2410 4610 Caveant
2447 4571 2604 4624 ergo,
2640 4558 2702 4608 ut
2750 4554 3028 4619 diximus,
3062 4562 3183 4611 tam
3227 4558 3471 4627 juvenes
3502 4577 3678 4631 quam
3713 4577 3804 4617 se-

2157 4662 2282 4715 nes,
2316 4650 2436 4698 tam
2471 4642 2919 4698 adolescentulee
2961 4662 3139 4715 quam
3186 4647 3409 4719 vetulas,
3449 4653 3506 4704 et
3534 4649 3692 4706 omni
3725 4651 3811 4706 di-

405 4741 615 4809 ritatis,
641 4739 756 4794 nisi
788 4738 884 4794 ille
910 4737 1009 4809 qui
1041 4736 1297 4810 primum
1332 4741 1509 4791 Deum
1543 4735 1810 4792 dilexerit
1837 4754 1904 4792 ex
1934 4742 2052 4793 tota
2083 4744 2129 4808 D
2159 4733 2399 4807 ligentia
2429 4732 2763 4788 custodiant
2791 4749 2890 4787 cor
2919 4750 3094 4790 suum
3121 4751 3134 4789 :
3159 4752 3230 4790 ne
3263 4754 3364 4809 per
3393 4739 3705 4796 sanitatem
3731 4741 3812 4796 di-

409 4831 610 4888 anima
639 4845 766 4895 sua,
789 4833 847 4882 et
876 4843 942 4882 ex
971 4831 1091 4882 toto
1125 4826 1294 4882 corde
1324 4842 1451 4894 suo,
1475 4829 1532 4881 et
1563 4842 1630 4880 ex
1659 4826 1797 4881 totis
1826 4826 2050 4882 viribus

410 4920 537 4977 suis
582 4917 792 4990 (Matth.
823 4933 960 4986 xxu,
993 4915 1121 4986 37)?
1163 4916 1383 4972 Deinde
1431 4915 1642 4972 Christi
1693 4923 2048 4988 praeceptum

409 5008 653 5066 audiens
710 5005 770 5062 in
824 5005 1154 5079 proximum
1207 5021 1219 5058 :
1272 5005 1476 5073 Diliges
1527 5007 1850 5077 proximum
1897 5015 2048 5061 tuum

403 5100 545 5155 sicut
575 5099 807 5170 teipsum
852 5095 1006 5166 (Ibid.
1041 5095 1153 5166 39),
1187 5093 1446 5149 diviserit
1488 5094 1832 5150 charitatem
1870 5111 1880 5150 :
1916 5095 2055 5167 quia

406 5187 469 5244 in
502 5187 594 5242 his
623 5186 855 5243 duobus
887 5185 1180 5241 mandatis
1215 5185 1426 5254 pendet
1455 5184 1647 5239 omnis
1678 5183 1768 5239 lex
1817 5190 1874 5240 et
1919 5203 2051 5257 pro-

411 5277 599 5350 phetae
649 5276 813 5349 (Ibid.
847 5275 958 5347 40).
992 5273 1097 5338 Qui
1148 5273 1324 5328 habet
1372 5272 1684 5328 sanitatem
1728 5273 2053 5342 charitatis,

484 5405 500 5438 ¹
539 5401 703 5468 Mss.,
735 5401 808 5456 ad
837 5415 1282 5471 unamquamque
1308 5402 1528 5456 aetatem
1561 5414 1686 5470 quae
1713 5398 1913 5468 deceat,
1945 5405 2052 5455 etc.

479 5474 502 5508 ²
531 5472 710 5528 Addit
738 5471 1030 5528 Victorius
1057 5473 1328 5543 praecipit.

481 5546 503 5580 ³
530 5543 712 5616 Aliter
741 5544 1023 5612 videatur,
1048 5540 1303 5599 sensisse
1336 5543 1393 5597 in
1425 5540 1696 5614 Cataiogo
1729 5543 1800 5596 ad
1833 5559 1959 5616 cap:
1983 5545 2052 5616 5:

411 5641 440 5669 «
473 5615 734 5688 Epistola
781 5631 908 5686 qum
969 5617 1153 5688 fertur
1209 5616 1278 5670 ad
1344 5616 1792 5688 llebraeosLejus
1849 5614 2059 5688 (Pauli)

439 5685 664 5745 reditur
693 5694 931 5814 grOpter
984 5686 1118 5755 styli
1168 5690 1574 5758 sermonisque
1606 5685 2057 5754 dissonantiam,

439 5763 506 5814 ed
558 5759 669 5814 vel.
739 5759 993 5814 arnabze.
1036 5760 1205 5814 juxta
1254 5757 1704 5814 Tertullianum.
1761 5757 1843 5813 vel
1897 5759 2057 5814 Lucaa

436 5763 506 5816 ed
558 5757 993 5828 velBarhabze,
1035 5760 1205 5828 juxta
1254 5757 1704 5825 Tertullianum,
1761 5757 1843 5813 vel
1897 5759 2061 5815 Luca:

411 5831 801 5910 evangelista,
825 5831 997 5912 juxta
1028 5829 1337 5905 quosdam,
1371 5829 1458 5887 vel
1491 5829 1804 5890 Clementis
1844 5830 2062 5894 Roma-

2158 4823 2445 4892 leetionis,
2477 4823 2716 4876 morbus
2769 4821 3072 4879 charitatis
3120 4823 3390 4895 introeat,
3423 4833 3480 4884 et
3512 4845 3614 4901 per
3641 4847 3810 4887 amo-

2161 4935 2283 4974 rem
2327 4916 2618 4977 sanctum,
2652 4911 2754 4965 ﬁat
2805 4928 2918 4966 non
2972 4917 3177 4969 sancta
3216 4915 3470 4984 dilectio,
3505 4937 3630 4991 quae
3678 4920 3810 4976 illos

2162 5003 2458 5080 pertrahat
2490 5001 2558 5055 ad
2591 4999 2942 5071 gehennam.
2972 5002 3075 5066 Qui
3111 5020 3291 5060 sanus
3332 5012 3420 5062 est
3450 5007 3508 5062 in
3541 5008 3674 5074 fide,
3707 5013 3819 5078 qul

2162 5112 2342 5153 sanus
2386 5093 2442 5147 in
2477 5091 2777 5158 charitate,
2810 5107 2991 5146 sanus
3022 5109 3254 5166 quoque
3305 5100 3382 5151 sit
3413 5097 3470 5152 in
3504 5097 3814 5168 patientia,

2163 5193 2218 5244 et
2250 5181 2531 5258 patientia
2563 5197 2689 5251 qua:
2723 5181 2973 5236 maxime
3004 5181 3060 5236 in
3095 5185 3519 5241 tentationibus
3552 5201 3816 5257 compro-

2164 5278 2368 5341 batur;
2387 5271 2527 5344 quia
2543 5268 2685 5324 nihil
2704 5269 2938 5341 prodest
2955 5269 3232 5329 habuisse
3245 5290 3370 5344 qua
3389 5291 3498 5346 sup
3512 5291 3571 5329 ra
3590 5289 3826 5330 enume-

2166 5419 2250 5456 na:
2311 5401 2511 5470 postea
2568 5391 2834 5470 Ecclesia;
2892 5393 3171 5470 episcopi,
3216 5412 3414 5470 quem,
3457 5397 3642 5470 aiunt,
3704 5393 3819 5467 ipsi

2168 5419 2250 5456 na:
2311 5412 2511 5470 poetea
2568 5412 2834 5447 LCClCSlEB
2892 5412 3171 5519 episcopi,
3216 5412 3414 5466 quem,
3457 5412 3642 5461 aiunt,
3704 5412 3819 5467 ιρει

2168 5473 2531 5542 adiunctum,
2566 5465 2886 5542 sententias
2976 5465 3091 5520 auli
3146 5467 3731 5542 p_rop_rio_ordina_sse
3760 5470 3820 5522 et

2169 5535 2406 5600 ornasse
2439 5553 2724 5593 sermone.
2759 5535 2860 5591 Vel
2893 5543 3066 5602 certe,
3096 5535 3493 5607 quia'Paulus
3526 5539 3819 5594 scribebat

2171 5617 2242 5671 ad
2278 5614 2566 5674 llehrazos,
2599 5614 2654 5664 et
2687 5613 2922 5679 propter
2963 5608 3236 5663 invidiam
3273 5611 3361 5665 sui
3394 5613 3547 5679 apud
3579 5627 3680 5666 eos
3711 5627 3817 5667 no-

2173 5687 2345 5743 minis
2377 5681 2614 5738 titulum
2659 5680 2716 5734 iu
2749 5680 3034 5756 principio
3078 5679 3455 5756 salutationis
3478 5688 3819 5756 amputave-

2172 5761 2262 5815 rit.
2295 5779 2316 5808 »
2353 5755 2559 5811 Confer
2597 5768 2724 5824 quae
2775 5751 3029 5824 adeum
3080 5752 3272 5808 locum
3324 5755 3496 5811 nobis
3543 5751 3821 5819 adnotata

2173 5834 2331 5904 sunt,
2365 5833 2431 5884 ut
2460 5821 2766 5900 plerosque
2797 5821 2942 5881 alios
2983 5838 3138 5884 nunc
3166 5825 3533 5886 omittamu.
