4310 6594
560 500 680 563 6ἤὸ

1812 492 1877 553 S.
1925 488 2238 554 EUSEBII
2286 485 2726 555 HIERONYMI

3851 496 3970 562 616

558 632 836 698 ravimus,
862 629 975 686 nisi
1006 644 1209 685 omnes
1230 627 1443 683 divitiae
1474 630 1531 682 et
1563 624 1961 693 mercimonia,
1988 624 2204 695 quibus
2234 624 2287 690 Α
2319 642 2457 679 suos
2487 626 2852 692 erubescant,
2887 630 2941 681 et
2972 631 3104 682 ante
3136 642 3370 699 gregem
3403 628 3679 699 nepotum
3711 633 3969 687 tremen-

559 726 772 779 onusta
791 720 953 777 navis
970 722 1078 789 est,
1092 718 1152 774 in
1171 720 1518 789 tempestate
1543 721 1869 777 serventur,
1887 719 1943 768 et
1965 712 2209 784 perﬂan-

559 810 719 866 tibus
757 809 895 865 hinc
936 808 1073 863 inde
1119 807 1329 874 ventis,
1361 807 1583 877 absque
1624 803 1929 875 naufragio
1960 818 2047 866 ea,
2082 817 2207 872 quae

559 900 707 956 bene
736 903 903 973 parte.
939 902 1098 966 sunt,
1128 894 1471 951 liberentur.
1505 895 1612 962 Qui
1642 893 1799 947 enim
1826 906 2206 963 perseverave‘

558 990 638 1045 rit
668 1004 836 1061 usque
864 989 921 1042 in
952 988 1141 1058 ﬁnem,
1172 986 1261 1040 hic
1288 994 1470 1040 salvus
1497 984 1602 1039 erit
1632 981 1816 1037 Matth.
1850 998 2004 1045 xxxv,
2041 981 2149 1047 13).

630 1082 819 1149 (Vere.
841 1078 876 1132 3
896 1084 1132 1148 seqq.)«
1157 1083 1320 1129 Anus
1350 1072 1623 1128 similiter
1650 1071 1710 1125 in
1746 1070 1950 1125 habitu
1979 1073 2201 1135 sancto,

560 1183 673 1225 non
705 1164 1072 1232 incentrices,
1106 1180 1221 1219 non
1270 1164 1401 1218 vino
1446 1161 1629 1216 multo
1678 1159 2022 1225 servientes;
2057 1157 2207 1213 bene

560 1257 933 1324 docentes,ut
960 1254 1032 1309 ad
1058 1251 1383 1309 castitatem
1418 1249 1690 1307 erudiant
1711 1246 2201 1314 adulescentulas,

558 1349 625 1401 ut
675 1348 872 1401 ament
915 1345 1069 1399 viros
1120 1357 1280 1410 suos,
1330 1344 1397 1396 ut
1447 1344 1646 1395 ament
1704 1338 1857 1393 ﬁlios
1891 1354 1904 1393 :
1942 1336 2205 1409 pudicas,

558 1439 780 1503 castas,
832 1432 1113 1489 habentes
1169 1432 1381 1487 domus
1439 1427 1834 1502 diligentiam,
1897 1425 2209 1498 benignas,

556 1524 825 1579 subditas
853 1521 995 1578 viris
1023 1521 1173 1588 suis,
1194 1524 1259 1577 ut
1287 1519 1528 1574 verbum
1560 1516 1661 1573 Dei
1691 1522 1809 1571 'non
1842 1514 2208 1587 blaspheme-

555 1617 672 1668 tur.
698 1633 727 1661 »
757 1609 1017 1666 Tametsi
1044 1607 1345 1681 apostolus
1376 1608 1580 1663 Petrus
1611 1604 1970 1678 praeceperit,
2004 1607 2071 1659 ut
2099 1602 2207 1657 viri

560 1702 840 1757 uxoribus
866 1699 992 1754 suis
1013 1704 1295 1769 tanquam
1326 1695 1633 1751 infirmiori
1658 1693 1893 1751 vasculo
1924 1694 2207 1748 honorem

559 1790 823 1845 tribuant
852 1788 901 1858 (ι
932 1789 1077 1842 Petr.
1127 1803 1214 1850 ιιι,
1261 1786 1341 1855 7),
1385 1802 1499 1839 non
1549 1790 1745 1839 tamen
1795 1783 2207 1838 asbitrandum

558 1885 667 1945 est,
701 1878 858 1949 quod
890 1892 1055 1941 uxor,
1088 1891 1215 1946 quae
1265 1874 1525 1944 corporis
1566 1871 1868 1927 vasculum
1906 1871 2081 1925 habet
2113 1870 2203 1923 in-

558 1969 819 2037 ﬁrmum,
852 1963 1048 2021 statim
1080 1969 1136 2019 et
1165 1962 1365 2018 anima
1408 1961 1693 2017 infirmior
1724 1961 1819 2017 sit.
1855 1959 2018 2015 Unde
2053 1975 2209 2013 nunc

561 2056 895 2130 praecipitur
945 2054 1048 2120 eis,
1084 2052 1236 2107 utin
1292 2051 1439 2123 ipsis
1482 2067 1717 2121 quoque
1769 2049 1910 2103 illud
1944 2047 2210 2121 Apostoli

559 2144 927 2216 compleatur
961 2160 973 2198 :
1016 2143 1192 2198 Virtus
1224 2143 1284 2196 in
1328 2141 1651 2211 inﬁrmitate
1677 2140 1962 2209 perficitur
1992 2139 2062 2207 (Il
2086 2139 2208 2194 Cor.

556 2252 659 2300 xu,
689 2235 766 2306 9),
808 2238 865 2288 et
905 2232 1135 2297 dicitur,
1170 2233 1237 2285 ut
1272 2235 1327 2284 et
1373 2229 1574 2283 omnia
1617 2227 1889 2293 habeant,
1942 2244 2069 2298 quae
2120 2243 2210 2282 se-

559 2324 734 2380 nibus
788 2321 927 2377 viris
994 2325 1135 2376 sunt
1203 2322 1489 2390 przecepta
1545 2317 1955 2383 communiter,
2012 2315 2070 2371 in
2142 2333 2208 2372 eo

558 2412 778 2470 scilicet
815 2410 970 2482 quod
1019 2409 1099 2463 ait
1146 2425 1157 2463 :
1206 2408 1353 2462 Anus
1399 2406 1679 2476 similiter,
1716 2406 1824 2461 hoc
1876 2410 1983 2470 est,
2018 2405 2100 2459 ita
2144 2408 2209 2460 ut

556 2502 664 2557 viri
696 2514 888 2566 senes,
920 2497 978 2553 in
1030 2497 1306 2553 omnibus
1352 2495 1631 2560 honestas,
1683 2494 1910 2557 sobriae,
1958 2492 2203 2565 pudicas,

558 2607 713 2648 sanie
742 2590 802 2644 in
835 2589 968 2654 fide,
1001 2592 1058 2641 et
1087 2585 1391 2651 charitate,
1419 2590 1475 2639 et
1506 2582 1807 2655 patientia,
1840 2588 1896 2637 et
1931 2600 2033 2654 pro
2066 2599 2204 2637 sexu

558 2695 665 2737 suo
687 2680 795 2734 hoc
816 2677 1067 2732 habeant
1094 2675 1416 2747 proprium,
1442 2679 1505 2729 ut
1524 2671 1643 2727 sint
1668 2672 1722 2745 in
1748 2671 1951 2726 habitu
1978 2678 2203 2741 sancto,

558 2770 696 2836 sive,
739 2772 806 2822 ut
854 2765 1063 2821 melius
1119 2763 1331 2835 legitur
1379 2762 1436 2817 in
1469 2761 1684 2828 Grmca,
1720 2758 1770 2813 ἐν
1827 2760 2203 2830 καταστήματι

555 2855 928 2932 ἱεροπρεπεῖς,
964 2859 1028 2909 ut
1082 2853 1207 2924 ipse
1260 2868 1491 2923 quoque
1561 2866 1761 2904 earum
1823 2850 2091 2904 incessus
2148 2852 2205 2904 et

559 2950 774 3011 motus,
797 2943 1015 3014 vultus,
1045 2957 1258 3005 sermo,
1283 2940 1609 3002 silentium,
1631 2938 1946 3007 quamdam
1979 2937 2205 2993 decoris

556 3033 703 3089 sacri
766 3031 1076 3103 praeferant
1121 3028 1489 3100 dignitatem.
1540 3026 1609 3080 Et
1661 3026 1799 3097 quia
1856 3026 1964 3081 hoc
2021 3043 2205 3097 genus

559 3119 1039 3177 muliercularum
1083 3133 1211 3173 esse
1259 3115 1406 3172 solet
1434 3114 1759 3187 garrulum,
1787 3116 1958 3185 juxta
2006 3114 2150 3170 illud
2185 3132 2199 3171 :

556 3210 736 3267 Simul
773 3211 960 3264 autem
1006 3216 1056 3263 et
1101 3208 1289 3261 otiosae
1343 3205 1561 3260 discunt
1607 3206 1901 3258 circumire
1948 3205 2137 3259 domos
2182 3223 2201 3260 :

555 3315 667 3355 non
689 3299 867 3355 solum
894 3302 1082 3352 autem
1111 3297 1313 3364 otiosa,
1345 3294 1435 3348 sed
1474 3298 1525 3348 et
1564 3293 1821 3352 verbosas.
1852 3296 1903 3347 et
1950 3295 2197 3360 curiosae,

2318 719 2406 769 tes
2436 714 2793 787 virgunculae
2814 715 2836 749 ²
2864 715 3333 787 componantur),
3363 715 3496 770 vino
3528 732 3589 771 se
3620 715 3831 773 dedere
3861 735 3967 790 pro

2317 800 2589 871 libidine;
2625 809 2843 859 etcum
2886 803 3039 858 inter
3082 803 3290 875 pocula
3320 804 3433 859 sibi
3483 805 3800 877 prudentes
3830 806 3965 862 visa:

2319 890 2535 947 fuerint
2590 898 2649 948 et
2705 893 2987 963 facundis,
3046 910 3276 948 morum
3333 894 3501 964 quasi
3562 893 3964 953 austeritatem

2318 997 2638 1045 assumere,
2670 980 2974 1052 loquentes
3016 981 3125 1037 hoc
3165 982 3318 1054 quod
3370 983 3482 1038 sibi
3515 982 3785 1039 videntur
3813 1001 3966 1057 esse,

2317 1074 2518 1125 etnon
2550 1072 2918 1125 recordantes
2962 1069 3105 1125 illud
3151 1071 3305 1142 quod
3364 1071 3618 1128 fuerunt.
3652 1072 3721 1128 Et
3768 1090 3803 1129 a
3846 1073 3965 1130 vini

2317 1174 2454 1231 ergo
2486 1158 2665 1214 nimio
2693 1163 2831 1231 potu
2856 1174 3006 1214 anus
3034 1158 3776 1233 prohibeantur,quoniam
3809 1162 3968 1237 quod

2318 1251 2377 1303 in
2408 1247 2875 1304 adolescentibus
2926 1248 3124 1314 libido,
3157 1248 3266 1305 hoc
3314 1248 3374 1304 in
3426 1250 3669 1306 senibus
3717 1250 3968 1310 ebrietas

2318 1340 2425 1393 est.
2459 1339 2568 1393 Aut
2596 1338 2889 1409 quomodo
2920 1341 3112 1411 potest
3140 1338 3348 1395 docere
3382 1355 3531 1395 anus
3563 1339 3969 1397 adolescentu-

2319 1426 2406 1482 las
2436 1426 2788 1495 castitatem,
2820 1442 2954 1482 cum
2994 1428 3040 1482 si
3074 1426 3415 1483 ebrietatem
3445 1428 3653 1484 vetulae
3701 1429 3968 1487 mulieris

2318 1505 2751 1572 adolescentula
2766 1515 3204 1583 fueritimitata,
3223 1517 3437 1589 pudica
3456 1533 3585 1574 esse
3602 1535 3716 1575 non
3740 1520 3967 1592 possit?

2318 1604 2631 1677 Signanter
2673 1610 2868 1661 autem
2917 1605 3414 1678 expressit3zN0n
3454 1608 3582 1664 vino
3627 1609 3801 1664 mullo
3848 1626 3964 1665 ser-

2316 1696 2544 1749 vientes.
2566 1694 2825 1749 Servitus
2854 1693 3308 1770 eniquuaedam
3334 1699 3423 1750 est
3455 1699 3514 1751 et
3540 1700 3797 1751 extrema
3826 1714 3964 1754 con-

2319 1784 2482 1850 ditio,
2513 1784 2645 1838 vino
2678 1800 2888 1839 sensus
2938 1783 3193 1838 hominis
3225 1785 3519 1856 occupari,
3551 1790 3607 1840 et
3637 1802 3753 1841 non
3785 1804 3962 1844 suum

2320 1890 2467 1940 esse,
2502 1874 2600 1928 sed
2633 1872 2772 1927 vini.
2792 1873 2937 1936 Quia
2960 1872 3137 1944 igitur
3154 1872 3352 1929 docuit
3375 1873 3578 1945 quales
3601 1875 3790 1946 primo
3816 1892 3964 1932 anus

2321 1962 2601 2017 deberent
2647 1978 2793 2027 esse,
2826 1966 2883 2016 et
2931 1965 3061 2033 post
3088 1961 3188 2016 illa
3218 1978 3344 2033 quae
3390 1979 3524 2017 cum
3559 1964 3799 2020 senibus
3826 1964 3965 2022 viris

2322 2053 2541 2107 habent
2570 2051 2925 2121 communia,
2948 2050 3120 2106 etiam
3170 2052 3405 2123 propria
3444 2068 3645 2107 earum
3678 2054 3965 2125 exposuit,

2322 2146 2387 2196 ut
2414 2141 2657 2195 honesto
2701 2146 2758 2195 et
2787 2144 2989 2195 sancto
3022 2134 3255 2208 habitu?
3280 2145 3337 2195 et
3382 2141 3543 2196 omni
3592 2142 3798 2198 decore
3844 2144 3967 2200 sint

2322 2229 2552 2302 plenae:
2595 2246 2699 2284 nec
2759 2228 3163 2295 accusatrices,
3217 2245 3323 2285 nec
3379 2229 3512 2285 aliis
3569 2231 3962 2301 detrahentes,

2320 2336 2424 2374 nec
2470 2318 2603 2375 vino
2650 2318 2930 2392 sensibus~
2962 2317 3279 2389 occupatis.
3331 2318 3496 2375 Nunc
3539 2327 3964 2393 consequenter

2321 2408 2593 2463 doctrina:
2626 2408 2710 2463 eis
2743 2409 2902 2463 frena
2943 2407 3247 2479 permittit,
3280 2412 3344 2462 ut
3375 2425 3508 2463 cum
3542 2409 3685 2464 tales
3725 2410 3957 2480 fuerint,

2317 2497 2560 2552 docendi
2593 2496 2846 2552 habeant
2885 2494 3235 2565 libertatem,
3271 2501 3335 2551 ut
3374 2497 3590 2554 scilicet
3621 2500 3865 2555 doceant
3892 2517 3963 2556 ea

2317 2603 2443 2657 quia
2478 2586 2627 2641 bona
2675 2589 2833 2641 sunt.
2865 2584 3024 2640 Licet
3072 2585 3229 2640 enim
3279 2586 3336 2640 in
3388 2586 3501 2642 alio
3548 2586 3672 2643 loco
3705 2589 3958 2646 dixerit:

2316 2677 2515 2745 Docere
2569 2680 2763 2730 autem
2819 2673 3145 2729 mulieribus
3192 2691 3304 2730 non
3358 2678 3615 2747 permitto
3654 2676 3703 2748 (Ι
3731 2677 3861 2733 Tim.
3897 2694 3960 2749 ιι,

2319 2766 2426 2835 12),
2478 2765 2563 2820 sic
2612 2763 3056 2835 intelligendum
3115 2768 3221 2825 est,
3272 2768 3334 2819 ut
3391 2766 3449 2820 in
3501 2765 3655 2822 viros
3711 2766 3962 2823 sit‘illis

2315 2854 2581 2908 doctrina
2611 2852 2862 2907 sublata.
2886 2852 3170 2907 Caeterum
3202 2852 3663 2911 adulescentulas
3692 2856 3963 2923 doceant,

2316 2940 2485 3013 quasi
2518 2939 2665 2995 ﬁlias
2697 2958 2857 2996 suas.
2891 2941 3151 2995 Primum
3187 2942 3516 2998 castitatem
3548 2959 3559 2998 :
3593 2945 3732 3017 quia
3755 2945 3959 3000 adver-

2315 3047 2418 3085 sus
2448 3030 2597 3084 hanc
2629 3029 2816 3101 magis
2857 3029 2913 3083 in
2947 3034 3109 3083 (etate
3148 3030 3372 3085 ﬂorenti
3409 3036 3629 3104 pugnat
3660 3032 3957 3102 inimicus,

2315 3125 2371 3174 et
2397 3119 2580 3174 virtus
2628 3122 2755 3188 ejus
2800 3119 2988 3173 omnis
3020 3126 3222 3174 contra
3271 3119 3518 3176 feminas
3565 3122 3623 3175 in
3678 3122 3957 3180 umbilico

2319 3208 2469 3264 718
2501 3209 2717 3263 ventris
2775 3212 2913 3261 est:
2956 3206 3164 3262 deinde
3218 3211 3283 3263 ut
3338 3213 3535 3264 ament
3580 3210 3734 3266 viros
3791 3228 3954 3280 suos,

2315 3297 2559 3366 diligant
2591 3296 2760 3351 filios.
2797 3297 2931 3360 Quae
2964 3296 3229 3351 doctrina
3257 3302 3346 3353 est
3374 3315 3570 3353 amare
3600 3300 3785 3359 viros:
3820 3317 3955 3357 cum

857 3400 985 3457 quae
1011 3400 1121 3440 non
1158 3352 1366 3454 Oportet
1398 3383 1445 3454 (I
1473 3383 1609 3437 Tim.
1642 3399 1695 3449 v,
1730 3382 1813 3453 13)
1851 3399 1862 3436 :
1900 3352 2202 3453 propterea
2232 3352 2274 3419 C
2316 3352 2566 3441 boc‘non
2599 3386 2657 3440 in
2690 3352 2919 3456 eloq‘uio
2957 3386 3236 3457 docentis,
3272 3352 3470 3442 scdrrin
3696 3352 3957 3447 amantis

555 3494 653 3534 eas
686 3479 806 3532 vult
844 3490 973 3531 esse
1024 3491 1137 3529 non
1194 3471 1561 3538 incentrices,
1595 3471 1650 3524 id
1682 3476 1767 3525 est
1802 3487 1915 3525 non
1966 3487 2200 3527 accusa-

553 3567 747 3633 trices,
777 3582 889 3621 non
924 3563 1070 3619 tales
1102 3579 1226 3634 quas
1261 3566 1324 3616 ut
1354 3560 1484 3616 aliis
1524 3559 1805 3632 placeant,
1840 3561 1911 3615 de
1940 3558 2068 3614 aliis
2101 3561 2200 3616 de-

554 3654 811 3710 trahant.
847 3658 963 3708 Aut
992 3658 1143 3707 certe
1175 3650 1314 3723 quia
1357 3650 1496 3721 ipsae
1551 3651 1691 3703 717
1744 3649 2199 3704 adolescentiam

550 3745 677 3814 jam
708 3747 1090 3813 transgressae
1121 3744 1279 3804 sunt,
1314 3740 1385 3793 de
1415 3736 1982 3792 adolescentularum
2015 3738 2198 3793 (etati-

558 3833 669 3887 bus
701 3832 1022 3902 disputent,
1065 3834 1121 3883 et
1149 3828 1348 3882 dicant
1372 3844 1384 3881 :
1412 3826 1514 3881 Illa
1564 3825 1649 3880 sic
1694 3831 1955 3889 ornatur,
1987 3825 2087 3881 illa
2117 3827 2201 3881 sic

557 3920 825 3986 comitur,
860 3918 945 3974 sic
977 3918 1074 3972 illa
1110 3916 1399 3989 procedit;
1433 3920 1593 3970 amat
1642 3914 1831 3977 illum,
1865 3922 2099 3971 amatur
2129 3916 2201 3970 ab

556 4009 693 4073 illo;
727 4026 860 4064 cum
893 4009 1070 4064 etiam
1120 4007 1169 4062 si
1222 4006 1340 4060 haec
1376 4021 1508 4059 vera
1538 4004 1676 4071 sint,
1714 4021 1825 4059 non
1875 4011 1994 4060 tam
2046 4005 2201 4077 apud

554 4103 792 4154 caeteros
846 4098 1096 4152 debeant
1149 4111 1443 4159 accusare,
1501 4111 1677 4165 quam
1735 4094 1921 4165 ipsam
1983 4099 2231 4175 secrete,

552 4186 763 4242 Christi
795 4186 1080 4242 charitate
1118 4185 1427 4256 corripere,
1461 4190 1517 4239 et
1559 4183 1748 4254 magis
1780 4185 1984 4238 docere
2016 4200 2086 4239 ne
2119 4184 2200 4239 fa-

550 4277 685 4346 ciat,
719 4293 897 4349 quam
929 4276 987 4331 in
1028 4273 1259 4348 publico
1309 4289 1583 4329 accusare
1630 4273 1785 4343 quod
1838 4273 2056 4327 fecerit.
2092 4274 2202 4329 So-

549 4366 673 4422 lent
702 4365 789 4421 ha:
836 4370 1052 4431 aetates,
1088 4363 1228 4435 quia
1273 4361 1531 4434 corporis
1583 4361 1787 4415 frixere
1828 4360 2059 4415 luxuria
2092 4362 2198 4430 Ml.

548 4454 867 4523 luxuriam]
922 4454 1078 4525 (licet
1125 4452 1242 4507 sint
1301 4450 1627 4521 plurimze',
1675 4466 1802 4520 qua;
1858 4465 1962 4504 nec
2023 4465 2200 4506 canos

623 4581 639 4613 ¹
676 4577 822 4631 Editi
856 4581 989 4632 ante
1034 4576 1139 4631 hos
1168 4573 1301 4643 libri
1338 4572 1565 4628 nullum
1599 4572 1818 4628 habent
1867 4590 2105 4630 sensum
2139 4575 2197 4631 in

550 4648 660 4727 bac
690 4647 986 4727 pericope;
1020 4647 1097 4727 ibi
1131 4646 1287 4700 enim
1317 4645 1529 4727 legitur
1557 4645 1665 4701 hoc
1700 4648 1870 4727 modo
1894 4664 1962 4727 .:«
1997 4647 2196 4727 sol-ent

2311 3474 2386 3531 sit
2415 3473 2848 3529 constitutum?
2882 3471 3134 3529 Vulteas
3168 3491 3363 3530 amare
3391 3475 3546 3532 viros
3579 3494 3716 3532 suos
3747 3483 3903 3534 caste
3936 3495 3951 3535 :

2309 3564 2432 3618 vult
2460 3564 2612 3618 inter
2654 3563 2844 3617 virum
2874 3568 2933 3617 et
2962 3562 3267 3618 mulierem
3314 3580 3442 3619 esse
3490 3565 3762 3636 pudicam
3809 3566 3953 3622 dile-

2311 3654 2559 3707 ctionem
2613 3657 2676 3706 ut
2718 3667 2851 3706 eum
2890 3650 3128 3722 pudore,
3178 3656 3234 3705 et
3283 3654 3651 3722 verecundia,
3684 3659 3739 3710 et
3786 3655 3956 3728 quasi

2312 3741 2654 3797 necessitate
2681 3757 2875 3801 sexus,
2902 3740 3103 3793 reddat
3125 3741 3319 3811 potius
3340 3741 3600 3797 debitum
3633 3743 3753 3798 viro
3775 3759 3954 3815 quam

2312 3832 2441 3901 ipsa
2470 3829 2661 3901 exigat
2709 3829 2780 3883 ab
2810 3844 2897 3893 eo,
2921 3833 2977 3882 et
3016 3844 3190 3899 opera
3236 3827 3551 3886 liberorum
3586 3838 3717 3887 ante
3757 3830 3954 3888 oculos

2312 3918 2409 3974 Dei
2444 3925 2500 3972 et
2530 3916 2870 3988 angelorum
2903 3923 3232 3988 perpetrare
3264 3935 3324 3973 se
3351 3919 3580 3973 credat:
3612 3920 3692 3975 ita
3723 3937 3825 3976 nec
3854 3920 3957 3976 illa

2311 4006 2614 4061 erubescet
2642 4005 2815 4059 etiam
2838 4006 2859 4037 ‘
2905 4010 3190 4058 secretum
3236 4004 3444 4071 cubile,
3477 4010 3534 4059 et
3565 4007 3750 4062 noctis
3793 4010 3952 4063 tene-

2313 4095 2471 4161 bras,
2533 4098 2589 4148 et
2617 4092 2881 4148 clausum
2924 4092 3256 4148 cubiculum
3304 4111 3509 4158 suum,
3564 4111 3698 4149 cum
3756 4096 3953 4151 omnia

2312 4191 2505 4256 patere
2546 4184 2642 4237 Dei
2676 4184 2861 4237 oculis
2908 4183 3192 4254 cogitarit.
3230 4182 3403 4238 Filios
3434 4190 3631 4239 autem
3684 4185 3764 4239 ita
3812 4184 3953 4240 dili-

2310 4279 2476 4346 gunt,
2512 4272 2560 4327 si
2592 4288 2691 4326 eos
2734 4271 2792 4325 in
2840 4271 2939 4326 Dei
2985 4272 3256 4326 erudiant
3302 4271 3631 4344 disciplina.
3667 4273 3951 4329 Caeterum

2313 4361 2465 4416 nolle
2502 4377 2601 4416 eos
2646 4360 2990 4417 contristare
3020 4361 3279 4416 docendo
3328 4377 3455 4432 quze
3506 4362 3659 4417 bona
3706 4367 3863 4427 sunt,
3894 4365 3954 4417 et

2312 4451 2638 4506 libertatem
2684 4449 2938 4506 tribuere
2978 4449 3252 4521 peccandi
3288 4450 3394 4521 [AL
3428 4449 3691 4521 peccati],
3721 4466 3832 4505 non
3862 4453 3955 4506 est

2356 4576 2400 4659 .3
2430 4575 2552 4701 Dux:
2585 4592 2752 4643 mss.,
2785 4575 3079 4646 Signanter
3106 4578 3291 4631 autem
3318 4580 3367 4631 et
3398 4590 3648 4648 expresse
3676 4575 3760 4631 ait
3788 4593 3808 4630 :
3836 4576 3955 4632 Non

2356 4664 2459 4701 rno.
2491 4663 2520 4701 e
2553 4662 2601 4701 c.

2310 4664 2459 4716 vmo,
2491 4662 2601 4702 etc.

550 4716 903 4800 hm‘aatates;
933 4718 1075 4789 quia
1130 4716 1395 4787 corporis
1450 4716 1656 4772 frixere
1714 4717 2006 4800 luxuriam
2039 4719 2272 4800 (licetD
2375 4719 2485 4800 ‘ln
2558 4718 2810 4800 editione
2868 4717 3552 4800 Erasmiana__legimus:
3595 4719 3681 4800 Ita
3731 4734 3801 4800 ne
3855 4717 3955 4776 illa

549 4790 670 4846 sint
697 4789 986 4861 plurimae,
1018 4805 1145 4859 quae
1191 4804 1294 4842 nec
1335 4804 1511 4844 canos
1553 4805 1693 4844 suos
1736 4790 2105 4861 erubescant,
2139 4795 2197 4846 et

551 4866 682 4917 ante
706 4860 945 4933 gregem
960 4932 965 4933 ί
981 4866 1279 4933 nepotum,
1305 4864 1617 4933 trementes
1651 4860 2005 4932 virgunculae
2036 4879 2192 4917 com-

551 4931 885 5006 ponantur),
918 4931 1072 4987 vino’
1103 4948 1164 4987 se
1213 4931 1443 5006 dedere,
1471 4937 1655 4998 nete;
1702 4931 1805 4986 nos
1853 4934 2196 4989 auctoritate

549 5001 970 5077 Exemplarium
1025 5001 1570 5077 maenuscriptorum
1621 5020 1860 5058 sensum
1912 5022 1977 5060 ac
2025 5007 2199 5060 verba

552 5076 858 5135 nestituere
888 5076 1244 5131 curavimus.
1278 5078 1460 5128 MART.

620 5148 641 5182 ³
673 5148 941 5211 Martian,
975 5150 1033 5201 ut
1064 5146 1324 5201 voculam
1359 5145 1452 5200 hic
1482 5144 1797 5210 interserit,
1822 5163 1939 5217 qua
1970 5147 2198 5203 intrusa

548 5223 709 5276 totus
741 5221 966 5291 deperit
996 5217 1455 5291 Hieronymianaa
1487 5216 1786 5291 sententiis
1812 5216 1974 5289 lepor
1999 5225 2056 5273 et
2086 5220 2193 5275 vis.

546 5291 753 5349 Jocose
796 5287 1017 5345 scilicet
1059 5287 1234 5361 atque
1284 5287 1580 5362 εἰρωνικῶς
1612 5289 1669 5343 S.
1709 5287 1885 5344 Pater
1915 5292 2197 5362 trementes

548 5364 911 5431 virgunculas
942 5360 1197 5433 appellat
1245 5360 1393 5415 anus
1422 5360 1573 5425 illas,
1604 5377 1731 5431 quae
1781 5378 1983 5433 rugas
2008 5361 2195 5417 aniles

549 5434 796 5505 poliunt,
830 5452 895 5490 ac
938 5432 1079 5489 dum
1132 5451 1192 5488 se
1235 5438 1613 5505 componunt,
1644 5435 1811 5502 quasi
1861 5432 2194 5488 adolescen-

546 5504 703 5578 tulis,
728 5524 839 5578 prae
863 5511 1025 5561 aetate
1051 5510 1362 5578 trementes
1386 5508 1545 5578 sunt.
1574 5504 1920 5578 Huiusmodi
1947 5505 2195 5578 feminas

551 5575 755 5648 iisdem
787 5578 954 5648 plane
983 5578 1172 5632 verbis
1207 5576 1352 5630 ridet
1383 5576 1552 5648 epist.
1587 5576 1674 5648 38,
1705 5576 1774 5629 de
1805 5575 2195 5646 {Egrotatione

548 5647 796 5703 Blesillae
827 5649 894 5703 ad
943 5648 1268 5704 Marcellam
1302 5664 1465 5702 num.
1496 5647 1530 5720 3
1561 5664 1573 5701 :
1609 5647 1748 5720 Quae
1789 5648 2020 5720 denique
2069 5658 2196 5706 ante

546 5722 802 5849 Ξιβροιαινέι
853 5735 1072 5795 gregem
1126 5724 1412 5778 trementes
1458 5718 1806 5792 virgunculae
1855 5718 2192 5793 coinponun-

569 5806 661 5849 ur.
693 5806 724 5849 ο
794 5831 807 5849 .

546 5797 661 5868 tur,
693 5797 807 5851 etc.

2304 4792 2584 4845 erub'scat
2613 4794 2806 4860 etiam,
2840 4799 2970 4861 etc.,
3004 4791 3159 4861 quod
3203 4790 3495 4846 Marianus
3538 4791 3788 4861 castigat
3823 4807 3951 4845 mu-

2304 4868 2438 4916 tans
2475 4863 2750 4917 erubescet
2806 4862 2864 4916 in
2912 4865 3210 4918 erubescat.
3259 4863 3340 4918 Ila
3396 4878 3465 4918 ne
3519 4862 3621 4917 illa
3674 4864 3956 4918 erubescat

2304 4936 2469 4989 etiam
2524 4938 2792 4988 secretum
2850 4935 3050 4999 cubile,
3107 4939 3213 4990 etc.
3266 4934 3519 4989 Maa'r.-
3584 4933 3780 4990 Nostri
3837 4950 3949 4991 ms.

2308 5006 2388 5059 ita
2417 5004 2754 5078 adverbium
2790 5022 2902 5060 non
2936 5009 3283 5078 agnoscunt,
3313 5005 3631 5076 leguntque
3664 5003 3950 5078 absolute,

2305 5092 2373 5130 ne
2422 5077 2524 5131 illa
2569 5078 2861 5140 erubescet,
2896 5077 3007 5132 etc.
3041 5077 3191 5131 Olim
3225 5082 3366 5144 erat,
3399 5078 3479 5131 ita
3502 5094 3572 5131 ne
3616 5077 3719 5131 illa
3765 5078 3954 5132 erube-

2305 5157 2436 5217 scet,
2478 5164 2579 5219 pro
2627 5165 2742 5219 quo
2794 5148 3083 5204 Victorius
3132 5149 3437 5207 substituit
3483 5148 3782 5203 erubescat.
3836 5148 3953 5204 Hoc

2304 5226 2412 5287 est,
2446 5219 2660 5291 inquit,
2696 5220 2774 5274 ita
2812 5219 3009 5276 liberis
3058 5222 3430 5291 procreandis
3478 5219 3721 5275 honeste
3752 5237 3818 5275 ac
3849 5236 3953 5291 pue

2307 5236 2412 5287 ess,
2446 5236 2660 5291 inqmt,
2696 5236 2774 5274 ita
2813 5236 3009 5276 llDel‘lS
3058 5236 3430 5291 procreandis
3478 5236 3721 5275 honeste
3752 5237 3818 5275 ac
3890 5236 3953 5276 u-

2307 5292 2432 5346 dice
2464 5308 2699 5364 operam
2743 5298 2927 5360 navet,
2962 5298 3026 5347 ut
3075 5309 3145 5345 ne
3192 5292 3251 5345 in
3310 5292 3437 5364 ipso
3475 5292 3719 5364 quidem
3774 5236 3953 5346 cubili

2305 5368 2474 5435 turpe
2522 5363 2743 5435 aliquid
2796 5372 2949 5435 agat,
3003 5363 3379 5435 proptercave
3426 5363 3568 5417 illud
3598 5364 3949 5435 erubescat,

2305 5433 2578 5500 Quamvis
2624 5433 2751 5490 eiut
2799 5433 2921 5507 qui
2953 5433 3140 5505 magis
3190 5452 3292 5507 per
3335 5434 3783 5490 aftirmationem
3835 5433 3952 5507 legi

2304 5508 2513 5562 debere
2551 5506 2875 5571 autument,
2913 5506 2966 5560 in
3020 5506 3462 5561 hunc’modum
3498 5523 3511 5560 :
3547 5508 3627 5561 Ita
3676 5507 3776 5561 illa
3821 5506 3951 5561 eru-

2304 5578 2477 5633 bescet
2528 5581 2696 5633 etiam
2751 5585 3013 5634 secretum
3069 5580 3267 5634 cubile.
3331 5579 3447 5633 Hoc
3506 5583 3613 5645 est,
3655 5578 3703 5632 si
3771 5580 3949 5634 Deum

2303 5658 2437 5705 ante
2479 5650 2676 5705 oculos
2728 5668 2960 5722 semper
3003 5650 3257 5721 habebit,
3310 5651 3612 5706 erubescet
3658 5648 3835 5722 etiam
3886 5648 3949 5706 in

2303 5728 2522 5780 secreto
2552 5722 2728 5779 cubili
2778 5721 3007 5801 aliquid
3045 5723 3421 5781 inhonestum
3466 5738 3532 5779 ac
3579 5721 3947 5796 impudicum

2303 5809 2492 5872 agere.
