  <div class='ocr_page' id='page_1' title='image "/cluster/home/n/w/nwhite01/storage/ocr_20150623/26/umn.31951002477320a/312.png"; bbox 0 0 4310 6648; ppageno 0'>
   <div class='ocr_carea' id='block_1_1' title="bbox 315 542 433 606">
    <p class='ocr_par' dir='ltr' id='par_1_1' title="bbox 315 542 433 606">
     <span class='ocr_line' id='line_1_1' title="bbox 315 542 433 606; baseline 0.017 -2"><span class='ocrx_word' id='word_1_1' title='bbox 315 542 433 606; x_wconf 80' lang='grc' dir='ltr'><strong>ϐίἿ</strong></span> 
     </span>
    </p>
   </div>
   <div class='ocr_carea' id='block_1_2' title="bbox 1140 544 2894 609">
    <p class='ocr_par' dir='ltr' id='par_1_2' title="bbox 1140 544 2894 609">
     <span class='ocr_line' id='line_1_2' title="bbox 1140 544 2894 609; baseline 0 -2"><span class='ocrx_word' id='word_1_2' title='bbox 1140 545 1659 609; x_wconf 79' lang='lat' dir='ltr'><strong>COMMENTAR.</strong></span> <span class='ocrx_word' id='word_1_3' title='bbox 1704 546 1784 608; x_wconf 80' lang='lat' dir='ltr'><strong>IN</strong></span> <span class='ocrx_word' id='word_1_4' title='bbox 1830 545 2076 607; x_wconf 85' lang='lat' dir='ltr'><strong>EPIST.</strong></span> <span class='ocrx_word' id='word_1_5' title='bbox 2122 545 2226 607; x_wconf 87' lang='lat' dir='ltr'><strong>AD</strong></span> <span class='ocrx_word' id='word_1_6' title='bbox 2272 544 2546 609; x_wconf 83' lang='lat' dir='ltr'><strong>TITUM.</strong></span> <span class='ocrx_word' id='word_1_7' title='bbox 2595 548 2768 607; x_wconf 84' lang='lat' dir='ltr'><strong>CAP.</strong></span> <span class='ocrx_word' id='word_1_8' title='bbox 2813 546 2894 607; x_wconf 91' lang='grc' dir='ltr'><strong>ΙΙ.</strong></span> 
     </span>
    </p>
   </div>
   <div class='ocr_carea' id='block_1_3' title="bbox 3602 494 3727 606">
    <p class='ocr_par' dir='ltr' id='par_1_3' title="bbox 3602 494 3727 606">
     <span class='ocr_line' id='line_1_3' title="bbox 3602 494 3727 606; baseline 0 -1"><span class='ocrx_word' id='word_1_9' title='bbox 3602 494 3727 606; x_wconf 65' lang='lat'><strong>613</strong></span> 
     </span>
    </p>
   </div>
   <div class='ocr_carea' id='block_1_4' title="bbox 318 666 3721 753">
    <p class='ocr_par' dir='ltr' id='par_1_4' title="bbox 318 666 3721 753">
     <span class='ocr_line' id='line_1_4' title="bbox 318 666 3721 753; baseline 0 -19"><span class='ocrx_word' id='word_1_10' title='bbox 318 695 517 735; x_wconf 89' lang='lat' dir='ltr'><strong>amare</strong></span> <span class='ocrx_word' id='word_1_11' title='bbox 537 676 710 750; x_wconf 82' lang='lat' dir='ltr'><strong>ﬁlios,</strong></span> <span class='ocrx_word' id='word_1_12' title='bbox 742 674 1086 734; x_wconf 47' lang='lat' dir='ltr'><strong>sed‘odisse.</strong></span> <span class='ocrx_word' id='word_1_13' title='bbox 1139 679 1493 735; x_wconf 88' lang='lat' dir='ltr'><strong>Erudiantur</strong></span> <span class='ocrx_word' id='word_1_14' title='bbox 1538 696 1771 753; x_wconf 89' lang='lat' dir='ltr'><strong>quoque</strong></span> <span class='ocrx_word' id='word_1_15' title='bbox 1818 680 1955 735; x_wconf 91' lang='lat' dir='ltr'><strong>ado-</strong></span> <span class='ocrx_word' id='word_1_16' title='bbox 1990 681 2044 746; x_wconf 82' lang='grc' dir='ltr'>Α</span> <span class='ocrx_word' id='word_1_17' title='bbox 2073 696 2311 751; x_wconf 88' lang='lat' dir='ltr'><strong>corpore</strong></span> <span class='ocrx_word' id='word_1_18' title='bbox 2347 696 2358 735; x_wconf 88' lang='lat'><strong>:</strong></span> <span class='ocrx_word' id='word_1_19' title='bbox 2392 684 2514 734; x_wconf 81' lang='lat' dir='ltr'><strong>tam</strong></span> <span class='ocrx_word' id='word_1_20' title='bbox 2554 695 2746 751; x_wconf 87' lang='lat' dir='ltr'><strong>opere,</strong></span> <span class='ocrx_word' id='word_1_21' title='bbox 2795 695 2972 750; x_wconf 86' lang='lat' dir='ltr'><strong>quam</strong></span> <span class='ocrx_word' id='word_1_22' title='bbox 3022 678 3392 752; x_wconf 90' lang='lat' dir='ltr'><strong>cogitatione,</strong></span> <span class='ocrx_word' id='word_1_23' title='bbox 3444 682 3510 733; x_wconf 92' lang='lat' dir='ltr'><strong>ut</strong></span> <span class='ocrx_word' id='word_1_24' title='bbox 3556 666 3721 735; x_wconf 82' lang='lat' dir='ltr'><strong>nulla</strong></span> 
     </span>
    </p>
   </div>
   <div class='ocr_carea' id='block_1_5' title="bbox 316 766 1964 842">
    <p class='ocr_par' dir='ltr' id='par_1_5' title="bbox 316 766 1964 842">
     <span class='ocr_line' id='line_1_5' title="bbox 316 766 1964 842; baseline 0.002 -21"><span class='ocrx_word' id='word_1_25' title='bbox 316 766 674 833; x_wconf 65' lang='lat' dir='ltr'><strong>lescentulze,</strong></span> <span class='ocrx_word' id='word_1_26' title='bbox 704 768 999 823; x_wconf 90' lang='lat' dir='ltr'><strong>utdomus</strong></span> <span class='ocrx_word' id='word_1_27' title='bbox 1038 766 1293 824; x_wconf 81' lang='lat' dir='ltr'><strong>habeant</strong></span> <span class='ocrx_word' id='word_1_28' title='bbox 1333 768 1794 842; x_wconf 89' lang='lat' dir='ltr'><strong>diligentiam.Et</strong></span> <span class='ocrx_word' id='word_1_29' title='bbox 1824 768 1964 842; x_wconf 84' lang='lat' dir='ltr'><strong>quia</strong></span> 
     </span>
    </p>
   </div>
   <div class='ocr_carea' id='block_1_6' title="bbox 317 854 1961 928">
    <p class='ocr_par' dir='ltr' id='par_1_6' title="bbox 317 854 1961 928">
     <span class='ocr_line' id='line_1_6' title="bbox 317 854 1961 928; baseline -0.001 -16"><span class='ocrx_word' id='word_1_30' title='bbox 317 860 544 928; x_wconf 76' lang='lat' dir='ltr'><strong>poterat</strong></span> <span class='ocrx_word' id='word_1_31' title='bbox 571 855 797 911; x_wconf 82' lang='lat' dir='ltr'><strong>evenire</strong></span> <span class='ocrx_word' id='word_1_32' title='bbox 828 859 892 911; x_wconf 91' lang='lat' dir='ltr'><strong>ut</strong></span> <span class='ocrx_word' id='word_1_33' title='bbox 925 854 1227 928; x_wconf 77' lang='lat' dir='ltr'><strong>diligentia</strong></span> <span class='ocrx_word' id='word_1_34' title='bbox 1271 856 1484 912; x_wconf 88' lang='lat' dir='ltr'><strong>domus</strong></span> <span class='ocrx_word' id='word_1_35' title='bbox 1532 874 1664 913; x_wconf 90' lang='lat' dir='ltr'><strong>cum</strong></span> <span class='ocrx_word' id='word_1_36' title='bbox 1716 856 1961 913; x_wconf 88' lang='lat' dir='ltr'><strong>austeri-</strong></span> 
     </span>
    </p>
   </div>
   <div class='ocr_carea' id='block_1_7' title="bbox 316 944 1959 1019">
    <p class='ocr_par' dir='ltr' id='par_1_7' title="bbox 316 944 1959 1019">
     <span class='ocr_line' id='line_1_7' title="bbox 316 944 1959 1019; baseline 0.001 -19"><span class='ocrx_word' id='word_1_37' title='bbox 316 949 434 1001; x_wconf 84' lang='lat' dir='ltr'><strong>tate</strong></span> <span class='ocrx_word' id='word_1_38' title='bbox 477 948 793 1016; x_wconf 86' lang='lat' dir='ltr'><strong>regeretur,</strong></span> <span class='ocrx_word' id='word_1_39' title='bbox 849 948 904 999; x_wconf 90' lang='lat' dir='ltr'><strong>et</strong></span> <span class='ocrx_word' id='word_1_40' title='bbox 952 960 1057 1015; x_wconf 90' lang='lat' dir='ltr'><strong>per</strong></span> <span class='ocrx_word' id='word_1_41' title='bbox 1102 944 1211 1000; x_wconf 92' lang='lat' dir='ltr'><strong>hoc</strong></span> <span class='ocrx_word' id='word_1_42' title='bbox 1258 945 1516 1017; x_wconf 87' lang='lat' dir='ltr'><strong>Apostoli</strong></span> <span class='ocrx_word' id='word_1_43' title='bbox 1581 950 1959 1019; x_wconf 65' lang='lat' dir='ltr'><strong>praeceptum,</strong></span> 
     </span>
    </p>
   </div>
   <div class='ocr_carea' id='block_1_8' title="bbox 315 1032 1960 1106">
    <p class='ocr_par' dir='ltr' id='par_1_8' title="bbox 315 1032 1960 1106">
     <span class='ocr_line' id='line_1_8' title="bbox 315 1032 1960 1106; baseline -0.001 -16"><span class='ocrx_word' id='word_1_44' title='bbox 315 1037 581 1090; x_wconf 81' lang='lat' dir='ltr'><strong>matrona</strong></span> <span class='ocrx_word' id='word_1_45' title='bbox 609 1033 864 1089; x_wconf 81' lang='lat' dir='ltr'><strong>severior</strong></span> <span class='ocrx_word' id='word_1_46' title='bbox 895 1033 1058 1088; x_wconf 80' lang='lat' dir='ltr'><strong>fieret</strong></span> <span class='ocrx_word' id='word_1_47' title='bbox 1086 1033 1146 1087; x_wconf 90' lang='lat' dir='ltr'><strong>in</strong></span> <span class='ocrx_word' id='word_1_48' title='bbox 1179 1032 1440 1090; x_wconf 90' lang='lat' dir='ltr'><strong>servulos</strong></span> <span class='ocrx_word' id='word_1_49' title='bbox 1488 1054 1506 1088; x_wconf 91' lang='lat'><strong><em>:</em></strong></span> <span class='ocrx_word' id='word_1_50' title='bbox 1551 1035 1678 1091; x_wconf 90' lang='lat' dir='ltr'><strong>ideo</strong></span> <span class='ocrx_word' id='word_1_51' title='bbox 1726 1034 1960 1106; x_wconf 88' lang='lat' dir='ltr'><strong>copula-</strong></span> 
     </span>
    </p>
   </div>
   <div class='ocr_carea' id='block_1_9' title="bbox 313 1122 1962 1192">
    <p class='ocr_par' dir='ltr' id='par_1_9' title="bbox 313 1122 1962 1192">
     <span class='ocr_line' id='line_1_9' title="bbox 313 1122 1962 1192; baseline -0.001 -14"><span class='ocrx_word' id='word_1_52' title='bbox 313 1122 415 1191; x_wconf 89' lang='lat' dir='ltr'><strong>vit,</strong></span> <span class='ocrx_word' id='word_1_53' title='bbox 467 1122 730 1192; x_wconf 82' lang='lat' dir='ltr'><strong>benignas</strong></span> <span class='ocrx_word' id='word_1_54' title='bbox 779 1140 797 1177; x_wconf 88' lang='lat'><strong><em>:</em></strong></span> <span class='ocrx_word' id='word_1_55' title='bbox 846 1125 911 1177; x_wconf 89' lang='lat' dir='ltr'><strong>ut</strong></span> <span class='ocrx_word' id='word_1_56' title='bbox 959 1126 1102 1178; x_wconf 86' lang='lat' dir='ltr'><strong>tunc</strong></span> <span class='ocrx_word' id='word_1_57' title='bbox 1153 1138 1215 1177; x_wconf 88' lang='lat' dir='ltr'><strong>se</strong></span> <span class='ocrx_word' id='word_1_58' title='bbox 1260 1123 1521 1179; x_wconf 80' lang='lat' dir='ltr'><strong>crederet</strong></span> <span class='ocrx_word' id='word_1_59' title='bbox 1570 1123 1765 1179; x_wconf 88' lang='lat' dir='ltr'><strong>mariti</strong></span> <span class='ocrx_word' id='word_1_60' title='bbox 1816 1124 1962 1179; x_wconf 88' lang='lat' dir='ltr'><strong>bene</strong></span> 
     </span>
    </p>
   </div>
   <div class='ocr_carea' id='block_1_10' title="bbox 314 1211 1964 1284">
    <p class='ocr_par' dir='ltr' id='par_1_10' title="bbox 314 1211 1964 1284">
     <span class='ocr_line' id='line_1_10' title="bbox 314 1211 1964 1284; baseline 0.001 -18"><span class='ocrx_word' id='word_1_61' title='bbox 314 1211 552 1267; x_wconf 90' lang='lat' dir='ltr'><strong>domum</strong></span> <span class='ocrx_word' id='word_1_62' title='bbox 581 1226 802 1284; x_wconf 88' lang='lat' dir='ltr'><strong>regere,</strong></span> <span class='ocrx_word' id='word_1_63' title='bbox 835 1211 886 1266; x_wconf 92' lang='lat' dir='ltr'>si</span> <span class='ocrx_word' id='word_1_64' title='bbox 917 1227 1050 1266; x_wconf 90' lang='lat' dir='ltr'><strong>cum</strong></span> <span class='ocrx_word' id='word_1_65' title='bbox 1084 1211 1442 1282; x_wconf 78' lang='lat' dir='ltr'><strong>benignitate</strong></span> <span class='ocrx_word' id='word_1_66' title='bbox 1473 1211 1720 1284; x_wconf 86' lang='lat' dir='ltr'><strong>imperet</strong></span> <span class='ocrx_word' id='word_1_67' title='bbox 1758 1227 1964 1268; x_wconf 90' lang='lat' dir='ltr'><strong>servu-</strong></span> 
     </span>
    </p>
   </div>
   <div class='ocr_carea' id='block_1_11' title="bbox 314 1298 1964 1366">
    <p class='ocr_par' dir='ltr' id='par_1_11' title="bbox 314 1298 1964 1366">
     <span class='ocr_line' id='line_1_11' title="bbox 314 1298 1964 1366; baseline 0.001 -12"><span class='ocrx_word' id='word_1_68' title='bbox 314 1298 408 1366; x_wconf 86' lang='lat' dir='ltr'><strong>lis,</strong></span> <span class='ocrx_word' id='word_1_69' title='bbox 442 1316 559 1356; x_wconf 89' lang='lat' dir='ltr'><strong>non</strong></span> <span class='ocrx_word' id='word_1_70' title='bbox 589 1301 648 1356; x_wconf 92' lang='lat' dir='ltr'><strong>in</strong></span> <span class='ocrx_word' id='word_1_71' title='bbox 678 1305 899 1357; x_wconf 89' lang='lat' dir='ltr'><strong>terrore</strong></span> <span class='ocrx_word' id='word_1_72' title='bbox 922 1301 960 1355; x_wconf 93' lang='grc'><strong>¹.</strong></span> <span class='ocrx_word' id='word_1_73' title='bbox 982 1300 1099 1356; x_wconf 92' lang='lat' dir='ltr'><strong>Nec</strong></span> <span class='ocrx_word' id='word_1_74' title='bbox 1128 1317 1243 1356; x_wconf 90' lang='lat' dir='ltr'><strong>non</strong></span> <span class='ocrx_word' id='word_1_75' title='bbox 1275 1306 1331 1355; x_wconf 89' lang='lat' dir='ltr'><strong>et</strong></span> <span class='ocrx_word' id='word_1_76' title='bbox 1354 1300 1604 1356; x_wconf 85' lang='lat' dir='ltr'><strong>subditas</strong></span> <span class='ocrx_word' id='word_1_77' title='bbox 1630 1302 1769 1357; x_wconf 83' lang='lat' dir='ltr'><strong>viris</strong></span> <span class='ocrx_word' id='word_1_78' title='bbox 1796 1303 1910 1358; x_wconf 86' lang='lat' dir='ltr'><strong>suis</strong></span> <span class='ocrx_word' id='word_1_79' title='bbox 1942 1319 1964 1356; x_wconf 86' lang='grc'><strong>.·</strong></span> 
     </span>
    </p>
   </div>
   <div class='ocr_carea' id='block_1_12' title="bbox 316 1388 1963 1461">
    <p class='ocr_par' dir='ltr' id='par_1_12' title="bbox 316 1388 1963 1461">
     <span class='ocr_line' id='line_1_12' title="bbox 316 1388 1963 1461; baseline 0.001 -19"><span class='ocrx_word' id='word_1_80' title='bbox 316 1404 387 1443; x_wconf 89' lang='lat' dir='ltr'><strong>ne</strong></span> <span class='ocrx_word' id='word_1_81' title='bbox 417 1388 565 1444; x_wconf 86' lang='lat' dir='ltr'><strong>torte</strong></span> <span class='ocrx_word' id='word_1_82' title='bbox 597 1389 819 1444; x_wconf 86' lang='lat' dir='ltr'><strong>divitiis</strong></span> <span class='ocrx_word' id='word_1_83' title='bbox 867 1394 924 1446; x_wconf 89' lang='lat' dir='ltr'><strong>et</strong></span> <span class='ocrx_word' id='word_1_84' title='bbox 975 1389 1276 1445; x_wconf 83' lang='lat' dir='ltr'><strong>nobilitate</strong></span> <span class='ocrx_word' id='word_1_85' title='bbox 1320 1388 1571 1461; x_wconf 71' lang='lat' dir='ltr'><strong>perflata:</strong></span> <span class='ocrx_word' id='word_1_86' title='bbox 1605 1390 1700 1447; x_wconf 88' lang='lat' dir='ltr'><strong>Dei</strong></span> <span class='ocrx_word' id='word_1_87' title='bbox 1732 1394 1963 1445; x_wconf 91' lang='lat' dir='ltr'><strong>senten-</strong></span> 
     </span>
    </p>
   </div>
   <div class='ocr_carea' id='block_1_13' title="bbox 311 1476 1962 1549">
    <p class='ocr_par' dir='ltr' id='par_1_13' title="bbox 311 1476 1962 1549">
     <span class='ocr_line' id='line_1_13' title="bbox 311 1476 1962 1549; baseline 0 -18"><span class='ocrx_word' id='word_1_88' title='bbox 311 1476 405 1531; x_wconf 61' lang='lat' dir='ltr'><strong>tiae</strong></span> <span class='ocrx_word' id='word_1_89' title='bbox 426 1493 544 1534; x_wconf 88' lang='lat' dir='ltr'><strong>non</strong></span> <span class='ocrx_word' id='word_1_90' title='bbox 575 1478 972 1545; x_wconf 87' lang='lat' dir='ltr'><strong>meminerint,</strong></span> <span class='ocrx_word' id='word_1_91' title='bbox 996 1493 1305 1549; x_wconf 73' lang='lat' dir='ltr'><strong>perquam</strong></span> <span class='ocrx_word' id='word_1_92' title='bbox 1339 1476 1618 1548; x_wconf 70' lang='lat' dir='ltr'><strong>subjecta:</strong></span> <span class='ocrx_word' id='word_1_93' title='bbox 1645 1482 1785 1533; x_wconf 88' lang='lat' dir='ltr'><strong>sunt</strong></span> <span class='ocrx_word' id='word_1_94' title='bbox 1803 1478 1962 1533; x_wconf 90' lang='lat' dir='ltr'><strong>viris.</strong></span> 
     </span>
    </p>
   </div>
   <div class='ocr_carea' id='block_1_14' title="bbox 310 1565 1966 1638">
    <p class='ocr_par' dir='ltr' id='par_1_14' title="bbox 310 1565 1966 1638">
     <span class='ocr_line' id='line_1_14' title="bbox 310 1565 1966 1638; baseline 0 -18"><span class='ocrx_word' id='word_1_95' title='bbox 310 1565 407 1621; x_wconf 87' lang='lat' dir='ltr'><strong>Ait</strong></span> <span class='ocrx_word' id='word_1_96' title='bbox 434 1566 653 1638; x_wconf 83' lang='lat' dir='ltr'><strong>quippe</strong></span> <span class='ocrx_word' id='word_1_97' title='bbox 701 1567 770 1622; x_wconf 90' lang='lat' dir='ltr'><strong>ad</strong></span> <span class='ocrx_word' id='word_1_98' title='bbox 823 1565 1127 1621; x_wconf 78' lang='lat' dir='ltr'><strong>mulierem</strong></span> <span class='ocrx_word' id='word_1_99' title='bbox 1178 1583 1190 1621; x_wconf 92' lang='lat'>:</span> <span class='ocrx_word' id='word_1_100' title='bbox 1246 1565 1322 1621; x_wconf 82' lang='lat' dir='ltr'><strong>Ad</strong></span> <span class='ocrx_word' id='word_1_101' title='bbox 1370 1567 1552 1621; x_wconf 85' lang='lat' dir='ltr'><strong>virum</strong></span> <span class='ocrx_word' id='word_1_102' title='bbox 1602 1568 1966 1622; x_wconf 68' lang='lat' dir='ltr'><strong>tuum’con-</strong></span> 
     </span>
    </p>
   </div>
   <div class='ocr_carea' id='block_1_15' title="bbox 312 1645 1963 1728">
    <p class='ocr_par' dir='ltr' id='par_1_15' title="bbox 312 1645 1963 1728">
     <span class='ocr_line' id='line_1_15' title="bbox 312 1645 1963 1728; baseline 0.001 -19"><span class='ocrx_word' id='word_1_103' title='bbox 312 1657 492 1711; x_wconf 81' lang='lat' dir='ltr'><strong>versio</strong></span> <span class='ocrx_word' id='word_1_104' title='bbox 542 1659 673 1717; x_wconf 87' lang='lat' dir='ltr'><strong>tua;</strong></span> <span class='ocrx_word' id='word_1_105' title='bbox 725 1658 777 1711; x_wconf 91' lang='lat' dir='ltr'><strong>et</strong></span> <span class='ocrx_word' id='word_1_106' title='bbox 821 1658 941 1727; x_wconf 85' lang='lat' dir='ltr'><strong>ipse</strong></span> <span class='ocrx_word' id='word_1_107' title='bbox 988 1657 1075 1709; x_wconf 88' lang='lat' dir='ltr'><strong>tui</strong></span> <span class='ocrx_word' id='word_1_108' title='bbox 1118 1645 1495 1711; x_wconf 77' lang='lat' dir='ltr'><strong>dominabitur</strong></span> <span class='ocrx_word' id='word_1_109' title='bbox 1524 1656 1678 1728; x_wconf 86' lang='lat' dir='ltr'><strong>(Gen.</strong></span> <span class='ocrx_word' id='word_1_110' title='bbox 1728 1671 1811 1722; x_wconf 84' lang='lat' dir='ltr'><strong>IlI,</strong></span> <span class='ocrx_word' id='word_1_111' title='bbox 1856 1656 1963 1727; x_wconf 83' lang='grc'><strong>16).</strong></span> 
     </span>
    </p>
   </div>
   <div class='ocr_carea' id='block_1_16' title="bbox 314 1742 1969 1817">
    <p class='ocr_par' dir='ltr' id='par_1_16' title="bbox 314 1742 1969 1817">
     <span class='ocr_line' id='line_1_16' title="bbox 314 1742 1969 1817; baseline 0 -18"><span class='ocrx_word' id='word_1_112' title='bbox 314 1745 376 1799; x_wconf 89' lang='lat' dir='ltr'><strong>In</strong></span> <span class='ocrx_word' id='word_1_113' title='bbox 408 1759 523 1816; x_wconf 92' lang='lat' dir='ltr'><strong>quo</strong></span> <span class='ocrx_word' id='word_1_114' title='bbox 550 1747 765 1798; x_wconf 66' lang='lat' dir='ltr'><strong>sanctae</strong></span> <span class='ocrx_word' id='word_1_115' title='bbox 813 1742 1127 1815; x_wconf 67' lang='lat' dir='ltr'><strong>Scriptura:</strong></span> <span class='ocrx_word' id='word_1_116' title='bbox 1177 1743 1608 1800; x_wconf 87' lang='lat' dir='ltr'><strong>consideranda</strong></span> <span class='ocrx_word' id='word_1_117' title='bbox 1656 1744 1969 1817; x_wconf 82' lang='lat' dir='ltr'><strong>prudentia</strong></span> 
     </span>
    </p>
   </div>
   <div class='ocr_carea' id='block_1_17' title="bbox 311 1831 1969 1904">
    <p class='ocr_par' dir='ltr' id='par_1_17' title="bbox 311 1831 1969 1904">
     <span class='ocr_line' id='line_1_17' title="bbox 311 1831 1969 1904; baseline -0.001 -16"><span class='ocrx_word' id='word_1_118' title='bbox 311 1837 404 1889; x_wconf 85' lang='lat' dir='ltr'><strong>est</strong></span> <span class='ocrx_word' id='word_1_119' title='bbox 432 1848 446 1888; x_wconf 88' lang='lat'><strong>:</strong></span> <span class='ocrx_word' id='word_1_120' title='bbox 479 1832 620 1904; x_wconf 86' lang='lat' dir='ltr'><strong>quia</strong></span> <span class='ocrx_word' id='word_1_121' title='bbox 666 1847 784 1888; x_wconf 88' lang='lat' dir='ltr'><strong>non</strong></span> <span class='ocrx_word' id='word_1_122' title='bbox 829 1832 954 1888; x_wconf 87' lang='lat' dir='ltr'><strong>viro</strong></span> <span class='ocrx_word' id='word_1_123' title='bbox 1005 1831 1115 1887; x_wconf 89' lang='lat' dir='ltr'><strong>hoc</strong></span> <span class='ocrx_word' id='word_1_124' title='bbox 1165 1831 1451 1889; x_wconf 84' lang='lat' dir='ltr'><strong>Dominus</strong></span> <span class='ocrx_word' id='word_1_125' title='bbox 1500 1832 1579 1888; x_wconf 86' lang='lat' dir='ltr'><strong>sit</strong></span> <span class='ocrx_word' id='word_1_126' title='bbox 1627 1831 1878 1900; x_wconf 90' lang='lat' dir='ltr'><strong>locutus,</strong></span> <span class='ocrx_word' id='word_1_127' title='bbox 1911 1836 1969 1888; x_wconf 91' lang='lat' dir='ltr'><strong>et</strong></span> 
     </span>
    </p>
   </div>
   <div class='ocr_carea' id='block_1_18' title="bbox 255 1921 1964 1994">
    <p class='ocr_par' dir='ltr' id='par_1_18' title="bbox 255 1921 1964 1994">
     <span class='ocr_line' id='line_1_18' title="bbox 255 1921 1964 1994; baseline 0 -18"><span class='ocrx_word' id='word_1_128' title='bbox 255 1976 260 1985; x_wconf 73' lang='grc'><strong><em>,</em></strong></span> <span class='ocrx_word' id='word_1_129' title='bbox 310 1921 565 1977; x_wconf 86' lang='lat' dir='ltr'><strong>dixerit:</strong></span> <span class='ocrx_word' id='word_1_130' title='bbox 598 1922 980 1977; x_wconf 82' lang='lat' dir='ltr'><strong>Dominaberis</strong></span> <span class='ocrx_word' id='word_1_131' title='bbox 1028 1923 1194 1976; x_wconf 70' lang='lat' dir='ltr'><strong>uxori</strong></span> <span class='ocrx_word' id='word_1_132' title='bbox 1232 1928 1380 1984; x_wconf 66' lang='lat' dir='ltr'><strong>tuae:</strong></span> <span class='ocrx_word' id='word_1_133' title='bbox 1412 1922 1511 1977; x_wconf 90' lang='lat' dir='ltr'><strong>sed</strong></span> <span class='ocrx_word' id='word_1_134' title='bbox 1566 1921 1679 1994; x_wconf 89' lang='lat' dir='ltr'>ipsi</span> <span class='ocrx_word' id='word_1_135' title='bbox 1714 1921 1964 1991; x_wconf 84' lang='lat' dir='ltr'><strong>mulieri,</strong></span> 
     </span>
    </p>
   </div>
   <div class='ocr_carea' id='block_1_19' title="bbox 311 2009 1966 2084">
    <p class='ocr_par' dir='ltr' id='par_1_19' title="bbox 311 2009 1966 2084">
     <span class='ocr_line' id='line_1_19' title="bbox 311 2009 1966 2084; baseline 0.001 -18"><span class='ocrx_word' id='word_1_136' title='bbox 311 2013 377 2066; x_wconf 89' lang='lat' dir='ltr'><strong>ut</strong></span> <span class='ocrx_word' id='word_1_137' title='bbox 431 2009 517 2066; x_wconf 90' lang='lat' dir='ltr'><strong>illi</strong></span> <span class='ocrx_word' id='word_1_138' title='bbox 566 2010 874 2083; x_wconf 60' lang='lat' dir='ltr'><strong>praemium</strong></span> <span class='ocrx_word' id='word_1_139' title='bbox 925 2009 1280 2082; x_wconf 84' lang='lat' dir='ltr'><strong>relinqueret</strong></span> <span class='ocrx_word' id='word_1_140' title='bbox 1328 2010 1678 2084; x_wconf 64' lang='lat' dir='ltr'><strong>obsequella,</strong></span> <span class='ocrx_word' id='word_1_141' title='bbox 1720 2011 1861 2067; x_wconf 91' lang='lat' dir='ltr'><strong>dum</strong></span> <span class='ocrx_word' id='word_1_142' title='bbox 1905 2011 1966 2067; x_wconf 88' lang='lat' dir='ltr'>in</span> 
     </span>
    </p>
   </div>
   <div class='ocr_carea' id='block_1_20' title="bbox 312 2099 1965 2173">
    <p class='ocr_par' dir='ltr' id='par_1_20' title="bbox 312 2099 1965 2173">
     <span class='ocr_line' id='line_1_20' title="bbox 312 2099 1965 2173; baseline 0.001 -19"><span class='ocrx_word' id='word_1_143' title='bbox 312 2102 594 2171; x_wconf 86' lang='lat' dir='ltr'><strong>potestate</strong></span> <span class='ocrx_word' id='word_1_144' title='bbox 644 2101 773 2171; x_wconf 88' lang='lat' dir='ltr'><strong>ejus</strong></span> <span class='ocrx_word' id='word_1_145' title='bbox 804 2104 912 2167; x_wconf 91' lang='lat' dir='ltr'><strong>est,</strong></span> <span class='ocrx_word' id='word_1_146' title='bbox 947 2100 996 2155; x_wconf 90' lang='lat' dir='ltr'>si</span> <span class='ocrx_word' id='word_1_147' title='bbox 1038 2099 1140 2155; x_wconf 90' lang='lat' dir='ltr'><strong>Dei</strong></span> <span class='ocrx_word' id='word_1_148' title='bbox 1170 2100 1309 2156; x_wconf 87' lang='lat' dir='ltr'><strong>velit</strong></span> <span class='ocrx_word' id='word_1_149' title='bbox 1355 2100 1590 2156; x_wconf 89' lang='lat' dir='ltr'><strong>obedire</strong></span> <span class='ocrx_word' id='word_1_150' title='bbox 1639 2100 1965 2173; x_wconf 61' lang='lat' dir='ltr'><strong>praeceptis,</strong></span> 
     </span>
    </p>
   </div>
   <div class='ocr_carea' id='block_1_21' title="bbox 314 2187 1965 2261">
    <p class='ocr_par' dir='ltr' id='par_1_21' title="bbox 314 2187 1965 2261">
     <span class='ocr_line' id='line_1_21' title="bbox 314 2187 1965 2261; baseline -0.001 -16"><span class='ocrx_word' id='word_1_151' title='bbox 314 2187 528 2245; x_wconf 90' lang='lat' dir='ltr'><strong>servire</strong></span> <span class='ocrx_word' id='word_1_152' title='bbox 559 2188 682 2244; x_wconf 89' lang='lat' dir='ltr'><strong>viro</strong></span> <span class='ocrx_word' id='word_1_153' title='bbox 712 2192 770 2243; x_wconf 85' lang='lat' dir='ltr'><strong>et</strong></span> <span class='ocrx_word' id='word_1_154' title='bbox 797 2187 1011 2244; x_wconf 90' lang='lat' dir='ltr'><strong>marito</strong></span> <span class='ocrx_word' id='word_1_155' title='bbox 1053 2204 1181 2244; x_wconf 90' lang='lat' dir='ltr'><strong>esse</strong></span> <span class='ocrx_word' id='word_1_156' title='bbox 1229 2189 1515 2260; x_wconf 88' lang='lat' dir='ltr'><strong>subjecta,</strong></span> <span class='ocrx_word' id='word_1_157' title='bbox 1567 2192 1632 2243; x_wconf 91' lang='lat' dir='ltr'><strong>ut</strong></span> <span class='ocrx_word' id='word_1_158' title='bbox 1682 2188 1965 2261; x_wconf 86' lang='lat' dir='ltr'><strong>quodam-</strong></span> 
     </span>
    </p>
   </div>
   <div class='ocr_carea' id='block_1_22' title="bbox 315 2275 1966 2349">
    <p class='ocr_par' dir='ltr' id='par_1_22' title="bbox 315 2275 1966 2349">
     <span class='ocr_line' id='line_1_22' title="bbox 315 2275 1966 2349; baseline 0.001 -16"><span class='ocrx_word' id='word_1_159' title='bbox 315 2277 490 2333; x_wconf 88' lang='lat' dir='ltr'><strong>modo</strong></span> <span class='ocrx_word' id='word_1_160' title='bbox 520 2281 675 2333; x_wconf 87' lang='lat' dir='ltr'><strong>esset</strong></span> <span class='ocrx_word' id='word_1_161' title='bbox 702 2275 888 2332; x_wconf 90' lang='lat' dir='ltr'><strong>libera</strong></span> <span class='ocrx_word' id='word_1_162' title='bbox 917 2277 1191 2348; x_wconf 86' lang='lat' dir='ltr'><strong>servitus,</strong></span> <span class='ocrx_word' id='word_1_163' title='bbox 1206 2281 1263 2333; x_wconf 90' lang='lat' dir='ltr'><strong>et</strong></span> <span class='ocrx_word' id='word_1_164' title='bbox 1284 2276 1592 2333; x_wconf 88' lang='lat' dir='ltr'><strong>dilectione</strong></span> <span class='ocrx_word' id='word_1_165' title='bbox 1612 2276 1804 2349; x_wconf 87' lang='lat' dir='ltr'><strong>plana,</strong></span> <span class='ocrx_word' id='word_1_166' title='bbox 1835 2276 1966 2334; x_wconf 91' lang='lat' dir='ltr'>ideo</span> 
     </span>
    </p>
   </div>
   <div class='ocr_carea' id='block_1_23' title="bbox 315 2365 1964 2435">
    <p class='ocr_par' dir='ltr' id='par_1_23' title="bbox 315 2365 1964 2435">
     <span class='ocr_line' id='line_1_23' title="bbox 315 2365 1964 2435; baseline 0.001 -14"><span class='ocrx_word' id='word_1_167' title='bbox 315 2367 577 2423; x_wconf 86' lang='lat' dir='ltr'><strong>serviens</strong></span> <span class='ocrx_word' id='word_1_168' title='bbox 626 2370 717 2421; x_wconf 90' lang='lat' dir='ltr'><strong>est</strong></span> <span class='ocrx_word' id='word_1_169' title='bbox 776 2365 919 2435; x_wconf 90' lang='lat' dir='ltr'><strong>viro,</strong></span> <span class='ocrx_word' id='word_1_170' title='bbox 988 2366 1129 2421; x_wconf 90' lang='lat' dir='ltr'><strong>dum</strong></span> <span class='ocrx_word' id='word_1_171' title='bbox 1187 2381 1322 2422; x_wconf 90' lang='lat' dir='ltr'><strong>eum</strong></span> <span class='ocrx_word' id='word_1_172' title='bbox 1380 2366 1592 2422; x_wconf 90' lang='lat' dir='ltr'><strong>metuit</strong></span> <span class='ocrx_word' id='word_1_173' title='bbox 1652 2366 1964 2422; x_wconf 74' lang='lat' dir='ltr'><strong>offendere.</strong></span> 
     </span>
    </p>
   </div>
   <div class='ocr_carea' id='block_1_24' title="bbox 312 2454 1965 2528">
    <p class='ocr_par' dir='ltr' id='par_1_24' title="bbox 312 2454 1965 2528">
     <span class='ocr_line' id='line_1_24' title="bbox 312 2454 1965 2528; baseline 0 -17"><span class='ocrx_word' id='word_1_174' title='bbox 312 2454 539 2511; x_wconf 86' lang='lat' dir='ltr'><strong>Etenim</strong></span> <span class='ocrx_word' id='word_1_175' title='bbox 573 2470 690 2509; x_wconf 89' lang='lat' dir='ltr'><strong>non</strong></span> <span class='ocrx_word' id='word_1_176' title='bbox 721 2459 812 2509; x_wconf 89' lang='lat' dir='ltr'><strong>est</strong></span> <span class='ocrx_word' id='word_1_177' title='bbox 840 2459 1072 2510; x_wconf 86' lang='lat' dir='ltr'><strong>creatus</strong></span> <span class='ocrx_word' id='word_1_178' title='bbox 1104 2456 1190 2510; x_wconf 93' lang='lat' dir='ltr'><strong>vir</strong></span> <span class='ocrx_word' id='word_1_179' title='bbox 1220 2459 1457 2528; x_wconf 89' lang='lat' dir='ltr'><strong>propter</strong></span> <span class='ocrx_word' id='word_1_180' title='bbox 1498 2454 1833 2521; x_wconf 87' lang='lat' dir='ltr'><strong>mulierem,</strong></span> <span class='ocrx_word' id='word_1_181' title='bbox 1865 2455 1965 2511; x_wconf 90' lang='lat' dir='ltr'><strong>sed</strong></span> 
     </span>
    </p>
   </div>
   <div class='ocr_carea' id='block_1_25' title="bbox 316 2543 1969 2617">
    <p class='ocr_par' dir='ltr' id='par_1_25' title="bbox 316 2543 1969 2617">
     <span class='ocr_line' id='line_1_25' title="bbox 316 2543 1969 2617; baseline 0 -18"><span class='ocrx_word' id='word_1_182' title='bbox 316 2543 529 2599; x_wconf 89' lang='lat' dir='ltr'><strong>mulier</strong></span> <span class='ocrx_word' id='word_1_183' title='bbox 558 2548 797 2616; x_wconf 85' lang='lat' dir='ltr'><strong>propter</strong></span> <span class='ocrx_word' id='word_1_184' title='bbox 821 2544 1009 2600; x_wconf 88' lang='lat' dir='ltr'><strong>virum</strong></span> <span class='ocrx_word' id='word_1_185' title='bbox 1041 2546 1092 2613; x_wconf 89' lang='grc' dir='ltr'><strong>(ι</strong></span> <span class='ocrx_word' id='word_1_186' title='bbox 1116 2545 1235 2600; x_wconf 84' lang='lat' dir='ltr'><strong>Cor.</strong></span> <span class='ocrx_word' id='word_1_187' title='bbox 1271 2561 1349 2611; x_wconf 75' lang='lat' dir='ltr'><strong>xx,</strong></span> <span class='ocrx_word' id='word_1_188' title='bbox 1382 2543 1459 2617; x_wconf 89' lang='lat'><strong>9).</strong></span> <span class='ocrx_word' id='word_1_189' title='bbox 1506 2545 1575 2599; x_wconf 91' lang='lat' dir='ltr'><strong>Et</strong></span> <span class='ocrx_word' id='word_1_190' title='bbox 1621 2561 1753 2599; x_wconf 92' lang='lat' dir='ltr'><strong>cum</strong></span> <span class='ocrx_word' id='word_1_191' title='bbox 1792 2547 1969 2617; x_wconf 86' lang='lat' dir='ltr'><strong>caput</strong></span> 
     </span>
    </p>
   </div>
   <div class='ocr_carea' id='block_1_26' title="bbox 315 2632 1965 2705">
    <p class='ocr_par' dir='ltr' id='par_1_26' title="bbox 315 2632 1965 2705">
     <span class='ocr_line' id='line_1_26' title="bbox 315 2632 1965 2705; baseline -0.001 -17"><span class='ocrx_word' id='word_1_192' title='bbox 315 2632 578 2689; x_wconf 89' lang='lat' dir='ltr'><strong>mulieris</strong></span> <span class='ocrx_word' id='word_1_193' title='bbox 607 2632 695 2689; x_wconf 92' lang='lat' dir='ltr'><strong>vir</strong></span> <span class='ocrx_word' id='word_1_194' title='bbox 724 2633 801 2687; x_wconf 87' lang='lat' dir='ltr'><strong>sit</strong></span> <span class='ocrx_word' id='word_1_195' title='bbox 833 2650 846 2688; x_wconf 74' lang='grc' dir='ltr'><strong><em>ε</em></strong></span> <span class='ocrx_word' id='word_1_196' title='bbox 880 2639 1057 2705; x_wconf 88' lang='lat' dir='ltr'><strong>caput</strong></span> <span class='ocrx_word' id='word_1_197' title='bbox 1087 2636 1281 2689; x_wconf 88' lang='lat' dir='ltr'><strong>autem</strong></span> <span class='ocrx_word' id='word_1_198' title='bbox 1312 2632 1419 2689; x_wconf 91' lang='lat' dir='ltr'><strong>viri</strong></span> <span class='ocrx_word' id='word_1_199' title='bbox 1442 2633 1965 2703; x_wconf 85' lang='lat' dir='ltr'><strong>Christus(lbid.3),</strong></span> 
     </span>
    </p>
   </div>
   <div class='ocr_carea' id='block_1_27' title="bbox 313 2721 1967 2795">
    <p class='ocr_par' dir='ltr' id='par_1_27' title="bbox 313 2721 1967 2795">
     <span class='ocr_line' id='line_1_27' title="bbox 313 2721 1967 2795; baseline -0.001 -17"><span class='ocrx_word' id='word_1_200' title='bbox 313 2737 680 2795; x_wconf 68' lang='lat' dir='ltr'><strong>quaecunque</strong></span> <span class='ocrx_word' id='word_1_201' title='bbox 705 2722 853 2777; x_wconf 76' lang='grc'><strong>719</strong></span> <span class='ocrx_word' id='word_1_202' title='bbox 879 2738 1024 2777; x_wconf 81' lang='lat' dir='ltr'><strong>uxor</strong></span> <span class='ocrx_word' id='word_1_203' title='bbox 1043 2738 1158 2777; x_wconf 91' lang='lat' dir='ltr'><strong>non</strong></span> <span class='ocrx_word' id='word_1_204' title='bbox 1181 2721 1495 2791; x_wconf 80' lang='lat' dir='ltr'><strong>subjicitur</strong></span> <span class='ocrx_word' id='word_1_205' title='bbox 1531 2722 1654 2778; x_wconf 91' lang='lat' dir='ltr'><strong>viro</strong></span> <span class='ocrx_word' id='word_1_206' title='bbox 1695 2738 1823 2790; x_wconf 90' lang='lat' dir='ltr'><strong>suo,</strong></span> <span class='ocrx_word' id='word_1_207' title='bbox 1857 2722 1967 2777; x_wconf 87' lang='lat' dir='ltr'><strong>hoc</strong></span> 
     </span>
    </p>
   </div>
   <div class='ocr_carea' id='block_1_28' title="bbox 314 2810 1969 2883">
    <p class='ocr_par' dir='ltr' id='par_1_28' title="bbox 314 2810 1969 2883">
     <span class='ocr_line' id='line_1_28' title="bbox 314 2810 1969 2883; baseline -0.001 -16"><span class='ocrx_word' id='word_1_208' title='bbox 314 2816 403 2867; x_wconf 89' lang='lat' dir='ltr'><strong>est</strong></span> <span class='ocrx_word' id='word_1_209' title='bbox 431 2810 607 2883; x_wconf 87' lang='lat' dir='ltr'><strong>capiti</strong></span> <span class='ocrx_word' id='word_1_210' title='bbox 638 2826 767 2878; x_wconf 92' lang='lat' dir='ltr'><strong>suo,</strong></span> <span class='ocrx_word' id='word_1_211' title='bbox 800 2810 1063 2882; x_wconf 88' lang='lat' dir='ltr'><strong>ejusdem</strong></span> <span class='ocrx_word' id='word_1_212' title='bbox 1091 2810 1358 2866; x_wconf 88' lang='lat' dir='ltr'><strong>criminis</strong></span> <span class='ocrx_word' id='word_1_213' title='bbox 1380 2826 1479 2865; x_wconf 82' lang='lat' dir='ltr'><strong>rea</strong></span> <span class='ocrx_word' id='word_1_214' title='bbox 1499 2812 1787 2881; x_wconf 88' lang='lat' dir='ltr'><strong>est,cujus</strong></span> <span class='ocrx_word' id='word_1_215' title='bbox 1806 2814 1859 2866; x_wconf 87' lang='lat' dir='ltr'><strong>et</strong></span> <span class='ocrx_word' id='word_1_216' title='bbox 1882 2810 1969 2866; x_wconf 92' lang='lat' dir='ltr'><strong>vir</strong></span> 
     </span>
    </p>
   </div>
   <div class='ocr_carea' id='block_1_29' title="bbox 318 2897 1966 2970">
    <p class='ocr_par' dir='ltr' id='par_1_29' title="bbox 318 2897 1966 2970">
     <span class='ocr_line' id='line_1_29' title="bbox 318 2897 1966 2970; baseline -0.001 -15"><span class='ocrx_word' id='word_1_217' title='bbox 318 2899 368 2955; x_wconf 92' lang='lat' dir='ltr'><strong>si</strong></span> <span class='ocrx_word' id='word_1_218' title='bbox 401 2916 514 2956; x_wconf 89' lang='lat' dir='ltr'><strong>non</strong></span> <span class='ocrx_word' id='word_1_219' title='bbox 538 2898 889 2969; x_wconf 86' lang='lat' dir='ltr'><strong>subjiciatur</strong></span> <span class='ocrx_word' id='word_1_220' title='bbox 906 2898 1133 2954; x_wconf 89' lang='lat' dir='ltr'><strong>Christo</strong></span> <span class='ocrx_word' id='word_1_221' title='bbox 1155 2897 1331 2970; x_wconf 87' lang='lat' dir='ltr'><strong>capiti</strong></span> <span class='ocrx_word' id='word_1_222' title='bbox 1355 2897 1745 2954; x_wconf 89' lang='lat' dir='ltr'><strong>suo.Verbum</strong></span> <span class='ocrx_word' id='word_1_223' title='bbox 1769 2902 1966 2954; x_wconf 88' lang='lat' dir='ltr'><strong>autem</strong></span> 
     </span>
    </p>
   </div>
   <div class='ocr_carea' id='block_1_30' title="bbox 316 2985 1969 3059">
    <p class='ocr_par' dir='ltr' id='par_1_30' title="bbox 316 2985 1969 3059">
     <span class='ocr_line' id='line_1_30' title="bbox 316 2985 1969 3059; baseline -0.002 -15"><span class='ocrx_word' id='word_1_224' title='bbox 316 2988 551 3044; x_wconf 89' lang='lat' dir='ltr'><strong>Domini</strong></span> <span class='ocrx_word' id='word_1_225' title='bbox 601 2987 1048 3059; x_wconf 87' lang='lat' dir='ltr'><strong>blasphematur</strong></span> <span class='ocrx_word' id='word_1_226' title='bbox 1079 3003 1092 3042; x_wconf 90' lang='lat'><strong>:</strong></span> <span class='ocrx_word' id='word_1_227' title='bbox 1140 2987 1227 3043; x_wconf 89' lang='lat' dir='ltr'><strong>vel</strong></span> <span class='ocrx_word' id='word_1_228' title='bbox 1259 2986 1398 3042; x_wconf 90' lang='lat' dir='ltr'><strong>dum</strong></span> <span class='ocrx_word' id='word_1_229' title='bbox 1433 2986 1835 3042; x_wconf 88' lang='lat' dir='ltr'><strong>contemnitur</strong></span> <span class='ocrx_word' id='word_1_230' title='bbox 1865 2985 1969 3041; x_wconf 90' lang='lat' dir='ltr'><strong>Dei</strong></span> 
     </span>
    </p>
   </div>
   <div class='ocr_carea' id='block_1_31' title="bbox 317 3075 1965 3149">
    <p class='ocr_par' dir='ltr' id='par_1_31' title="bbox 317 3075 1965 3149">
     <span class='ocr_line' id='line_1_31' title="bbox 317 3075 1965 3149; baseline -0.001 -16"><span class='ocrx_word' id='word_1_231' title='bbox 317 3077 509 3149; x_wconf 90' lang='lat' dir='ltr'><strong>prima</strong></span> <span class='ocrx_word' id='word_1_232' title='bbox 537 3077 848 3143; x_wconf 87' lang='lat' dir='ltr'><strong>sententia,</strong></span> <span class='ocrx_word' id='word_1_233' title='bbox 880 3081 938 3133; x_wconf 89' lang='lat' dir='ltr'><strong>et</strong></span> <span class='ocrx_word' id='word_1_234' title='bbox 958 3093 1062 3149; x_wconf 91' lang='lat' dir='ltr'><strong>pro</strong></span> <span class='ocrx_word' id='word_1_235' title='bbox 1084 3075 1267 3132; x_wconf 89' lang='lat' dir='ltr'><strong>nihilo</strong></span> <span class='ocrx_word' id='word_1_236' title='bbox 1301 3075 1539 3131; x_wconf 91' lang='lat' dir='ltr'><strong>ducitur</strong></span> <span class='ocrx_word' id='word_1_237' title='bbox 1569 3091 1582 3132; x_wconf 90' lang='lat'>:</span> <span class='ocrx_word' id='word_1_238' title='bbox 1616 3075 1705 3134; x_wconf 89' lang='lat' dir='ltr'><strong>vel</strong></span> <span class='ocrx_word' id='word_1_239' title='bbox 1754 3075 1965 3131; x_wconf 84' lang='lat' dir='ltr'><strong>Christi</strong></span> 
     </span>
    </p>
   </div>
   <div class='ocr_carea' id='block_1_32' title="bbox 317 3165 1968 3238">
    <p class='ocr_par' dir='ltr' id='par_1_32' title="bbox 317 3165 1968 3238">
     <span class='ocr_line' id='line_1_32' title="bbox 317 3165 1968 3238; baseline -0.001 -16"><span class='ocrx_word' id='word_1_240' title='bbox 317 3166 638 3223; x_wconf 82' lang='lat' dir='ltr'><strong>infamatur</strong></span> <span class='ocrx_word' id='word_1_241' title='bbox 668 3167 690 3200; x_wconf 79' lang='grc'><strong>³</strong></span> <span class='ocrx_word' id='word_1_242' title='bbox 722 3165 1124 3237; x_wconf 89' lang='lat' dir='ltr'><strong>Evangelium,</strong></span> <span class='ocrx_word' id='word_1_243' title='bbox 1150 3166 1291 3221; x_wconf 89' lang='lat' dir='ltr'><strong>dum</strong></span> <span class='ocrx_word' id='word_1_244' title='bbox 1318 3170 1523 3221; x_wconf 89' lang='lat' dir='ltr'><strong>contra</strong></span> <span class='ocrx_word' id='word_1_245' title='bbox 1552 3165 1737 3238; x_wconf 89' lang='lat' dir='ltr'><strong>legem</strong></span> <span class='ocrx_word' id='word_1_246' title='bbox 1764 3166 1968 3220; x_wconf 80' lang='lat' dir='ltr'><strong>tidem-</strong></span> 
     </span>
    </p>
   </div>
   <div class='ocr_carea' id='block_1_33' title="bbox 320 3254 1969 3327">
    <p class='ocr_par' dir='ltr' id='par_1_33' title="bbox 320 3254 1969 3327">
     <span class='ocr_line' id='line_1_33' title="bbox 320 3254 1969 3327; baseline -0.001 -16"><span class='ocrx_word' id='word_1_247' title='bbox 320 3270 434 3327; x_wconf 89' lang='lat' dir='ltr'><strong>que</strong></span> <span class='ocrx_word' id='word_1_248' title='bbox 467 3261 711 3323; x_wconf 77' lang='lat' dir='ltr'><strong>naturze,</strong></span> <span class='ocrx_word' id='word_1_249' title='bbox 744 3272 812 3311; x_wconf 88' lang='lat' dir='ltr'><strong>ea</strong></span> <span class='ocrx_word' id='word_1_250' title='bbox 841 3271 969 3327; x_wconf 70' lang='lat' dir='ltr'><strong>quis</strong></span> <span class='ocrx_word' id='word_1_251' title='bbox 999 3254 1334 3310; x_wconf 86' lang='lat' dir='ltr'><strong>Christiana</strong></span> <span class='ocrx_word' id='word_1_252' title='bbox 1362 3258 1471 3325; x_wconf 86' lang='lat' dir='ltr'><strong>est,</strong></span> <span class='ocrx_word' id='word_1_253' title='bbox 1512 3259 1569 3310; x_wconf 89' lang='lat' dir='ltr'><strong>et</strong></span> <span class='ocrx_word' id='word_1_254' title='bbox 1612 3272 1681 3311; x_wconf 83' lang='lat' dir='ltr'><strong>ex</strong></span> <span class='ocrx_word' id='word_1_255' title='bbox 1712 3254 1809 3310; x_wconf 90' lang='lat' dir='ltr'><strong>Dei</strong></span> <span class='ocrx_word' id='word_1_256' title='bbox 1844 3254 1969 3326; x_wconf 86' lang='lat' dir='ltr'><strong>lege</strong></span> 
     </span>
    </p>
   </div>
   <div class='ocr_carea' id='block_1_34' title="bbox 322 3342 1968 3416">
    <p class='ocr_par' dir='ltr' id='par_1_34' title="bbox 322 3342 1968 3416">
     <span class='ocr_line' id='line_1_34' title="bbox 322 3342 1968 3416; baseline -0.001 -17"><span class='ocrx_word' id='word_1_257' title='bbox 322 3344 604 3414; x_wconf 85' lang='lat' dir='ltr'><strong>subjecta,</strong></span> <span class='ocrx_word' id='word_1_258' title='bbox 664 3345 788 3401; x_wconf 91' lang='lat' dir='ltr'><strong>viro</strong></span> <span class='ocrx_word' id='word_1_259' title='bbox 836 3342 1128 3416; x_wconf 86' lang='lat' dir='ltr'><strong>imperare</strong></span> <span class='ocrx_word' id='word_1_260' title='bbox 1176 3343 1473 3399; x_wconf 85' lang='lat' dir='ltr'><strong>desiderat</strong></span> <span class='ocrx_word' id='word_1_261' title='bbox 1536 3360 1549 3397; x_wconf 92' lang='lat'>:</span> <span class='ocrx_word' id='word_1_262' title='bbox 1610 3361 1743 3399; x_wconf 91' lang='lat' dir='ltr'><strong>cum</strong></span> <span class='ocrx_word' id='word_1_263' title='bbox 1791 3343 1968 3400; x_wconf 89' lang='lat' dir='ltr'><strong>etiam</strong></span> 
     </span>
    </p>
   </div>
   <div class='ocr_carea' id='block_1_35' title="bbox 1997 2055 2045 2120">
    <p class='ocr_par' dir='ltr' id='par_1_35' title="bbox 1997 2055 2045 2120">
     <span class='ocr_line' id='line_1_35' title="bbox 1997 2055 2045 2120; baseline 0 0"><span class='ocrx_word' id='word_1_264' title='bbox 1997 2055 2045 2120; x_wconf 91' lang='lat' dir='ltr'><strong>B</strong></span> 
     </span>
    </p>
   </div>
   <div class='ocr_carea' id='block_1_36' title="bbox 2074 754 3723 839">
    <p class='ocr_par' dir='ltr' id='par_1_36' title="bbox 2074 754 3723 839">
     <span class='ocr_line' id='line_1_36' title="bbox 2074 754 3723 839; baseline 0 -16"><span class='ocrx_word' id='word_1_265' title='bbox 2074 768 2151 823; x_wconf 84' lang='lat' dir='ltr'><strong>sit</strong></span> <span class='ocrx_word' id='word_1_266' title='bbox 2194 768 2252 823; x_wconf 91' lang='lat' dir='ltr'><strong>in</strong></span> <span class='ocrx_word' id='word_1_267' title='bbox 2301 768 2669 824; x_wconf 80' lang='lat' dir='ltr'><strong>adolescente</strong></span> <span class='ocrx_word' id='word_1_268' title='bbox 2718 767 2976 839; x_wconf 89' lang='lat' dir='ltr'><strong>suspicio</strong></span> <span class='ocrx_word' id='word_1_269' title='bbox 3025 766 3435 839; x_wconf 88' lang='lat' dir='ltr'><strong>turpitudinis.</strong></span> <span class='ocrx_word' id='word_1_270' title='bbox 3476 772 3546 822; x_wconf 85' lang='lat' dir='ltr'><strong>Et</strong></span> <span class='ocrx_word' id='word_1_271' title='bbox 3587 754 3723 823; x_wconf 81' lang='lat' dir='ltr'><strong>licet</strong></span> 
     </span>
    </p>
   </div>
   <div class='ocr_carea' id='block_1_37' title="bbox 2074 844 3723 929">
    <p class='ocr_par' dir='ltr' id='par_1_37' title="bbox 2074 844 3723 929">
     <span class='ocr_line' id='line_1_37' title="bbox 2074 844 3723 929; baseline 0.001 -18"><span class='ocrx_word' id='word_1_272' title='bbox 2074 857 2313 928; x_wconf 88' lang='lat' dir='ltr'><strong>quidam</strong></span> <span class='ocrx_word' id='word_1_273' title='bbox 2343 858 2412 911; x_wconf 86' lang='lat' dir='ltr'><strong>de</strong></span> <span class='ocrx_word' id='word_1_274' title='bbox 2444 857 2669 912; x_wconf 80' lang='lat' dir='ltr'><strong>Latinis</strong></span> <span class='ocrx_word' id='word_1_275' title='bbox 2700 858 2722 891; x_wconf 72' lang='lat'><strong>‘</strong></span> <span class='ocrx_word' id='word_1_276' title='bbox 2749 856 2830 912; x_wconf 89' lang='lat' dir='ltr'><strong>ita</strong></span> <span class='ocrx_word' id='word_1_277' title='bbox 2859 856 3194 912; x_wconf 86' lang='lat' dir='ltr'><strong>existiment</strong></span> <span class='ocrx_word' id='word_1_278' title='bbox 3241 856 3550 929; x_wconf 84' lang='lat' dir='ltr'><strong>legendum</strong></span> <span class='ocrx_word' id='word_1_279' title='bbox 3584 874 3596 911; x_wconf 95' lang='lat'>:</span> <span class='ocrx_word' id='word_1_280' title='bbox 3630 844 3723 913; x_wconf 60' lang='grc' dir='ltr'><strong>Ιιιέ</strong></span> 
     </span>
    </p>
   </div>
   <div class='ocr_carea' id='block_1_38' title="bbox 2074 945 3724 1018">
    <p class='ocr_par' dir='ltr' id='par_1_38' title="bbox 2074 945 3724 1018">
     <span class='ocr_line' id='line_1_38' title="bbox 2074 945 3724 1018; baseline 0 -18"><span class='ocrx_word' id='word_1_281' title='bbox 2074 962 2235 1000; x_wconf 71' lang='lat' dir='ltr'><strong>vanos</strong></span> <span class='ocrx_word' id='word_1_282' title='bbox 2263 947 2521 1001; x_wconf 80' lang='lat' dir='ltr'><strong>similiter</strong></span> <span class='ocrx_word' id='word_1_283' title='bbox 2554 946 2773 1001; x_wconf 83' lang='lat' dir='ltr'><strong>hortare</strong></span> <span class='ocrx_word' id='word_1_284' title='bbox 2804 954 2864 1001; x_wconf 88' lang='lat' dir='ltr'><strong>ut</strong></span> <span class='ocrx_word' id='word_1_285' title='bbox 2886 945 3082 1018; x_wconf 85' lang='lat' dir='ltr'><strong>pudici</strong></span> <span class='ocrx_word' id='word_1_286' title='bbox 3107 948 3240 1013; x_wconf 83' lang='lat' dir='ltr'><strong>sint,</strong></span> <span class='ocrx_word' id='word_1_287' title='bbox 3287 951 3344 1002; x_wconf 89' lang='lat' dir='ltr'><strong>et</strong></span> <span class='ocrx_word' id='word_1_288' title='bbox 3390 950 3595 1018; x_wconf 85' lang='lat' dir='ltr'><strong>postea</strong></span> <span class='ocrx_word' id='word_1_289' title='bbox 3638 945 3724 1000; x_wconf 91' lang='lat' dir='ltr'><strong>in-</strong></span> 
     </span>
    </p>
   </div>
   <div class='ocr_carea' id='block_1_39' title="bbox 2075 1032 3724 1108">
    <p class='ocr_par' dir='ltr' id='par_1_39' title="bbox 2075 1032 3724 1108">
     <span class='ocr_line' id='line_1_39' title="bbox 2075 1032 3724 1108; baseline 0.001 -20"><span class='ocrx_word' id='word_1_290' title='bbox 2075 1034 2285 1104; x_wconf 82' lang='lat' dir='ltr'><strong>ferant,</strong></span> <span class='ocrx_word' id='word_1_291' title='bbox 2317 1036 2379 1088; x_wconf 88' lang='lat' dir='ltr'><strong>in</strong></span> <span class='ocrx_word' id='word_1_292' title='bbox 2408 1036 2663 1090; x_wconf 83' lang='lat' dir='ltr'><strong>omnibus</strong></span> <span class='ocrx_word' id='word_1_293' title='bbox 2703 1036 2935 1106; x_wconf 87' lang='lat' dir='ltr'><strong>teipsum</strong></span> <span class='ocrx_word' id='word_1_294' title='bbox 2979 1038 3222 1105; x_wconf 83' lang='lat' dir='ltr'><strong>formam</strong></span> <span class='ocrx_word' id='word_1_295' title='bbox 3261 1034 3513 1108; x_wconf 61' lang='lat' dir='ltr'><strong>praebens</strong></span> <span class='ocrx_word' id='word_1_296' title='bbox 3561 1032 3724 1090; x_wconf 84' lang='lat' dir='ltr'><strong>bono-</strong></span> 
     </span>
    </p>
   </div>
   <div class='ocr_carea' id='block_1_40' title="bbox 2073 1116 3725 1201">
    <p class='ocr_par' dir='ltr' id='par_1_40' title="bbox 2073 1116 3725 1201">
     <span class='ocr_line' id='line_1_40' title="bbox 2073 1116 3725 1201; baseline 0.001 -25"><span class='ocrx_word' id='word_1_297' title='bbox 2073 1139 2199 1177; x_wconf 85' lang='lat' dir='ltr'><strong>rum</strong></span> <span class='ocrx_word' id='word_1_298' title='bbox 2227 1138 2455 1194; x_wconf 80' lang='lat' dir='ltr'><strong>Operum</strong></span> <span class='ocrx_word' id='word_1_299' title='bbox 2484 1142 2502 1176; x_wconf 89' lang='lat'><strong><em>:</em></strong></span> <span class='ocrx_word' id='word_1_300' title='bbox 2533 1126 2725 1178; x_wconf 86' lang='lat' dir='ltr'><strong>tamen</strong></span> <span class='ocrx_word' id='word_1_301' title='bbox 2760 1124 3038 1189; x_wconf 87' lang='lat' dir='ltr'><strong>sciamus,</strong></span> <span class='ocrx_word' id='word_1_302' title='bbox 3087 1125 3150 1178; x_wconf 84' lang='lat' dir='ltr'><strong>in</strong></span> <span class='ocrx_word' id='word_1_303' title='bbox 3197 1122 3470 1194; x_wconf 84' lang='lat' dir='ltr'><strong>omnibus,</strong></span> <span class='ocrx_word' id='word_1_304' title='bbox 3502 1121 3575 1179; x_wconf 90' lang='lat' dir='ltr'><strong>ad</strong></span> <span class='ocrx_word' id='word_1_305' title='bbox 3625 1116 3725 1201; x_wconf 58' lang='lat' dir='ltr'><strong>sa;</strong></span> 
     </span>
    </p>
   </div>
   <div class='ocr_carea' id='block_1_41' title="bbox 2073 1204 3724 1285">
    <p class='ocr_par' dir='ltr' id='par_1_41' title="bbox 2073 1204 3724 1285">
     <span class='ocr_line' id='line_1_41' title="bbox 2073 1204 3724 1285; baseline 0.001 -20"><span class='ocrx_word' id='word_1_306' title='bbox 2073 1210 2299 1283; x_wconf 89' lang='lat' dir='ltr'><strong>periora</strong></span> <span class='ocrx_word' id='word_1_307' title='bbox 2330 1228 2469 1267; x_wconf 80' lang='lat' dir='ltr'><strong>esse</strong></span> <span class='ocrx_word' id='word_1_308' title='bbox 2487 1211 2877 1276; x_wconf 75' lang='lat' dir='ltr'><strong>referendum,</strong></span> <span class='ocrx_word' id='word_1_309' title='bbox 2911 1212 2970 1267; x_wconf 92' lang='lat' dir='ltr'>id</span> <span class='ocrx_word' id='word_1_310' title='bbox 3015 1216 3122 1277; x_wconf 90' lang='lat' dir='ltr'><strong>est,</strong></span> <span class='ocrx_word' id='word_1_311' title='bbox 3171 1212 3402 1268; x_wconf 88' lang='lat' dir='ltr'><strong>hortare</strong></span> <span class='ocrx_word' id='word_1_312' title='bbox 3434 1217 3499 1267; x_wconf 89' lang='lat' dir='ltr'><strong>ut</strong></span> <span class='ocrx_word' id='word_1_313' title='bbox 3526 1204 3724 1285; x_wconf 88' lang='lat' dir='ltr'><strong>pudici</strong></span> 
     </span>
    </p>
   </div>
   <div class='ocr_carea' id='block_1_42' title="bbox 2074 1300 3723 1373">
    <p class='ocr_par' dir='ltr' id='par_1_42' title="bbox 2074 1300 3723 1373">
     <span class='ocr_line' id='line_1_42' title="bbox 2074 1300 3723 1373; baseline 0.001 -17"><span class='ocrx_word' id='word_1_314' title='bbox 2074 1300 2194 1356; x_wconf 91' lang='lat' dir='ltr'><strong>sint</strong></span> <span class='ocrx_word' id='word_1_315' title='bbox 2222 1300 2280 1354; x_wconf 92' lang='lat' dir='ltr'><strong>in</strong></span> <span class='ocrx_word' id='word_1_316' title='bbox 2314 1300 2609 1356; x_wconf 90' lang='lat' dir='ltr'><strong>omnibus.</strong></span> <span class='ocrx_word' id='word_1_317' title='bbox 2643 1300 2958 1356; x_wconf 87' lang='lat' dir='ltr'><strong>Sciendum</strong></span> <span class='ocrx_word' id='word_1_318' title='bbox 2993 1316 3226 1372; x_wconf 88' lang='lat' dir='ltr'><strong>quoque</strong></span> <span class='ocrx_word' id='word_1_319' title='bbox 3255 1303 3345 1356; x_wconf 91' lang='lat' dir='ltr'><strong>est</strong></span> <span class='ocrx_word' id='word_1_320' title='bbox 3383 1300 3538 1373; x_wconf 89' lang='lat' dir='ltr'><strong>quod</strong></span> <span class='ocrx_word' id='word_1_321' title='bbox 3580 1317 3723 1358; x_wconf 88' lang='lat' dir='ltr'><strong>con-</strong></span> 
     </span>
    </p>
   </div>
   <div class='ocr_carea' id='block_1_43' title="bbox 2072 1387 3720 1461">
    <p class='ocr_par' dir='ltr' id='par_1_43' title="bbox 2072 1387 3720 1461">
     <span class='ocr_line' id='line_1_43' title="bbox 2072 1387 3720 1461; baseline 0.003 -18"><span class='ocrx_word' id='word_1_322' title='bbox 2072 1387 2319 1444; x_wconf 90' lang='lat' dir='ltr'><strong>tinentia</strong></span> <span class='ocrx_word' id='word_1_323' title='bbox 2350 1406 2463 1444; x_wconf 90' lang='lat' dir='ltr'><strong>non</strong></span> <span class='ocrx_word' id='word_1_324' title='bbox 2496 1390 2687 1444; x_wconf 90' lang='lat' dir='ltr'><strong>solum</strong></span> <span class='ocrx_word' id='word_1_325' title='bbox 2718 1388 2777 1443; x_wconf 91' lang='lat' dir='ltr'><strong>in</strong></span> <span class='ocrx_word' id='word_1_326' title='bbox 2810 1389 3003 1444; x_wconf 88' lang='lat' dir='ltr'><strong>carnis</strong></span> <span class='ocrx_word' id='word_1_327' title='bbox 3033 1405 3205 1461; x_wconf 87' lang='lat' dir='ltr'><strong>opere</strong></span> <span class='ocrx_word' id='word_1_328' title='bbox 3243 1392 3300 1444; x_wconf 91' lang='lat' dir='ltr'><strong>et</strong></span> <span class='ocrx_word' id='word_1_329' title='bbox 3346 1388 3528 1445; x_wconf 88' lang='lat' dir='ltr'><strong>animi</strong></span> <span class='ocrx_word' id='word_1_330' title='bbox 3581 1407 3720 1448; x_wconf 89' lang='lat' dir='ltr'><strong>con-</strong></span> 
     </span>
    </p>
   </div>
   <div class='ocr_carea' id='block_1_44' title="bbox 2074 1470 3719 1550">
    <p class='ocr_par' dir='ltr' id='par_1_44' title="bbox 2074 1470 3719 1550">
     <span class='ocr_line' id='line_1_44' title="bbox 2074 1470 3719 1550; baseline 0.001 -17"><span class='ocrx_word' id='word_1_331' title='bbox 2074 1478 2464 1550; x_wconf 88' lang='lat' dir='ltr'><strong>cupiscentia;</strong></span> <span class='ocrx_word' id='word_1_332' title='bbox 2497 1479 2597 1534; x_wconf 87' lang='lat' dir='ltr'><strong>sed</strong></span> <span class='ocrx_word' id='word_1_333' title='bbox 2632 1479 2689 1533; x_wconf 92' lang='lat' dir='ltr'><strong>in</strong></span> <span class='ocrx_word' id='word_1_334' title='bbox 2720 1477 2997 1534; x_wconf 89' lang='lat' dir='ltr'><strong>omnibus</strong></span> <span class='ocrx_word' id='word_1_335' title='bbox 3028 1478 3202 1534; x_wconf 91' lang='lat' dir='ltr'><strong>rebus</strong></span> <span class='ocrx_word' id='word_1_336' title='bbox 3234 1477 3565 1535; x_wconf 89' lang='lat' dir='ltr'><strong>necessaria</strong></span> <span class='ocrx_word' id='word_1_337' title='bbox 3594 1470 3674 1536; x_wconf 86' lang='lat' dir='ltr'><strong>sit</strong></span> <span class='ocrx_word' id='word_1_338' title='bbox 3702 1496 3719 1541; x_wconf 69' lang='grc' dir='ltr'>ς</span> 
     </span>
    </p>
   </div>
   <div class='ocr_carea' id='block_1_45' title="bbox 2075 1567 3725 1641">
    <p class='ocr_par' dir='ltr' id='par_1_45' title="bbox 2075 1567 3725 1641">
     <span class='ocr_line' id='line_1_45' title="bbox 2075 1567 3725 1641; baseline 0 -19"><span class='ocrx_word' id='word_1_339' title='bbox 2075 1584 2147 1623; x_wconf 89' lang='lat' dir='ltr'><strong>ne</strong></span> <span class='ocrx_word' id='word_1_340' title='bbox 2176 1567 2428 1623; x_wconf 87' lang='lat' dir='ltr'><strong>honores</strong></span> <span class='ocrx_word' id='word_1_341' title='bbox 2460 1567 2752 1623; x_wconf 87' lang='lat' dir='ltr'><strong>indebitos</strong></span> <span class='ocrx_word' id='word_1_342' title='bbox 2784 1571 3132 1639; x_wconf 89' lang='lat' dir='ltr'><strong>appetamus</strong></span> <span class='ocrx_word' id='word_1_343' title='bbox 3167 1585 3179 1622; x_wconf 90' lang='lat'><strong>:</strong></span> <span class='ocrx_word' id='word_1_344' title='bbox 3216 1583 3288 1623; x_wconf 90' lang='lat' dir='ltr'><strong>ne</strong></span> <span class='ocrx_word' id='word_1_345' title='bbox 3333 1567 3725 1641; x_wconf 86' lang='lat' dir='ltr'><strong>accendamur</strong></span> 
     </span>
    </p>
   </div>
   <div class='ocr_carea' id='block_1_46' title="bbox 2076 1642 3723 1728">
    <p class='ocr_par' dir='ltr' id='par_1_46' title="bbox 2076 1642 3723 1728">
     <span class='ocr_line' id='line_1_46' title="bbox 2076 1642 3723 1728; baseline 0 -17"><span class='ocrx_word' id='word_1_346' title='bbox 2076 1656 2321 1711; x_wconf 89' lang='lat' dir='ltr'><strong>avaritia</strong></span> <span class='ocrx_word' id='word_1_347' title='bbox 2367 1672 2381 1710; x_wconf 90' lang='lat'><strong>:</strong></span> <span class='ocrx_word' id='word_1_348' title='bbox 2429 1672 2501 1711; x_wconf 90' lang='lat' dir='ltr'><strong>ne</strong></span> <span class='ocrx_word' id='word_1_349' title='bbox 2549 1654 2671 1712; x_wconf 89' lang='lat' dir='ltr'><strong>ulla</strong></span> <span class='ocrx_word' id='word_1_350' title='bbox 2718 1655 2988 1728; x_wconf 89' lang='lat' dir='ltr'><strong>passione</strong></span> <span class='ocrx_word' id='word_1_351' title='bbox 3042 1672 3406 1727; x_wconf 87' lang='lat' dir='ltr'><strong>superemur.</strong></span> <span class='ocrx_word' id='word_1_352' title='bbox 3452 1642 3723 1728; x_wconf 73' lang='lat' dir='ltr'><strong>Teipsum,</strong></span> 
     </span>
    </p>
   </div>
   <div class='ocr_carea' id='block_1_47' title="bbox 2076 1734 3724 1817">
    <p class='ocr_par' dir='ltr' id='par_1_47' title="bbox 2076 1734 3724 1817">
     <span class='ocr_line' id='line_1_47' title="bbox 2076 1734 3724 1817; baseline 0 -18"><span class='ocrx_word' id='word_1_353' title='bbox 2076 1744 2289 1817; x_wconf 91' lang='lat' dir='ltr'><strong>inquit,</strong></span> <span class='ocrx_word' id='word_1_354' title='bbox 2348 1747 2582 1815; x_wconf 85' lang='lat' dir='ltr'><strong>formam</strong></span> <span class='ocrx_word' id='word_1_355' title='bbox 2637 1745 2892 1816; x_wconf 71' lang='lat' dir='ltr'><strong>praebens</strong></span> <span class='ocrx_word' id='word_1_356' title='bbox 2937 1745 3202 1801; x_wconf 84' lang='lat' dir='ltr'><strong>bonorum</strong></span> <span class='ocrx_word' id='word_1_357' title='bbox 3254 1760 3507 1817; x_wconf 84' lang='lat' dir='ltr'><strong>operum.</strong></span> <span class='ocrx_word' id='word_1_358' title='bbox 3568 1734 3724 1817; x_wconf 80' lang='lat' dir='ltr'><strong>Nihil</strong></span> 
     </span>
    </p>
   </div>
   <div class='ocr_carea' id='block_1_48' title="bbox 2077 1808 3726 1906">
    <p class='ocr_par' dir='ltr' id='par_1_48' title="bbox 2077 1808 3726 1906">
     <span class='ocr_line' id='line_1_48' title="bbox 2077 1808 3726 1906; baseline 0.001 -18"><span class='ocrx_word' id='word_1_359' title='bbox 2077 1808 2313 1905; x_wconf 77' lang='lat' dir='ltr'><strong>prodest</strong></span> <span class='ocrx_word' id='word_1_360' title='bbox 2341 1808 2597 1906; x_wconf 80' lang='lat' dir='ltr'><strong>aliquem</strong></span> <span class='ocrx_word' id='word_1_361' title='bbox 2629 1808 3009 1890; x_wconf 81' lang='lat' dir='ltr'><strong>exercitatum</strong></span> <span class='ocrx_word' id='word_1_362' title='bbox 3040 1849 3169 1891; x_wconf 89' lang='lat' dir='ltr'><strong>esse</strong></span> <span class='ocrx_word' id='word_1_363' title='bbox 3192 1834 3249 1889; x_wconf 90' lang='lat' dir='ltr'><strong>in</strong></span> <span class='ocrx_word' id='word_1_364' title='bbox 3284 1808 3624 1903; x_wconf 80' lang='lat' dir='ltr'><strong>dicendo,et</strong></span> <span class='ocrx_word' id='word_1_365' title='bbox 3651 1808 3726 1891; x_wconf 73' lang='lat' dir='ltr'><strong>ad</strong></span> 
     </span>
    </p>
   </div>
   <div class='ocr_carea' id='block_1_49' title="bbox 2074 1920 3725 1996">
    <p class='ocr_par' dir='ltr' id='par_1_49' title="bbox 2074 1920 3725 1996">
     <span class='ocr_line' id='line_1_49' title="bbox 2074 1920 3725 1996; baseline 0.001 -18"><span class='ocrx_word' id='word_1_366' title='bbox 2074 1922 2433 1994; x_wconf 90' lang='lat' dir='ltr'><strong>loquendum</strong></span> <span class='ocrx_word' id='word_1_367' title='bbox 2463 1921 2695 1978; x_wconf 89' lang='lat' dir='ltr'><strong>trivisse</strong></span> <span class='ocrx_word' id='word_1_368' title='bbox 2724 1921 3131 1996; x_wconf 88' lang='lat' dir='ltr'><strong>linguam,nisi</strong></span> <span class='ocrx_word' id='word_1_369' title='bbox 3164 1922 3298 1996; x_wconf 92' lang='lat' dir='ltr'><strong>plus</strong></span> <span class='ocrx_word' id='word_1_370' title='bbox 3328 1920 3595 1995; x_wconf 84' lang='lat' dir='ltr'><strong>exemplo</strong></span> <span class='ocrx_word' id='word_1_371' title='bbox 3622 1922 3725 1979; x_wconf 91' lang='lat' dir='ltr'><strong>do-</strong></span> 
     </span>
    </p>
   </div>
   <div class='ocr_carea' id='block_1_50' title="bbox 2076 2010 3724 2090">
    <p class='ocr_par' dir='ltr' id='par_1_50' title="bbox 2076 2010 3724 2090">
     <span class='ocr_line' id='line_1_50' title="bbox 2076 2010 3724 2090; baseline 0.001 -24"><span class='ocrx_word' id='word_1_372' title='bbox 2076 2010 2261 2067; x_wconf 88' lang='lat' dir='ltr'><strong>cuerit</strong></span> <span class='ocrx_word' id='word_1_373' title='bbox 2309 2027 2487 2083; x_wconf 89' lang='lat' dir='ltr'><strong>quam</strong></span> <span class='ocrx_word' id='word_1_374' title='bbox 2539 2012 2733 2068; x_wconf 88' lang='lat' dir='ltr'><strong>verbo.</strong></span> <span class='ocrx_word' id='word_1_375' title='bbox 2784 2011 3049 2084; x_wconf 89' lang='lat' dir='ltr'><strong>Denique</strong></span> <span class='ocrx_word' id='word_1_376' title='bbox 3098 2012 3200 2084; x_wconf 91' lang='lat' dir='ltr'><strong>qui</strong></span> <span class='ocrx_word' id='word_1_377' title='bbox 3240 2010 3580 2085; x_wconf 88' lang='lat' dir='ltr'><strong>impudicus</strong></span> <span class='ocrx_word' id='word_1_378' title='bbox 3612 2016 3724 2090; x_wconf 82' lang='lat' dir='ltr'><strong>est,</strong></span> 
     </span>
    </p>
   </div>
   <div class='ocr_carea' id='block_1_51' title="bbox 2081 2100 3724 2182">
    <p class='ocr_par' dir='ltr' id='par_1_51' title="bbox 2081 2100 3724 2182">
     <span class='ocr_line' id='line_1_51' title="bbox 2081 2100 3724 2182; baseline 0 -25"><span class='ocrx_word' id='word_1_379' title='bbox 2081 2101 2233 2157; x_wconf 68' lang='lat'><strong>720</strong></span> <span class='ocrx_word' id='word_1_380' title='bbox 2265 2101 2534 2172; x_wconf 86' lang='lat' dir='ltr'><strong>quamvis</strong></span> <span class='ocrx_word' id='word_1_381' title='bbox 2564 2101 2819 2157; x_wconf 83' lang='lat' dir='ltr'><strong>disertus</strong></span> <span class='ocrx_word' id='word_1_382' title='bbox 2868 2101 2964 2169; x_wconf 89' lang='lat' dir='ltr'><strong>sit,</strong></span> <span class='ocrx_word' id='word_1_383' title='bbox 3018 2100 3065 2156; x_wconf 93' lang='lat' dir='ltr'>si</span> <span class='ocrx_word' id='word_1_384' title='bbox 3117 2101 3189 2157; x_wconf 90' lang='lat' dir='ltr'><strong>ad</strong></span> <span class='ocrx_word' id='word_1_385' title='bbox 3245 2101 3572 2182; x_wconf 77' lang='lat' dir='ltr'><strong>castitatem</strong></span> <span class='ocrx_word' id='word_1_386' title='bbox 3621 2118 3724 2182; x_wconf 36' lang='lat' dir='ltr'><strong>aut</strong></span> 
     </span>
    </p>
   </div>
   <div class='ocr_carea' id='block_1_52' title="bbox 2076 2180 3729 2261">
    <p class='ocr_par' dir='ltr' id='par_1_52' title="bbox 2076 2180 3729 2261">
     <span class='ocr_line' id='line_1_52' title="bbox 2076 2180 3729 2261; baseline 0 -16"><span class='ocrx_word' id='word_1_387' title='bbox 2076 2190 2302 2245; x_wconf 90' lang='lat' dir='ltr'><strong>dientes</strong></span> <span class='ocrx_word' id='word_1_388' title='bbox 2341 2190 2693 2259; x_wconf 87' lang='lat' dir='ltr'><strong>cohortetur,</strong></span> <span class='ocrx_word' id='word_1_389' title='bbox 2742 2207 2934 2245; x_wconf 90' lang='lat' dir='ltr'><strong>sermo</strong></span> <span class='ocrx_word' id='word_1_390' title='bbox 2994 2190 3122 2261; x_wconf 87' lang='lat' dir='ltr'><strong>ejus</strong></span> <span class='ocrx_word' id='word_1_391' title='bbox 3179 2188 3452 2245; x_wconf 83' lang='lat' dir='ltr'><strong>inﬁrmus</strong></span> <span class='ocrx_word' id='word_1_392' title='bbox 3504 2180 3621 2258; x_wconf 86' lang='lat' dir='ltr'><strong>est,</strong></span> <span class='ocrx_word' id='word_1_393' title='bbox 3672 2180 3729 2246; x_wconf 82' lang='lat' dir='ltr'><strong>et</strong></span> 
     </span>
    </p>
   </div>
   <div class='ocr_carea' id='block_1_53' title="bbox 2076 2278 3726 2335">
    <p class='ocr_par' dir='ltr' id='par_1_53' title="bbox 2076 2278 3726 2335">
     <span class='ocr_line' id='line_1_53' title="bbox 2076 2278 3726 2335; baseline 0.001 -1"><span class='ocrx_word' id='word_1_394' title='bbox 2076 2278 2483 2335; x_wconf 85' lang='lat' dir='ltr'><strong>auctoritatem</strong></span> <span class='ocrx_word' id='word_1_395' title='bbox 2507 2295 2622 2333; x_wconf 90' lang='lat' dir='ltr'><strong>non</strong></span> <span class='ocrx_word' id='word_1_396' title='bbox 2657 2278 2834 2333; x_wconf 89' lang='lat' dir='ltr'><strong>habet</strong></span> <span class='ocrx_word' id='word_1_397' title='bbox 2876 2278 3240 2335; x_wconf 87' lang='lat' dir='ltr'><strong>cohortandi.</strong></span> <span class='ocrx_word' id='word_1_398' title='bbox 3272 2282 3340 2334; x_wconf 88' lang='lat' dir='ltr'><strong>Et</strong></span> <span class='ocrx_word' id='word_1_399' title='bbox 3369 2294 3399 2334; x_wconf 91' lang='lat' dir='ltr'><strong>e</strong></span> <span class='ocrx_word' id='word_1_400' title='bbox 3431 2279 3726 2335; x_wconf 87' lang='lat' dir='ltr'><strong>contrario</strong></span> 
     </span>
    </p>
   </div>
   <div class='ocr_carea' id='block_1_54' title="bbox 2076 2366 3726 2440">
    <p class='ocr_par' dir='ltr' id='par_1_54' title="bbox 2076 2366 3726 2440">
     <span class='ocr_line' id='line_1_54' title="bbox 2076 2366 3726 2440; baseline 0 -17"><span class='ocrx_word' id='word_1_401' title='bbox 2076 2368 2345 2440; x_wconf 87' lang='lat' dir='ltr'><strong>quamvis</strong></span> <span class='ocrx_word' id='word_1_402' title='bbox 2393 2368 2468 2422; x_wconf 89' lang='lat' dir='ltr'><strong>sit</strong></span> <span class='ocrx_word' id='word_1_403' title='bbox 2518 2367 2854 2423; x_wconf 79' lang='lat' dir='ltr'><strong>rusticanus</strong></span> <span class='ocrx_word' id='word_1_404' title='bbox 2885 2372 2942 2424; x_wconf 90' lang='lat' dir='ltr'><strong>et</strong></span> <span class='ocrx_word' id='word_1_405' title='bbox 2973 2369 3178 2424; x_wconf 88' lang='lat' dir='ltr'><strong>tardus</strong></span> <span class='ocrx_word' id='word_1_406' title='bbox 3223 2368 3293 2423; x_wconf 87' lang='lat' dir='ltr'><strong>ad</strong></span> <span class='ocrx_word' id='word_1_407' title='bbox 3342 2366 3726 2440; x_wconf 85' lang='lat' dir='ltr'><strong>loquendum,</strong></span> 
     </span>
    </p>
   </div>
   <div class='ocr_carea' id='block_1_55' title="bbox 2076 2444 3728 2530">
    <p class='ocr_par' dir='ltr' id='par_1_55' title="bbox 2076 2444 3728 2530">
     <span class='ocr_line' id='line_1_55' title="bbox 2076 2444 3728 2530; baseline 0.002 -19"><span class='ocrx_word' id='word_1_408' title='bbox 2076 2456 2125 2511; x_wconf 92' lang='lat' dir='ltr'><strong>si</strong></span> <span class='ocrx_word' id='word_1_409' title='bbox 2159 2458 2358 2512; x_wconf 89' lang='lat' dir='ltr'><strong>castus</strong></span> <span class='ocrx_word' id='word_1_410' title='bbox 2389 2455 2584 2523; x_wconf 84' lang='lat' dir='ltr'><strong>fuerit,</strong></span> <span class='ocrx_word' id='word_1_411' title='bbox 2626 2455 2891 2529; x_wconf 84' lang='lat' dir='ltr'><strong>exemplo</strong></span> <span class='ocrx_word' id='word_1_412' title='bbox 2941 2473 3047 2511; x_wconf 92' lang='lat' dir='ltr'><strong>suo</strong></span> <span class='ocrx_word' id='word_1_413' title='bbox 3096 2456 3366 2513; x_wconf 90' lang='lat' dir='ltr'><strong>homines</strong></span> <span class='ocrx_word' id='word_1_414' title='bbox 3415 2461 3608 2530; x_wconf 88' lang='lat' dir='ltr'><strong>potest</strong></span> <span class='ocrx_word' id='word_1_415' title='bbox 3653 2444 3728 2514; x_wconf 77' lang='lat' dir='ltr'><strong>ad</strong></span> 
     </span>
    </p>
   </div>
   <div class='ocr_carea' id='block_1_56' title="bbox 2075 2530 3726 2616">
    <p class='ocr_par' dir='ltr' id='par_1_56' title="bbox 2075 2530 3726 2616">
     <span class='ocr_line' id='line_1_56' title="bbox 2075 2530 3726 2616; baseline 0 -15"><span class='ocrx_word' id='word_1_416' title='bbox 2075 2545 2204 2602; x_wconf 71' lang='lat' dir='ltr'><strong>vita:</strong></span> <span class='ocrx_word' id='word_1_417' title='bbox 2236 2544 2686 2601; x_wconf 84' lang='lat' dir='ltr'><strong>similitudinem</strong></span> <span class='ocrx_word' id='word_1_418' title='bbox 2727 2543 3045 2616; x_wconf 88' lang='lat' dir='ltr'><strong>impellere.</strong></span> <span class='ocrx_word' id='word_1_419' title='bbox 3080 2546 3241 2609; x_wconf 87' lang='lat' dir='ltr'><strong>Quod</strong></span> <span class='ocrx_word' id='word_1_420' title='bbox 3293 2542 3487 2602; x_wconf 85' lang='lat' dir='ltr'><strong>autem</strong></span> <span class='ocrx_word' id='word_1_421' title='bbox 3534 2542 3636 2613; x_wconf 87' lang='lat' dir='ltr'><strong>ait,</strong></span> <span class='ocrx_word' id='word_1_422' title='bbox 3666 2530 3726 2601; x_wconf 76' lang='lat' dir='ltr'><strong>in</strong></span> 
     </span>
    </p>
   </div>
   <div class='ocr_carea' id='block_1_57' title="bbox 2074 2618 3727 2706">
    <p class='ocr_par' dir='ltr' id='par_1_57' title="bbox 2074 2618 3727 2706">
     <span class='ocr_line' id='line_1_57' title="bbox 2074 2618 3727 2706; baseline -0.001 -17"><span class='ocrx_word' id='word_1_423' title='bbox 2074 2634 2507 2705; x_wconf 79' lang='lat' dir='ltr'><strong>incorruptione,</strong></span> <span class='ocrx_word' id='word_1_424' title='bbox 2559 2633 2642 2688; x_wconf 92' lang='lat' dir='ltr'><strong>sic</strong></span> <span class='ocrx_word' id='word_1_425' title='bbox 2689 2633 3117 2705; x_wconf 88' lang='lat' dir='ltr'><strong>accipiendum,</strong></span> <span class='ocrx_word' id='word_1_426' title='bbox 3166 2634 3321 2706; x_wconf 89' lang='lat' dir='ltr'><strong>quod</strong></span> <span class='ocrx_word' id='word_1_427' title='bbox 3371 2618 3727 2705; x_wconf 79' lang='lat' dir='ltr'><strong>incorruptio</strong></span> 
     </span>
    </p>
   </div>
   <div class='ocr_carea' id='block_1_58' title="bbox 2075 2716 3728 2796">
    <p class='ocr_par' dir='ltr' id='par_1_58' title="bbox 2075 2716 3728 2796">
     <span class='ocr_line' id='line_1_58' title="bbox 2075 2716 3728 2796; baseline 0.001 -19"><span class='ocrx_word' id='word_1_428' title='bbox 2075 2722 2307 2796; x_wconf 88' lang='lat' dir='ltr'><strong>proprie</strong></span> <span class='ocrx_word' id='word_1_429' title='bbox 2336 2721 2730 2793; x_wconf 87' lang='lat' dir='ltr'><strong>virginitatem</strong></span> <span class='ocrx_word' id='word_1_430' title='bbox 2772 2727 2956 2778; x_wconf 90' lang='lat' dir='ltr'><strong>sonet.</strong></span> <span class='ocrx_word' id='word_1_431' title='bbox 3007 2722 3270 2796; x_wconf 86' lang='lat' dir='ltr'><strong>Denique</strong></span> <span class='ocrx_word' id='word_1_432' title='bbox 3319 2722 3419 2795; x_wconf 88' lang='lat' dir='ltr'><strong>qui</strong></span> <span class='ocrx_word' id='word_1_433' title='bbox 3467 2716 3728 2794; x_wconf 86' lang='lat' dir='ltr'><strong>virgines</strong></span> 
     </span>
    </p>
   </div>
   <div class='ocr_carea' id='block_1_59' title="bbox 2076 2808 3727 2884">
    <p class='ocr_par' dir='ltr' id='par_1_59' title="bbox 2076 2808 3727 2884">
     <span class='ocr_line' id='line_1_59' title="bbox 2076 2808 3727 2884; baseline -0.001 -17"><span class='ocrx_word' id='word_1_434' title='bbox 2076 2817 2235 2882; x_wconf 84' lang='lat' dir='ltr'><strong>sunt,</strong></span> <span class='ocrx_word' id='word_1_435' title='bbox 2267 2810 2441 2884; x_wconf 87' lang='lat' dir='ltr'><strong>vulgo</strong></span> <span class='ocrx_word' id='word_1_436' title='bbox 2472 2811 2793 2883; x_wconf 85' lang='lat' dir='ltr'><strong>incorrupti</strong></span> <span class='ocrx_word' id='word_1_437' title='bbox 2825 2809 3107 2884; x_wconf 85' lang='lat' dir='ltr'><strong>appellari</strong></span> <span class='ocrx_word' id='word_1_438' title='bbox 3138 2810 3356 2881; x_wconf 86' lang='lat' dir='ltr'><strong>solent;</strong></span> <span class='ocrx_word' id='word_1_439' title='bbox 3385 2815 3442 2867; x_wconf 89' lang='lat' dir='ltr'><strong>et</strong></span> <span class='ocrx_word' id='word_1_440' title='bbox 3464 2811 3565 2883; x_wconf 93' lang='lat' dir='ltr'><strong>qui</strong></span> <span class='ocrx_word' id='word_1_441' title='bbox 3606 2808 3727 2866; x_wconf 89' lang='lat' dir='ltr'><strong>vir-</strong></span> 
     </span>
    </p>
   </div>
   <div class='ocr_carea' id='block_1_60' title="bbox 2076 2899 3726 2977">
    <p class='ocr_par' dir='ltr' id='par_1_60' title="bbox 2076 2899 3726 2977">
     <span class='ocr_line' id='line_1_60' title="bbox 2076 2899 3726 2977; baseline -0.001 -22"><span class='ocrx_word' id='word_1_442' title='bbox 2076 2901 2239 2973; x_wconf 89' lang='lat' dir='ltr'><strong>gines</strong></span> <span class='ocrx_word' id='word_1_443' title='bbox 2271 2916 2398 2956; x_wconf 86' lang='lat' dir='ltr'><strong>esse</strong></span> <span class='ocrx_word' id='word_1_444' title='bbox 2429 2899 2729 2967; x_wconf 86' lang='lat' dir='ltr'><strong>desierint,</strong></span> <span class='ocrx_word' id='word_1_445' title='bbox 2762 2900 3020 2973; x_wconf 90' lang='lat' dir='ltr'><strong>corrupti</strong></span> <span class='ocrx_word' id='word_1_446' title='bbox 3052 2901 3461 2968; x_wconf 88' lang='lat' dir='ltr'><strong>nominantur;</strong></span> <span class='ocrx_word' id='word_1_447' title='bbox 3499 2903 3556 2956; x_wconf 90' lang='lat' dir='ltr'><strong>et</strong></span> <span class='ocrx_word' id='word_1_448' title='bbox 3584 2899 3726 2977; x_wconf 31' lang='lat' dir='ltr'><strong>dicis</strong></span> 
     </span>
    </p>
   </div>
   <div class='ocr_carea' id='block_1_61' title="bbox 2078 2987 3729 3062">
    <p class='ocr_par' dir='ltr' id='par_1_61' title="bbox 2078 2987 3729 3062">
     <span class='ocr_line' id='line_1_61' title="bbox 2078 2987 3729 3062; baseline -0.001 -17"><span class='ocrx_word' id='word_1_449' title='bbox 2078 3006 2232 3055; x_wconf 86' lang='lat' dir='ltr'><strong>mus,</strong></span> <span class='ocrx_word' id='word_1_450' title='bbox 2264 2988 2365 3044; x_wconf 84' lang='lat' dir='ltr'><strong>illa</strong></span> <span class='ocrx_word' id='word_1_451' title='bbox 2394 3004 2525 3059; x_wconf 74' lang='lat' dir='ltr'><strong>quze</strong></span> <span class='ocrx_word' id='word_1_452' title='bbox 2559 2988 2667 3043; x_wconf 87' lang='lat' dir='ltr'><strong>fuit</strong></span> <span class='ocrx_word' id='word_1_453' title='bbox 2697 2987 2835 3044; x_wconf 91' lang='lat' dir='ltr'><strong>olim</strong></span> <span class='ocrx_word' id='word_1_454' title='bbox 2868 2989 3052 3062; x_wconf 86' lang='lat' dir='ltr'><strong>virgo,</strong></span> <span class='ocrx_word' id='word_1_455' title='bbox 3082 2992 3358 3061; x_wconf 89' lang='lat' dir='ltr'><strong>corrupta</strong></span> <span class='ocrx_word' id='word_1_456' title='bbox 3408 2992 3515 3045; x_wconf 89' lang='lat' dir='ltr'><strong>est.</strong></span> <span class='ocrx_word' id='word_1_457' title='bbox 3563 2987 3729 3044; x_wconf 91' lang='lat' dir='ltr'><strong>Unde</strong></span> 
     </span>
    </p>
   </div>
   <div class='ocr_carea' id='block_1_62' title="bbox 2076 3075 3727 3148">
    <p class='ocr_par' dir='ltr' id='par_1_62' title="bbox 2076 3075 3727 3148">
     <span class='ocr_line' id='line_1_62' title="bbox 2076 3075 3727 3148; baseline -0.001 -16"><span class='ocrx_word' id='word_1_458' title='bbox 2076 3082 2133 3133; x_wconf 90' lang='lat' dir='ltr'><strong>et</strong></span> <span class='ocrx_word' id='word_1_459' title='bbox 2161 3076 2361 3131; x_wconf 88' lang='lat' dir='ltr'><strong>Titum</strong></span> <span class='ocrx_word' id='word_1_460' title='bbox 2393 3075 3039 3147; x_wconf 83' lang='lat' dir='ltr'><strong>existimo,priusquam</strong></span> <span class='ocrx_word' id='word_1_461' title='bbox 3090 3076 3285 3131; x_wconf 88' lang='lat' dir='ltr'><strong>carnis</strong></span> <span class='ocrx_word' id='word_1_462' title='bbox 3328 3092 3501 3148; x_wconf 88' lang='lat' dir='ltr'><strong>opere</strong></span> <span class='ocrx_word' id='word_1_463' title='bbox 3555 3090 3727 3133; x_wconf 87' lang='lat' dir='ltr'><strong>occu-</strong></span> 
     </span>
    </p>
   </div>
   <div class='ocr_carea' id='block_1_63' title="bbox 2077 3164 3727 3240">
    <p class='ocr_par' dir='ltr' id='par_1_63' title="bbox 2077 3164 3727 3240">
     <span class='ocr_line' id='line_1_63' title="bbox 2077 3164 3727 3240; baseline -0.001 -19"><span class='ocrx_word' id='word_1_464' title='bbox 2077 3170 2334 3238; x_wconf 86' lang='lat' dir='ltr'><strong>paretur,</strong></span> <span class='ocrx_word' id='word_1_465' title='bbox 2370 3164 2680 3237; x_wconf 87' lang='lat' dir='ltr'><strong>Evangclio</strong></span> <span class='ocrx_word' id='word_1_466' title='bbox 2710 3166 3039 3222; x_wconf 86' lang='lat' dir='ltr'><strong>credentem</strong></span> <span class='ocrx_word' id='word_1_467' title='bbox 3072 3165 3367 3239; x_wconf 79' lang='lat' dir='ltr'><strong>accepisse</strong></span> <span class='ocrx_word' id='word_1_468' title='bbox 3406 3166 3727 3240; x_wconf 85' lang='lat' dir='ltr'><strong>baptisma,</strong></span> 
     </span>
    </p>
   </div>
   <div class='ocr_carea' id='block_1_64' title="bbox 2077 3247 3735 3332">
    <p class='ocr_par' dir='ltr' id='par_1_64' title="bbox 2077 3247 3735 3332">
     <span class='ocr_line' id='line_1_64' title="bbox 2077 3247 3735 3332; baseline 0.001 -22"><span class='ocrx_word' id='word_1_469' title='bbox 2077 3260 2135 3311; x_wconf 91' lang='lat' dir='ltr'><strong>et</strong></span> <span class='ocrx_word' id='word_1_470' title='bbox 2162 3254 2448 3326; x_wconf 86' lang='lat' dir='ltr'><strong>virginem</strong></span> <span class='ocrx_word' id='word_1_471' title='bbox 2481 3254 2899 3325; x_wconf 88' lang='lat' dir='ltr'><strong>permansisse,</strong></span> <span class='ocrx_word' id='word_1_472' title='bbox 2948 3258 3005 3329; x_wconf 85' lang='lat' dir='ltr'><strong>et</strong></span> <span class='ocrx_word' id='word_1_473' title='bbox 3053 3271 3209 3310; x_wconf 89' lang='lat' dir='ltr'><strong>nunc</strong></span> <span class='ocrx_word' id='word_1_474' title='bbox 3239 3255 3311 3310; x_wconf 89' lang='lat' dir='ltr'><strong>ab</strong></span> <span class='ocrx_word' id='word_1_475' title='bbox 3342 3254 3638 3328; x_wconf 86' lang='lat' dir='ltr'><strong>Apostolo,</strong></span> 
     </span>
    </p>
   </div>
   <div class='ocr_carea' id='block_1_65' title="bbox 2077 3343 3730 3416">
    <p class='ocr_par' dir='ltr' id='par_1_65' title="bbox 2077 3343 3730 3416">
     <span class='ocr_line' id='line_1_65' title="bbox 2077 3343 3730 3416; baseline 0 -17"><span class='ocrx_word' id='word_1_476' title='bbox 2077 3344 2138 3399; x_wconf 89' lang='lat' dir='ltr'><strong>in</strong></span> <span class='ocrx_word' id='word_1_477' title='bbox 2170 3343 2607 3414; x_wconf 83' lang='lat' dir='ltr'><strong>incorruptione</strong></span> <span class='ocrx_word' id='word_1_478' title='bbox 2638 3344 2887 3399; x_wconf 83' lang='lat' dir='ltr'><strong>formam</strong></span> <span class='ocrx_word' id='word_1_479' title='bbox 2918 3343 3007 3399; x_wconf 89' lang='lat' dir='ltr'><strong>sui</strong></span> <span class='ocrx_word' id='word_1_480' title='bbox 3042 3344 3299 3416; x_wconf 70' lang='lat' dir='ltr'><strong>praebeat</strong></span> <span class='ocrx_word' id='word_1_481' title='bbox 3325 3343 3686 3399; x_wconf 86' lang='lat' dir='ltr'><strong>commoneri</strong></span> <span class='ocrx_word' id='word_1_482' title='bbox 3716 3361 3730 3400; x_wconf 90' lang='lat'>:</span> 
     </span>
    </p>
   </div>
   <div class='ocr_carea' id='block_1_66' title="bbox 322 3422 3733 3506">
    <p class='ocr_par' dir='ltr' id='par_1_66' title="bbox 322 3422 3733 3506">
     <span class='ocr_line' id='line_1_66' title="bbox 322 3422 3733 3506; baseline -0.001 -17"><span class='ocrx_word' id='word_1_483' title='bbox 322 3432 572 3505; x_wconf 80' lang='lat' dir='ltr'><strong>gentiles</strong></span> <span class='ocrx_word' id='word_1_484' title='bbox 604 3433 831 3488; x_wconf 69' lang='lat' dir='ltr'><strong>feminae</strong></span> <span class='ocrx_word' id='word_1_485' title='bbox 861 3432 1006 3488; x_wconf 91' lang='lat' dir='ltr'><strong>viris</strong></span> <span class='ocrx_word' id='word_1_486' title='bbox 1053 3432 1179 3488; x_wconf 90' lang='lat' dir='ltr'><strong>suis</strong></span> <span class='ocrx_word' id='word_1_487' title='bbox 1219 3431 1476 3488; x_wconf 87' lang='lat' dir='ltr'><strong>serviant</strong></span> <span class='ocrx_word' id='word_1_488' title='bbox 1519 3433 1817 3488; x_wconf 87' lang='lat' dir='ltr'><strong>communi</strong></span> <span class='ocrx_word' id='word_1_489' title='bbox 1848 3432 1974 3506; x_wconf 89' lang='lat' dir='ltr'><strong>lege</strong></span> <span class='ocrx_word' id='word_1_490' title='bbox 2003 3422 2046 3489; x_wconf 83' lang='lat' dir='ltr'>C</span> <span class='ocrx_word' id='word_1_491' title='bbox 2085 3450 2261 3504; x_wconf 91' lang='lat' dir='ltr'><strong>quam</strong></span> <span class='ocrx_word' id='word_1_492' title='bbox 2293 3433 2530 3503; x_wconf 85' lang='lat' dir='ltr'><strong>quidem</strong></span> <span class='ocrx_word' id='word_1_493' title='bbox 2564 3432 3058 3504; x_wconf 88' lang='lat' dir='ltr'><strong>incorruptionem</strong></span> <span class='ocrx_word' id='word_1_494' title='bbox 3091 3433 3150 3487; x_wconf 92' lang='lat' dir='ltr'><strong>in</strong></span> <span class='ocrx_word' id='word_1_495' title='bbox 3178 3432 3482 3488; x_wconf 88' lang='lat' dir='ltr'><strong>Timotheo</strong></span> <span class='ocrx_word' id='word_1_496' title='bbox 3505 3434 3618 3488; x_wconf 76' lang='lat' dir='ltr'><strong>uo&#39;n</strong></span> <span class='ocrx_word' id='word_1_497' title='bbox 3640 3431 3733 3486; x_wconf 91' lang='lat' dir='ltr'><strong>vi-</strong></span> 
     </span>
    </p>
   </div>
   <div class='ocr_carea' id='block_1_67' title="bbox 326 3526 574 3578">
    <p class='ocr_par' dir='ltr' id='par_1_67' title="bbox 326 3526 574 3578">
     <span class='ocr_line' id='line_1_67' title="bbox 326 3526 574 3578; baseline 0 -2"><span class='ocrx_word' id='word_1_498' title='bbox 326 3526 574 3578; x_wconf 68' lang='lat' dir='ltr'><strong>naturas.</strong></span> 
     </span>
    </p>
   </div>
   <div class='ocr_carea' id='block_1_68' title="bbox 396 3609 1978 3681">
    <p class='ocr_par' dir='ltr' id='par_1_68' title="bbox 396 3609 1978 3681">
     <span class='ocr_line' id='line_1_68' title="bbox 396 3609 1978 3681; baseline 0.001 -17"><span class='ocrx_word' id='word_1_499' title='bbox 396 3609 584 3681; x_wconf 89' lang='lat' dir='ltr'><strong>(Vers.</strong></span> <span class='ocrx_word' id='word_1_500' title='bbox 617 3611 653 3663; x_wconf 88' lang='lat'>6</span> <span class='ocrx_word' id='word_1_501' title='bbox 682 3610 871 3681; x_wconf 87' lang='lat' dir='ltr'><strong>seqq.)</strong></span> <span class='ocrx_word' id='word_1_502' title='bbox 907 3631 935 3661; x_wconf 86' lang='lat'><strong>«</strong></span> <span class='ocrx_word' id='word_1_503' title='bbox 963 3609 1216 3666; x_wconf 88' lang='lat' dir='ltr'><strong>Juvenes</strong></span> <span class='ocrx_word' id='word_1_504' title='bbox 1246 3609 1519 3665; x_wconf 88' lang='lat' dir='ltr'><strong>similiter</strong></span> <span class='ocrx_word' id='word_1_505' title='bbox 1547 3610 1869 3680; x_wconf 86' lang='lat' dir='ltr'><strong>exhortare,</strong></span> <span class='ocrx_word' id='word_1_506' title='bbox 1911 3612 1978 3665; x_wconf 91' lang='lat' dir='ltr'><strong>ut</strong></span> 
     </span>
    </p>
   </div>
   <div class='ocr_carea' id='block_1_69' title="bbox 326 3698 1976 3772">
    <p class='ocr_par' dir='ltr' id='par_1_69' title="bbox 326 3698 1976 3772">
     <span class='ocr_line' id='line_1_69' title="bbox 326 3698 1976 3772; baseline -0.001 -17"><span class='ocrx_word' id='word_1_507' title='bbox 326 3699 524 3772; x_wconf 90' lang='lat' dir='ltr'><strong>pudici</strong></span> <span class='ocrx_word' id='word_1_508' title='bbox 558 3700 680 3755; x_wconf 91' lang='lat' dir='ltr'><strong>sint</strong></span> <span class='ocrx_word' id='word_1_509' title='bbox 709 3699 767 3754; x_wconf 91' lang='lat' dir='ltr'><strong>in</strong></span> <span class='ocrx_word' id='word_1_510' title='bbox 800 3698 1115 3755; x_wconf 88' lang='lat' dir='ltr'><strong>omnibus:</strong></span> <span class='ocrx_word' id='word_1_511' title='bbox 1141 3699 1395 3770; x_wconf 89' lang='lat' dir='ltr'><strong>teipsum</strong></span> <span class='ocrx_word' id='word_1_512' title='bbox 1444 3698 1777 3771; x_wconf 82' lang='lat' dir='ltr'><strong>exemplum</strong></span> <span class='ocrx_word' id='word_1_513' title='bbox 1827 3716 1976 3771; x_wconf 65' lang='lat' dir='ltr'><strong>prae-</strong></span> 
     </span>
    </p>
   </div>
   <div class='ocr_carea' id='block_1_70' title="bbox 326 3778 1979 3860">
    <p class='ocr_par' dir='ltr' id='par_1_70' title="bbox 326 3778 1979 3860">
     <span class='ocr_line' id='line_1_70' title="bbox 326 3778 1979 3860; baseline 0 -17"><span class='ocrx_word' id='word_1_514' title='bbox 326 3790 472 3845; x_wconf 88' lang='lat' dir='ltr'><strong>bens</strong></span> <span class='ocrx_word' id='word_1_515' title='bbox 503 3788 791 3843; x_wconf 89' lang='lat' dir='ltr'><strong>bonorum</strong></span> <span class='ocrx_word' id='word_1_516' title='bbox 823 3804 1088 3860; x_wconf 89' lang='lat' dir='ltr'><strong>operum,</strong></span> <span class='ocrx_word' id='word_1_517' title='bbox 1124 3787 1182 3843; x_wconf 89' lang='lat' dir='ltr'><strong>in</strong></span> <span class='ocrx_word' id='word_1_518' title='bbox 1216 3778 1504 3860; x_wconf 69' lang='lat' dir='ltr'><strong>doctrina,</strong></span> <span class='ocrx_word' id='word_1_519' title='bbox 1533 3788 1592 3842; x_wconf 91' lang='lat' dir='ltr'>in</span> <span class='ocrx_word' id='word_1_520' title='bbox 1643 3788 1979 3859; x_wconf 73' lang='lat' dir='ltr'><strong>integritate</strong></span> 
     </span>
    </p>
   </div>
   <div class='ocr_carea' id='block_1_71' title="bbox 325 3876 1975 3949">
    <p class='ocr_par' dir='ltr' id='par_1_71' title="bbox 325 3876 1975 3949">
     <span class='ocr_line' id='line_1_71' title="bbox 325 3876 1975 3949; baseline -0.001 -15"><span class='ocrx_word' id='word_1_521' title='bbox 325 3882 384 3934; x_wconf 91' lang='lat' dir='ltr'><strong>et</strong></span> <span class='ocrx_word' id='word_1_522' title='bbox 413 3877 699 3949; x_wconf 83' lang='lat' dir='ltr'><strong>castitate,</strong></span> <span class='ocrx_word' id='word_1_523' title='bbox 732 3877 793 3931; x_wconf 90' lang='lat' dir='ltr'><strong>in</strong></span> <span class='ocrx_word' id='word_1_524' title='bbox 825 3892 1095 3933; x_wconf 87' lang='lat' dir='ltr'><strong>sermone</strong></span> <span class='ocrx_word' id='word_1_525' title='bbox 1137 3893 1280 3933; x_wconf 88' lang='lat' dir='ltr'><strong>sano</strong></span> <span class='ocrx_word' id='word_1_526' title='bbox 1323 3881 1380 3933; x_wconf 82' lang='lat' dir='ltr'><strong>et</strong></span> <span class='ocrx_word' id='word_1_527' title='bbox 1425 3876 1918 3949; x_wconf 87' lang='lat' dir='ltr'><strong>irrepreheusibili</strong></span> <span class='ocrx_word' id='word_1_528' title='bbox 1962 3894 1975 3932; x_wconf 89' lang='lat'>:</span> 
     </span>
    </p>
   </div>
   <div class='ocr_carea' id='block_1_72' title="bbox 328 3965 1981 4039">
    <p class='ocr_par' dir='ltr' id='par_1_72' title="bbox 328 3965 1981 4039">
     <span class='ocr_line' id='line_1_72' title="bbox 328 3965 1981 4039; baseline -0.001 -16"><span class='ocrx_word' id='word_1_529' title='bbox 328 3973 394 4023; x_wconf 88' lang='lat' dir='ltr'><strong>ut</strong></span> <span class='ocrx_word' id='word_1_530' title='bbox 416 3967 517 4039; x_wconf 90' lang='lat' dir='ltr'><strong>qui</strong></span> <span class='ocrx_word' id='word_1_531' title='bbox 548 3983 619 4024; x_wconf 86' lang='lat' dir='ltr'><strong>ex</strong></span> <span class='ocrx_word' id='word_1_532' title='bbox 647 3967 891 4023; x_wconf 89' lang='lat' dir='ltr'><strong>adverso</strong></span> <span class='ocrx_word' id='word_1_533' title='bbox 920 3970 1386 4037; x_wconf 88' lang='lat' dir='ltr'><strong>est,revereatur,</strong></span> <span class='ocrx_word' id='word_1_534' title='bbox 1440 3965 1583 4021; x_wconf 90' lang='lat' dir='ltr'><strong>nihil</strong></span> <span class='ocrx_word' id='word_1_535' title='bbox 1638 3966 1862 4021; x_wconf 88' lang='lat' dir='ltr'><strong>habens</strong></span> <span class='ocrx_word' id='word_1_536' title='bbox 1911 3966 1981 4021; x_wconf 93' lang='lat' dir='ltr'><strong>de</strong></span> 
     </span>
    </p>
   </div>
   <div class='ocr_carea' id='block_1_73' title="bbox 331 4055 1979 4128">
    <p class='ocr_par' dir='ltr' id='par_1_73' title="bbox 331 4055 1979 4128">
     <span class='ocr_line' id='line_1_73' title="bbox 331 4055 1979 4128; baseline -0.001 -17"><span class='ocrx_word' id='word_1_537' title='bbox 331 4055 500 4112; x_wconf 89' lang='lat' dir='ltr'><strong>nobis</strong></span> <span class='ocrx_word' id='word_1_538' title='bbox 548 4056 743 4112; x_wconf 91' lang='lat' dir='ltr'><strong>dicere</strong></span> <span class='ocrx_word' id='word_1_539' title='bbox 772 4055 934 4111; x_wconf 90' lang='lat' dir='ltr'><strong>mali.</strong></span> <span class='ocrx_word' id='word_1_540' title='bbox 970 4077 999 4105; x_wconf 78' lang='grc'><strong>››</strong></span> <span class='ocrx_word' id='word_1_541' title='bbox 1029 4055 1192 4111; x_wconf 90' lang='lat' dir='ltr'><strong>Sicut</strong></span> <span class='ocrx_word' id='word_1_542' title='bbox 1218 4056 1275 4110; x_wconf 90' lang='lat' dir='ltr'><strong>in</strong></span> <span class='ocrx_word' id='word_1_543' title='bbox 1307 4072 1373 4111; x_wconf 90' lang='lat' dir='ltr'><strong>eo</strong></span> <span class='ocrx_word' id='word_1_544' title='bbox 1404 4056 1562 4127; x_wconf 91' lang='lat' dir='ltr'><strong>quod</strong></span> <span class='ocrx_word' id='word_1_545' title='bbox 1606 4071 1788 4128; x_wconf 82' lang='lat' dir='ltr'><strong>supra</strong></span> <span class='ocrx_word' id='word_1_546' title='bbox 1837 4072 1979 4127; x_wconf 71' lang='lat' dir='ltr'><strong>prae-</strong></span> 
     </span>
    </p>
   </div>
   <div class='ocr_carea' id='block_1_74' title="bbox 331 4140 1983 4217">
    <p class='ocr_par' dir='ltr' id='par_1_74' title="bbox 331 4140 1983 4217">
     <span class='ocr_line' id='line_1_74' title="bbox 331 4140 1983 4217; baseline -0.002 -16"><span class='ocrx_word' id='word_1_547' title='bbox 331 4149 563 4217; x_wconf 83' lang='lat' dir='ltr'><strong>ceperat</strong></span> <span class='ocrx_word' id='word_1_548' title='bbox 586 4145 787 4202; x_wconf 90' lang='lat' dir='ltr'><strong>dicens</strong></span> <span class='ocrx_word' id='word_1_549' title='bbox 818 4161 832 4199; x_wconf 90' lang='lat'><strong>:</strong></span> <span class='ocrx_word' id='word_1_550' title='bbox 866 4149 1018 4201; x_wconf 83' lang='lat' dir='ltr'><strong>Anus</strong></span> <span class='ocrx_word' id='word_1_551' title='bbox 1040 4140 1311 4201; x_wconf 78' lang='lat' dir='ltr'><strong>similiter</strong></span> <span class='ocrx_word' id='word_1_552' title='bbox 1351 4147 1411 4200; x_wconf 87' lang='lat' dir='ltr'><strong>in</strong></span> <span class='ocrx_word' id='word_1_553' title='bbox 1456 4145 1650 4200; x_wconf 82' lang='lat' dir='ltr'><strong>habitu</strong></span> <span class='ocrx_word' id='word_1_554' title='bbox 1670 4147 1879 4214; x_wconf 78' lang='lat' dir='ltr'><strong>sancto,</strong></span> <span class='ocrx_word' id='word_1_555' title='bbox 1911 4144 1983 4199; x_wconf 87' lang='lat' dir='ltr'><strong>si-</strong></span> 
     </span>
    </p>
   </div>
   <div class='ocr_carea' id='block_1_75' title="bbox 336 4233 1985 4296">
    <p class='ocr_par' dir='ltr' id='par_1_75' title="bbox 336 4233 1985 4296">
     <span class='ocr_line' id='line_1_75' title="bbox 336 4233 1985 4296; baseline -0.001 -7"><span class='ocrx_word' id='word_1_556' title='bbox 336 4234 729 4289; x_wconf 87' lang='lat' dir='ltr'><strong>militudinem</strong></span> <span class='ocrx_word' id='word_1_557' title='bbox 784 4251 1005 4289; x_wconf 89' lang='lat' dir='ltr'><strong>anuum</strong></span> <span class='ocrx_word' id='word_1_558' title='bbox 1066 4233 1423 4296; x_wconf 85' lang='lat' dir='ltr'><strong>dixeramus,</strong></span> <span class='ocrx_word' id='word_1_559' title='bbox 1485 4234 1555 4288; x_wconf 85' lang='lat' dir='ltr'><strong>ad</strong></span> <span class='ocrx_word' id='word_1_560' title='bbox 1632 4249 1800 4288; x_wconf 91' lang='lat' dir='ltr'><strong>senes</strong></span> <span class='ocrx_word' id='word_1_561' title='bbox 1856 4248 1985 4287; x_wconf 90' lang='lat' dir='ltr'><strong>esse</strong></span> 
     </span>
    </p>
   </div>
   <div class='ocr_carea' id='block_1_76' title="bbox 336 4320 1987 4393">
    <p class='ocr_par' dir='ltr' id='par_1_76' title="bbox 336 4320 1987 4393">
     <span class='ocr_line' id='line_1_76' title="bbox 336 4320 1987 4393; baseline 0 -17"><span class='ocrx_word' id='word_1_562' title='bbox 336 4321 728 4389; x_wconf 75' lang='lat' dir='ltr'><strong>referendam;</strong></span> <span class='ocrx_word' id='word_1_563' title='bbox 762 4322 842 4377; x_wconf 88' lang='lat' dir='ltr'><strong>ita</strong></span> <span class='ocrx_word' id='word_1_564' title='bbox 871 4338 1027 4378; x_wconf 86' lang='lat' dir='ltr'><strong>nunc</strong></span> <span class='ocrx_word' id='word_1_565' title='bbox 1064 4321 1123 4377; x_wconf 92' lang='lat' dir='ltr'><strong>in</strong></span> <span class='ocrx_word' id='word_1_566' title='bbox 1174 4337 1240 4377; x_wconf 90' lang='lat' dir='ltr'><strong>eo</strong></span> <span class='ocrx_word' id='word_1_567' title='bbox 1291 4322 1445 4393; x_wconf 91' lang='lat' dir='ltr'><strong>quod</strong></span> <span class='ocrx_word' id='word_1_568' title='bbox 1478 4320 1681 4377; x_wconf 90' lang='lat' dir='ltr'><strong>intulit</strong></span> <span class='ocrx_word' id='word_1_569' title='bbox 1712 4323 1987 4378; x_wconf 86' lang='lat' dir='ltr'><strong>:Juvenes</strong></span> 
     </span>
    </p>
   </div>
   <div class='ocr_carea' id='block_1_77' title="bbox 330 4408 1985 4484">
    <p class='ocr_par' dir='ltr' id='par_1_77' title="bbox 330 4408 1985 4484">
     <span class='ocr_line' id='line_1_77' title="bbox 330 4408 1985 4484; baseline -0.001 -18"><span class='ocrx_word' id='word_1_570' title='bbox 330 4410 604 4466; x_wconf 71' lang='lat' dir='ltr'><strong>similiter</strong></span> <span class='ocrx_word' id='word_1_571' title='bbox 632 4411 874 4479; x_wconf 81' lang='lat' dir='ltr'><strong>hortare,</strong></span> <span class='ocrx_word' id='word_1_572' title='bbox 904 4420 966 4467; x_wconf 86' lang='lat' dir='ltr'><strong>ut</strong></span> <span class='ocrx_word' id='word_1_573' title='bbox 990 4411 1186 4484; x_wconf 83' lang='lat' dir='ltr'><strong>pudici</strong></span> <span class='ocrx_word' id='word_1_574' title='bbox 1226 4412 1357 4475; x_wconf 87' lang='lat' dir='ltr'><strong>sint,</strong></span> <span class='ocrx_word' id='word_1_575' title='bbox 1392 4408 1845 4466; x_wconf 88' lang='lat' dir='ltr'><strong>similitudinem</strong></span> <span class='ocrx_word' id='word_1_576' title='bbox 1886 4411 1985 4480; x_wconf 83' lang='lat' dir='ltr'><strong>ju-</strong></span> 
     </span>
    </p>
   </div>
   <div class='ocr_carea' id='block_1_78' title="bbox 334 4499 1990 4574">
    <p class='ocr_par' dir='ltr' id='par_1_78' title="bbox 334 4499 1990 4574">
     <span class='ocr_line' id='line_1_78' title="bbox 334 4499 1990 4574; baseline -0.001 -19"><span class='ocrx_word' id='word_1_577' title='bbox 334 4516 550 4556; x_wconf 87' lang='lat' dir='ltr'><strong>venum</strong></span> <span class='ocrx_word' id='word_1_578' title='bbox 583 4500 653 4557; x_wconf 86' lang='lat' dir='ltr'><strong>ad</strong></span> <span class='ocrx_word' id='word_1_579' title='bbox 688 4518 859 4567; x_wconf 89' lang='lat' dir='ltr'><strong>anus,</strong></span> <span class='ocrx_word' id='word_1_580' title='bbox 892 4505 949 4557; x_wconf 90' lang='lat' dir='ltr'><strong>et</strong></span> <span class='ocrx_word' id='word_1_581' title='bbox 981 4518 1082 4574; x_wconf 92' lang='lat' dir='ltr'><strong>per</strong></span> <span class='ocrx_word' id='word_1_582' title='bbox 1112 4517 1260 4557; x_wconf 90' lang='lat' dir='ltr'><strong>anus</strong></span> <span class='ocrx_word' id='word_1_583' title='bbox 1307 4499 1379 4555; x_wconf 88' lang='lat' dir='ltr'><strong>ad</strong></span> <span class='ocrx_word' id='word_1_584' title='bbox 1411 4515 1582 4554; x_wconf 89' lang='lat' dir='ltr'><strong>senes</strong></span> <span class='ocrx_word' id='word_1_585' title='bbox 1630 4499 1990 4554; x_wconf 87' lang='lat' dir='ltr'><strong>arbitramur</strong></span> 
     </span>
    </p>
   </div>
   <div class='ocr_carea' id='block_1_79' title="bbox 335 4588 1988 4661">
    <p class='ocr_par' dir='ltr' id='par_1_79' title="bbox 335 4588 1988 4661">
     <span class='ocr_line' id='line_1_79' title="bbox 335 4588 1988 4661; baseline -0.002 -16"><span class='ocrx_word' id='word_1_586' title='bbox 335 4589 652 4661; x_wconf 74' lang='lat' dir='ltr'><strong>optandam</strong></span> <span class='ocrx_word' id='word_1_587' title='bbox 687 4607 700 4645; x_wconf 89' lang='lat'>:</span> <span class='ocrx_word' id='word_1_588' title='bbox 735 4595 801 4646; x_wconf 90' lang='lat' dir='ltr'><strong>ut</strong></span> <span class='ocrx_word' id='word_1_589' title='bbox 830 4606 1038 4646; x_wconf 86' lang='lat' dir='ltr'><strong>senum</strong></span> <span class='ocrx_word' id='word_1_590' title='bbox 1070 4590 1325 4647; x_wconf 88' lang='lat' dir='ltr'><strong>habeant</strong></span> <span class='ocrx_word' id='word_1_591' title='bbox 1355 4588 1755 4655; x_wconf 82' lang='lat' dir='ltr'><strong>sobrietatem,</strong></span> <span class='ocrx_word' id='word_1_592' title='bbox 1789 4591 1842 4643; x_wconf 86' lang='lat' dir='ltr'><strong>et</strong></span> <span class='ocrx_word' id='word_1_593' title='bbox 1885 4589 1988 4642; x_wconf 93' lang='lat' dir='ltr'><strong>ho-</strong></span> 
     </span>
    </p>
   </div>
   <div class='ocr_carea' id='block_1_80' title="bbox 336 4670 1990 4752">
    <p class='ocr_par' dir='ltr' id='par_1_80' title="bbox 336 4670 1990 4752">
     <span class='ocr_line' id='line_1_80' title="bbox 336 4670 1990 4752; baseline -0.001 -19"><span class='ocrx_word' id='word_1_594' title='bbox 336 4678 488 4734; x_wconf 89' lang='lat' dir='ltr'><strong>nesti</strong></span> <span class='ocrx_word' id='word_1_595' title='bbox 521 4679 642 4735; x_wconf 89' lang='lat' dir='ltr'><strong>sint</strong></span> <span class='ocrx_word' id='word_1_596' title='bbox 670 4670 728 4735; x_wconf 80' lang='lat' dir='ltr'><strong>et</strong></span> <span class='ocrx_word' id='word_1_597' title='bbox 766 4679 985 4752; x_wconf 89' lang='lat' dir='ltr'><strong>pudici,</strong></span> <span class='ocrx_word' id='word_1_598' title='bbox 1037 4683 1095 4735; x_wconf 89' lang='lat' dir='ltr'><strong>et</strong></span> <span class='ocrx_word' id='word_1_599' title='bbox 1143 4679 1270 4735; x_wconf 89' lang='lat' dir='ltr'><strong>sani</strong></span> <span class='ocrx_word' id='word_1_600' title='bbox 1322 4678 1382 4733; x_wconf 90' lang='lat' dir='ltr'><strong>in</strong></span> <span class='ocrx_word' id='word_1_601' title='bbox 1434 4678 1568 4745; x_wconf 86' lang='lat' dir='ltr'><strong>tide,</strong></span> <span class='ocrx_word' id='word_1_602' title='bbox 1601 4680 1657 4732; x_wconf 90' lang='lat' dir='ltr'><strong>et</strong></span> <span class='ocrx_word' id='word_1_603' title='bbox 1685 4676 1990 4743; x_wconf 84' lang='lat' dir='ltr'><strong>chatitate,</strong></span> 
     </span>
    </p>
   </div>
   <div class='ocr_carea' id='block_1_81' title="bbox 2084 3516 3734 3598">
    <p class='ocr_par' dir='ltr' id='par_1_81' title="bbox 2084 3516 3734 3598">
     <span class='ocr_line' id='line_1_81' title="bbox 2084 3516 3734 3598; baseline -0.002 -20"><span class='ocrx_word' id='word_1_604' title='bbox 2084 3525 2294 3579; x_wconf 90' lang='lat' dir='ltr'><strong>demus</strong></span> <span class='ocrx_word' id='word_1_605' title='bbox 2321 3523 2362 3576; x_wconf 72' lang='grc' dir='ltr'><strong>δ.</strong></span> <span class='ocrx_word' id='word_1_606' title='bbox 2396 3525 2541 3576; x_wconf 89' lang='lat' dir='ltr'><strong>Nam</strong></span> <span class='ocrx_word' id='word_1_607' title='bbox 2582 3538 2716 3576; x_wconf 83' lang='lat' dir='ltr'><strong>cum</strong></span> <span class='ocrx_word' id='word_1_608' title='bbox 2738 3521 2788 3576; x_wconf 90' lang='lat' dir='ltr'><strong>ei</strong></span> <span class='ocrx_word' id='word_1_609' title='bbox 2811 3521 3059 3577; x_wconf 89' lang='lat' dir='ltr'><strong>diceret:</strong></span> <span class='ocrx_word' id='word_1_610' title='bbox 3092 3522 3252 3578; x_wconf 83' lang='lat' dir='ltr'><strong>Nemo</strong></span> <span class='ocrx_word' id='word_1_611' title='bbox 3298 3516 3734 3598; x_wconf 78' lang='lat' dir='ltr'><strong>adolescentiam</strong></span> 
     </span>
    </p>
   </div>
   <div class='ocr_carea' id='block_1_82' title="bbox 2082 3607 3731 3682">
    <p class='ocr_par' dir='ltr' id='par_1_82' title="bbox 2082 3607 3731 3682">
     <span class='ocr_line' id='line_1_82' title="bbox 2082 3607 3731 3682; baseline -0.001 -15"><span class='ocrx_word' id='word_1_612' title='bbox 2082 3616 2238 3667; x_wconf 88' lang='lat' dir='ltr'><strong>tuam</strong></span> <span class='ocrx_word' id='word_1_613' title='bbox 2285 3613 2637 3677; x_wconf 79' lang='lat' dir='ltr'><strong>contemnat;</strong></span> <span class='ocrx_word' id='word_1_614' title='bbox 2683 3612 2781 3666; x_wconf 81' lang='lat' dir='ltr'><strong>sed</strong></span> <span class='ocrx_word' id='word_1_615' title='bbox 2820 3611 3002 3681; x_wconf 81' lang='lat' dir='ltr'><strong>forma</strong></span> <span class='ocrx_word' id='word_1_616' title='bbox 3029 3614 3137 3666; x_wconf 89' lang='lat' dir='ltr'><strong>esto</strong></span> <span class='ocrx_word' id='word_1_617' title='bbox 3165 3610 3411 3681; x_wconf 80' lang='lat' dir='ltr'><strong>ﬁdelium</strong></span> <span class='ocrx_word' id='word_1_618' title='bbox 3440 3607 3553 3680; x_wconf 80' lang='lat' dir='ltr'><strong>[AL</strong></span> <span class='ocrx_word' id='word_1_619' title='bbox 3586 3610 3731 3682; x_wconf 76' lang='lat' dir='ltr'><strong>ﬁlio-</strong></span> 
     </span>
    </p>
   </div>
   <div class='ocr_carea' id='block_1_83' title="bbox 2088 3697 3730 3777">
    <p class='ocr_par' dir='ltr' id='par_1_83' title="bbox 2088 3697 3730 3777">
     <span class='ocr_line' id='line_1_83' title="bbox 2088 3697 3730 3777; baseline -0.002 -20"><span class='ocrx_word' id='word_1_620' title='bbox 2088 3706 2232 3772; x_wconf 76' lang='lat' dir='ltr'><strong>rum]</strong></span> <span class='ocrx_word' id='word_1_621' title='bbox 2264 3702 2321 3755; x_wconf 86' lang='lat' dir='ltr'><strong>in</strong></span> <span class='ocrx_word' id='word_1_622' title='bbox 2349 3702 2687 3764; x_wconf 86' lang='lat' dir='ltr'><strong>sermone,in</strong></span> <span class='ocrx_word' id='word_1_623' title='bbox 2717 3701 3143 3767; x_wconf 83' lang='lat' dir='ltr'><strong>conversatione,</strong></span> <span class='ocrx_word' id='word_1_624' title='bbox 3176 3701 3236 3755; x_wconf 91' lang='lat' dir='ltr'><strong>in</strong></span> <span class='ocrx_word' id='word_1_625' title='bbox 3256 3700 3552 3770; x_wconf 85' lang='lat' dir='ltr'><strong>charitate,</strong></span> <span class='ocrx_word' id='word_1_626' title='bbox 3584 3701 3644 3755; x_wconf 84' lang='lat' dir='ltr'><strong>in</strong></span> <span class='ocrx_word' id='word_1_627' title='bbox 3665 3697 3730 3777; x_wconf 74' lang='lat' dir='ltr'><strong>ﬁ-</strong></span> 
     </span>
    </p>
   </div>
   <div class='ocr_carea' id='block_1_84' title="bbox 2085 3788 3735 3862">
    <p class='ocr_par' dir='ltr' id='par_1_84' title="bbox 2085 3788 3735 3862">
     <span class='ocr_line' id='line_1_84' title="bbox 2085 3788 3735 3862; baseline -0.001 -17"><span class='ocrx_word' id='word_1_628' title='bbox 2085 3792 2168 3857; x_wconf 86' lang='lat' dir='ltr'><strong>de,</strong></span> <span class='ocrx_word' id='word_1_629' title='bbox 2202 3792 2257 3845; x_wconf 86' lang='lat' dir='ltr'><strong>in</strong></span> <span class='ocrx_word' id='word_1_630' title='bbox 2291 3791 2534 3845; x_wconf 74' lang='lat' dir='ltr'><strong>castitate</strong></span> <span class='ocrx_word' id='word_1_631' title='bbox 2562 3790 2608 3861; x_wconf 88' lang='lat' dir='ltr'><strong>(I</strong></span> <span class='ocrx_word' id='word_1_632' title='bbox 2641 3791 2784 3847; x_wconf 75' lang='lat' dir='ltr'><strong>Tim.</strong></span> <span class='ocrx_word' id='word_1_633' title='bbox 2821 3806 2895 3856; x_wconf 80' lang='grc' dir='ltr'><strong>ιν,</strong></span> <span class='ocrx_word' id='word_1_634' title='bbox 2932 3789 3041 3861; x_wconf 81' lang='grc'>12),</span> <span class='ocrx_word' id='word_1_635' title='bbox 3075 3790 3147 3845; x_wconf 92' lang='lat' dir='ltr'><strong>de</strong></span> <span class='ocrx_word' id='word_1_636' title='bbox 3183 3788 3622 3862; x_wconf 89' lang='lat' dir='ltr'><strong>incorruptione</strong></span> <span class='ocrx_word' id='word_1_637' title='bbox 3650 3793 3735 3844; x_wconf 80' lang='lat' dir='ltr'><strong>ta-</strong></span> 
     </span>
    </p>
   </div>
   <div class='ocr_carea' id='block_1_85' title="bbox 2087 3874 3738 3950">
    <p class='ocr_par' dir='ltr' id='par_1_85' title="bbox 2087 3874 3738 3950">
     <span class='ocr_line' id='line_1_85' title="bbox 2087 3874 3738 3950; baseline -0.001 -15"><span class='ocrx_word' id='word_1_638' title='bbox 2087 3880 2226 3946; x_wconf 90' lang='lat' dir='ltr'><strong>cuit,</strong></span> <span class='ocrx_word' id='word_1_639' title='bbox 2261 3883 2317 3934; x_wconf 88' lang='lat' dir='ltr'><strong>et</strong></span> <span class='ocrx_word' id='word_1_640' title='bbox 2346 3882 2577 3934; x_wconf 87' lang='lat' dir='ltr'><strong>tantum</strong></span> <span class='ocrx_word' id='word_1_641' title='bbox 2627 3878 2821 3950; x_wconf 85' lang='lat' dir='ltr'><strong>posuit</strong></span> <span class='ocrx_word' id='word_1_642' title='bbox 2867 3880 3191 3934; x_wconf 84' lang='lat' dir='ltr'><strong>castitatem.</strong></span> <span class='ocrx_word' id='word_1_643' title='bbox 3243 3878 3492 3934; x_wconf 89' lang='lat' dir='ltr'><strong>Castitas</strong></span> <span class='ocrx_word' id='word_1_644' title='bbox 3541 3874 3738 3934; x_wconf 75' lang='lat' dir='ltr'><strong>autem</strong></span> 
     </span>
    </p>
   </div>
   <div class='ocr_carea' id='block_1_86' title="bbox 2088 3966 3743 4040">
    <p class='ocr_par' dir='ltr' id='par_1_86' title="bbox 2088 3966 3743 4040">
     <span class='ocr_line' id='line_1_86' title="bbox 2088 3966 3743 4040; baseline -0.001 -16"><span class='ocrx_word' id='word_1_645' title='bbox 2088 3973 2145 4024; x_wconf 92' lang='lat' dir='ltr'><strong>et</strong></span> <span class='ocrx_word' id='word_1_646' title='bbox 2182 3968 2241 4022; x_wconf 87' lang='lat' dir='ltr'><strong>in</strong></span> <span class='ocrx_word' id='word_1_647' title='bbox 2285 3967 2554 4022; x_wconf 80' lang='lat' dir='ltr'><strong>caelibatu</strong></span> <span class='ocrx_word' id='word_1_648' title='bbox 2610 3969 2831 4039; x_wconf 81' lang='lat' dir='ltr'><strong>absque</strong></span> <span class='ocrx_word' id='word_1_649' title='bbox 2876 3966 3208 4040; x_wconf 86' lang='lat' dir='ltr'><strong>virginitate</strong></span> <span class='ocrx_word' id='word_1_650' title='bbox 3239 3966 3483 4038; x_wconf 81' lang='lat' dir='ltr'><strong>intelligi</strong></span> <span class='ocrx_word' id='word_1_651' title='bbox 3533 3969 3743 4038; x_wconf 87' lang='lat' dir='ltr'><strong>potest.</strong></span> 
     </span>
    </p>
   </div>
   <div class='ocr_carea' id='block_1_87' title="bbox 2092 4055 3745 4127">
    <p class='ocr_par' dir='ltr' id='par_1_87' title="bbox 2092 4055 3745 4127">
     <span class='ocr_line' id='line_1_87' title="bbox 2092 4055 3745 4127; baseline -0.002 -14"><span class='ocrx_word' id='word_1_652' title='bbox 2092 4056 2213 4113; x_wconf 89' lang='lat' dir='ltr'><strong>Nisi</strong></span> <span class='ocrx_word' id='word_1_653' title='bbox 2247 4057 2393 4112; x_wconf 83' lang='lat' dir='ltr'><strong>forte</strong></span> <span class='ocrx_word' id='word_1_654' title='bbox 2424 4056 2754 4112; x_wconf 85' lang='lat' dir='ltr'><strong>castitatem</strong></span> <span class='ocrx_word' id='word_1_655' title='bbox 2790 4056 3147 4127; x_wconf 87' lang='lat' dir='ltr'><strong>accipiamus</strong></span> <span class='ocrx_word' id='word_1_656' title='bbox 3198 4055 3256 4109; x_wconf 89' lang='lat' dir='ltr'><strong>in</strong></span> <span class='ocrx_word' id='word_1_657' title='bbox 3304 4060 3520 4122; x_wconf 89' lang='lat' dir='ltr'><strong>mente,</strong></span> <span class='ocrx_word' id='word_1_658' title='bbox 3552 4055 3745 4110; x_wconf 87' lang='lat' dir='ltr'><strong>incor-</strong></span> 
     </span>
    </p>
   </div>
   <div class='ocr_carea' id='block_1_88' title="bbox 2094 4141 3749 4217">
    <p class='ocr_par' dir='ltr' id='par_1_88' title="bbox 2094 4141 3749 4217">
     <span class='ocr_line' id='line_1_88' title="bbox 2094 4141 3749 4217; baseline -0.003 -16"><span class='ocrx_word' id='word_1_659' title='bbox 2094 4145 2423 4217; x_wconf 89' lang='lat' dir='ltr'><strong>ruptionem</strong></span> <span class='ocrx_word' id='word_1_660' title='bbox 2454 4159 2586 4199; x_wconf 91' lang='lat' dir='ltr'><strong>vero</strong></span> <span class='ocrx_word' id='word_1_661' title='bbox 2618 4145 2676 4197; x_wconf 90' lang='lat' dir='ltr'><strong>in</strong></span> <span class='ocrx_word' id='word_1_662' title='bbox 2710 4159 2967 4215; x_wconf 82' lang='lat' dir='ltr'><strong>corpore,</strong></span> <span class='ocrx_word' id='word_1_663' title='bbox 2993 4143 3165 4214; x_wconf 80' lang='lat' dir='ltr'><strong>juxta</strong></span> <span class='ocrx_word' id='word_1_664' title='bbox 3206 4141 3351 4197; x_wconf 90' lang='lat' dir='ltr'><strong>illud</strong></span> <span class='ocrx_word' id='word_1_665' title='bbox 3405 4143 3561 4215; x_wconf 86' lang='lat' dir='ltr'><strong>quod</strong></span> <span class='ocrx_word' id='word_1_666' title='bbox 3604 4141 3749 4197; x_wconf 90' lang='lat' dir='ltr'><strong>alibi</strong></span> 
     </span>
    </p>
   </div>
   <div class='ocr_carea' id='block_1_89' title="bbox 2093 4230 3741 4306">
    <p class='ocr_par' dir='ltr' id='par_1_89' title="bbox 2093 4230 3741 4306">
     <span class='ocr_line' id='line_1_89' title="bbox 2093 4230 3741 4306; baseline -0.002 -17"><span class='ocrx_word' id='word_1_667' title='bbox 2093 4234 2153 4289; x_wconf 90' lang='lat' dir='ltr'><strong>in</strong></span> <span class='ocrx_word' id='word_1_668' title='bbox 2184 4232 2430 4306; x_wconf 86' lang='lat' dir='ltr'><strong>virginis</strong></span> <span class='ocrx_word' id='word_1_669' title='bbox 2460 4230 2797 4287; x_wconf 77' lang='lat' dir='ltr'><strong>definitione</strong></span> <span class='ocrx_word' id='word_1_670' title='bbox 2842 4231 3120 4287; x_wconf 90' lang='lat' dir='ltr'><strong>scribitur</strong></span> <span class='ocrx_word' id='word_1_671' title='bbox 3150 4247 3164 4285; x_wconf 90' lang='lat'><strong>:</strong></span> <span class='ocrx_word' id='word_1_672' title='bbox 3202 4231 3264 4288; x_wconf 90' lang='lat' dir='ltr'><strong>Ut</strong></span> <span class='ocrx_word' id='word_1_673' title='bbox 3294 4232 3369 4287; x_wconf 86' lang='lat' dir='ltr'><strong>sit</strong></span> <span class='ocrx_word' id='word_1_674' title='bbox 3394 4235 3589 4287; x_wconf 86' lang='lat' dir='ltr'><strong>sancta</strong></span> <span class='ocrx_word' id='word_1_675' title='bbox 3620 4246 3741 4286; x_wconf 84' lang='lat' dir='ltr'><strong>cor-</strong></span> 
     </span>
    </p>
   </div>
   <div class='ocr_carea' id='block_1_90' title="bbox 2092 4319 3744 4395">
    <p class='ocr_par' dir='ltr' id='par_1_90' title="bbox 2092 4319 3744 4395">
     <span class='ocr_line' id='line_1_90' title="bbox 2092 4319 3744 4395; baseline -0.001 -17"><span class='ocrx_word' id='word_1_676' title='bbox 2092 4339 2221 4395; x_wconf 82' lang='lat' dir='ltr'><strong>pore</strong></span> <span class='ocrx_word' id='word_1_677' title='bbox 2250 4331 2299 4378; x_wconf 90' lang='lat' dir='ltr'><strong>et</strong></span> <span class='ocrx_word' id='word_1_678' title='bbox 2329 4323 2531 4394; x_wconf 85' lang='lat' dir='ltr'><strong>spiritu</strong></span> <span class='ocrx_word' id='word_1_679' title='bbox 2561 4322 2608 4392; x_wconf 95' lang='lat' dir='ltr'><strong>(I</strong></span> <span class='ocrx_word' id='word_1_680' title='bbox 2637 4321 2756 4376; x_wconf 85' lang='lat' dir='ltr'><strong>Cor.</strong></span> <span class='ocrx_word' id='word_1_681' title='bbox 2791 4337 2891 4391; x_wconf 82' lang='lat' dir='ltr'><strong>vn,</strong></span> <span class='ocrx_word' id='word_1_682' title='bbox 2924 4320 3035 4391; x_wconf 76' lang='grc'><strong>34).</strong></span> <span class='ocrx_word' id='word_1_683' title='bbox 3076 4320 3145 4374; x_wconf 83' lang='lat' dir='ltr'><strong>Et</strong></span> <span class='ocrx_word' id='word_1_684' title='bbox 3192 4319 3317 4392; x_wconf 88' lang='lat' dir='ltr'><strong>ipse</strong></span> <span class='ocrx_word' id='word_1_685' title='bbox 3356 4337 3511 4375; x_wconf 90' lang='lat' dir='ltr'><strong>nunc</strong></span> <span class='ocrx_word' id='word_1_686' title='bbox 3542 4335 3744 4376; x_wconf 90' lang='lat' dir='ltr'><strong>conse-</strong></span> 
     </span>
    </p>
   </div>
   <div class='ocr_carea' id='block_1_91' title="bbox 2096 4408 3740 4485">
    <p class='ocr_par' dir='ltr' id='par_1_91' title="bbox 2096 4408 3740 4485">
     <span class='ocr_line' id='line_1_91' title="bbox 2096 4408 3740 4485; baseline -0.002 -17"><span class='ocrx_word' id='word_1_687' title='bbox 2096 4416 2344 4485; x_wconf 88' lang='lat' dir='ltr'><strong>quenter</strong></span> <span class='ocrx_word' id='word_1_688' title='bbox 2372 4410 2641 4482; x_wconf 86' lang='lat' dir='ltr'><strong>adjunxit</strong></span> <span class='ocrx_word' id='word_1_689' title='bbox 2673 4427 2685 4465; x_wconf 88' lang='lat'>:</span> <span class='ocrx_word' id='word_1_690' title='bbox 2719 4412 2779 4465; x_wconf 83' lang='lat' dir='ltr'><strong>in</strong></span> <span class='ocrx_word' id='word_1_691' title='bbox 2808 4408 3073 4476; x_wconf 83' lang='lat' dir='ltr'><strong>doctrina,</strong></span> <span class='ocrx_word' id='word_1_692' title='bbox 3125 4410 3182 4465; x_wconf 89' lang='lat' dir='ltr'><strong>in</strong></span> <span class='ocrx_word' id='word_1_693' title='bbox 3215 4410 3642 4478; x_wconf 85' lang='lat' dir='ltr'><strong>incorruptione,</strong></span> <span class='ocrx_word' id='word_1_694' title='bbox 3676 4410 3740 4465; x_wconf 86' lang='lat' dir='ltr'><strong>in</strong></span> 
     </span>
    </p>
   </div>
   <div class='ocr_carea' id='block_1_92' title="bbox 2093 4498 3753 4574">
    <p class='ocr_par' dir='ltr' id='par_1_92' title="bbox 2093 4498 3753 4574">
     <span class='ocr_line' id='line_1_92' title="bbox 2093 4498 3753 4574; baseline -0.001 -17"><span class='ocrx_word' id='word_1_695' title='bbox 2093 4502 2385 4574; x_wconf 84' lang='lat' dir='ltr'><strong>pudicitia.</strong></span> <span class='ocrx_word' id='word_1_696' title='bbox 2421 4506 2737 4556; x_wconf 86' lang='lat' dir='ltr'><strong>Possemus</strong></span> <span class='ocrx_word' id='word_1_697' title='bbox 2770 4500 2875 4571; x_wconf 72' lang='lat' dir='ltr'><strong>[AL</strong></span> <span class='ocrx_word' id='word_1_698' title='bbox 2910 4498 3250 4572; x_wconf 88' lang='lat' dir='ltr'><strong>possumus]</strong></span> <span class='ocrx_word' id='word_1_699' title='bbox 3281 4503 3338 4554; x_wconf 91' lang='lat' dir='ltr'><strong>et</strong></span> <span class='ocrx_word' id='word_1_700' title='bbox 3385 4499 3753 4572; x_wconf 86' lang='lat' dir='ltr'><strong>pudicitiam,</strong></span> 
     </span>
    </p>
   </div>
   <div class='ocr_carea' id='block_1_93' title="bbox 2099 4588 3756 4662">
    <p class='ocr_par' dir='ltr' id='par_1_93' title="bbox 2099 4588 3756 4662">
     <span class='ocr_line' id='line_1_93' title="bbox 2099 4588 3756 4662; baseline -0.002 -15"><span class='ocrx_word' id='word_1_701' title='bbox 2099 4597 2155 4648; x_wconf 84' lang='lat' dir='ltr'><strong>et</strong></span> <span class='ocrx_word' id='word_1_702' title='bbox 2184 4590 2679 4661; x_wconf 86' lang='lat' dir='ltr'><strong>incorruptionem</strong></span> <span class='ocrx_word' id='word_1_703' title='bbox 2713 4591 2889 4644; x_wconf 87' lang='lat' dir='ltr'><strong>etiam</strong></span> <span class='ocrx_word' id='word_1_704' title='bbox 2938 4588 2998 4644; x_wconf 92' lang='lat' dir='ltr'><strong>in</strong></span> <span class='ocrx_word' id='word_1_705' title='bbox 3048 4588 3325 4644; x_wconf 65' lang='lat' dir='ltr'><strong>doctrina&quot;:</strong></span> <span class='ocrx_word' id='word_1_706' title='bbox 3375 4589 3709 4662; x_wconf 86' lang='lat' dir='ltr'><strong>integritate</strong></span> <span class='ocrx_word' id='word_1_707' title='bbox 3734 4588 3756 4623; x_wconf 84' lang='grc'>⁸</span> 
     </span>
    </p>
   </div>
   <div class='ocr_carea' id='block_1_94' title="bbox 2102 4676 3757 4752">
    <p class='ocr_par' dir='ltr' id='par_1_94' title="bbox 2102 4676 3757 4752">
     <span class='ocr_line' id='line_1_94' title="bbox 2102 4676 3757 4752; baseline -0.001 -16"><span class='ocrx_word' id='word_1_708' title='bbox 2102 4679 2523 4752; x_wconf 83' lang='lat' dir='ltr'><strong>interpretari:</strong></span> <span class='ocrx_word' id='word_1_709' title='bbox 2576 4678 2686 4733; x_wconf 88' lang='lat' dir='ltr'><strong>nisi</strong></span> <span class='ocrx_word' id='word_1_710' title='bbox 2738 4678 2892 4749; x_wconf 92' lang='lat' dir='ltr'><strong>quod</strong></span> <span class='ocrx_word' id='word_1_711' title='bbox 2946 4676 3280 4749; x_wconf 88' lang='lat' dir='ltr'><strong>specialiter</strong></span> <span class='ocrx_word' id='word_1_712' title='bbox 3325 4680 3596 4750; x_wconf 89' lang='lat' dir='ltr'><strong>sequitur</strong></span> <span class='ocrx_word' id='word_1_713' title='bbox 3638 4693 3757 4734; x_wconf 88' lang='lat' dir='ltr'><strong>ser-</strong></span> 
     </span>
    </p>
   </div>
   <div class='ocr_carea' id='block_1_95' title="bbox 335 4765 3763 4859">
    <p class='ocr_par' dir='ltr' id='par_1_95' title="bbox 335 4765 3763 4859">
     <span class='ocr_line' id='line_1_95' title="bbox 335 4765 3763 4859; baseline 0 -36"><span class='ocrx_word' id='word_1_714' title='bbox 335 4771 397 4823; x_wconf 90' lang='lat' dir='ltr'><strong>et</strong></span> <span class='ocrx_word' id='word_1_715' title='bbox 426 4767 726 4841; x_wconf 88' lang='lat' dir='ltr'><strong>patientia.</strong></span> <span class='ocrx_word' id='word_1_716' title='bbox 758 4772 993 4824; x_wconf 90' lang='lat' dir='ltr'><strong>Anuum</strong></span> <span class='ocrx_word' id='word_1_717' title='bbox 1031 4774 1230 4825; x_wconf 88' lang='lat' dir='ltr'><strong>autem</strong></span> <span class='ocrx_word' id='word_1_718' title='bbox 1288 4767 1346 4822; x_wconf 89' lang='lat' dir='ltr'>in</span> <span class='ocrx_word' id='word_1_719' title='bbox 1396 4765 1636 4822; x_wconf 90' lang='lat' dir='ltr'><strong>habitus</strong></span> <span class='ocrx_word' id='word_1_720' title='bbox 1682 4765 1991 4822; x_wconf 84' lang='lat' dir='ltr'><strong>sanctitate</strong></span> <span class='ocrx_word' id='word_1_721' title='bbox 2022 4793 2070 4859; x_wconf 83' lang='lat' dir='ltr'><strong>D</strong></span> <span class='ocrx_word' id='word_1_722' title='bbox 2101 4786 2261 4825; x_wconf 88' lang='lat' dir='ltr'><strong>mone</strong></span> <span class='ocrx_word' id='word_1_723' title='bbox 2317 4784 2450 4823; x_wconf 82' lang='lat' dir='ltr'><strong>sano</strong></span> <span class='ocrx_word' id='word_1_724' title='bbox 2524 4771 2575 4821; x_wconf 84' lang='lat' dir='ltr'><strong>et</strong></span> <span class='ocrx_word' id='word_1_725' title='bbox 2657 4766 3079 4838; x_wconf 84' lang='lat' dir='ltr'><strong>irreprensibiti,</strong></span> <span class='ocrx_word' id='word_1_726' title='bbox 3151 4766 3452 4840; x_wconf 89' lang='lat' dir='ltr'><strong>proprium</strong></span> <span class='ocrx_word' id='word_1_727' title='bbox 3521 4767 3763 4824; x_wconf 87' lang='lat' dir='ltr'><strong>haberet</strong></span> 
     </span>
    </p>
   </div>
   <div class='ocr_carea' id='block_1_96' title="bbox 334 4856 1989 4931">
    <p class='ocr_par' dir='ltr' id='par_1_96' title="bbox 334 4856 1989 4931">
     <span class='ocr_line' id='line_1_96' title="bbox 334 4856 1989 4931; baseline 0 -20"><span class='ocrx_word' id='word_1_728' title='bbox 334 4856 443 4927; x_wconf 77' lang='lat' dir='ltr'><strong>[AL</strong></span> <span class='ocrx_word' id='word_1_729' title='bbox 476 4856 686 4912; x_wconf 90' lang='lat' dir='ltr'><strong>habitu</strong></span> <span class='ocrx_word' id='word_1_730' title='bbox 720 4857 1138 4931; x_wconf 88' lang='lat' dir='ltr'><strong>sanctitatem],</strong></span> <span class='ocrx_word' id='word_1_731' title='bbox 1175 4861 1241 4912; x_wconf 93' lang='lat' dir='ltr'><strong>ut</strong></span> <span class='ocrx_word' id='word_1_732' title='bbox 1270 4873 1386 4912; x_wconf 89' lang='lat' dir='ltr'><strong>non</strong></span> <span class='ocrx_word' id='word_1_733' title='bbox 1436 4856 1554 4911; x_wconf 84' lang='lat' dir='ltr'><strong>sint</strong></span> <span class='ocrx_word' id='word_1_734' title='bbox 1599 4859 1989 4922; x_wconf 85' lang='lat' dir='ltr'><strong>accusatores,</strong></span> 
     </span>
    </p>
   </div>
   <div class='ocr_carea' id='block_1_97' title="bbox 337 4945 1985 5017">
    <p class='ocr_par' dir='ltr' id='par_1_97' title="bbox 337 4945 1985 5017">
     <span class='ocr_line' id='line_1_97' title="bbox 337 4945 1985 5017; baseline 0 -16"><span class='ocrx_word' id='word_1_735' title='bbox 337 4961 452 5001; x_wconf 89' lang='lat' dir='ltr'><strong>non</strong></span> <span class='ocrx_word' id='word_1_736' title='bbox 489 4945 621 5001; x_wconf 91' lang='lat' dir='ltr'><strong>vino</strong></span> <span class='ocrx_word' id='word_1_737' title='bbox 653 4945 840 5001; x_wconf 89' lang='lat' dir='ltr'><strong>multo</strong></span> <span class='ocrx_word' id='word_1_738' title='bbox 871 4947 1361 5014; x_wconf 89' lang='lat' dir='ltr'><strong>servientes,bene</strong></span> <span class='ocrx_word' id='word_1_739' title='bbox 1383 4947 1735 5017; x_wconf 87' lang='lat' dir='ltr'><strong>docentes,et</strong></span> <span class='ocrx_word' id='word_1_740' title='bbox 1758 4949 1985 5001; x_wconf 65' lang='lat' dir='ltr'><strong>caetera.</strong></span> 
     </span>
    </p>
   </div>
   <div class='ocr_carea' id='block_1_98' title="bbox 338 5034 1996 5106">
    <p class='ocr_par' dir='ltr' id='par_1_98' title="bbox 338 5034 1996 5106">
     <span class='ocr_line' id='line_1_98' title="bbox 338 5034 1996 5106; baseline -0.001 -15"><span class='ocrx_word' id='word_1_741' title='bbox 338 5034 648 5106; x_wconf 88' lang='lat' dir='ltr'><strong>Proprium</strong></span> <span class='ocrx_word' id='word_1_742' title='bbox 680 5039 878 5091; x_wconf 89' lang='lat' dir='ltr'><strong>autem</strong></span> <span class='ocrx_word' id='word_1_743' title='bbox 910 5035 1481 5093; x_wconf 88' lang='lat' dir='ltr'><strong>adolescentulorum</strong></span> <span class='ocrx_word' id='word_1_744' title='bbox 1532 5034 1642 5090; x_wconf 90' lang='lat' dir='ltr'><strong>hoc</strong></span> <span class='ocrx_word' id='word_1_745' title='bbox 1680 5034 1897 5106; x_wconf 88' lang='lat' dir='ltr'><strong>posuit,</strong></span> <span class='ocrx_word' id='word_1_746' title='bbox 1931 5039 1996 5090; x_wconf 93' lang='lat' dir='ltr'><strong>ut</strong></span> 
     </span>
    </p>
   </div>
   <div class='ocr_carea' id='block_1_99' title="bbox 340 5123 1995 5197">
    <p class='ocr_par' dir='ltr' id='par_1_99' title="bbox 340 5123 1995 5197">
     <span class='ocr_line' id='line_1_99' title="bbox 340 5123 1995 5197; baseline 0.001 -19"><span class='ocrx_word' id='word_1_747' title='bbox 340 5123 543 5197; x_wconf 90' lang='lat' dir='ltr'><strong>pudici</strong></span> <span class='ocrx_word' id='word_1_748' title='bbox 575 5124 696 5179; x_wconf 90' lang='lat' dir='ltr'><strong>sint</strong></span> <span class='ocrx_word' id='word_1_749' title='bbox 723 5125 784 5180; x_wconf 91' lang='lat' dir='ltr'><strong>in</strong></span> <span class='ocrx_word' id='word_1_750' title='bbox 817 5124 1112 5193; x_wconf 89' lang='lat' dir='ltr'><strong>omnibus,</strong></span> <span class='ocrx_word' id='word_1_751' title='bbox 1142 5130 1262 5180; x_wconf 88' lang='lat' dir='ltr'><strong>tam</strong></span> <span class='ocrx_word' id='word_1_752' title='bbox 1306 5123 1531 5181; x_wconf 90' lang='lat' dir='ltr'><strong>scilicet</strong></span> <span class='ocrx_word' id='word_1_753' title='bbox 1568 5128 1782 5189; x_wconf 91' lang='lat' dir='ltr'><strong>mente,</strong></span> <span class='ocrx_word' id='word_1_754' title='bbox 1816 5140 1995 5195; x_wconf 88' lang='lat' dir='ltr'><strong>quam</strong></span> 
     </span>
    </p>
   </div>
   <div class='ocr_carea' id='block_1_100' title="bbox 420 5266 2004 5332">
    <p class='ocr_par' dir='ltr' id='par_1_100' title="bbox 420 5266 2004 5332">
     <span class='ocr_line' id='line_1_100' title="bbox 420 5266 2004 5332; baseline 0.001 -12"><span class='ocrx_word' id='word_1_755' title='bbox 420 5267 435 5300; x_wconf 78' lang='grc' dir='ltr'>ί</span> <span class='ocrx_word' id='word_1_756' title='bbox 470 5270 736 5323; x_wconf 81' lang='lat' dir='ltr'><strong>Fortasse</strong></span> <span class='ocrx_word' id='word_1_757' title='bbox 767 5268 962 5324; x_wconf 84' lang='lat' dir='ltr'><strong>verius</strong></span> <span class='ocrx_word' id='word_1_758' title='bbox 993 5268 1051 5324; x_wconf 88' lang='lat' dir='ltr'><strong>in</strong></span> <span class='ocrx_word' id='word_1_759' title='bbox 1083 5284 1200 5324; x_wconf 89' lang='lat' dir='ltr'><strong>uno</strong></span> <span class='ocrx_word' id='word_1_760' title='bbox 1250 5266 1617 5323; x_wconf 88' lang='lat' dir='ltr'><strong>Cislerciensi</strong></span> <span class='ocrx_word' id='word_1_761' title='bbox 1652 5283 1783 5332; x_wconf 87' lang='lat' dir='ltr'><strong>ms.,</strong></span> <span class='ocrx_word' id='word_1_762' title='bbox 1826 5269 1875 5322; x_wconf 88' lang='lat' dir='ltr'><strong>si</strong></span> <span class='ocrx_word' id='word_1_763' title='bbox 1903 5267 2004 5323; x_wconf 86' lang='lat' dir='ltr'><strong>hoc</strong></span> 
     </span>
    </p>
   </div>
   <div class='ocr_carea' id='block_1_101' title="bbox 344 5339 1774 5413">
    <p class='ocr_par' dir='ltr' id='par_1_101' title="bbox 344 5339 1774 5413">
     <span class='ocr_line' id='line_1_101' title="bbox 344 5339 1774 5413; baseline 0 -20"><span class='ocrx_word' id='word_1_764' title='bbox 344 5339 685 5413; x_wconf 65' lang='lat' dir='ltr'><strong>benignitate</strong></span> <span class='ocrx_word' id='word_1_765' title='bbox 712 5341 1032 5413; x_wconf 84' lang='lat' dir='ltr'><strong>impetraret</strong></span> <span class='ocrx_word' id='word_1_766' title='bbox 1057 5358 1091 5395; x_wconf 91' lang='lat' dir='ltr'><strong>a</strong></span> <span class='ocrx_word' id='word_1_767' title='bbox 1118 5339 1372 5410; x_wconf 75' lang='lat' dir='ltr'><strong>servulis,</strong></span> <span class='ocrx_word' id='word_1_768' title='bbox 1403 5355 1514 5413; x_wconf 79' lang='lat' dir='ltr'><strong>non</strong></span> <span class='ocrx_word' id='word_1_769' title='bbox 1545 5345 1774 5413; x_wconf 81' lang='lat' dir='ltr'><strong>terrore.</strong></span> 
     </span>
    </p>
   </div>
   <div class='ocr_carea' id='block_1_102' title="bbox 420 5409 2000 5482">
    <p class='ocr_par' dir='ltr' id='par_1_102' title="bbox 420 5409 2000 5482">
     <span class='ocr_line' id='line_1_102' title="bbox 420 5409 2000 5482; baseline 0.001 -18"><span class='ocrx_word' id='word_1_770' title='bbox 420 5410 443 5444; x_wconf 85' lang='grc'>²</span> <span class='ocrx_word' id='word_1_771' title='bbox 471 5409 749 5466; x_wconf 88' lang='lat' dir='ltr'><strong>Voculam</strong></span> <span class='ocrx_word' id='word_1_772' title='bbox 791 5409 959 5467; x_wconf 76' lang='lat' dir='ltr'><strong>tuum</strong></span> <span class='ocrx_word' id='word_1_773' title='bbox 1001 5414 1117 5468; x_wconf 92' lang='lat' dir='ltr'><strong>duo</strong></span> <span class='ocrx_word' id='word_1_774' title='bbox 1166 5427 1197 5467; x_wconf 91' lang='lat' dir='ltr'><strong>e</strong></span> <span class='ocrx_word' id='word_1_775' title='bbox 1245 5409 1464 5467; x_wconf 88' lang='lat' dir='ltr'><strong>nostris</strong></span> <span class='ocrx_word' id='word_1_776' title='bbox 1514 5424 1655 5465; x_wconf 86' lang='lat' dir='ltr'><strong>mss.</strong></span> <span class='ocrx_word' id='word_1_777' title='bbox 1705 5410 2000 5482; x_wconf 89' lang='lat' dir='ltr'><strong>ignorant,</strong></span> 
     </span>
    </p>
   </div>
   <div class='ocr_carea' id='block_1_103' title="bbox 343 5482 1249 5553">
    <p class='ocr_par' dir='ltr' id='par_1_103' title="bbox 343 5482 1249 5553">
     <span class='ocr_line' id='line_1_103' title="bbox 343 5482 1249 5553; baseline 0.003 -18"><span class='ocrx_word' id='word_1_778' title='bbox 343 5498 478 5553; x_wconf 75' lang='lat' dir='ltr'><strong>quze</strong></span> <span class='ocrx_word' id='word_1_779' title='bbox 507 5482 655 5539; x_wconf 88' lang='lat' dir='ltr'><strong>sacri</strong></span> <span class='ocrx_word' id='word_1_780' title='bbox 690 5488 887 5539; x_wconf 87' lang='lat' dir='ltr'><strong>tamen</strong></span> <span class='ocrx_word' id='word_1_781' title='bbox 910 5488 1000 5539; x_wconf 89' lang='lat' dir='ltr'><strong>est</strong></span> <span class='ocrx_word' id='word_1_782' title='bbox 1033 5488 1249 5539; x_wconf 88' lang='lat' dir='ltr'><strong>textus.</strong></span> 
     </span>
    </p>
   </div>
   <div class='ocr_carea' id='block_1_104' title="bbox 418 5553 2003 5627">
    <p class='ocr_par' dir='ltr' id='par_1_104' title="bbox 418 5553 2003 5627">
     <span class='ocr_line' id='line_1_104' title="bbox 418 5553 2003 5627; baseline 0.001 -20"><span class='ocrx_word' id='word_1_783' title='bbox 418 5554 443 5587; x_wconf 77' lang='grc'><strong>³</strong></span> <span class='ocrx_word' id='word_1_784' title='bbox 470 5553 714 5627; x_wconf 87' lang='lat' dir='ltr'><strong>Supplet</strong></span> <span class='ocrx_word' id='word_1_785' title='bbox 747 5553 1044 5611; x_wconf 91' lang='lat' dir='ltr'><strong>Victorius</strong></span> <span class='ocrx_word' id='word_1_786' title='bbox 1094 5555 1185 5610; x_wconf 85' lang='lat' dir='ltr'><strong>vel</strong></span> <span class='ocrx_word' id='word_1_787' title='bbox 1228 5570 1351 5611; x_wconf 85' lang='lat' dir='ltr'><strong>cum</strong></span> <span class='ocrx_word' id='word_1_788' title='bbox 1409 5554 1614 5609; x_wconf 82' lang='lat' dir='ltr'><strong>Christi</strong></span> <span class='ocrx_word' id='word_1_789' title='bbox 1666 5553 2003 5625; x_wconf 78' lang='lat' dir='ltr'><strong>infamatur,</strong></span> 
     </span>
    </p>
   </div>
   <div class='ocr_carea' id='block_1_105' title="bbox 346 5628 460 5681">
    <p class='ocr_par' dir='ltr' id='par_1_105' title="bbox 346 5628 460 5681">
     <span class='ocr_line' id='line_1_105' title="bbox 346 5628 460 5681; baseline -0.018 0"><span class='ocrx_word' id='word_1_790' title='bbox 346 5628 460 5681; x_wconf 85' lang='lat' dir='ltr'><strong>etc.</strong></span> 
     </span>
    </p>
   </div>
   <div class='ocr_carea' id='block_1_106' title="bbox 423 5694 2010 5769">
    <p class='ocr_par' dir='ltr' id='par_1_106' title="bbox 423 5694 2010 5769">
     <span class='ocr_line' id='line_1_106' title="bbox 423 5694 2010 5769; baseline 0.001 -17"><span class='ocrx_word' id='word_1_791' title='bbox 423 5697 445 5729; x_wconf 79' lang='lat'><strong>‘</strong></span> <span class='ocrx_word' id='word_1_792' title='bbox 474 5695 576 5752; x_wconf 86' lang='lat' dir='ltr'><strong>Hic</strong></span> <span class='ocrx_word' id='word_1_793' title='bbox 624 5712 861 5769; x_wconf 91' lang='lat' dir='ltr'><strong>quoque</strong></span> <span class='ocrx_word' id='word_1_794' title='bbox 903 5697 1099 5764; x_wconf 88' lang='lat' dir='ltr'><strong>verba,</strong></span> <span class='ocrx_word' id='word_1_795' title='bbox 1151 5696 1218 5752; x_wconf 85' lang='lat' dir='ltr'><strong>de</strong></span> <span class='ocrx_word' id='word_1_796' title='bbox 1246 5694 1671 5769; x_wconf 13' lang='lat' dir='ltr'><strong>,Latinis,__duo</strong></span> <span class='ocrx_word' id='word_1_797' title='bbox 1709 5708 1763 5750; x_wconf 68' lang='lat' dir='ltr'><strong>e‘</strong></span> <span class='ocrx_word' id='word_1_798' title='bbox 1790 5696 2010 5753; x_wconf 88' lang='lat' dir='ltr'><strong>nostris</strong></span> 
     </span>
    </p>
   </div>
   <div class='ocr_carea' id='block_1_107' title="bbox 350 5767 2012 5840">
    <p class='ocr_par' dir='ltr' id='par_1_107' title="bbox 350 5767 2012 5840">
     <span class='ocr_line' id='line_1_107' title="bbox 350 5767 2012 5840; baseline 0.001 -16"><span class='ocrx_word' id='word_1_799' title='bbox 350 5782 499 5825; x_wconf 86' lang='lat' dir='ltr'><strong>mss.</strong></span> <span class='ocrx_word' id='word_1_800' title='bbox 552 5767 825 5840; x_wconf 76' lang='lat' dir='ltr'><strong>nesciunt</strong></span> <span class='ocrx_word' id='word_1_801' title='bbox 867 5772 1189 5825; x_wconf 82' lang='lat' dir='ltr'><strong>:cseterum</strong></span> <span class='ocrx_word' id='word_1_802' title='bbox 1240 5768 1371 5840; x_wconf 89' lang='lat' dir='ltr'><strong>ipsa</strong></span> <span class='ocrx_word' id='word_1_803' title='bbox 1416 5767 1735 5840; x_wconf 77' lang='lat' dir='ltr'><strong>hodienum</strong></span> <span class='ocrx_word' id='word_1_804' title='bbox 1784 5769 2012 5826; x_wconf 91' lang='lat' dir='ltr'><strong>obtinet</strong></span> 
     </span>
    </p>
   </div>
   <div class='ocr_carea' id='block_1_108' title="bbox 353 5838 1784 5915">
    <p class='ocr_par' dir='ltr' id='par_1_108' title="bbox 353 5838 1784 5915">
     <span class='ocr_line' id='line_1_108' title="bbox 353 5838 1784 5915; baseline -0.001 -18"><span class='ocrx_word' id='word_1_805' title='bbox 353 5840 661 5897; x_wconf 66' lang='lat' dir='ltr'><strong>sententia:</strong></span> <span class='ocrx_word' id='word_1_806' title='bbox 692 5839 1017 5909; x_wconf 84' lang='lat' dir='ltr'><strong>distinctio,</strong></span> <span class='ocrx_word' id='word_1_807' title='bbox 1048 5855 1227 5915; x_wconf 89' lang='lat' dir='ltr'><strong>quam</strong></span> <span class='ocrx_word' id='word_1_808' title='bbox 1257 5838 1485 5914; x_wconf 82' lang='lat' dir='ltr'><strong>respuit</strong></span> <span class='ocrx_word' id='word_1_809' title='bbox 1510 5838 1569 5897; x_wconf 89' lang='lat' dir='ltr'><strong>S.</strong></span> <span class='ocrx_word' id='word_1_810' title='bbox 1597 5838 1784 5896; x_wconf 87' lang='lat' dir='ltr'><strong>Pater.</strong></span> 
     </span>
    </p>
   </div>
   <div class='ocr_carea' id='block_1_109' title="bbox 645 5965 1169 6032">
    <p class='ocr_par' dir='ltr' id='par_1_109' title="bbox 645 5965 1169 6032">
     <span class='ocr_line' id='line_1_109' title="bbox 645 5965 1169 6032; baseline -0.002 -1"><span class='ocrx_word' id='word_1_811' title='bbox 645 5967 912 6031; x_wconf 63' lang='lat' dir='ltr'><strong>Panos.</strong></span> <span class='ocrx_word' id='word_1_812' title='bbox 957 5965 1169 6032; x_wconf 77' lang='lat' dir='ltr'><strong>XXVI.</strong></span> 
     </span>
    </p>
   </div>
   <div class='ocr_carea' id='block_1_110' title="bbox 2103 4854 3766 4929">
    <p class='ocr_par' dir='ltr' id='par_1_110' title="bbox 2103 4854 3766 4929">
     <span class='ocr_line' id='line_1_110' title="bbox 2103 4854 3766 4929; baseline -0.001 -15"><span class='ocrx_word' id='word_1_813' title='bbox 2103 4873 2286 4929; x_wconf 86' lang='lat' dir='ltr'><strong>super</strong></span> <span class='ocrx_word' id='word_1_814' title='bbox 2316 4855 2592 4911; x_wconf 79' lang='lat' dir='ltr'><strong>doctrinae</strong></span> <span class='ocrx_word' id='word_1_815' title='bbox 2626 4854 2993 4911; x_wconf 88' lang='lat' dir='ltr'><strong>institutione</strong></span> <span class='ocrx_word' id='word_1_816' title='bbox 3043 4860 3422 4928; x_wconf 70' lang='lat' dir='ltr'><strong>praeceptum.</strong></span> <span class='ocrx_word' id='word_1_817' title='bbox 3455 4856 3621 4923; x_wconf 81' lang='lat' dir='ltr'><strong>Quod</strong></span> <span class='ocrx_word' id='word_1_818' title='bbox 3667 4873 3766 4912; x_wconf 86' lang='lat' dir='ltr'><strong>au-</strong></span> 
     </span>
    </p>
   </div>
   <div class='ocr_carea' id='block_1_111' title="bbox 2105 4943 3762 5017">
    <p class='ocr_par' dir='ltr' id='par_1_111' title="bbox 2105 4943 3762 5017">
     <span class='ocr_line' id='line_1_111' title="bbox 2105 4943 3762 5017; baseline -0.002 -14"><span class='ocrx_word' id='word_1_819' title='bbox 2105 4955 2220 5003; x_wconf 87' lang='lat' dir='ltr'><strong>tem</strong></span> <span class='ocrx_word' id='word_1_820' title='bbox 2253 4947 2357 5013; x_wconf 86' lang='lat' dir='ltr'><strong>ait,</strong></span> <span class='ocrx_word' id='word_1_821' title='bbox 2388 4961 2637 5000; x_wconf 86' lang='lat' dir='ltr'><strong>sermone</strong></span> <span class='ocrx_word' id='word_1_822' title='bbox 2686 4945 3180 5017; x_wconf 84' lang='lat' dir='ltr'><strong>irreprehensibiti,</strong></span> <span class='ocrx_word' id='word_1_823' title='bbox 3234 4962 3349 5001; x_wconf 88' lang='lat' dir='ltr'><strong>non</strong></span> <span class='ocrx_word' id='word_1_824' title='bbox 3397 4946 3552 5017; x_wconf 90' lang='lat' dir='ltr'><strong>quod</strong></span> <span class='ocrx_word' id='word_1_825' title='bbox 3602 4943 3762 5001; x_wconf 88' lang='lat' dir='ltr'><strong>ullus</strong></span> 
     </span>
    </p>
   </div>
   <div class='ocr_carea' id='block_1_112' title="bbox 2105 5032 3761 5105">
    <p class='ocr_par' dir='ltr' id='par_1_112' title="bbox 2105 5032 3761 5105">
     <span class='ocr_line' id='line_1_112' title="bbox 2105 5032 3761 5105; baseline -0.001 -14"><span class='ocrx_word' id='word_1_826' title='bbox 2105 5040 2278 5091; x_wconf 73' lang='lat' dir='ltr'><strong>tanta:</strong></span> <span class='ocrx_word' id='word_1_827' title='bbox 2311 5034 2595 5090; x_wconf 71' lang='lat' dir='ltr'><strong>facundia:</strong></span> <span class='ocrx_word' id='word_1_828' title='bbox 2627 5037 2684 5088; x_wconf 91' lang='lat' dir='ltr'><strong>et</strong></span> <span class='ocrx_word' id='word_1_829' title='bbox 2717 5032 3037 5105; x_wconf 71' lang='lat' dir='ltr'><strong>prudentia:</strong></span> <span class='ocrx_word' id='word_1_830' title='bbox 3078 5034 3175 5104; x_wconf 87' lang='lat' dir='ltr'><strong>sit,</strong></span> <span class='ocrx_word' id='word_1_831' title='bbox 3219 5040 3285 5089; x_wconf 92' lang='lat' dir='ltr'><strong>ut</strong></span> <span class='ocrx_word' id='word_1_832' title='bbox 3328 5051 3362 5089; x_wconf 87' lang='lat' dir='ltr'><strong>a</strong></span> <span class='ocrx_word' id='word_1_833' title='bbox 3409 5033 3641 5090; x_wconf 88' lang='lat' dir='ltr'><strong>nemine</strong></span> <span class='ocrx_word' id='word_1_834' title='bbox 3672 5049 3761 5089; x_wconf 89' lang='lat' dir='ltr'><strong>re-</strong></span> 
     </span>
    </p>
   </div>
   <div class='ocr_carea' id='block_1_113' title="bbox 2111 5120 3765 5199">
    <p class='ocr_par' dir='ltr' id='par_1_113' title="bbox 2111 5120 3765 5199">
     <span class='ocr_line' id='line_1_113' title="bbox 2111 5120 3765 5199; baseline -0.004 -18"><span class='ocrx_word' id='word_1_835' title='bbox 2111 5124 2507 5199; x_wconf 88' lang='lat' dir='ltr'><strong>prehendatur</strong></span> <span class='ocrx_word' id='word_1_836' title='bbox 2551 5122 3094 5196; x_wconf 89' lang='lat' dir='ltr'><strong>(reprebeuduntur</strong></span> <span class='ocrx_word' id='word_1_837' title='bbox 3142 5124 3359 5196; x_wconf 88' lang='lat' dir='ltr'><strong>quippe</strong></span> <span class='ocrx_word' id='word_1_838' title='bbox 3406 5128 3465 5179; x_wconf 91' lang='lat' dir='ltr'><strong>et</strong></span> <span class='ocrx_word' id='word_1_839' title='bbox 3517 5120 3765 5196; x_wconf 88' lang='lat' dir='ltr'><strong>apostoli</strong></span> 
     </span>
    </p>
   </div>
   <div class='ocr_carea' id='block_1_114' title="bbox 2184 5265 3766 5338">
    <p class='ocr_par' dir='ltr' id='par_1_114' title="bbox 2184 5265 3766 5338">
     <span class='ocr_line' id='line_1_114' title="bbox 2184 5265 3766 5338; baseline -0.002 -16"><span class='ocrx_word' id='word_1_840' title='bbox 2184 5270 2204 5302; x_wconf 71' lang='lat'><strong>5</strong></span> <span class='ocrx_word' id='word_1_841' title='bbox 2236 5268 2628 5338; x_wconf 80' lang='lat' dir='ltr'><strong>Iluuctamen</strong></span> <span class='ocrx_word' id='word_1_842' title='bbox 2661 5265 2856 5337; x_wconf 87' lang='lat' dir='ltr'><strong>ipsum</strong></span> <span class='ocrx_word' id='word_1_843' title='bbox 2885 5266 3256 5338; x_wconf 84' lang='lat' dir='ltr'><strong>Timotheum</strong></span> <span class='ocrx_word' id='word_1_844' title='bbox 3313 5267 3461 5322; x_wconf 90' lang='lat' dir='ltr'><strong>inter</strong></span> <span class='ocrx_word' id='word_1_845' title='bbox 3509 5265 3766 5338; x_wconf 77' lang='lat' dir='ltr'><strong>virgines</strong></span> 
     </span>
    </p>
   </div>
   <div class='ocr_carea' id='block_1_115' title="bbox 2114 5334 3768 5411">
    <p class='ocr_par' dir='ltr' id='par_1_115' title="bbox 2114 5334 3768 5411">
     <span class='ocr_line' id='line_1_115' title="bbox 2114 5334 3768 5411; baseline -0.002 -15"><span class='ocrx_word' id='word_1_846' title='bbox 2114 5345 2352 5396; x_wconf 87' lang='lat' dir='ltr'><strong>censent</strong></span> <span class='ocrx_word' id='word_1_847' title='bbox 2381 5336 2640 5411; x_wconf 84' lang='lat' dir='ltr'><strong>Epistola</strong></span> <span class='ocrx_word' id='word_1_848' title='bbox 2670 5334 3017 5411; x_wconf 63' lang='lat' dir='ltr'><strong>interpolata</strong></span> <span class='ocrx_word' id='word_1_849' title='bbox 3041 5338 3105 5411; x_wconf 89' lang='lat' dir='ltr'><strong>_S.</strong></span> <span class='ocrx_word' id='word_1_850' title='bbox 3131 5338 3439 5411; x_wconf 76' lang='lat' dir='ltr'><strong>lgnatiiad</strong></span> <span class='ocrx_word' id='word_1_851' title='bbox 3466 5334 3768 5411; x_wconf 10' lang='lat' dir='ltr'><strong>rlfhiladel:</strong></span> 
     </span>
    </p>
   </div>
   <div class='ocr_carea' id='block_1_116' title="bbox 2116 5408 3767 5484">
    <p class='ocr_par' dir='ltr' id='par_1_116' title="bbox 2116 5408 3767 5484">
     <span class='ocr_line' id='line_1_116' title="bbox 2116 5408 3767 5484; baseline -0.002 -17"><span class='ocrx_word' id='word_1_852' title='bbox 2116 5412 2360 5484; x_wconf 77' lang='lat' dir='ltr'><strong>pbcnos,</strong></span> <span class='ocrx_word' id='word_1_853' title='bbox 2394 5408 2449 5484; x_wconf 75' lang='lat' dir='ltr'><strong>et</strong></span> <span class='ocrx_word' id='word_1_854' title='bbox 2479 5409 2800 5484; x_wconf 67' lang='lat' dir='ltr'><strong>Antiochus</strong></span> <span class='ocrx_word' id='word_1_855' title='bbox 2829 5408 3382 5484; x_wconf 67' lang='lat' dir='ltr'><strong>monachushomil.</strong></span> <span class='ocrx_word' id='word_1_856' title='bbox 3413 5409 3538 5484; x_wconf 58' lang='lat'><strong>112,</strong></span> <span class='ocrx_word' id='word_1_857' title='bbox 3572 5410 3637 5484; x_wconf 81' lang='lat' dir='ltr'><strong>ut</strong></span> <span class='ocrx_word' id='word_1_858' title='bbox 3682 5419 3767 5464; x_wconf 85' lang='lat' dir='ltr'><strong>ta-</strong></span> 
     </span>
    </p>
   </div>
   <div class='ocr_carea' id='block_1_117' title="bbox 2116 5478 3767 5554">
    <p class='ocr_par' dir='ltr' id='par_1_117' title="bbox 2116 5478 3767 5554">
     <span class='ocr_line' id='line_1_117' title="bbox 2116 5478 3767 5554; baseline -0.002 -15"><span class='ocrx_word' id='word_1_859' title='bbox 2116 5478 2276 5539; x_wconf 80' lang='lat' dir='ltr'><strong>ceam</strong></span> <span class='ocrx_word' id='word_1_860' title='bbox 2304 5482 2471 5547; x_wconf 91' lang='lat' dir='ltr'><strong>illud,</strong></span> <span class='ocrx_word' id='word_1_861' title='bbox 2503 5479 2554 5533; x_wconf 81' lang='grc' dir='ltr'>ἐν</span> <span class='ocrx_word' id='word_1_862' title='bbox 2588 5478 2794 5554; x_wconf 79' lang='grc' dir='ltr'>ἁγνείᾳ,</span> <span class='ocrx_word' id='word_1_863' title='bbox 2834 5482 2851 5535; x_wconf 90' lang='grc' dir='ltr'>Ι</span> <span class='ocrx_word' id='word_1_864' title='bbox 2880 5480 3115 5554; x_wconf 50' lang='grc' dir='ltr'><strong>Τίωέγ,</strong></span> <span class='ocrx_word' id='word_1_865' title='bbox 3142 5482 3229 5554; x_wconf 73' lang='lat' dir='ltr'><strong>i2,</strong></span> <span class='ocrx_word' id='word_1_866' title='bbox 3258 5483 3371 5554; x_wconf 76' lang='lat' dir='ltr'><strong>sive</strong></span> <span class='ocrx_word' id='word_1_867' title='bbox 3400 5481 3459 5533; x_wconf 88' lang='lat' dir='ltr'><strong>in</strong></span> <span class='ocrx_word' id='word_1_868' title='bbox 3482 5481 3767 5554; x_wconf 72' lang='lat' dir='ltr'><strong>castitate,</strong></span> 
     </span>
    </p>
   </div>
   <div class='ocr_carea' id='block_1_118' title="bbox 2117 5550 3770 5633">
    <p class='ocr_par' dir='ltr' id='par_1_118' title="bbox 2117 5550 3770 5633">
     <span class='ocr_line' id='line_1_118' title="bbox 2117 5550 3770 5633; baseline -0.001 -22"><span class='ocrx_word' id='word_1_869' title='bbox 2117 5558 2188 5611; x_wconf 90' lang='lat' dir='ltr'><strong>de</strong></span> <span class='ocrx_word' id='word_1_870' title='bbox 2215 5554 2548 5633; x_wconf 77' lang='lat' dir='ltr'><strong>virginitate</strong></span> <span class='ocrx_word' id='word_1_871' title='bbox 2595 5550 2964 5633; x_wconf 73' lang='lat' dir='ltr'><strong>interpretari</strong></span> <span class='ocrx_word' id='word_1_872' title='bbox 3015 5550 3538 5633; x_wconf 78' lang='lat' dir='ltr'><strong>Thcophylactum,</strong></span> <span class='ocrx_word' id='word_1_873' title='bbox 3582 5551 3770 5609; x_wconf 85' lang='lat' dir='ltr'><strong>OEcu-</strong></span> 
     </span>
    </p>
   </div>
   <div class='ocr_carea' id='block_1_119' title="bbox 2117 5622 2786 5697">
    <p class='ocr_par' dir='ltr' id='par_1_119' title="bbox 2117 5622 2786 5697">
     <span class='ocr_line' id='line_1_119' title="bbox 2117 5622 2786 5697; baseline -0.007 -15"><span class='ocrx_word' id='word_1_874' title='bbox 2117 5622 2379 5683; x_wconf 41' lang='lat' dir='ltr'><strong>meniuwm</strong></span> <span class='ocrx_word' id='word_1_875' title='bbox 2412 5632 2602 5697; x_wconf 70' lang='lat' dir='ltr'><strong>atque</strong></span> <span class='ocrx_word' id='word_1_876' title='bbox 2616 5622 2786 5697; x_wconf 75' lang='lat' dir='ltr'><strong>alios.</strong></span> 
     </span>
    </p>
   </div>
   <div class='ocr_carea' id='block_1_120' title="bbox 2187 5692 3778 5771">
    <p class='ocr_par' dir='ltr' id='par_1_120' title="bbox 2187 5692 3778 5771">
     <span class='ocr_line' id='line_1_120' title="bbox 2187 5692 3778 5771; baseline 0.002 -18"><span class='ocrx_word' id='word_1_877' title='bbox 2187 5700 2208 5733; x_wconf 77' lang='grc'>⁶</span> <span class='ocrx_word' id='word_1_878' title='bbox 2239 5692 2527 5771; x_wconf 62' lang='grc' dir='ltr'><strong>Ριοεουῇὺίὶ</strong></span> <span class='ocrx_word' id='word_1_879' title='bbox 2557 5694 2852 5771; x_wconf 69' lang='lat' dir='ltr'><strong>Victorius</strong></span> <span class='ocrx_word' id='word_1_880' title='bbox 2888 5701 2949 5771; x_wconf 16' lang='lat' dir='ltr'><strong>get</strong></span> <span class='ocrx_word' id='word_1_881' title='bbox 2972 5692 3279 5771; x_wconf 66' lang='lat' dir='ltr'><strong>pudicitiae</strong></span> <span class='ocrx_word' id='word_1_882' title='bbox 3313 5695 3778 5771; x_wconf 83' lang='lat' dir='ltr'><strong>incorruptionem</strong></span> 
     </span>
    </p>
   </div>
   <div class='ocr_carea' id='block_1_121' title="bbox 2117 5766 3185 5836">
    <p class='ocr_par' dir='ltr' id='par_1_121' title="bbox 2117 5766 3185 5836">
     <span class='ocr_line' id='line_1_121' title="bbox 2117 5766 3185 5836; baseline -0.004 -9"><span class='ocrx_word' id='word_1_883' title='bbox 2117 5771 2281 5828; x_wconf 88' lang='lat' dir='ltr'><strong>etiam</strong></span> <span class='ocrx_word' id='word_1_884' title='bbox 2314 5771 2373 5826; x_wconf 87' lang='lat' dir='ltr'><strong>in</strong></span> <span class='ocrx_word' id='word_1_885' title='bbox 2401 5768 2661 5825; x_wconf 67' lang='lat' dir='ltr'><strong>doctrinae</strong></span> <span class='ocrx_word' id='word_1_886' title='bbox 2692 5766 3036 5836; x_wconf 82' lang='lat' dir='ltr'><strong>integritate,</strong></span> <span class='ocrx_word' id='word_1_887' title='bbox 3071 5769 3185 5824; x_wconf 87' lang='lat' dir='ltr'><strong>etc.</strong></span> 
     </span>
    </p>
   </div>
   <div class='ocr_carea' id='block_1_122' title="bbox 3418 5967 3501 6031">
    <p class='ocr_par' dir='ltr' id='par_1_122' title="bbox 3418 5967 3501 6031">
     <span class='ocr_line' id='line_1_122' title="bbox 3418 5967 3501 6031; baseline 0.024 -2"><span class='ocrx_word' id='word_1_888' title='bbox 3418 5967 3501 6031; x_wconf 75' lang='grc'><strong>20</strong></span> 
     </span>
    </p>
   </div>
  </div>
