4310 6584
564 458 682 520 619

1817 454 1882 513 S.
1930 451 2243 514 EUSEBII
2287 451 2732 514 HIEBONYMI

3855 454 3979 516 620

569 596 626 647 et
655 587 1025 663 evangelista:
1059 588 1130 643 ab
1162 586 1451 642 haereticis
1482 588 1537 641 et
1566 584 1881 657 gentibus),
1913 585 2013 639 sed
2060 584 2213 656 quod
2243 585 2295 651 Α
2326 584 2384 639 in
2417 585 2525 640 hac
2555 586 2849 656 subjectas
2880 585 3020 642 viris
3050 586 3176 665 suis
3223 584 3475 643 asseruit
3539 599 3770 656 uxores,
3803 587 3979 659 quasi

570 679 717 736 nihil
750 679 997 751 dignum
1028 675 1479 750 reprehensione
1518 674 1673 729 dicat
1722 677 1822 728 aut
1860 673 2051 739 faciat,
2086 671 2221 728 licet

574 767 893 824 adversarii
924 766 1043 821 sint
1073 764 1144 819 ad
1179 763 1721 836 reprehendendum
1756 760 1960 831 parati.
1986 762 2054 816 Et
2082 760 2221 832 quia

577 859 717 912 sunt
747 853 916 910 multi
948 871 1062 909 non
1093 853 1334 919 subditi,
1368 850 1663 921 vaniloqui
1693 855 1749 904 et
1792 848 2076 904 mentium
2123 850 2219 904 de—

580 949 863 1017 ceptores,
900 943 1001 1015 qui
1034 943 1282 996 oderunt
1313 940 1369 994 in
1403 938 1587 1011 portis
1616 942 1982 1009 arguentem,
2015 942 2071 991 et
2101 954 2220 992 ser-

580 1050 817 1090 monem
840 1037 1107 1087 sanctum
1127 1028 1871 1098 abominantur,propterea
1891 1025 2221 1097 exemplum

582 1138 691 1180 nos
722 1122 781 1177 in
812 1120 1088 1176 omnibus
1120 1119 1478 1188 prmbeamus
1510 1116 1568 1169 in
1600 1114 1956 1181 doctrina,in
1990 1113 2225 1185 integri-

580 1216 718 1282 tate,
755 1211 899 1266 721
938 1210 995 1263 in
1029 1207 1324 1291 pudicitia,
1371 1206 1427 1259 in
1474 1221 1743 1260 sermone
1788 1220 1929 1258 sano
1977 1208 2036 1259 et
2082 1203 2223 1257 irre-

582 1296 964 1373 prehensibili
1000 1315 1012 1352 :
1047 1301 1110 1351 ut
1141 1295 1453 1350 adversarii
1477 1294 1604 1348 vitm
1630 1299 1687 1348 et
1717 1293 1991 1348 doctrinae
2014 1297 2225 1347 nostris

582 1389 830 1446 sanitate
852 1384 1165 1459 perterriti,
1200 1400 1312 1440 non
1346 1384 1598 1438 audeant
1624 1398 1922 1447 accusare,
1954 1380 2063 1435 hoc
2115 1387 2223 1441 est,

581 1475 727 1533 nihil
755 1474 1070 1532 verisimile
1123 1473 1181 1528 in
1232 1472 1602 1528 accusatione
1643 1471 1994 1542 conﬁngere.
2029 1470 2093 1523 Et
2138 1484 2225 1523 re-

579 1583 716 1623 vera
748 1582 933 1637 usque
986 1562 1158 1618 hodie
1205 1561 1472 1616 videmus
1524 1560 1837 1615 nonnullos
1866 1559 1925 1613 in
1957 1557 2229 1614 Eeclesiis

582 1659 948 1730 (quanquam
1008 1652 1129 1707 haec
1189 1668 1319 1705 rara
1375 1651 1496 1704 avis
1545 1650 1642 1719 sit)
1703 1653 1874 1704 tanta}
1927 1646 2229 1720 gravitatis

585 1743 1074 1813 continentiaeque
1105 1757 1253 1802 esse,
1288 1738 1553 1794 utetiam
1604 1739 1678 1792 ab
1726 1738 2074 1793 adversariis
2120 1738 2228 1791 ha—

587 1820 765 1891 beant
798 1829 1289 1895 testimonium,et
1317 1829 1563 1898 dicatur,
1597 1827 1698 1881 Vir
1727 1843 1978 1899 magnus
2005 1825 2230 1894 estille,

589 1928 646 1979 et
675 1925 890 1977 sanctae
923 1916 1404 1984 conversationis,
1439 1915 1753 1987 probisquc
1786 1916 2066 1985 moribus,
2118 1914 2230 1970 nisi

591 2015 750 2068 esset
781 2008 1108 2065 haereticus.
1140 2008 1319 2062 Nemo
1351 2012 1437 2061 est
1468 2006 1622 2060 enim
1676 2010 1793 2060 tam
1839 2005 2233 2059 immoderatos

592 2099 993 2173 impudentius,
1027 2102 1090 2151 ut
1120 2095 1259 2151 solis
1288 2097 1481 2150 radios
1530 2096 1717 2167 possit
1762 2111 2037 2150 accusare
2076 2099 2241 2150 tene-

592 2192 815 2257 brosus,
845 2193 900 2243 et
928 2188 1152 2242 clarum
1184 2185 1382 2240 lumen
1414 2184 1661 2257 caligine
1695 2183 1880 2240 noctis
1922 2185 2242 2239 oil'undcre.

595 2280 759 2336 Unde
790 2283 846 2334 et
872 2277 1191 2349 Apostolus
1243 2275 1365 2329 haec
1414 2275 1615 2329 eadem
1660 2291 1985 2345 praecavens
2015 2274 2096 2330 ait
2130 2293 2143 2329 :
2182 2279 2244 2333 Ut

596 2374 849 2441 auferam
906 2368 1237 2422 occasionem
1299 2365 1314 2398 ¹
1380 2364 1469 2418 his
1528 2366 1622 2434 qui
1670 2365 1859 2418 volunt
1907 2367 2243 2421 occasionem

596 2460 667 2531 (II
716 2457 836 2514 Cor.
869 2473 947 2526 x1,
996 2457 1102 2523 12).
1156 2454 1353 2508 Potest
1397 2457 1591 2508 autem
1641 2453 1691 2507 is
1739 2453 1837 2524 qui
1890 2471 1955 2508 ex
2005 2456 2243 2511 adverso

598 2552 709 2618 est,
741 2551 798 2602 et
826 2543 1096 2600 diabolus
1130 2542 1393 2614 intelligi,
1417 2541 1516 2613 qui
1547 2548 1853 2597 accusator
1876 2548 1966 2597 est
1997 2544 2240 2599 fratrum

542 2690 547 2695 .
598 2641 955 2700 nostrorum,
989 2636 1051 2687 ut
1079 2632 1333 2687 Joannes
1363 2630 1723 2702 evangelista
1754 2630 2029 2702 praedicat
2056 2633 2240 2703 (Apoc.

598 2742 698 2792 xn,
734 2724 823 2796 10)
857 2739 870 2778 :
905 2724 1007 2794 qui
1037 2738 1169 2776 cum
1202 2718 1345 2776 nihil
1380 2719 1651 2774 habuerit
1700 2720 1838 2774 mali
1886 2722 2040 2792 quod
2075 2722 2245 2776 nobis

598 2812 1173 2885 obiiciat,erubescit,
1201 2816 1259 2866 et
1289 2810 1630 2864 criminator
1661 2827 1774 2864 non
1811 2810 2018 2881 poterit
2043 2796 2243 2866 crimi-

598 2901 1024 2958 nari.Diabolus
1056 2904 1249 2953 autem
1284 2898 1339 2952 in
1377 2898 1576 2952 Latina
1602 2897 1804 2969 lingua
1831 2901 2247 2955 criminatorem

600 2996 789 3048 sonat.

674 3078 861 3151 (Vers.
893 3077 1091 3148 9,10.)
1123 3100 1151 3127 ‹‹
1183 3076 1339 3130 Servi
1389 3075 1644 3130 dominis
1695 3076 1817 3131 suis
1870 3076 2089 3133 subditi
2130 3078 2249 3133 sint

603 3170 662 3226 in
709 3167 985 3224 omnibus
1018 3184 1029 3221 :
1062 3169 1179 3222 sint
1227 3165 1546 3237 placentes,
1598 3182 1712 3220 non
1766 3167 2243 3235 contradicentes,

604 3274 720 3315 non
754 3258 1045 3323 furantes;
1095 3256 1195 3311 sed
1240 3270 1470 3309 omnem
1524 3254 1696 3309 fidem
1742 3256 2113 3310 ostendentes
2146 3257 2247 3311 bo-

2330 675 2533 730 eodem
2581 676 2754 730 verbo
2786 680 2844 730 et
2868 675 2929 729 in
2969 675 3150 731 servis
3179 679 3237 731 et
3267 675 3327 729 in
3357 673 3637 731 uxoribus
3686 691 3830 731 usus
3881 676 3979 731 sit.

2329 762 2768 825 Quodammodo
2800 764 2958 818 enim
3005 764 3252 819 maritus
3298 761 3497 818 uxoris
3541 768 3632 818 est
3677 764 3980 821 dominus.

2330 853 2462 921 Ipse,
2496 851 2705 922 inquit,
2738 851 3117 906 dominabitur
3163 854 3254 907 tui
3304 852 3456 922 (Gen.
3500 870 3585 920 ιιι,
3618 853 3728 923 16).
3760 853 3900 909 Erat
3926 858 3986 910 et

2331 938 2593 993 Salvator
2638 939 2942 1009 subjectus
2990 940 3331 1011 parentibus
3382 941 3508 997 suis
3554 941 3709 1013 (Luc.
3760 960 3824 1008 ιι,
3864 943 3986 1013 51),

2333 1028 2430 1081 sed
2466 1043 2599 1082 cum
2632 1027 2825 1082 adhuc
2854 1028 3164 1083 duodecim
3195 1029 3216 1062 ²
3246 1034 3400 1084 esset
3446 1045 3757 1099 annorum,
3791 1034 3850 1086 et
3889 1031 3985 1085 ni-

2333 1114 2416 1170 hil
2447 1115 2705 1171 differret
2735 1133 2767 1171 a
2798 1133 2985 1182 servo,
3041 1117 3320 1173 Dominus
3366 1118 3633 1174 omnium
3668 1135 3682 1174 :
3730 1119 3982 1175 necdum

2333 1204 2491 1258 enim
2522 1205 2594 1259 ad
2628 1204 2942 1275 perfectam
2967 1204 3071 1259 viri
3099 1210 3325 1261 aetatem
3358 1223 3484 1277 quae
3515 1211 3714 1278 posset
3743 1207 3986 1264 heredi-

2334 1298 2513 1348 tatem
2546 1309 2765 1363 capere,
2800 1298 3157 1364 pervenerat.
3208 1295 3318 1350 Sed
3367 1299 3425 1350 et
3470 1294 3607 1350 alibi
3639 1297 3711 1351 de
3740 1312 3806 1353 eo
3838 1297 3983 1353 seri-

2336 1386 2502 1453 ptum
2535 1387 2626 1437 est
2657 1398 2670 1436 :
2708 1382 2846 1449 Quia
2874 1399 3000 1437 cum
3027 1384 3267 1455 subjecta
3298 1386 3353 1439 ei
3378 1387 3588 1454 fuerint
3620 1388 3835 1452 omnia,
3853 1390 3988 1443 tunc

2338 1472 2452 1542 ipse
2480 1471 2628 1540 ﬁlius
2657 1471 2983 1541 subjiciatur
3028 1474 3080 1527 ei
3128 1474 3224 1542 qui
3269 1474 3380 1528 sibi
3427 1475 3656 1546 subjecit
3687 1478 3894 1545 omnia,
3926 1484 3988 1533 ut

2336 1562 2407 1614 sit
2437 1560 2577 1615 Deus
2607 1562 2793 1615 omnia
2822 1562 2879 1615 in
2910 1562 3169 1617 omnibus
3213 1563 3262 1630 (l
3312 1563 3432 1618 Cor.
3481 1580 3575 1629 xv,
3624 1565 3736 1633 28).
3787 1565 3984 1636 Subji-

2338 1648 2575 1704 ciuntur
2607 1654 2800 1704 autem
2832 1649 2884 1705 ei
2909 1650 3128 1715 omnia,
3161 1666 3295 1706 eum
3318 1651 3529 1706 dixerit
3560 1669 3575 1708 :
3606 1654 3870 1709 Dominus
3889 1655 3989 1710 Do-

2338 1740 2489 1793 mino
2517 1755 2653 1806 meo,
2685 1740 2810 1794 sede
2860 1756 2895 1794 a
2946 1740 3158 1794 dextris
3204 1742 3391 1807 meis,
3419 1741 3588 1796 donec
3627 1758 3829 1814 ponam
3874 1746 3987 1799 ini-

2340 1829 2506 1882 micos
2531 1837 2652 1883 tuos
2677 1828 2974 1883 scabettum
3016 1829 3221 1901 pedum
3264 1838 3484 1885 tuorum
3534 1832 3708 1903 (Psal.
3758 1848 3871 1900 arx,
3916 1835 3989 1905 1).

2344 1919 2407 1972 In
2440 1916 2722 1987 subjectis
2744 1917 2928 1972 servis
2946 1916 3232 1973 Dominus
3263 1919 3671 1990 subjicitur.Et
3700 1923 3995 1993 quomodo

2352 2024 2454 2077 pro
2505 2007 2673 2061 nobis
2721 2006 2938 2062 dicitur
2983 2022 3111 2063 esse
3158 2007 3557 2078 maledictum,
3587 2027 3720 2066 cum
3754 2027 3870 2068 non
3917 2011 3997 2068 sit

2352 2095 2749 2166 maledictum,
2782 2096 2884 2151 sed
2912 2112 3047 2152 vera
3087 2096 3415 2153 benedictio
3467 2116 3479 2154 :
3531 2099 3614 2154 ita
3659 2116 3764 2172 pro
3799 2102 3993 2170 nobis,

2351 2183 2440 2239 vel
2487 2185 2788 2254 subjectus
2836 2184 3132 2253 scribitur,
3161 2185 3247 2242 vel
3278 2203 3394 2242 non
3425 2188 3733 2259 subjectus
3764 2207 3778 2245 :
3814 2192 3865 2245 si
3893 2196 3996 2249 aut

2352 2272 2572 2328 subditi
2602 2274 2885 2329 fuerimus
2912 2275 3153 2341 Deo,aut
3177 2292 3291 2331 non
3318 2276 3816 2343 subditi.Quidam
3839 2280 3997 2337 hunc

2353 2361 2545 2417 locum
2580 2362 2657 2417 ita
2683 2363 2885 2433 legunt
2917 2380 2930 2418 :
2961 2363 3125 2419 Servi
3164 2364 3403 2421 dominis
3451 2369 3567 2422 suis
3612 2368 3825 2425 subditi
3863 2374 3996 2442 sint,

2353 2456 2409 2506 et
2437 2456 2749 2523 postquam
2800 2452 2915 2507 huc
2963 2469 3149 2524 usque
3198 2454 3589 2523 distinxerint,
3624 2457 3903 2526 inferunt,
3937 2462 3997 2516 in

2353 2540 2604 2596 omnibus
2648 2542 2903 2612 placeant
2953 2558 2972 2597 :
3020 2558 3153 2597 cum
3204 2542 3263 2597 in
3312 2547 3504 2599 Graec
3552 2544 3705 2601 alius
3742 2547 3820 2603 sit
3858 2549 3998 2604 ordo

2353 2629 2641 2696 lectionis,
2676 2630 2731 2684 id
2765 2635 2873 2696 est,
2904 2632 3049 2685 servi
3075 2631 3315 2687 dominis
3362 2635 3480 2688 suis
3528 2633 3734 2691 subditi
3781 2638 3894 2692 sint
3940 2639 3998 2693 in

2354 2719 2639 2780 omnibus;
2672 2724 2734 2772 ut
2764 2724 3066 2790 sequatur,
3101 2718 3419 2794 εὐαρέστους
3470 2720 3602 2776 εἰναι
3635 2741 3648 2779 :
3685 2727 3841 2797 quod
3894 2743 4001 2782 nos

2354 2807 2487 2863 licet
2517 2825 2631 2863 non
2665 2807 2851 2879 plene,
2886 2813 3078 2866 tamen
3109 2828 3176 2865 ex
3209 2816 3370 2883 parte
3401 2810 3600 2884 aliqua
3629 2813 3999 2887 interpretari
4078 2834 4085 2837 ί

2356 2914 2693 2969 possumus,
2726 2908 2787 2953 ut
2817 2900 3189 2971 complaceant
3217 2901 3332 2956 sibi
3356 2919 3375 2956 :
3409 2917 3481 2957 ne
3507 2901 3776 2960 videlicet
3826 2921 4005 2978 super

2355 2986 2684 3042 conditione
2717 3004 2825 3043 sua
2850 2988 3117 3045 videatur
3162 2990 3245 3046 eis
3289 2990 3387 3045 Dei
3437 2990 3641 3063 iniqua
3688 2995 4001 3050 sententia.

2356 3077 2463 3132 Sed
2488 3076 2779 3148 quomodo
2802 3094 3025 3150 pauper
3040 3079 3206 3149 justa
3234 3095 3571 3136 mensuram
3595 3098 3764 3138 suam
3788 3081 4005 3139 salvari

2356 3169 2576 3237 potest;
2608 3171 2663 3220 et
2694 3166 2905 3221 mulier
2934 3166 2993 3221 in
3025 3183 3198 3224 sexus
3228 3169 3566 3225 infirmitate
3596 3187 3631 3225 a
3688 3187 3866 3244 regno
3900 3171 4006 3228 Dei

2357 3272 2472 3310 non
2505 3254 2853 3323 excluditur,
2886 3261 2944 3311 et
2973 3257 3165 3313 omnis
3194 3257 3452 3313 conditio
3483 3260 3807 3315 secundum
3856 3260 4007 3316 ordi-

603 3365 763 3415 nam,
816 3350 879 3402 ut
927 3345 1251 3401 doctrinam
1302 3343 1613 3398 Salvatoris
1658 3344 1839 3399 nostri
1892 3345 1988 3399 Dei
2038 3349 2248 3401 ornent
2278 3331 2321 3398 C
2362 3361 2492 3399 nem
2524 3362 2698 3400 suum
2720 3344 3143 3401 beatitudinem
3174 3363 3379 3418 capere
3410 3352 3635 3419 potest:
3663 3348 3747 3405 ita
3774 3352 3833 3405 et
3851 3348 4003 3405 servi

602 3438 663 3493 in
696 3436 990 3493 omnibus.
1023 3455 1050 3486 ι)
1084 3434 1366 3498 Quoniam
1403 3432 1689 3488 Dominus
1738 3437 1793 3488 et
1845 3433 2109 3489 Salvator
2149 3452 2250 3490 n0-

604 3532 743 3597 ster,
777 3525 875 3599 qui
909 3525 968 3580 in
1002 3523 1309 3595 Evangelio
1360 3522 1441 3577 ait
1498 3538 1511 3579 :
1571 3524 1751 3578 Venite
1796 3523 1864 3578 ad
1913 3540 2019 3593 me,
2068 3539 2254 3578 omnes

605 3617 701 3687 qui
750 3616 1011 3670 laboratis
1059 3622 1109 3669 et
1156 3613 1371 3668 onerati
1418 3614 1567 3679 estis,
1620 3616 1667 3666 et
1711 3628 1806 3680 ego
1865 3615 2108 3683 ria/icium
2169 3628 2254 3667 vos

606 3704 826 3777 (Matth.
867 3720 947 3773 x1,
978 3702 1091 3773 28),
1126 3700 1345 3767 nullam
1398 3700 1807 3766 conditionem,
1855 3704 2106 3767 aetatem,
2158 3718 2254 3756 se-

606 3809 769 3861 xum,
803 3809 836 3847 a
864 3790 1226 3846 beatitudine
1258 3790 1579 3845 arbitratur
1607 3788 1863 3844 alienum
1906 3806 1917 3844 :
1950 3793 2256 3861 propterea

611 3898 768 3937 nunc
797 3879 1111 3954 Apostolus
1142 3884 1196 3934 et
1228 3878 1410 3934 servis
1443 3883 1729 3949 prmcepta
1779 3878 2102 3944 constituit,
2138 3878 2254 3934 sci-

607 3971 745 4028 licet
762 3976 827 4027 ut
846 3970 996 4043 parti
1020 3969 1287 4024 Ecclesiae
1310 3968 1707 4039 membrisque
1730 3969 1988 4039 corporis
2011 3967 2249 4024 Christi.

607 4062 676 4118 Et
703 4060 996 4133 quomodo
1029 4058 1298 4131 superius
1331 4075 1520 4126 senes,
1555 4075 1724 4125 anus,
1767 4056 2253 4127 adolescentulus,

598 4151 866 4223 juvenes,
902 4150 1042 4223 quid
1090 4148 1254 4204 Titus
1305 4148 1536 4203 erudire
1584 4148 1819 4202 deberet
1865 4148 2097 4203 edocuit
2132 4147 2255 4203 :ita

605 4258 763 4297 nunc
802 4240 986 4296 servis
1032 4239 1169 4311 apta
1219 4243 1503 4311 praecepta
1533 4237 1853 4292 constituit.
1901 4238 2158 4293 Primum
2190 4240 2255 4292 ut

606 4329 827 4388 subditi
859 4330 978 4386 sint
1006 4328 1265 4384 dominis
1298 4327 1422 4383 suis
1454 4327 1511 4380 in
1545 4326 1912 4381 omnibusin
1946 4326 2038 4381 his
2055 4332 2251 4382 autem

608 4421 906 4488 omnibus,
939 4435 1066 4489 quae
1099 4435 1211 4474 non
1245 4421 1385 4472 sunt
1415 4415 1708 4472 contraria
1738 4415 1851 4469 Deo
1890 4431 1903 4470 :
1939 4419 2001 4469 ut
2049 4416 2096 4469 si
2148 4416 2249 4471 do-

606 4510 804 4566 minus
833 4526 900 4564 ea
920 4509 1090 4580 jubet
1120 4524 1249 4579 quae
1296 4524 1410 4561 non
1463 4511 1601 4562 sunt
1645 4505 1891 4561 adversa
1938 4505 2252 4577 Scripturis

606 4598 845 4666 sanctis,
882 4596 1230 4667 subjiciatur
1259 4613 1459 4652 servus
1491 4594 1748 4651 domino.
1782 4594 1882 4649 Sin
1927 4611 2056 4650 vero
2109 4612 2250 4650 con—

2361 3433 2763 3505 complaceant
2794 3434 2905 3489 sibi
2956 3435 3113 3506 quod
3163 3436 3312 3490 servi
3365 3435 3488 3491 sint
3521 3452 3535 3491 :
3568 3441 3628 3492 et
3658 3453 3774 3493 non
3802 3436 4023 3495 idcirco

2362 3528 2568 3593 putent
2616 3523 2732 3578 Deo
2783 3540 2845 3579 sc
2896 3523 3110 3579 servire
3160 3541 3275 3580 non
3328 3540 3522 3596 posse,
3573 3526 3714 3596 quia
3761 3526 4010 3598 subjecti

2362 3612 2480 3666 sint
2508 3611 2879 3680 hominibus;
2914 3614 3015 3667 sed
3050 3613 3107 3667 in
3140 3629 3207 3669 eo
3234 3615 3422 3686 magis
3455 3612 3680 3686 placere
3728 3614 4017 3671 voluntati

2363 3701 2483 3766 Dei,
2518 3700 2567 3755 si
2599 3706 2655 3755 et
2684 3701 2940 3758 dominis
2970 3701 3095 3758 suis
3125 3702 3347 3758 subditi
3379 3703 3596 3758 fuerint
3624 3703 3682 3759 in
3714 3705 4016 3774 omnibus,

2363 3794 2420 3843 et
2450 3789 2916 3861 complacuerint
2961 3790 3071 3846 sibi
3125 3790 3182 3845 in
3234 3792 3567 3848 conditione
3598 3809 3740 3861 sua;
3773 3797 3831 3849 et
3860 3793 4023 3865 quod

2364 3879 2634 3949 deinceps
2664 3880 2979 3951 Apostolus
3006 3880 3265 3952 praecipit
3313 3888 3732 3953 exsequantur,
3779 3887 3843 3937 ut
3890 3899 4006 3938 non

2366 3969 2484 4023 sint
2512 3969 2996 4040 contradicentes,
3054 3986 3168 4025 non
3221 3972 3501 4026 furantes.
3530 3970 3632 4027 Vel
3684 3971 4009 4028 maximum

2364 4073 2665 4113 servorum
2696 4058 2899 4115 vitium
2933 4060 3044 4125 est,
3076 4056 3332 4115 dominis
3357 4060 3775 4129 contradicere,
3797 4065 4009 4118 etcum

2365 4147 2581 4217 aliquid
2610 4148 2922 4217 jusserint,
2948 4164 3156 4203 secum
3210 4149 3545 4205 mussitare.
3580 4149 3781 4221 Itaque
3809 4150 4010 4206 Titum

2365 4240 2698 4290 commonet
2743 4241 2809 4291 ut
2858 4253 2959 4306 per
3008 4237 3336 4293 doctrinam
3384 4254 3591 4294 sanam
3636 4239 3709 4294 ab
3769 4238 3861 4295 his
3908 4239 4010 4311 qui

2364 4324 2679 4381 Christiani
2730 4326 2879 4381 servi
2928 4331 3087 4395 sunt,
3136 4326 3472 4383 istiusmodi
3512 4326 3737 4384 auferat
3778 4328 4011 4400 passio-

2364 4431 2519 4469 nem.
2556 4416 2613 4470 Si
2646 4414 2801 4470 enim
2835 4432 2963 4487 quis
2993 4415 3269 4471 dominus
3300 4416 3449 4472 728
3481 4416 3730 4488 imperat
3771 4430 4008 4473 necesse

2362 4502 2539 4559 habet
2570 4521 2771 4560 servus
2808 4504 3052 4577 implere
3102 4522 3115 4561 :
3158 4522 3262 4561 cur
3309 4506 3417 4561 hoc
3462 4506 3656 4578 ipsum
3710 4522 3821 4562 non
3868 4520 4006 4577 cum

2362 4592 2515 4648 bona
2543 4593 2717 4650 faciat
2744 4592 3068 4662 voluntate;
3120 4594 3222 4650 sed
3268 4599 3327 4650 et
3373 4594 3684 4650 dominum
3729 4593 4008 4664 offendat,

604 4688 787 4743 traria
816 4686 1097 4759 praecipit,
1126 4686 1312 4758 magis
1340 4686 1573 4741 obediat
1622 4683 1866 4757 spiritus
1917 4701 2094 4755 quam
2126 4701 2251 4740 cor-
2281 4708 2329 4774 Β
2360 4688 2418 4739 et
2466 4687 2661 4739 tamen
2706 4684 2882 4739 faciat
2927 4684 2949 4718 ³
2994 4683 3149 4756 quod
3189 4684 3465 4755 jubetur;
3500 4683 3751 4774 maxime
3780 4699 3913 4774 eum
3944 4687 4008 4774 et

603 4778 765 4852 poris
791 4777 1049 4833 domino.
1089 4776 1400 4848 Diligenter
1451 4773 1732 4831 attendite
1782 4773 2074 4844 quomodo
2113 4790 2249 4829 con-

603 4885 750 4941 grua
797 4865 1061 4940 personis
1121 4870 1404 4937 praacepta
1459 4865 1751 4919 decernat.
1803 4863 1974 4929 Servi,
2031 4862 2243 4934 inquit,

601 4959 839 5014 dominis
862 4959 977 5012 suis
1012 4958 1222 5012 subditi
1267 4959 1378 5012 sint
1430 4958 1487 5009 in
1534 4954 1782 5009 omnibus
1813 4953 2025 5023 (Ephes.
2060 4971 2133 5023 v1,
2166 4955 2243 5023 5).

603 5051 667 5105 1η
701 5049 814 5105 alio
847 5048 971 5104 loco
1003 5048 1314 5118 disputans
1354 5048 1424 5100 de
1472 5044 1630 5109 filiis,
1666 5042 1747 5097 ait
1779 5060 1791 5097 :
1825 5043 1976 5107 Filii,
2009 5043 2242 5111 obedile,

594 5139 920 5212 parentibus
977 5138 1212 5209 (Coloss.
1280 5153 1361 5203 ιιι,
1412 5138 1521 5201 20).
1576 5131 1750 5185 Filios
1812 5131 2025 5202 quippe
2083 5133 2247 5187 decet

597 5230 942 5301 parentibus
972 5229 1207 5284 obedire
1243 5245 1254 5282 :
1288 5241 1485 5281 servos
1512 5239 1642 5277 vero
1665 5221 1973 5292 imperanti
2008 5221 2244 5278 domino

596 5335 725 5376 esse
756 5320 1073 5390 subjectos.
1107 5317 1221 5371 Nec
1252 5313 1393 5369 illud
1438 5316 1717 5384 putamus
1754 5311 1900 5366 722
1933 5326 2060 5365 esse
2106 5328 2243 5365 cou-

596 5410 868 5478 trarium,
898 5408 1051 5480 quod
1086 5407 1144 5460 in
1177 5405 1292 5460 alia
1323 5401 1576 5474 Epistola
1611 5419 1623 5455 :
1658 5398 1936 5467 Mulieres,
1971 5400 2070 5469 ait,
2112 5403 2240 5456 sub-

582 5500 756 5567 jectae
800 5500 915 5552 sint
964 5498 1101 5551 viris
1150 5492 1359 5565 (Ephes.
1414 5508 1466 5559 γ,
1518 5492 1618 5558 22;
1677 5489 1875 5545 Coloss.
1926 5507 2011 5558 ιιι,
2045 5490 2154 5559 18),
2186 5494 2243 5545 et

668 5622 683 5655 ¹
738 5623 1037 5677 Contrario
1098 5618 1363 5689 falsoque
1427 5633 1604 5672 sensu
1632 5688 1643 5689 η
1670 5615 1818 5689 legit
1866 5614 2240 5689 Martianszus

595 5695 655 5749 ut
688 5696 921 5822 o/[ieiram
962 5686 1299 5750 occasionem
1329 5708 1348 5746 :
1380 5689 1477 5762 qui
1526 5692 1584 5744 et
1623 5686 1767 5744 falso
1805 5686 2024 5759 laudat,
2059 5688 2077 5743 Ι
2108 5687 2235 5745 Cor.

595 5779 716 5822 vm.
820 5806 832 5821 .

592 5779 716 5842 vin,
746 5779 832 5822 11.

2364 4774 2513 4828 Deus
2542 4773 2614 4828 ad
2646 4789 2862 4845 aquam
2894 4772 3369 4830 contradictionis
3399 4774 3657 4830 offensus
3694 4772 3807 4829 sit?
3844 4773 3912 4829 Et
3943 4772 4006 4829 in

2355 4863 2467 4919 alio
2496 4861 2622 4918 loco
2654 4864 2724 4918 de
2754 4867 3159 4919 murmurante
3185 4862 3400 4936 populo
3429 4862 3706 4936 loquatur
3737 4879 3750 4918 :
3780 4863 4006 4919 Desinat

2357 4971 2390 5006 a
2420 4970 2504 5007 me
2532 4955 2900 5008 murmuratio
2949 4970 3159 5021 eorum,
3205 4963 3257 5009 et
3297 4969 3408 5008 non
3454 4954 3765 5010 morientur
3810 4952 4001 5022 (Num.

2355 5059 2467 5109 xw,
2501 5043 2609 5114 11).
2643 5041 2782 5098 Post
2823 5042 3339 5098 contradictionem
3382 5047 3441 5098 et
3486 5042 3643 5098 aliud
3699 5057 3998 5099 servorum

2354 5130 2557 5185 vitium
2592 5130 2857 5187 doctrina
2885 5130 3099 5187 Christi
3130 5130 3399 5203 corrigat,
3431 5146 3502 5187 ne
3528 5131 3683 5205 fures
3718 5131 3851 5187 sint.
3890 5132 4003 5187 Fur

2354 5224 2549 5275 autem
2581 5237 2696 5276 non
2729 5220 2917 5276 solum
2948 5221 3006 5276 in
3038 5220 3493 5291 majoribus,sed
3515 5220 3694 5277 etiam
3725 5219 3785 5276 in
3808 5219 3996 5276 mino-

2308 5350 2319 5357 ,
2353 5308 2514 5365 ribus
2538 5309 2858 5381 judicatur.
2892 5310 3016 5365 Non
3048 5309 3203 5364 enim
3239 5309 3296 5364 id
3329 5309 3485 5382 quod
3526 5309 3683 5365 furto
3733 5308 3995 5365 ablatum

2352 5404 2457 5469 est,
2507 5401 2608 5456 sed
2663 5416 2829 5455 mens
2877 5400 3127 5455 furentis
3179 5399 3521 5454 attenditur.
3587 5398 3886 5470 Quomodo
3934 5399 3995 5454 in

2352 5489 2732 5545 fornicatione
2783 5492 2839 5544 et
2885 5488 3192 5557 adulterio,
3227 5505 3341 5544 non
3390 5488 3603 5543 idcirco
3651 5487 3879 5543 diversa
3919 5487 4001 5544 sit

2420 5615 2440 5648 ²
2471 5613 2790 5669 Praeferunt
2819 5613 2934 5667 duo
2964 5628 2994 5671 e
3025 5612 3242 5669 nostris
3271 5630 3415 5669 mss.
3447 5610 3722 5668 undecim.

2417 5686 2438 5721 ³
2469 5686 2556 5742 Ita
2586 5700 2730 5747 mss.
2763 5689 2948 5742 Antea
2977 5691 3102 5742 erat
3127 5689 3178 5744 et
3202 5685 3422 5744 tandem
3448 5687 3641 5763 faciat,
3673 5688 3783 5744 etc.
