4310 6626
389 498 542 579 1621

1260 496 1780 563 COMMENTAR.
1826 501 1903 562 IN
1950 500 2200 561 EPIST.
2250 501 2354 560 AD
2397 500 2672 572 TITUM,
2717 501 2893 561 CAP.
2940 501 3017 561 II.

3704 503 3839 563 7622

435 627 742 686 fornicatio
785 630 884 684 aut
934 627 1331 701 adulterium,
1358 631 1407 686 si
1467 630 1712 704 pulchra
1757 631 1843 687 vel
1894 631 2076 687 dives.
2111 635 2163 713 Α
2195 630 2306 685 hilo
2335 632 2572 685 salvabis
2599 647 2685 687 eos
2734 632 2903 702 (Psal.
2938 649 3025 700 LV,
3070 633 3145 704 8).
3179 634 3314 697 Quae
3348 633 3536 705 gratia
3564 635 3840 692 omnibus

437 718 716 775 deformis
762 721 865 774 aut
909 734 1150 789 pauper,
1206 718 1481 775 meretrix
1525 720 1613 776 vel
1659 720 1926 776 adultera
1965 720 2078 776 sit:

439 807 540 863 sed
587 806 1013 878 qualiscunque
1060 805 1160 862 illa
1210 807 1402 875 fuerit,
1454 826 1573 864 una
1617 814 1707 865 est
1755 809 2081 875 fornicatio,

438 895 527 952 vel
567 894 942 951 adulterium.
994 899 1081 950 lta
1119 899 1177 950 et
1226 894 1287 949 in
1342 897 1514 962 furto,
1566 886 2086 970 quantumcunque

441 1001 640 1042 servus
670 981 994 1052 abstulerit,
1029 983 1165 1038 furti
1194 984 1413 1040 crimen
1444 985 1708 1042 incurrit.
1745 987 1905 1042 Unde
1937 991 1994 1044 et
2026 986 2085 1041 in

442 1072 620 1145 Moysi
654 1072 778 1145 lege
826 1072 983 1128 fures
1039 1090 1462 1146 nonnunquam
1511 1075 1854 1147 septuplum
1902 1076 2084 1146 (Prov.

440 1180 517 1233 v1,
550 1162 660 1233 31),
712 1178 1137 1233 nonnunquam
1187 1158 1582 1234 quadruplum
1633 1164 1822 1235 (Ewod.
1864 1181 2005 1229 xxu,
2036 1163 2089 1235 1)

440 1252 681 1307 reddere
738 1250 1193 1323 compelluntur,
1251 1256 1308 1307 et
1363 1252 1659 1308 interdum
1708 1254 2093 1308 obtruncatur

441 1340 600 1413 (Ibid.
645 1340 740 1411 2);
799 1339 1096 1395 interdum
1153 1339 1424 1395 venditur
1471 1342 1564 1395 t'ur
1621 1341 1746 1413 ipse
1800 1359 1903 1413 pro
1936 1342 2092 1396 furto

443 1430 605 1501 (Ibid.
638 1429 713 1501 3).
745 1429 816 1484 de
847 1428 1062 1500 quibus
1093 1446 1325 1501 nupuer
1354 1430 1517 1485 vobis
1551 1430 1611 1484 in
1642 1430 1889 1486 Levitieo
1921 1447 2092 1500 expo-

444 1520 636 1575 suisse
675 1535 767 1574 me
827 1518 1087 1574 memini.
1148 1518 1208 1573 Si
1257 1522 1453 1573 autem
1505 1518 1611 1573 hoc
1661 1518 1991 1590 prohibitur
2036 1518 2093 1572 in

438 1612 631 1676 'servo,
665 1612 886 1679 quanto
917 1607 1106 1679 magis
1156 1607 1214 1662 in
1266 1606 1485 1663 libero:
1539 1625 1609 1663 ne
1649 1612 1751 1662 aut
1784 1608 1968 1678 judex
2000 1625 2093 1661 ra-

448 1699 590 1771 piat,
618 1702 718 1751 aut
749 1696 917 1751 miles
940 1712 1054 1751 non
1087 1700 1398 1751 contentus
1419 1696 1728 1768 stipendiis
1751 1698 1876 1752 suis
1903 1696 2098 1752 aliena

447 1784 748 1841 devastat?
777 1783 1023 1839 Pulchre
1045 1785 1282 1856 quidam
1312 1784 1398 1839 vir
1427 1785 1691 1857 apprime
1713 1784 1928 1857 gravis,
1960 1802 2096 1840 cum

447 1875 499 1931 ei
521 1874 830 1946 cujusdam
844 1873 1067 1945 judicis
1090 1874 1428 1930 laudaretur
1452 1874 1776 1947 integritas,
1800 1878 1857 1930 et
1881 1873 2101 1930 diceret

449 1965 520 2020 de
550 1980 615 2019 eo
647 1961 745 2019 ille
800 1961 900 2035 qui
948 1962 1246 2030 laudabat,
1294 1962 1418 2018 Non
1470 1967 1559 2019 est
1608 1965 1735 2018 fur:
1777 1964 2100 2035 respondit,

450 2052 752 2126 Optimum
784 2069 1017 2109 servum
1058 2053 1290 2120 faceret,
1347 2051 1395 2108 si
1445 2069 1551 2109 nec
1602 2052 1882 2125 fugitivus
1908 2057 2098 2109 esset:

452 2144 512 2199 in
536 2147 769 2199 tantum
791 2140 929 2196 furti
968 2140 1226 2213 suspicio
1252 2141 1326 2197 ab
1365 2140 1525 2197 omni
1567 2141 1748 2198 libero
1784 2142 1957 2197 debet
1977 2158 2106 2198 esse

453 2231 662 2288 aliena.
697 2230 826 2287 Sint
868 2230 1065 2302 itaque
1115 2231 1263 2287 servi
1316 2230 1537 2287 subditi
1594 2230 1849 2287 dominis
1889 2232 2013 2287 suis
2044 2231 2104 2285 in

454 2320 751 2391 omnibus,
804 2319 922 2374 sint
969 2319 1398 2392 eomplacentes
1447 2320 1770 2376 conditioni
1827 2338 1989 2379 sum:
2041 2323 2109 2375 ut

455 2428 571 2467 non
617 2411 805 2466 ferant
855 2425 1059 2481 aspere
1119 2411 1478 2479 servitutem,
1530 2425 1645 2465 non
1706 2408 2109 2465 contradicunt

456 2497 732 2566 dominis,
778 2515 892 2552 non
944 2498 1230 2570 furentur,
1278 2503 1334 2553 et
1383 2503 1515 2570 post
1563 2498 1684 2555 haec
1729 2499 1786 2554 in
1829 2499 2108 2555 omnibus

457 2589 633 2645 ﬁdem
674 2587 890 2643 bonam
938 2586 1273 2653 ostendant,
1321 2591 1387 2643 ut
1434 2588 1761 2645 doctrinam
1805 2587 2109 2645 salvatoris

456 2677 561 2734 Dei
594 2675 777 2733 nostri
809 2679 1019 2745 ornent
1048 2675 1107 2731 in
1156 2677 1453 2733 omnibus.
1505 2677 1564 2733 Si
1595 2678 1754 2733 enim
1795 2677 1952 2750 apud
1986 2694 2108 2732 car-

459 2766 623 2823 nales
663 2765 933 2822 dominos
964 2765 1024 2820 in
1052 2764 1297 2821 minimo
1328 2765 1529 2823 fideles
1562 2766 1795 2836 fuerint,
1829 2766 2112 2838 incipient

459 2855 545 2912 eis
575 2855 729 2928 apud
761 2855 947 2910 Deum
980 2855 1204 2925 majora
1232 2854 1540 2911 committi.
1570 2855 1751 2911 Ornat
1782 2859 1978 2911 autem
2011 2855 2112 2911 do-

461 2944 708 3000 ctrinam
746 2942 994 3011 Domini,
1047 2943 1147 3016 qui
1196 2960 1264 2999 ea
1295 2961 1420 3016 qua:
1471 2944 1786 2999 conditioni
1828 2961 1950 3000 suae
1979 2948 2116 3016 apta

463 3038 622 3104 sunt,
656 3033 813 3090 facit.
863 3033 935 3089 Et
963 3050 994 3090 θ
1040 3033 1268 3090 diverso
1316 3034 1621 3089 confundit
1668 3050 1819 3104 eam,
1867 3034 1967 3105 qui
1998 3050 2113 3089 non

464 3129 554 3180 est
584 3124 883 3195 subjectus
913 3123 972 3178 in
1005 3122 1300 3190 omnibus,
1353 3123 1444 3178 cui
1484 3122 1737 3179 conditio
1769 3140 1877 3178 sua
1907 3121 2114 3195 displi-

468 3217 577 3284 cet,
609 3213 710 3285 qui
732 3212 1126 3268 contradictor
1145 3217 1319 3285 atque
1342 3213 1642 3268 fraudator
1664 3213 1721 3268 in
1754 3200 1915 3268 nullo
1943 3212 2116 3267 ﬁdem

2191 719 2532 775 hominibus
2560 719 2689 775 ideo
2721 720 2932 789 illuxit,
2969 726 3032 775 ut
3057 722 3314 777 erudiret
3344 740 3450 778 nos
3485 723 3842 795 abnegantes

2193 807 2551 878 impietatem
2576 813 2631 863 et
2653 808 2955 864 saecularia
2984 809 3294 881 desideria,
3321 811 3549 881 pudice,
3580 818 3635 866 et
3657 814 3839 882 juste,

2195 903 2253 952 et
2283 898 2373 968 pie
2402 898 2591 953 vivere
2643 898 2701 953 in
2745 897 2855 953 hoc
2912 897 3141 955 saeculo.
3193 899 3338 961 Quid
3387 899 3463 954 sit
3509 905 3704 954 autem
3735 902 3843 955 ab—

2197 1000 2408 1055 negare
2455 985 2816 1056 impietatem
2876 992 2932 1041 et
2979 987 3279 1042 saecularia
3326 988 3635 1058 desideria,
3680 1006 3748 1044 ex
3777 1005 3842 1045 eo

2198 1074 2353 1145 quod
2405 1091 2584 1145 supra
2629 1075 3027 1145 exposuimus,
3056 1076 3225 1130 Deum
3243 1077 3571 1146 conﬁtentur
3588 1094 3646 1133 se
3668 1094 3842 1146 nosse,

2196 1164 2359 1233 factis
2386 1173 2576 1218 autem
2604 1168 2809 1233 negant
2839 1164 2964 1234 (Tit,
3001 1182 3038 1229 ι,
3088 1166 3197 1236 16),
3232 1166 3478 1238 intelligi
3510 1184 3681 1239 posse
3709 1184 3845 1223 con-

2200 1251 2371 1316 ﬂdeo,
2404 1256 2461 1306 et
2490 1268 2591 1323 per
2612 1251 2902 1307 contraria
2922 1253 3173 1308 disserta
3195 1256 3504 1311 contraria.
3538 1256 3851 1313 Saecularis

2201 1356 2335 1411 ergo
2351 1339 2940 1413 desideriasunt,qute
2962 1358 2996 1395 a
3020 1344 3225 1396 mundi
3247 1343 3420 1399 istius
3438 1344 3698 1418 principe
3718 1362 3853 1419 sug-

2202 1432 2520 1501 geruntur:
2554 1433 2767 1484 etcum
2791 1431 2910 1485 sint
2931 1430 3148 1502 smculi,
3172 1447 3306 1486 cum
3330 1432 3525 1487 saeculi
3558 1433 3736 1505 hujus
3752 1452 3856 1490 nu-
3962 1466 3969 1469 -

2205 1517 2275 1573 be
2295 1523 2725 1588 pertranseunt.
2753 1519 2866 1575 Nos
2884 1524 3078 1575 autem
3097 1535 3233 1575 cum
3258 1520 3464 1592 pudice
3482 1522 3730 1592 etjuste,
3748 1540 3854 1579 nec

2206 1622 2443 1677 corpore
2476 1606 2716 1673 scilicet,
2770 1624 2873 1662 nec
2920 1614 3113 1663 mente
3164 1613 3488 1680 peccantes,
3538 1609 3854 1669 vixerimus

2205 1693 2265 1749 in
2296 1694 2545 1760 Christo,
2604 1696 2696 1767 pie
2751 1712 2984 1767 quoque
3043 1698 3304 1753 vivemus
3358 1699 3415 1754 in
3466 1700 3574 1754 hoc
3606 1700 3854 1756 saeculo:

2208 1800 2335 1854 quae
2365 1783 2555 1854 pietas
2599 1788 2894 1855 exspectat
2941 1786 3167 1840 beatam
3218 1803 3406 1857 spem,
3456 1793 3513 1843 et
3543 1789 3858 1844 adventum

2208 1871 2403 1943 gloria:
2437 1872 2630 1944 magni
2654 1872 2778 1939 Dei,
2812 1878 2868 1929 et
2889 1872 3202 1929 Salvatoris
3234 1876 3419 1931 nostri
3447 1877 3589 1933 Jesu
3623 1878 3857 1934 Christi.

2207 1960 2368 2016 Sicut
2396 1961 2551 2016 enim
2583 1961 2856 2034 impietas
2904 1963 3101 2035 magni
3142 1963 3243 2020 Dei
3277 1966 3617 2025 reformidat
3646 1968 3859 2023 adven-

2209 2054 2358 2117 tum,
2390 2050 2472 2105 ita
2528 2067 2736 2106 secura
2764 2052 2834 2107 de
2891 2069 3064 2124 opere
3117 2070 3244 2120 suo,
3299 2057 3356 2109 et
3411 2055 3481 2110 de
3536 2056 3651 2111 fide
3689 2054 3860 2111 illum

2212 2139 2397 2211 pietas
2428 2139 2816 2212 przestolatur.
2850 2141 2958 2195 Ubi
2989 2144 3079 2197 est
3108 2158 3339 2214 semper
3367 2143 3541 2199 Arius
3561 2144 3589 2199 ?
3620 2146 3720 2200 ubi
3750 2146 3863 2200 Eu-

2214 2227 2448 2284 nomius
2506 2228 2787 2284 coluber?
2845 2229 3092 2302 Magnus
3151 2231 3304 2287 Deus
3359 2232 3531 2288 Jesus
3572 2233 3863 2303 Christus,

2211 2316 2473 2372 Salvator
2502 2316 2737 2382 dicitur,
2777 2335 2891 2373 non
2942 2319 3368 2392 primogenitus
3416 2321 3608 2379 omnis
3638 2327 3868 2379 creatu-

2216 2424 2313 2475 re,
2347 2423 2462 2462 non
2494 2405 2749 2462 Verbum
2781 2407 2882 2464 Dei
2914 2412 2970 2463 et
2990 2409 3314 2480 sapientia;
3344 2411 3442 2466 sed
3467 2411 3866 2468 JesuS'Chris-

2218 2500 2344 2552 stus
2369 2511 2382 2550 :
2417 2512 2544 2566 quae
2565 2495 2847 2553 vocabula
2877 2498 3167 2569 assumpti
3190 2498 3449 2556 hominis
3478 2507 3636 2556 sunt.
3668 2500 3867 2573 Neque

2216 2599 2349 2639 vero
2381 2581 2563 2637 alium
2607 2582 2810 2638 Jesum
2858 2582 3174 2655 Christum,
3214 2586 3359 2642 725
3396 2585 3578 2642 alium
3607 2587 3866 2644 Verbum

2219 2670 2492 2739 dicimus,
2527 2675 2603 2742 ut.
2622 2688 2771 2727 nova
2814 2672 3050 2729 haeresis
3098 2673 3531 2731 calumniatur:
3565 2677 3665 2732 sed
3698 2693 3870 2733 eum-

2220 2762 2351 2816 dem
2382 2765 2440 2817 et
2471 2764 2602 2815 ante
2634 2760 2865 2831 saecula,
2913 2766 2970 2816 et
2999 2767 3132 2834 post
3178 2762 3411 2831 saecula,
3444 2770 3501 2821 et
3531 2771 3664 2821 ante
3696 2784 3869 2821 mun-

2221 2852 2385 2919 dum,
2432 2852 2489 2904 et
2545 2855 2675 2921 post
2725 2850 2990 2917 Mariam,
3051 2852 3167 2907 imo
3226 2870 3294 2908 ex
3336 2852 3540 2922 Maria,
3588 2872 3870 2928 magnum

2223 2941 2407 2996 Deum
2469 2939 2837 3010 appellamus
2905 2940 3262 2997 Salvatorem
3340 2948 3609 2999 nostrum
3665 2945 3871 3000 Jesum

2223 3028 2541 3094 Christum,
2593 3028 2690 3099 qui
2753 3028 2914 3084 dedit
2967 3030 3352 3102 semetipsum
3413 3050 3514 3105 pro
3573 3034 3763 3105 nobis,
3812 3038 3877 3089 ut

2225 3116 2477 3191 pretioso
2511 3117 2796 3189 sanguine
2826 3134 2933 3173 suo
2975 3135 3081 3174 nos
3125 3120 3437 3177 redimeret
3466 3123 3537 3177 ah
3569 3123 3728 3178 omni
3762 3122 3876 3178 ini-

2228 3207 2471 3279 quitate,
2504 3210 2561 3261 et
2592 3207 2900 3262 mundaret
2939 3207 3049 3263 sibi
3101 3208 3381 3280 populum
3430 3209 3735 3284 περιοῦσα».
3774 3212 3879 3283 (ita

466 3302 679 3358 bonam
714 3301 988 3358 ostendit.
1024 3301 1324 3365 Quomodo
1347 3302 1504 3357 enim
1533 3307 1726 3374 potest
1746 3303 1852 3373 [ΑΙ.
1890 3300 2119 3374 poterit]
2229 3295 2444 3367 quippe
2475 3294 2723 3350 habetur
2751 3294 2810 3349 in
2842 3296 3077 3365 Graeco),
3112 3302 3169 3352 et
3196 3298 3485 3354 bonorum
3517 3317 3761 3372 operum
3794 3301 3878 3355 fa-

465 3389 656 3446 ﬂdelis
688 3405 816 3445 esse
847 3389 905 3444 in
938 3389 1274 3445 substantia
1319 3389 1441 3456 Dei,
1475 3389 1576 3463 qui
1628 3389 1847 3446 carnali
1877 3389 2117 3445 domino
2148 3374 2189 3440 C
2228 3388 2383 3440 ceret
2411 3382 2814 3438 amulaiorem.
2850 3384 3011 3456 Saepe
3052 3401 3282 3441 mecum
3327 3387 3702 3444 considerans
3733 3389 3875 3461 quid

464 3477 640 3534 ﬁdem
674 3477 944 3534 exhibere
975 3493 1091 3533 non
1122 3477 1355 3549 potuit?

536 3656 686 3713 724
715 3655 900 3728 (Vers.
956 3656 1016 3710 11
1071 3658 1261 3728 seqq.)
1289 3679 1317 3707 ‹‹
1349 3655 1544 3712 Illuxit
1590 3657 1746 3713 enim
1796 3657 1983 3730 gratia
2013 3658 2117 3713 Dei

458 3745 780 3801 Salvatoris
827 3743 1103 3801 omnibus
1151 3744 1514 3813 hominibus,
1567 3746 1842 3802 erudiens
1893 3763 2001 3801 nos
2031 3753 2116 3817 ut,

460 3835 819 3907 abnegantes
847 3833 1208 3905 impietatem
1242 3837 1299 3888 et
1328 3833 1629 3890 saecularia
1666 3835 1974 3903 desideria,
2007 3852 2118 3908 pu-

464 3924 611 3991 dice,
645 3927 701 3979 et
719 3923 904 3995 juste,
954 3926 1008 3978 et
1040 3922 1131 3995 pie
1173 3922 1437 3979 vivamus
1484 3923 1544 3978 in
1588 3923 1698 3979 hoc
1739 3924 1993 3985 seculo:
2025 3940 2120 3980 ex-

466 4016 800 4085 spectantes
827 4012 1060 4067 beatam
1105 4028 1290 4084 spem,
1324 4016 1381 4067 et
1428 4013 1737 4068 adventum
1770 4013 1964 4085 gloriae
1998 4030 2123 4069 ma-

469 4102 567 4174 gni
600 4101 721 4170 Dei,
778 4105 836 4157 et
886 4100 1200 4157 Salvatoris
1260 4102 1445 4158 nostri
1501 4102 1644 4159 Jesu
1703 4102 1959 4159 Christi:
2022 4102 2125 4174 qui

473 4190 635 4267 dedit
664 4190 1049 4262 semetipsum
1082 4207 1183 4262 pro
1237 4190 1426 4256 nobis,
1459 4196 1525 4245 ut
1576 4208 1681 4247 nos
1714 4192 2024 4247 redimeret
2052 4192 2124 4247 ab

476 4278 636 4333 omni
666 4278 995 4349 iniquitate,
1027 4282 1085 4334 et
1129 4277 1441 4334 mundaret
1490 4279 1604 4335 sibi
1644 4281 1925 4352 populum
1960 4296 2132 4353 egre-

478 4364 664 4440 gium,
697 4366 1091 4425 simulatorem
1126 4368 1413 4424 bonorum
1446 4385 1707 4440 operum.
1744 4389 1770 4420 η
1809 4374 1950 4426 Post
1980 4374 2131 4426 cata-

477 4456 675 4530 Iogum
705 4457 980 4513 doctrinae
1012 4458 1082 4513 ad
1115 4457 1333 4525 Titum,
1380 4457 1521 4529 quid
1554 4473 1744 4527 senes,
1787 4459 1928 4530 quid
1958 4476 2128 4529 anus,

478 4545 620 4618 quid
654 4544 1119 4603 adolescentulas
1143 4551 1200 4602 et
1219 4548 1493 4619 juvenes,
1525 4547 1665 4619 quid
1699 4548 1769 4603 ad
1803 4554 2128 4603 extremum

478 4650 676 4689 servos
712 4634 947 4690 erudire
977 4634 1232 4705 deberet,
1266 4639 1421 4690 recte
1464 4650 1620 4689 nunc
1672 4635 1904 4690 intulit:
1939 4636 2133 4692 Illuxit

2225 3472 2335 3530 sibi
2366 3471 2537 3527 vellet
2564 3473 2805 3527 verbum
2857 3471 3191 3546 περιώσιον,
3227 3478 3285 3530 et
3332 3493 3365 3530 a
3395 3477 3739 3548 sapentibus
3770 3494 3879 3532 sae-

2226 3560 2340 3617 culi
2376 3559 2554 3630 hujus
2599 3560 2964 3632 interrogans
3016 3562 3065 3616 si
3114 3562 3259 3618 forte
3307 3562 3524 3620 alicubi
3573 3564 3876 3637 legissent,

2226 3667 2529 3722 nunquam
2562 3649 2818 3705 invenire
2844 3650 3005 3721 potui
3038 3651 3137 3722 qui
3172 3651 3319 3706 mihi
3350 3654 3490 3725 quid
3517 3654 3880 3727 significaret

2227 3746 2558 3812 exponeret.
2592 3739 2983 3804 Quamobrem
3033 3739 3372 3812 compulsus
3419 3760 3551 3798 sum
3598 3744 3668 3799 ad
3700 3743 3882 3800 Vetus

2228 3829 2694 3886 Instrumentum
2727 3844 3042 3897 recurrere,
3077 3832 3234 3886 unde
3284 3831 3612 3888 arbitrabar
3642 3839 3697 3890 et
3728 3840 3883 3907 Apo-

2230 3918 2447 3974 stolum
2479 3918 2804 3989 sumpsisse
2834 3918 2992 3989 quod
3035 3919 3276 3975 dixerat.
3322 3921 3600 3977 Hebraeus
3627 3923 3785 3980 enim
3816 3940 3886 3981 ex

2232 4008 2487 4063 Hebraeis
2543 4011 2601 4062 et
2654 4008 2977 4062 secundum
3036 4007 3221 4081 legem
3255 4008 3581 4067 Pharisreus
3612 4013 3879 4085 (Philipp.

2236 4114 2317 4167 In,
2367 4097 2445 4167 5),
2497 4097 2699 4166 utique
2747 4095 2804 4150 id
2858 4096 3107 4157 ponebat
3154 4098 3210 4151 in
3264 4098 3523 4169 Epistola
3566 4117 3694 4171 sua,
3728 4103 3885 4172 quod

2234 4184 2513 4240 in'Veteri
2538 4184 2909 4238 Testamento
2943 4183 3155 4255 legisse
3186 4201 3248 4240 se
3280 4192 3536 4242 noverat.
3577 4189 3641 4244 In
3678 4191 3888 4246 Deute-

2236 4272 2501 4329 ronomio
2550 4272 2746 4343 itaque
2800 4272 3021 4344 reperi:
3076 4273 3346 4341 Quoniam
3390 4278 3620 4348 papulas
3668 4288 3890 4336 sanctus

2235 4372 2296 4419 tu
2327 4363 2550 4418 Domino
2576 4362 2680 4438 Deo
2726 4364 2837 4429 tuo,
2889 4365 2939 4417 et
2983 4364 3041 4417 in
3073 4370 3123 4417 te
3168 4364 3495 4435 complacuit
3527 4368 3753 4424 Domino
3782 4369 3890 4426 Deo

2238 4457 2374 4514 tuo;
2404 4459 2464 4506 ut
2492 4467 2628 4507 esses
2676 4452 2728 4506 ei
2758 4452 2817 4506 in
2861 4452 3123 4523 papulum
3170 4452 3501 4525 περιώσιον,
3542 4472 3610 4510 ac
3638 4459 3893 4514 omnibus

2234 4542 2453 4614 populis
2482 4542 2579 4613 qui
2622 4545 2749 4594 sunt
2794 4557 2959 4613 super
3002 4544 3201 4611 faciem
3250 4550 3414 4600 terrae
3462 4546 3639 4615 (Deut.
3682 4564 3780 4618 v11,
3813 4548 3892 4619 6).

2242 4631 2311 4686 Et
2343 4631 2398 4684 in
2431 4629 2749 4685 centesimo
2783 4631 3075 4687 tricesimo
3110 4638 3319 4705 quarto
3372 4634 3621 4705 psalmo,
3656 4635 3755 4691 ubi
3789 4653 3896 4692 nos

479 4724 627 4778 enim
656 4725 841 4791 gratia
870 4723 970 4778 Dei
998 4721 1308 4780 Salvatoris
1351 4724 1601 4780 omnibus
1643 4725 1975 4780 hominibus.
2008 4725 2132 4781 Non
2167 4745 2212 4809 ι)
2243 4720 2554 4786 habemus,
2583 4720 2814 4775 Psallile
2840 4723 3056 4776 nomini
3085 4723 3220 4793 ejus,
3273 4725 3535 4794 quoniam
3580 4742 3745 4781 suave
3771 4734 3850 4783 est
3880 4742 3894 4782 :

481 4816 569 4867 est
597 4812 755 4867 enim
787 4811 986 4884 aliqua
1017 4812 1346 4869 dilferentia
1380 4813 1544 4869 liberi
1577 4818 1632 4869 et
1662 4814 1834 4880 servi,
1869 4814 2048 4870 Graeci
2079 4818 2137 4870 et

482 4900 745 4968 Barbari,
778 4901 1109 4981 circumcisi
1136 4908 1193 4959 et
1222 4903 1494 4959 habentis
1520 4904 1896 4976 praeputium,
1929 4904 2135 4960 mulie-

482 4989 566 5047 ris
597 4997 656 5047 et
692 4989 844 5046 viri:
896 4991 999 5048 sed
1057 4992 1252 5047 cuncti
1299 4992 1358 5048 in
1408 4992 1637 5048 Christo
1688 5010 1872 5049 unum
1904 5011 2135 5063 sumus,

485 5080 743 5137 universi
802 5080 876 5136 ad
935 5081 1035 5137 Dei
1094 5098 1341 5155 regnum
1397 5098 1695 5152 vocamur,
1755 5100 1959 5139 omnes
2008 5088 2142 5156 post

488 5167 769 5224 offensam
799 5169 955 5225 Patri
988 5174 1188 5227 nostro
1237 5170 1654 5227 reconciliandi
1687 5188 1896 5227 sumus
1930 5175 1986 5239 ¹;
2023 5189 2138 5228 non

488 5271 593 5328 per
649 5256 856 5313 merita
910 5264 1131 5328 nostra,
1192 5260 1291 5316 sed
1324 5276 1428 5331 per
1474 5260 1723 5332 gratiam
1781 5259 2137 5318 Salvatoris:

420 5409 429 5423 '
488 5342 577 5399 vel
627 5345 779 5417 quod
833 5345 934 5402 Dei
984 5348 1171 5405 Patris
1218 5348 1415 5404 vivens
1467 5353 1523 5405 et
1573 5347 1906 5405 subsistens
1954 5350 2144 5422 gratia

487 5432 615 5505 ipse
647 5432 725 5490 sit
754 5434 1057 5494 Christus:
1108 5437 1195 5494 vel
1226 5438 1381 5510 quod
1431 5437 1643 5493 Christi
1693 5437 1789 5493 Dei
1828 5437 2142 5496 Salvatoris

486 5520 610 5578 haec
639 5523 718 5579 sit
745 5528 936 5596 gratia
964 5545 978 5596 ;
1007 5532 1064 5583 et
1096 5543 1211 5582 non
1236 5531 1435 5584 nostro
1458 5526 1663 5582 merito
1694 5526 1900 5583 salvati
1930 5528 2141 5599 simus,

406 5604 409 5607 ’
486 5613 812 5669 secundum
841 5615 986 5672 illud
1036 5615 1192 5688 quod
1222 5616 1283 5671 in
1313 5616 1426 5673 alio
1455 5615 1581 5673 loco
1612 5615 1826 5672 dicitur
1851 5635 1863 5673 :
1916 5617 2021 5674 Pro
2051 5619 2142 5673 ni-

558 5760 575 5795 ¹
613 5757 775 5814 Unus
803 5757 1039 5813 Cisterc.
1075 5773 1210 5827 ms.,
1243 5761 1586 5818 reconciliati
1611 5778 1820 5819 sumus.

557 5830 580 5867 ²
613 5830 677 5887 In
708 5829 937 5905 aliquot
984 5844 1128 5887 mss.
1162 5830 1465 5891 codicibus
1515 5833 1768 5907 legimus
1806 5834 1902 5892 hic
1930 5834 2147 5908 sogolas

2244 4810 2505 4881 quoniam
2531 4808 2692 4865 Jacob
2721 4810 2887 4877 elegit
2915 4811 3025 4865 sibi
3067 4812 3347 4867 Dominus.
3397 4814 3575 4869 Israel
3605 4816 3661 4870 in
3691 4830 3899 4887 posses-

2244 4901 2415 4965 sione,
2445 4898 2552 4952 sibi
2598 4900 2771 4969 (Psal.
2832 4916 3052 4970 cxxxxv,
3105 4902 3158 4970 3,
3218 4902 3310 4971 4>ι
3366 4919 3468 4974 pro
3523 4919 3589 4959 eo
3623 4904 3776 4976 quod
3812 4908 3903 4959 est

2246 4989 2308 5043 in
2336 4989 2702 5059 possessione,
2733 4988 2789 5042 in
2851 4980 3045 5043 Graeco
3106 4991 3391 5062 scriptum
3449 4997 3539 5049 est
3592 4992 3667 5052 είς
3711 5011 3900 5066 περιου

2248 5076 2498 5149 σιασμὸν,
2560 5078 2716 5149 quod
2793 5078 3030 5149 quidem
3094 5080 3243 5136 726
3314 5080 3529 5153 Aquila
3584 5085 3642 5135 et
3697 5082 3905 5151 quinta

2249 5166 2436 5222 Editio
2491 5163 2566 5226 είς
2627 5164 2936 5239 περιούσιον
3002 5175 3438 5241 expresserunt.
3520 5170 3906 5241 Septuaginta

2248 5273 2384 5311 vero
2438 5261 2495 5311 et
2568 5256 2904 5324 Theodotio,
2976 5256 3394 5333 περιουσιασμὸν
3460 5258 3902 5327 transferentes,

2251 5346 2770 5401 commutationem
2804 5346 3038 5418 syllabae
3073 5348 3275 5417 fecere,
3328 5364 3440 5401 non
3473 5363 3704 5402 sensus.
3742 5347 3909 5419 Sym-

2181 5508 2186 5515 _
2252 5434 2499 5489 machus
2531 5435 2729 5508 igitur,
2764 5452 2867 5507 pro
2898 5452 2965 5515 eo
2988 5437 3144 5508 quod
3175 5439 3262 5491 est
3286 5434 3345 5489 in
3372 5435 3565 5490 Graeco
3585 5432 3901 5509 περιούσιον

2253 5525 2311 5580 in
2344 5524 2579 5580 Hebraeo
2610 5541 2819 5580 SGOLLA
2881 5510 3074 5597 (.1510)
3105 5526 3144 5595 ²,
3198 5524 3482 5595 expressit
3526 5522 3817 5598 ἐξαίρετον,
3847 5526 3908 5583 id

2252 5618 2340 5671 est
2368 5615 2649 5686 egregium
2679 5613 2766 5671 vel
2792 5615 3130 5687 praecipuum
3158 5631 3177 5675 ;
3219 5628 3322 5684 pro
3351 5628 3467 5684 quo
3496 5614 3669 5670 verbo
3702 5614 3760 5671 in
3795 5613 3911 5673 alio

2251 5757 2341 5834 vel
2370 5759 2617 5834 sogolla:
2648 5757 2706 5813 in
2741 5773 2857 5813 uno
2888 5761 3082 5834 autem
3134 5756 3527 5834 pulcherrimo
3577 5762 3633 5815 et
3664 5760 3911 5834 antiquo

2254 5831 2447 5887 inveni
2475 5830 2760 5903 scriptum
2807 5829 3001 5899 regula
3044 5844 3148 5902 pro
3195 5830 3407 5905 sagula.
3450 5830 3689 5890 Veteres
3734 5829 3910 5919 porrq
