4310 6580
523 445 639 504 623

1773 445 1836 504 8.
1886 443 2197 506 EUSEBII
2242 443 2685 507 HIERONYMI

3811 447 3932 508 624

523 574 818 650 volumine
848 573 1052 631 Latino
1096 591 1365 632 sermone
1417 579 1606 645 utens,
1658 578 1994 648 peculiarem
2026 579 2039 612 ¹
2077 577 2168 632 in-
2201 580 2252 644 Α
2284 581 2426 645 tare,
2459 583 2510 632 el
2541 580 2786 650 increpa.
2816 579 2884 634 Et
2919 577 3156 652 quidem
3190 577 3248 633 in
3297 593 3363 634 eo
3391 578 3549 650 quod
3580 577 3682 646 ait,
3715 579 3935 650 loquere

520 668 878 736 terpretatus
907 669 1015 720 est.
1057 664 1230 720 Recte
1277 664 1459 736 igitur
1499 664 1770 721 Christus
1817 665 2011 731 Jesus,
2048 683 2167 720 ma-

518 769 674 828 gnus
704 753 859 809 Deus
916 756 1115 808 noster
1170 758 1342 824 atque
1394 753 1675 822 Salvator,
1723 753 2010 809 reddemit
2062 771 2169 809 nos

521 838 807 913 sanguine
839 857 966 912 suo,
1001 845 1064 895 ut
1093 839 1204 896 sibi
1235 840 1632 896 Christianum
1680 840 1962 913 populum
1995 858 2167 914 pecu-

520 929 727 986 liarem
758 929 990 994 faceret,
1024 929 1120 1001 qui
1171 929 1480 1001 peculiaris
1529 935 1668 985 tunc
1708 947 1836 986 esse
1868 935 2082 1002 posset,
2117 931 2169 986 si

521 1018 811 1074 bonorum
837 1034 1076 1090 operum
1110 1017 1412 1072 aemulator
1459 1019 1780 1074 exsisteret.
1817 1019 1979 1074 Unde
2009 1023 2068 1074 et
2099 1017 2168 1072 il-

521 1105 619 1164 lud
656 1107 810 1180 quod
853 1107 914 1162 in
963 1106 1271 1178 Evangelio
1320 1107 1666 1162 secundum.
1719 1107 1958 1162 Latinos
1990 1107 2166 1164 inter-

520 1201 716 1270 pretes
746 1194 1027 1267 scriptum
1077 1200 1201 1250 est:
1254 1201 1460 1250 Panem
1504 1199 1750 1251 nostrum
1777 1196 2167 1268 quotidianum

519 1286 598 1342 da
651 1284 805 1340 nobis
859 1283 1016 1339 hodie
1071 1284 1276 1352 (Matth.
1337 1301 1411 1354 v1,
1449 1286 1556 1356 11),
1620 1284 1832 1340 melius
1878 1285 1938 1340 in
1970 1286 2166 1341 Graeco

519 1373 767 1430 habetur
806 1389 1008 1444 panem
1054 1380 1302 1428 nostrum
1356 1371 1652 1441 ἐπιούσιον,
1708 1374 1765 1428 id
1816 1379 1925 1441 est,
1972 1377 2164 1446 praeci-

510 1479 705 1536 puam,
734 1463 1012 1533 egregiam
1041 1463 1397 1531 peculiarem,
1455 1479 1586 1518 eum
1648 1463 1916 1518 videlicet
1965 1463 2062 1535 qui
2095 1465 2166 1518 de

515 1549 657 1607 coelo
688 1550 1068 1616 descendens,
1114 1551 1230 1606 ait:
1281 1553 1392 1621 Ego
1439 1568 1564 1605 sum
1606 1553 1768 1624 panis
1813 1553 1910 1624 qui
1937 1551 2009 1607 de
2035 1554 2165 1608 corio

512 1639 761 1696 descendi
787 1640 964 1712 (Joan.
997 1657 1073 1707 v1,
1105 1640 1216 1708 51).
1253 1639 1411 1694 Absit
1458 1641 1673 1712 quippe
1704 1646 1770 1696 ut
1814 1658 1951 1715 nos,
1974 1641 2072 1713 qui
2103 1642 2160 1696 in

511 1727 838 1786 crastinum
869 1729 1125 1800 cogitare
1171 1728 1686 1800 prohibemurhde
1740 1747 1888 1801 pane
1919 1731 2030 1784 isto
2061 1730 2163 1801 qui

511 1821 645 1892 post
673 1817 979 1890 paululum
1013 1817 1466 1889 concoquendus
1507 1822 1564 1872 et
1594 1817 1958 1890 abjiciendus
1989 1819 2159 1874 estin

511 1920 832 1972 seceSSUm,
881 1907 942 1970 in
998 1921 1168 1978 prece
1221 1905 1518 1960 Dominica
1567 1923 1770 1978 rogare
1819 1908 2158 1977 jubeamur.

512 1997 629 2055 Nec
659 1995 1159 2066 multum_ditl‘ert
1196 1994 1350 2050 inter
1393 1992 1666 2048 ἐπιούσιον
1717 2000 1770 2051 et
1828 1995 2158 2068 περιούσιον.

510 2085 842 2158 praepositio
901 2084 1055 2140 enim
1113 2085 1522 2140 tantummodo
1590 2089 1678 2140 est
1735 2091 1982 2153 mutata,
2049 2103 2162 2142 non

508 2175 771 2232 verbum.
822 2173 1068 2238 Quidam
1097 2171 1370 2226 ὲπιοῦσων
1421 2173 1758 2230 existimant
1804 2175 1860 2229 in
1903 2176 2164 2231 oratione

509 2264 812 2320 Dominica
841 2279 1051 2335 panem
1075 2262 1317 2330 dictum,
1351 2263 1504 2334 quod
1530 2281 1707 2336 super
1737 2279 1941 2320 omnes
1974 2261 2162 2326 edcta;

511 2353 610 2424 sit,
661 2352 770 2408 hoc
815 2357 923 2422 est,
985 2369 1160 2424 super
1214 2351 1517 2407 universas
1577 2353 1963 2408 substantias.
2007 2354 2153 2410 721

508 2441 670 2506 Quod
698 2441 749 2498 si
777 2441 1080 2514 accipitur,
1129 2458 1245 2497 non
1300 2441 1553 2496 multum
1604 2443 1674 2496 ab
1725 2458 1790 2497 eo
1841 2460 2016 2498 sensu
2045 2441 2158 2498 dif-

509 2531 622 2588 fert
651 2547 826 2604 quem
873 2530 1270 2602 exposuimus.
1325 2529 1617 2602 Quidquid
1668 2531 1822 2586 enim
1857 2532 2156 2604 egregium

507 2624 598 2678 est
651 2625 709 2676 et
762 2619 1142 2693 praecipuum,
1200 2626 1361 2675 extra
1435 2619 1633 2676 omnia
1697 2625 1806 2688 est,
1866 2625 1923 2675 et
1981 2637 2158 2692 super

509 2708 732 2766 omnia.

577 2799 760 2870 (Vers.
796 2798 903 2868 15.)
940 2820 960 2846 «ι
997 2801 1127 2852 Haec
1156 2801 1392 2869 loquere
1420 2802 1475 2852 et
1492 2797 1814 2862 exbortare,
1836 2802 1890 2852 et
1921 2799 2155 2870 increpa

505 2903 640 2944 cum
673 2887 833 2942 omni
885 2885 1150 2957 imperio.
1187 2908 1208 2935 ιο
1255 2886 1390 2941 Tria
1439 2885 1658 2957 posuit,
1681 2888 1919 2959 loquere,
1952 2887 2152 2942 exhor-

504 2993 902 3050 indifferenter
957 2991 1319 3064 accipiebant
1373 3007 1403 3046 ο
1451 2996 1507 3046 et
1563 3009 1672 3052 ou;
1720 2993 1839 3048 sive
1869 3009 1905 3047 ιι
1959 2997 2015 3048 et
2043 3009 2154 3054 ou:

507 3065 664 3120 unde
713 3066 902 3134 sogola
965 3079 1067 3135 pro
1118 3064 1308 3133 segnia
1365 3067 1422 3118 et
1466 3065 1673 3132 soyolla
1704 3081 1804 3135 pro
1831 3065 2064 3132 segulla.
2095 3066 2152 3120 Si

505 3135 722 3192 militer
775 3135 1004 3192 Sodoma
1059 3151 1160 3205 pro
1234 3135 1484 3199 Sedomo,
1546 3140 1609 3188 ut
1677 3135 1814 3190 alibi
1871 3137 2148 3192 diximus.

503 3208 692 3265 MART.
727 3239 797 3247 —
827 3207 968 3262 Mss.
1013 3207 1224 3277 segola.
1267 3206 1762 3277 quemadmodum
1811 3213 1867 3262 et
1909 3207 1966 3261 in
2000 3208 2147 3264 Mat-

505 3279 642 3352 thzei
696 3296 922 3352 cap._4v1
972 3281 1028 3352 et
1076 3276 1374 3333 Malachim
1434 3295 1495 3332 III
1555 3277 1754 3352 haberi
1805 3279 2148 3352 subqfinem

508 3330 1190 3431 ξιῖἓζηρἒςΜέζινιῖᾴᾳξιέυε
1207 3330 1226 3332 ί⁷
1241 3330 1490 3431 tamen,
1509 3330 1627 3431 qui
1649 3330 1658 3332 ’
1681 3330 1908 3419 “sane
1931 3330 2150 3431 legati
2180 3330 2222 3397 C

509 3422 762 3480 laudatis
806 3421 968 3490 locis,
1003 3421 1096 3476 hic
1151 3421 1350 3489 segula
1407 3419 1616 3474 malliit
1663 3437 1731 3476 ex
1779 3439 1892 3476 uno
1945 3419 2056 3478 ms.
2085 3423 2145 3479 in

501 3509 617 3566 quo
649 3500 847 3550 tamen
879 3493 1161 3566 scriptum
1207 3497 1332 3566 erat
1376 3492 1576 3566 vitiose
1623 3493 1840 3564 regula.
1878 3495 2048 3566 Porro
2077 3511 2146 3550 ex

497 3563 1342 3647 hoc_Hieronymiutestimoni_o
1393 3563 1732 3647 supplepdm
1786 3567 1842 3647 ip
1878 3565 2145 3647 l-lexaplis

499 3642 643 3710 sunt
673 3635 888 3710 quinta:
919 3635 1212 3692 editionis.
1249 3635 1665 3690 Theodotionis
1709 3651 1774 3691 ac
1805 3635 2142 3710 Symmachi

494 3707 1022 3780 interpretationes,
1064 3723 1529 3780 quze‘nupcrum
1584 3723 1785 3762 eorum
1829 3709 2139 3765 concinna-

491 3777 679 3836 torem
709 3779 794 3834 Cl.
827 3777 1339 3834 Monttauconium’
1358 3777 1675 3834 latuerunt.

565 3870 582 3903 ¹
615 3869 749 3932 Quae
779 3869 1064 3923 hactenus
1087 3865 1342 3922 obtinuit
1371 3866 1428 3920 in
1454 3865 1617 3922 libris
1639 3867 1915 3922 omnibus
1948 3867 2135 3935 lectio,

485 3941 840 4012 peculiarem,
873 3940 966 3994 vix
990 3939 1182 3994 dictus
1204 3943 1482 4012 cshquas
1507 3939 1695 4012 ﬁxerit
1715 3939 2137 4012 eruditissimis

399 4049 411 4052 -
485 4009 906 4084 interpretibus
955 4026 1175 4084 cruces.
1227 4009 1358 4076 Alii,
1413 4027 1559 4084 quos
1609 4011 1759 4084 inter
1804 4011 2134 4084 laudandus

487 4081 832 4157 cumprimis
867 4083 1097 4157 llodyus
1127 4081 1184 4136 in
1217 4081 1478 4157 veterum
1509 4082 1818 4157 Scripturae
1851 4083 2131 4157 interpre-

484 4154 786 4227 tatio—num
834 4154 1106 4226 Historia,
1183 4169 1312 4227 pag.
1388 4156 1514 4223 587,
1575 4154 1782 4227 exinde
1829 4154 2129 4227 colligunt,

483 4224 666 4284 fuisse
719 4226 962 4296 aliquid,
1022 4224 1141 4281 sive
1187 4224 1449 4296 aliquem
1502 4225 1810 4296 Scriptura:
1851 4224 2064 4280 librum
2098 4242 2132 4282 a

479 4296 891 4370 Symmmacho
905 4297 1106 4370 Latine
1119 4296 1608 4370 explicatum.Alii
1622 4299 1946 4352 econtrario
1961 4296 2126 4370 illud,

479 4369 635 4440 quod
667 4371 748 4426 ait
791 4375 848 4425 Β.
907 4369 1074 4425 Pater
1123 4369 1322 4440 Latino
1369 4383 1618 4422 sermone
1669 4371 1842 4434 utens,
1889 4369 2128 4440 perinde

477 4439 872 4514 accipiuntgac
921 4441 970 4496 si
1018 4439 1279 4514 dixisset,
1333 4440 1562 4514 Latinas
1602 4439 1902 4514 interpi'gs,
1939 4442 2126 4514 deque

474 4508 653 4568 veteri
683 4511 933 4584 Vulgato
975 4509 1323 4584 translators
1361 4508 1765 4584 intellexisset.
1802 4508 2121 4584 Fabricius,

473 4587 540 4638 ut
571 4579 860 4654 nuperum
892 4579 1228 4654 quempiam
1261 4580 1604 4654 scriptorem
1641 4581 1732 4636 hic
1762 4599 1992 4654 quoque
2025 4579 2124 4640 no;

472 4652 712 4718 minem,
741 4657 796 4710 in
826 4652 974 4709 hanc
1018 4652 1238 4707 mavult
1259 4653 1573 4707 concedere
1593 4652 1938 4710 sententiam
1963 4661 2118 4712 tome

468 4705 935 4808 {litigio-(liora;
968 4705 1182 4808 sine,
1247 4705 1568 4808 13:15.3;39.’
1602 4705 2115 4808 etiam};
2151 4705 2198 4768 Β

468 4796 753 4871 expositio
785 4815 957 4870 quam
995 4799 1160 4871 longe
1191 4812 1222 4848 a
1255 4797 1592 4871 tidetatquc
1645 4799 1802 4852 omni
1837 4799 1950 4853 veri
1987 4817 2116 4871 spc-

469 4867 556 4942 eie
587 4868 783 4942 distet,
802 4867 929 4942 Tuon
963 4868 1161 4942 multis
1195 4871 1331 4942 puto
1385 4867 1905 4942 demonstrandum
1935 4888 1947 4924 :
1983 4867 2116 4942 quis

463 4940 621 5013 enim
655 4940 766 4996 sibi
798 4941 855 4996 in
899 4941 1173 5013 animum»
1212 4939 1471 5008 inducat,
1525 4939 1624 4993 aut
1653 4941 1910 4996 nescium
1943 4939 2114 5013 plane

462 5010 650 5067 Latini
681 5013 971 5070 sermonis
1021 5011 1336 5084 hominem,
1389 5017 1661 5084 gentcret
1705 5010 1980 5084 religione
2010 5021 2109 5068 Sa-

459 5084 840 5156 maritanum,
891 5089 1090 5156 postea
1117 5083 1409 5145 Judaeum,
1457 5083 1707 5154 denique
1753 5083 2106 5154 lihionitam,

459 5152 646 5210 Latini
672 5152 1100 5228 aliquid-fuisse
1122 5159 1580 5228 commentatum
1601 5152 1628 5207 ‘l
1651 5162 1751 5208 aut
1773 5173 1898 5226 quae
1919 5152 2108 5228 inanis

455 5231 544 5302 _e_st
570 5225 986 5302 περισσόλογίά,
1037 5227 1478 5302 verborumque
1511 5225 1939 5302 immugit-ictas,
1997 5227 2104 5282 La-

450 5295 574 5369 tino
627 5295 896 5356 sermone
956 5305 1236 5366 utentem,
1295 5295 1720 5368 appellariab
1755 5298 2104 5369 Hieronymo

447 5365 706 5450 ‘Vulgatze
731 5371 1134 5450 translationis
1157 5365 1452 5450 auctorem
1473 5369 1500 5422 ‘l
1525 5369 1734 5422 Verum
1760 5368 1858 5450 illa
1881 5365 2103 5426 retenta

443 5436 690 5514 lectione
721 5459 836 5514 quo
868 5443 1103 5514 tandem
1142 5440 1446 5494 commodo
1493 5456 1670 5514 sensu
1702 5440 1975 5514 explices,
2009 5459 2101 5498 Vix

444 5507 960 5584 inveniesJDicam
994 5513 1174 5584 igitur
1197 5529 1312 5582 qua
1343 5527 1444 5582 ego
1469 5511 1692 5584 ratione
1723 5507 1914 5584 locum
1937 5529 2098 5568 ema-

443 5579 628 5654 culari
661 5583 854 5653 velim,
906 5579 1230 5654 trib'usque
1273 5579 1550 5654 detractis
1607 5581 1906 5654 litterulis,
1949 5600 2096 5654 quas

441 5650 779 5726 Latinorum
809 5650 1135 5711 scribarum
1188 5653 1488 5726 imperitia
1533 5653 1928 5726 subjunxerit,
1965 5650 2093 5726 "per-

439 5723 642 5795 spicue
673 5727 860 5795 possit
890 5742 955 5780 ac
985 5741 1114 5782 vere
1147 5723 1435 5780 sententia
1465 5724 1522 5778 S.
1555 5723 1818 5782 Doctoris
1839 5723 2089 5784 restitui.

434 5791 798 5873 Iampridem
847 5798 1232 5860 constitutum
1275 5801 1364 5854 est
1405 5797 1626 5871 animo,
1678 5813 1792 5854 non
1850 5799 1922 5856 de
1977 5799 2090 5860 alio

2194 1955 2241 2020 Β

2283 667 2353 720 ad
2387 667 2713 723 doctrinam
2743 667 2974 723 videtur
3021 683 3150 722 esse
3179 667 3568 723 referendum.
3603 669 3765 733 Quod
3799 683 3934 724 vero

2279 754 2502 822 intulit,
2534 756 2849 826 exhortare,
2881 757 2939 811 id
2973 761 3062 812 est
3085 753 3409 829 παρακάλει,
3443 756 3600 812 aliud
3635 756 3932 829 quoddam

2279 842 2338 897 in
2386 843 2582 898 Graeco
2631 845 2924 916 signiﬁcat
2977 861 3152 916 quam
3205 844 3264 900 in
3308 843 3530 900 latino:
3584 840 3934 918 πκράκλησις

2277 931 2492 1004 quippe
2553 934 2739 1005 magis
2797 933 3221 989 consolationem
3277 950 3453 1006 quam
3497 935 3932 990 exhortationem

2277 1025 2466 1075 sonat.
2501 1021 2616 1075 Hoc
2656 1023 2896 1077 verbum
2949 1027 3006 1076 et
3036 1021 3309 1093 superius
3357 1022 3428 1077 de
3459 1021 3930 1078 adolescentibus

2275 1113 2364 1164 est
2412 1109 2684 1166 loeutus:
2741 1115 2979 1166 szenes
3034 1111 3301 1166 similiter
3355 1113 3654 1181 consolare,
3703 1111 3930 1184 pudicos

2275 1215 2388 1252 esse
2417 1201 2475 1254 in
2505 1201 2759 1254 omnibus
2804 1201 2968 1269 (vers.
3009 1201 3086 1271 6).
3148 1204 3222 1254 De
3253 1215 3368 1271 quo
3416 1216 3523 1256 nos
3554 1199 3612 1256 in
3663 1217 3769 1256 suo
3801 1199 3928 1256 loco

2275 1287 2356 1342 ita
2388 1291 2452 1342 ut
2480 1289 2538 1343 in
2575 1289 2777 1343 Latino
2819 1289 3050 1361 legitur,
3098 1287 3267 1360 quasi
3316 1289 3612 1346 exhortare
3641 1289 3924 1362 scriptum

2274 1393 2421 1444 esse,
2481 1378 2898 1450 expressimus.
2953 1377 3298 1434 (tonsolatur
3345 1378 3526 1451 igitur
3569 1378 3927 1448 audientem,

2274 1466 2368 1536 qui
2401 1465 2577 1521 dicit:
2628 1471 2900 1536 Rogamus
2926 1483 3027 1538 pro
3061 1467 3303 1534 Christo,
3333 1467 3779 1523 reconciliamini
3823 1468 3928 1525 Deo

2272 1556 2353 1626 (11
2382 1555 2501 1610 Cor.
2535 1571 2592 1622 v,
2619 1556 2733 1628 ‘30),
2768 1559 2825 1610 et.
2851 1555 3111 1627 seipsum
3164 1554 3438 1610 humiliat
3467 1560 3524 1610 et
3569 1555 3830 1627 subjicit,
3863 1560 3930 1612 ut

2275 1643 2596 1699 lucrifaciat
2645 1660 2817 1716 quem
2871 1643 3225 1700 consolatur.
3285 1644 3448 1708 Quod
3497 1661 3629 1700 vero
3687 1644 3926 1700 tertium

2271 1738 2380 1804 est,
2416 1736 2654 1804 increpa,
2688 1731 3068 1789 consolationi
3102 1733 3244 1788 mihi
3280 1733 3507 1788 videtur
3531 1749 3659 1790 esse
3688 1738 3924 1790 contra-

2271 1821 2446 1888 rium,
2480 1828 2545 1877 ut
2589 1822 2924 1893 quicunque
2975 1819 3432 1878 consolationem
3481 1823 3921 1894 contempserit,

2269 1910 2666 1982 increpatione
2697 1912 2775 1966 sit
2795 1911 3030 1983 dignus,
3064 1915 3120 1966 et
3151 1915 3445 1966 mereatur
3473 1910 3676 1967 audire
3703 1929 3716 1967 :
3751 1912 3928 1968 Oblili

2271 2003 2400 2056 estis
2429 2001 2832 2068 consolationis,
2867 2017 2985 2072 qum
3015 2001 3163 2056 vobis
3208 2004 3266 2055 ut
3296 2000 3430 2071 ﬁliis
3461 2001 3708 2070 loquitur
3734 2000 3924 2074 (Hebr.

2273 2106 2373 2160 xu,
2399 2091 2478 2162 5).
2510 2090 2590 2144 Ad
2625 2089 2998 2144 Timotheum
3033 2105 3266 2162 quoque
3296 2088 3538 2146 alteram
3570 2089 3923 2146 consolatio-

2275 2194 2427 2246 nem,
2480 2182 2536 2233 et
2579 2178 3035 2250 increpationem
3086 2178 3330 2235 alteram
3379 2178 3652 2252 legimus,
3697 2178 3926 2236 dicente

2270 2266 2582 2337 Apostolo:
2643 2269 2790 2322 Insta
2845 2274 3162 2338 opportune,
3210 2267 3540 2339 importune,
3591 2284 3782 2340 argue,
3833 2271 3922 2323 in-

2267 2374 2449 2428 crepa,
2485 2355 2767 2412 consolare
2793 2358 2866 2428 (ll
2921 2358 3052 2412 Tim.
3103 2373 3174 2422 IV,
3204 2357 3282 2428 2).
3334 2357 3404 2412 Et
3449 2355 3530 2412 ibi
3561 2356 3797 2429 quidem
3827 2357 3922 2414 in-

2269 2445 2521 2518 crepatio
2575 2450 2712 2500 ante
2765 2445 3110 2513 assumitur,
3161 2451 3220 2501 et
3276 2450 3477 2518 postea
3526 2445 3918 2504 consolatione

2267 2535 2546 2591 severitas
2578 2539 2956 2608 temperatur.
2992 2535 3094 2590 Hic
3122 2551 3257 2590 vero
3285 2538 3418 2592 ante
3448 2533 3571 2590 vult
3599 2533 3920 2608 discipulos

2265 2621 2572 2692 consolari,
2607 2627 2664 2677 et
2701 2623 2746 2676 si
2803 2639 2915 2678 non
2965 2623 3318 2694 profecerint
3369 2622 3746 2691 consolando,
3779 2627 3923 2680 tunc

2264 2710 2498 2783 corripi,
2529 2715 2587 2766 et
2615 2710 2830 2783 corripi
2863 2727 2997 2766 cum
3029 2711 3188 2766 omni
3221 2711 3484 2784 imperio.
3519 2711 3612 2768 Sic
3641 2711 3796 2768 enim
3829 2713 3914 2770 in-

2263 2798 2461 2872 telligo
2493 2799 2601 2856 hoc
2634 2801 2788 2871 quod
2811 2799 3032 2856 dictum
3065 2806 3190 2856 est:
3224 2805 3457 2874 Increpa
3484 2818 3608 2858 cum
3634 2804 3786 2858 omni
3805 2803 3911 2857 im-

2257 2889 2434 2960 perio,
2469 2893 2532 2944 ut
2579 2889 2908 2961 specialiter
2956 2891 3026 2946 ad
3081 2889 3560 2963 increpationem,
3609 2895 3666 2946 et
3693 2908 3809 2947 non
3836 2893 3909 2948 ad

2262 2996 2654 3071 sermonehie
2685 3012 2834 3066 esse,
2862 3013 3038 3071 quam
3067 2997 3138 3051 de
3165 2997 3345 3052 veteri
3375 3000 3570 3053 Graeco
3597 2997 3913 3071 interprete

2259 3067 2630 3141 Symmacho,
2681 3067 3212 3141 quem’universus
3265 3071 3570 3124 contextus
3624 3067 3906 3141 loqu—itur.

2261 3139 2410 3193 Illud
2445 3144 2638 3211 autem
2688 3139 2964 3211 duximus
3012 3140 3507 3211 investigandum,
3553 3139 3724 3211 quale
3755 3141 3901 3198 illud

2261 3157 2410 3193 uiua
2445 3157 2638 3194 autem
2688 3157 2964 3194 auximus
3012 3157 3218 3196 iuvesu
3267 3157 3507 3210 annum,
3553 3157 3724 3211 quale
3755 3157 3901 3198 muu

2259 3215 2414 3284 esset
2443 3210 2622 3284 alliud
2648 3210 2942 3278 volumen,
2964 3211 3023 3284 in
3056 3229 3170 3283 quo
3197 3157 3293 3266 iﬁe
3321 3211 3776 3284 interpretando,
3804 3213 3908 3269 La-

2259 3281 2400 3348 tina,
2434 3283 2915 3354 utilieronymus
2947 3283 3048 3350 ait,
3075 3281 3240 3339 _voce
3286 3300 3430 3340 usus
3459 3281 3644 3354 esset.
3663 3284 3736 3354 Et
3767 3301 3898 3340 cum

2261 3359 2468 3425 praeter
2513 3352 2761 3408 laudata
2802 3354 3086 3410 hactenus
3132 3354 3396 3426 exempla
3443 3371 3556 3410 non
3598 3353 3756 3426 alibi,
3795 3371 3902 3412 vox

2255 3441 2467 3497 SGOLLA
2488 3430 2833 3492 occurreret,
2860 3443 3036 3497 quam
3056 3425 3418 3482 Ecclesia’stis
3439 3443 3564 3497 cap.
3587 3442 3648 3493 ιι,
3666 3427 3720 3490 8,
3745 3425 3902 3483 hunc

2256 3496 2448 3567 ipsum
2509 3514 2638 3552 esse
2693 3496 2908 3552 librum
2968 3499 3138 3567 cujus
3187 3499 3243 3553 S.
3311 3496 3524 3553 Doctor
3566 3497 3901 3554 dissimulat

2254 3585 2488 3631 nomen,
2523 3585 2623 3640 pro
2665 3574 2820 3624 certo
2869 3569 3206 3624 habuimus.
3263 3569 3434 3625 Porro
3485 3569 3582 3640 ubi
3612 3568 3896 3640 intellexi-

2253 3656 2392 3712 mus
2417 3638 2764 3712 (docuerunt
2803 3656 2940 3712 vero
2968 3657 3075 3695 nos
3126 3640 3396 3712 Romana:
3441 3638 3561 3712 nini
3599 3639 3892 3712 LXXgedi-

2251 3709 2432 3766 tionis
2483 3711 2733 3784 Scholia,
2766 3711 2886 3784 sive
2937 3712 3212 3766 adnotata
3241 3729 3276 3784 a
3320 3709 3896 3784 Flaminioiantiqua-

2249 3799 2382 3855 rum
2411 3781 2744 3855 versionum
2790 3783 3136 3855 fragmenta)
3167 3800 3232 3838 eo
3265 3783 3324 3837 in
3378 3784 3500 3855 loco
3532 3781 3826 3855 redditum
3858 3799 3894 3840 a

2248 3850 3234 3938 Symmacho'Im-aoviha,‘peealia,
3279 3854 3476 3938 statim
3548 3859 3606 3938 et
3657 3854 3889 3938 vitium,

2245 3926 2400 3998 quod
2457 3925 2531 3998 in,
2575 3924 2909 3998 Hieronymi
2964 3925 3208 3998 lectione
3268 3924 3628 3998 suboluerﬁat,
3685 3929 3742 3981 et
3791 3924 3890 3998 qui

2245 3995 2736 4070 i-estituihdeberet
2754 3995 3242 4070 germanissimus
3273 4014 3503 4070 sensus,
3538 3997 3597 4052 in
3631 3995 3888 4054 mentem

2240 4069 2413 4140 venit.
2462 4067 2694 4140 Scilicet
2743 4067 2790 4124 si
2844 4085 2947 4140 pro
2992 4069 3324 4140 peculiarem
3367 4069 3564 4140 (quam
3622 4083 3822 4140 vocem
3853 4085 3889 4125 ιι

2241 4139 2436 4213 Graeco
2485 4138 2766 4213 scriptore
2818 4137 2936 4195 ullo
2985 4137 3580 4213 usurpatam,_'nemo
3615 4137 3724 4194 sibi
3757 4157 3883 4213 per-

2239 4212 2505 4282 suadeat)
2535 4209 2822 4266 rescribas
2851 4209 3151 4275 ττεκούλιαξ
3188 4215 3290 4266 aut
3335 4210 3384 4266 si
3432 4210 3618 4266 mavis
3644 4209 3881 4282 peculia,

2239 4281 2481 4349 Latinis,
2518 4286 2582 4338 ut
2611 4282 2768 4350 libet,
2804 4283 3036 4339 litteris.
3085 4284 3360 4338 Peculium
3393 4282 3598 4338 Latina
3623 4281 3731 4337 vox
3771 4281 3878 4352 est,

2237 4355 2407 4423 cujus
2441 4360 2560 4409 tam
2595 4352 2895 4427 latepatet
2916 4355 3302 4427 signiﬁcatus,
3335 4359 3402 4408 ut
3433 4354 3586 4427 bona
3614 4369 3872 4427 quaecun-

2235 4441 2347 4500 que
2379 4430 2536 4493 sunt,
2588 4423 3028 4500 patrimonium,
3075 4443 3236 4500 opes,
3276 4441 3508 4500 census,
3551 4423 3870 4500 facultates,

2235 4495 2516 4560 tertunas,
2561 4495 3006 4570 msupellectiles,
3058 4495 3295 4570 praedia,
3347 4497 3556 4569 hisque
3621 4495 3874 4570 amplius

2231 4574 2415 4623 sonet.
2455 4570 2515 4640 In
2547 4568 2742 4640 Graeco
2789 4569 2987 4625 ullane
3028 4568 3266 4640 vexilli
3311 4568 3476 4640 teque
3505 4568 3875 4640 respondeat,

2231 4639 2516 4714 nisisitg‘:
2560 4637 2844 4714 xpﬁpma,
2894 4646 2997 4696 aut
3047 4641 3118 4714 cui
3160 4637 3496 4714 ὸτςάρχᾳῆιτα,
3544 4637 3700 4694 haud
3731 4639 3871 4694 scio.

2230 4710 2397 4792 lacile
2420 4710 2607 4792 igitur
2635 4710 2854 4767 e'Latio
2899 4713 3152 4792 pervasit
3197 4710 3510 4792 Graeciam,
3531 4713 3878 4792 arreptaque

2226 4782 2300 4837 ab
2331 4781 2510 4857 hujus
2569 4783 2780 4857 linguae
2813 4781 3224 4857 scriptoribus
3273 4781 3402 4847 fuit,
3459 4781 3719 4857 atquein
3749 4781 3875 4857 vere

2227 4852 3000 4926 naculamterminationcm
3023 4856 3234 4911 inflexa
3257 4871 3270 4909 :
3297 4852 3795 4926 quemadmodum
3819 4856 3878 4909 et

2224 4945 2257 4978 η
2307 4925 2724 4980 recentioribus
2773 4928 3176 4991 grammaticis
3220 4923 3504 4981 adornata
3552 4923 3735 4980 lexica
3782 4940 3873 4980 re-

2223 5001 2594 5068 prtnsentant.
2627 4995 2939 5064 πεκοῦλων,
2964 4997 3138 5054 eiiciat.
3177 4998 3402 5052 Placuit
3433 5000 3490 5052 et
3519 4994 3870 5068 Symmacho

2222 5067 2586 5124 Ecclesiastis
2617 5068 2808 5125 locum
2849 5071 3316 5142 interpretatum.
3365 5068 3464 5124 ubi
3495 5067 3633 5142 post
3658 5083 3870 5140 argen-

2218 5160 2345 5230 tum
2377 5161 2434 5210 et
2464 5173 2670 5211 aurum
2704 5158 2818 5212 sibi
2849 5159 2931 5214 ait
2971 5139 3067 5214 ille.
3097 5139 3867 5230 congregasse_p’35brj‘2;g

2214 5227 2546 5282 substantias
2591 5231 3064 5302 regnmn_:_quod
3116 5227 3247 5284 cum
3304 5227 3699 5302 reddidissent
3729 5227 3867 5284 LXX

2213 5298 2650 5374 περουσιασμοὸς
2705 5297 2997 5374 βασιλέῴν,
3045 5302 3190 5374 ipse,
3224 5302 3314 5374 [ut
3367 5297 3720 5374 rem.r_nagis
3751 5303 3862 5374 He-

2215 5365 2712 5444 brazoquesensui
2743 5373 3024 5444 pressius.
3070 5365 3336 5426 ἓτεκοῦλια
3371 5365 3860 5444 βασιλέ-ωνᾝφιίῑὶι,

2211 5441 2325 5496 Hoc
2357 5441 2637 5497 nimirum
2669 5441 2777 5509 est,
2829 5445 2980 5514 quod
3019 5445 3109 5498 hic
3161 5445 3231 5500 de
3279 5441 3630 5515 Symmacho
3657 5441 3862 5515 liiero-

2209 5531 2421 5586 nymus
2449 5518 2632 5578 notat,
2664 5511 2890 5584 hacque
2923 5532 3036 5570 una
3068 5517 3136 5570 de
3169 5511 3345 5571 causa
3375 5530 3520 5586 eum
3543 5511 3624 5586 ait
3657 5511 3861 5569 Latino

2206 5583 2380 5640 usum
2413 5583 2839 5657 essesermone
2869 5603 2880 5642 :
2926 5588 3080 5657 quod
3135 5588 3342 5642 Latinae
3375 5583 3623 5657 originis
3644 5599 3857 5657 vocem

2205 5655 2710 5732 usurparit_.Eam
2744 5653 2998 5730 profecto
3053 5659 3100 5714 si
3154 5653 3496 5732 reposueris
3525 5653 3856 5732 lectionem,

2203 5727 2369 5856 οξ·ῗὶ
2401 5726 2612 5855 νξνὶίειε
2663 5731 2721 5785 et
2744 5725 2980 5788 'sensus
3031 5725 3417 5806 perspicuitas
3469 5725 3689 5802 optime
3718 5743 3856 5786 con-

2203 5816 2230 5856 s
2261 5815 2294 5856 a
2341 5814 2418 5855 un
2455 5840 2466 5855 .

2201 5807 2466 5856 stabunt.
