4310 6592
381 588 497 652 625

1212 535 1729 650 COMMENTAR.
1777 587 1855 647 ΙΝ
1904 583 2146 646 EPIST.
2193 585 2296 645 AD
2343 585 2615 659 TITUM,
2663 587 2832 649 CAP.
2883 586 2987 648 III.

3676 582 3794 645 626

384 720 501 777 duo
533 719 833 793 superiora
861 718 917 776 in
949 737 1261 778 commune
1291 721 1593 778 referatur.
1647 720 1847 793 Neque
1876 718 2030 775 enim
2062 718 2117 785 Α
2139 716 2406 790 lectores,
2440 720 2660 787 aeditui,
2693 725 2749 775 et
2780 737 2984 779 omnes
3015 719 3254 776 omnino
3303 717 3404 793 qui
3452 716 3651 775 domui
3683 715 3786 774 Dei

385 811 654 867 convenit
684 810 896 877 dicere,
928 809 1227 867 consolare
1271 827 1402 866 cum
1454 810 1611 866 omni
1662 808 1927 881 imperio,
1975 812 2033 864 et
2142 809 2421 864 serviunt.
2457 811 2602 876 Quia
2632 810 3006 867 vehementer
3036 809 3349 866 Ecclesiam
3389 808 3601 865 Christi
3638 808 3788 865 729

384 899 621 973 loquere
651 916 784 955 cum
818 899 976 955 omni
1010 899 1279 972 imperio,
1329 900 1431 956 sed
1478 899 1908 967 tantummodo,
1944 898 2029 952 in-

384 1006 555 1061 crepa
583 1006 718 1044 cum
749 990 910 1045 omni
941 989 1208 1063 imperio.

453 1080 617 1135 Nemo
646 1083 697 1135 te
721 1083 1050 1136 contemnat.
1086 1078 1390 1135 Existimet
1418 1077 1634 1150 aliquis
1663 1078 1772 1134 hoc
1831 1078 2027 1149 ipsum

378 1185 535 1223 nunc
565 1168 637 1224 ad
669 1169 868 1224 Titum
900 1168 1079 1224 scribi
1109 1168 1260 1239 quod
1293 1169 1362 1224 ad
1397 1167 1772 1223 Timotheum
1804 1167 2026 1221 dictum

374 1261 501 1314 est:
534 1259 702 1314 Nemo
733 1258 1155 1315 adolescentiam
1186 1262 1339 1313 tuam
1367 1262 1681 1313 contemnat
1700 1257 1753 1328 (Ι
1780 1258 1913 1312 Tim.
1948 1272 2025 1323 1v,

373 1346 482 1417 12).
518 1346 637 1406 Nos
667 1362 800 1402 vero
824 1347 994 1417 juxta
1043 1346 1222 1402 Graeci
1274 1344 1563 1402 sermonis
1612 1344 2025 1409 differentiam,

369 1434 527 1491 aliud
562 1435 1205 1508 putamussigniﬁcare
1268 1431 1684 1510 περιφρονείτω,
1745 1434 1899 1506 quod
1931 1432 2026 1486 hic

368 1523 668 1591 scribitur,
718 1528 775 1580 et
804 1523 978 1580 aliud
1028 1520 1456 1601 καταφρονείτω,
1508 1524 1664 1595 quod
1712 1524 1785 1577 ad
1825 1522 2021 1577 Timo-

367 1612 575 1670 theum
609 1614 833 1669 dictum
866 1619 975 1685 est,
1011 1614 1161 1670 728
1194 1619 1251 1669 et
1281 1612 1722 1686 praepositiones
1773 1610 1899 1684 περὶ
1932 1610 2021 1665 vel

366 1701 503 1755 κατὰ
556 1719 795 1759 sensum
855 1703 1043 1758 facere
1093 1702 1414 1758 diversum.
1465 1702 1627 1766 Quod
1677 1705 1872 1757 autem
1908 1717 2021 1756 non

367 1791 631 1862 fortuito,
664 1795 722 1847 et
752 1795 817 1847 ut
844 1790 1005 1861 libet,
1038 1790 1257 1848 Paulus
1310 1791 1632 1864 apostolus,
1680 1808 1795 1846 non
1828 1789 2020 1846 solum

366 1879 707 1936 nominibus
739 1885 798 1936 et
826 1881 1041 1949 verbis,
1074 1898 1279 1937 verum
1302 1880 1475 1937 etiam
1505 1879 2020 1953 praepositionibus

365 1968 613 2025 diversis
637 1974 835 2025 utatur
854 1987 957 2042 pro
982 1970 1259 2026 varietate
1283 1986 1618 2039 causarum,
1642 1968 2015 2042 perspicuam

2141 897 2411 970 destruit,
2439 900 2712 955 meliores
2742 900 2922 956 laicos
2952 916 3079 955 esse
3110 916 3287 972 quam
3320 898 3578 955 clericos.

2212 986 2229 1058 (
2262 987 2399 1059 Cap.
2438 989 2534 1044 III.
2567 1022 2635 1029 ——
2666 990 2829 1046 Vers.
2868 991 2917 1056 1,
2950 989 3028 1061 2.)
3060 1011 3089 1039 «
3122 991 3385 1044 Admone
3415 986 3549 1043 illos
3569 986 3784 1060 princi-

2138 1075 2313 1146 pibus
2344 1083 2400 1132 et
2429 1079 2818 1150 potestatibus
2866 1078 3137 1135 subditos
3187 1094 3337 1145 esse,
3388 1076 3623 1134 obedire
3657 1093 3669 1131 :
3705 1075 3778 1130 ad

2138 1182 2310 1221 omne
2342 1184 2489 1239 opus
2518 1170 2735 1224 bonum
2784 1173 3018 1240 paratos
3061 1184 3225 1224 esse:
3289 1166 3584 1223 neminem
3624 1165 3779 1221 blas-

2138 1254 2436 1326 phemare,
2464 1274 2577 1312 non
2612 1257 2897 1329 litigiosus
2928 1273 3089 1313 esse:
3122 1274 3249 1312 esse
3297 1257 3614 1337 modestos,
3647 1270 3778 1309 om-

2139 1361 2271 1400 nem
2305 1346 2677 1401 ostendentes
2712 1345 3221 1401 mansuetudinem
3254 1346 3325 1400 ad
3359 1334 3564 1400 omnes
3594 1342 3781 1399 homi-
3886 1334 3899 1341 ’

2137 1449 2259 1489 nes.
2298 1455 2324 1482 υ
2356 1434 2494 1490 Tale
2524 1436 2665 1507 quid
2698 1440 2754 1491 et
2784 1437 2855 1490 ad
2900 1439 3193 1491 Romanos
3241 1433 3557 1490 scribitur:
3590 1432 3781 1488 Omnis

2134 1526 2329 1581 anima
2355 1526 2708 1595 potestatibus
2736 1525 3111 1597 superioribus
3159 1524 3375 1580 subdita
3421 1525 3513 1578 sit.
3557 1522 3676 1579 Non
3700 1524 3781 1577 est

2133 1615 2283 1668 enim
2312 1617 2554 1685 potestas
2585 1616 2699 1670 nisi
2724 1632 2757 1669 ιι
2789 1616 2895 1669 Deo
2927 1615 3108 1686 (Rom.
3161 1631 3286 1683 x111,
3320 1614 3399 1681 1).
3447 1611 3609 1675 Quod
3643 1610 3775 1682 qui-

2134 1704 2264 1757 dem
2283 1708 2653 1774 prznceptum,
2670 1708 2727 1758 et
2740 1703 2853 1771 hic,
2878 1707 2934 1759 et
2954 1703 3035 1758 ibi
3058 1707 3363 1775 propterea
3375 1704 3515 1774 puto
3528 1700 3774 1769 editum,

2132 1793 2272 1865 quia
2287 1792 2449 1847 Juda:
2464 1792 2681 1848 Galiltci
2700 1810 2803 1865 per
2828 1792 2972 1848 illud
2994 1797 3231 1865 tempus
3257 1792 3471 1863 dogma
3490 1790 3682 1846 adhuc
3698 1789 3776 1844 vi-

2130 1883 2320 1955 gebat,
2345 1886 2402 1937 ct
2425 1881 2677 1937 habebat
2692 1881 2977 1955 plurimos
2992 1886 3330 1951 sectatores,
3345 1880 3516 1952 cujus
3528 1880 3655 1934 etin
3669 1883 3776 1933 Ac-

2127 1970 2286 2028 tibus
2317 1971 2713 2044 apostolorum
2747 1972 2812 2026 ﬁt
2843 1971 3079 2038 mentio,
3113 1970 3417 2043 Scriptura
3446 1970 3768 2025 referente:

364 2057 488 2114 fieri
520 2058 734 2131 poterit
763 2075 830 2114 ex
861 2076 927 2114 eo
960 2060 1115 2132 quod
1145 2059 1262 2115 ait:
1326 2060 1523 2115 Mulier
1571 2061 1721 2116 enim
1771 2075 1840 2114 ex
1877 2060 2015 2129 viro,
2045 2090 2093 2155 B
2124 2062 2260 2117 Ante
2281 2060 2375 2116 hos
2404 2063 2553 2116 enim
2580 2061 2695 2116 dies
2741 2062 2985 2117 surrexit
3030 2060 3279 2127 'I‘heodas,
3328 2060 3541 2128 dicens,
3586 2074 3771 2131 quem-

358 2149 452 2203 vir
481 2164 606 2203 vero
634 2164 735 2219 per
754 2149 1045 2205 mulierem
1082 2151 1128 2220 (I
1157 2150 1261 2205 Cor
1290 2166 1367 2216 χι,
1402 2149 1508 2220 12).
1541 2149 1610 2203 Et
1662 2147 1799 2203 alibi
1826 2166 1838 2204 :
1871 2150 2014 2218 Quia
2045 2147 2090 2155 ”
2123 2150 2246 2205 dam
2277 2166 2334 2205 se
2352 2166 2463 2205 esse
2486 2167 2786 2220 magnum:
2808 2150 2899 2205 cui
2921 2152 3160 2221 appositi
3176 2157 3306 2205 sunt
3328 2150 3438 2204 viri
3457 2148 3616 2219 quasi
3632 2164 3769 2220 qua-

359 2252 430 2293 ex
457 2252 519 2292 eo
549 2241 601 2292 et
629 2253 730 2311 per
756 2254 882 2293 eum
930 2248 983 2293 et
1023 2240 1081 2292 in
1136 2240 1252 2307 ipso
1309 2246 1437 2294 sunt
1492 2239 1679 2293 omnia
1730 2240 1901 2309 (Rom.
1931 2256 2010 2304 x1,

356 2325 472 2396 36).
507 2326 621 2382 Nec
658 2344 770 2382 non
804 2330 861 2381 et
890 2326 1059 2393 illud,
1091 2328 1304 2383 Paulus
1334 2328 1606 2399 apostolus
1654 2344 1763 2383 non
1812 2327 1883 2382 ab
1913 2329 2010 2382 ho—

357 2415 627 2482 minibus,
651 2431 829 2488 neque
872 2433 971 2487 per
1000 2415 1277 2472 hominem
1338 2415 1626 2488 (Galdt.1,
1679 2417 1751 2487 1).
1802 2416 2011 2472 Existi-

361 2519 595 2559 mamus
627 2503 826 2577 itaque
856 2504 1256 2580 καταφρόνησιν
1305 2506 1377 2559 ad
1437 2509 1838 2577 contemptum
1886 2523 2016 2577 pro-

363 2592 489 2666 prie
518 2594 826 2664 pertinere,
860 2593 951 2650 vel
983 2611 1114 2649 cum
1150 2595 1285 2665 quis
1321 2594 1471 2649 inter
1499 2593 1817 2666 equuleum
1850 2594 2016 2651 lami-

367 2699 593 2755 nasque
611 2682 924 2751 distentus,
950 2683 1270 2739 contemnit
1295 2680 1577 2755 delerem,
1605 2687 1662 2739 et
1677 2683 2013 2755 neejudicis

370 2771 904 2840 comminationem,
937 2789 1040 2829 nec
1090 2773 1529 2828 circumstantis
1580 2772 1779 2845 populi
1817 2773 2011 2827 tremi-

365 2867 492 2916 tum
538 2861 943 2935 pertimescit:
996 2862 1094 2917 sed
1152 2878 1258 2935 pro
1316 2861 1679 2918 confessione
1728 2861 2013 2934 martyrii,

367 2950 638 3007 universa
651 2950 940 3025 supplicia
960 2950 1283 3007 contemnit
1301 2955 1358 3007 et
1376 2951 1642 3024 despicit.
1659 2952 1699 3006 E
1723 2952 2012 3007 contrario

364 3043 562 3095 autem
585 3044 674 3097 est
698 3044 756 3096 et
776 3039 969 3096 malus
992 3045 1388 3113 contemptus,
1405 3041 1477 3097 de
1499 3057 1615 3112 quo
1641 3045 1698 3095 et
1721 3042 2007 3109 Habaeuc,

365 3127 584 3200 Spiritu
616 3133 818 3185 sancto
848 3128 908 3184 in
940 3146 1001 3185 se
1027 3129 1324 3201 loquente,
1357 3133 1641 3186 testatur:
1680 3129 1857 3185 Videte
1878 3147 2009 3185 con-

364 3220 687 3289 temptores:
739 3226 789 3274 et
835 3220 1089 3290 inspicite
1120 3222 1137 3254 ¹
1182 3229 1235 3275 et
1283 3220 1661 3276 admiramini
1699 3219 2007 3288 mirabilia,

364 3312 421 3362 et
444 3306 837 3378 disperdimini
863 3310 1088 3376 (Hebae.
1120 3325 1159 3375 1,
1188 3309 1262 3375 5).
1297 3308 1473 3365 Juxta
1502 3308 1656 3379 quod
1710 3309 1781 3364 ad
1813 3308 2007 3364 Timo-

364 3394 570 3452 theum
603 3413 836 3467 quoque
857 3396 1143 3468 scripturn
1171 3395 1427 3452 diximus
1452 3415 1465 3452 :
1508 3399 1671 3453 Nemo
1700 3397 2012 3453 adolescen-

362 3486 501 3540 tiam
530 3460 681 3541 tua-m
710 3460 1022 3541 contemnat
1048 3485 1097 3556 (Ι
1123 3487 1268 3543 Tim.
1322 3502 1401 3554 1v,
1462 3486 1569 3557 12),
1618 3486 1676 3540 id
1732 3491 1838 3558 est,
1870 3485 2010 3542 Nolo
2043 3460 2085 3524 (λ

363 3576 421 3629 te
452 3572 624 3629 talem
656 3573 933 3629 exhibeas
966 3577 1029 3628 ut
1059 3573 1252 3645 possis
1284 3575 1356 3629 ab
1392 3573 1587 3647 aliquo
1639 3574 1845 3630 merito
1876 3591 2015 3630 con-

365 3661 572 3718 temni.
606 3659 1019 3738 Ηεριφρόνησιςρ
1036 3666 1233 3718 autem
1266 3661 1409 3718 illud
1441 3668 1633 3732 sonat,
1656 3663 1809 3719 sicut
1837 3663 2013 3719 Stoici

365 3756 561 3807 tamen
590 3756 886 3818 asserunt,
920 3751 1022 3824 qui
1053 3751 1428 3824 distinguunt
1452 3751 1605 3807 inter
1631 3753 1805 3809 verba
1835 3753 2017 3809 subti-

366 3838 517 3909 liter,
541 3856 674 3896 cum
707 3840 805 3913 qui
838 3841 1140 3896 confidens
1162 3841 1273 3897 sibi
1296 3858 1358 3897 se
1388 3840 1500 3897 alio
1532 3857 1659 3897 esse
1690 3841 2014 3909 meliorem,

366 3929 617 4001 despicit
645 3946 780 3986 eum
814 3946 985 4001 quem
1018 3929 1350 3986 inferiorem
1383 3934 1572 4003 putat,
1605 3935 1661 3986 et
1709 3948 1905 4004 super,
1957 3932 2013 3987 id

264 4060 271 4067 .
367 4023 455 4075 est
485 4018 640 4093 plus,
699 4019 956 4093 sapiens,
1006 4019 1380 4076 humiliorem
1429 4020 1727 4077 existimat
1769 4022 2014 4095 dignum

367 4125 495 4165 esse
523 4112 885 4181 contemptu.
917 4107 1053 4163 Tale
1104 4110 1248 4180 quid
1298 4109 1698 4166 intumescens
1728 4111 2015 4183 superbire

366 4196 642 4262 vanitate,
703 4202 762 4252 et
805 4195 1017 4252 malum
1071 4197 1267 4269 ipsum
1331 4197 1633 4271 solemque
1684 4199 2015 4272 despiciens

368 4285 524 4357 apud
556 4283 782 4341 Gracos
812 4286 1050 4360 quidam
1110 4285 1329 4341 dixisse
1386 4286 1768 4343 deluditur':
1827 4288 2014 4363 Ἀερο-

368 4364 521 4427 6ατῶ
551 4372 983 4452 καὶπεριφρονῶ
1042 4374 1132 4428 τὸν
1193 4371 1377 4444 ἤλιον,
1438 4377 1593 4447 quod
1655 4394 1760 4433 nos
1811 4376 2014 4432 Latine

364 4479 687 4536 possumus
717 4463 930 4533 dicere,
964 4464 1178 4520 Scando
1206 4479 1304 4535 per
1361 4479 1565 4536 aerem,
1626 4470 1677 4521 et
1720 4467 1902 4537 pluris
1930 4484 2016 4523 me

365 4554 499 4610 novi
519 4568 637 4608 esse
673 4569 839 4625 quam
870 4554 1059 4609 solem.
1096 4551 1493 4630 Περιφρὸνησις
1521 4569 1678 4626 ergo,
1711 4572 1837 4626 qua:
1862 4572 2015 4611 nunc

370 4641 442 4698 ad
464 4640 661 4697 Titum
686 4642 943 4714 ponitur,
977 4642 1144 4698 illum
1176 4658 1415 4699 sensum
1438 4642 1650 4699 habet:
1708 4643 1888 4698 Nemo
1918 4661 2014 4700 eo-

368 4748 500 4788 rum
532 4731 633 4802 qui
664 4730 724 4786 in
755 4730 1026 4788 Ecclesiis
1057 4735 1219 4799 sunt,
1277 4736 1333 4787 te
1383 4733 1641 4806 segniter
1692 4739 1899 4807 agente
1931 4734 2013 4789 sic

2123 2239 2419 2310 dm‘ngenta
2441 2241 2575 2311 (Act.
2611 2256 2660 2310 ν,
2694 2240 2781 2310 30)
2809 2257 2821 2306 ;
2856 2243 2934 2309 et,
2964 2248 3104 2311 post,
3130 2239 3278 2293 hunc
3305 2239 3552 2293 surrexit
3569 2239 3629 2291 in
3649 2236 3764 2292 die-

2126 2328 2222 2382 bus
2250 2345 2441 2384 census
2468 2328 2645 2385 Judas
2670 2328 2939 2386 Galilwus
2963 2328 3123 2399 (Ibid.
3148 2328 3237 2399 37)
3254 2345 3272 2381 :
3328 2326 3427 2399 qui
3477 2326 3629 2381 inter
3657 2342 3766 2382 car.-

2123 2422 2246 2473 tera
2267 2418 2373 2473 hoc
2395 2417 2564 2488 quasi
2589 2416 2885 2489 probabile
2916 2417 3245 2489 proferebat
3269 2433 3337 2473 ex
3355 2415 3502 2488 lege,
3536 2413 3765 2471 nullum

2125 2506 2332 2562 debere
2364 2505 2678 2562 Dominum
2710 2506 2823 2561 nisi
2854 2505 3045 2562 solum
3085 2508 3263 2561 Deum
3314 2503 3541 2560 vocari:
3583 2508 3640 2561 et
3668 2520 3768 2559 eos

2124 2596 2225 2667 qui
2255 2596 2326 2651 ad
2361 2595 2645 2666 templum
2681 2595 2937 2650 decimas
2966 2595 3278 2661 deferrent,
3308 2592 3517 2649 Cresari
3548 2592 3771 2647 tributa

2124 2701 2239 2738 non
2271 2684 2528 2739 reddere.
2562 2686 2694 2750 Qua:
2726 2684 2965 2738 haeresis
2999 2683 3055 2737 in
3110 2685 3342 2738 tantum
3393 2684 3668 2747 creverat,
3700 2683 3768 2735 ut

2124 2772 2297 2828 etiam
2331 2773 2759 2828 Phariszeorum
2790 2776 2846 2827 et
2878 2771 3123 2827 multam
3158 2776 3381 2843 partem
3405 2768 3604 2842 populi
3627 2784 3765 2825 con-

2124 2863 2385 2917 turbaret
2411 2879 2423 2916 :
2458 2860 2541 2916 ita
2572 2866 2637 2917 ut
2667 2862 2740 2917 ad
2768 2861 3083 2916 Dominum
3116 2876 3349 2933 quoque
3380 2862 3648 2914 nostrum
3678 2874 3766 2914 re-

2122 2951 2371 3007 ferretur
2399 2950 2517 3005 hzec
2550 2950 2829 3022 quaestio:
2864 2953 3013 3007 Licet
3060 2950 3269 3007 Caesari
3313 2949 3452 3004 dare
3493 2948 3766 3003 tributum

2121 3058 2194 3095 an
2224 3058 2334 3095 non
2364 3041 2550 3110 (Matii.
2598 3057 2735 3110 xxn,
2771 3041 2901 3110 17)?
2932 3040 3154 3106 Quibus
3200 3038 3485 3095 Dominus
3506 3036 3768 3109 pruden~

2118 3133 2207 3183 ter
2236 3135 2517 3200 cauteque
2540 3129 2897 3200 respondens
2920 3129 3001 3184 ait
3020 3145 3034 3183 :
3050 3128 3278 3184 Reddite
3297 3143 3424 3199 quae
3438 3135 3568 3182 sunt
3582 3130 3762 3183 Casa-

2119 3220 2199 3275 ris
2230 3220 2452 3289 Cazsari,
2479 3223 2531 3274 et
2561 3234 2687 3291 qua?
2715 3227 2842 3274 sunt
2865 3219 2977 3287 Dei,
3021 3222 3131 3273 Deo
3162 3218 3354 3289 (Ibid.,
3382 3218 3494 3289 21).
3530 3216 3636 3271 Cui
3667 3232 3757 3271 re-

2121 3309 2423 3381 sponsioni
2456 3307 2672 3363 Paulus
2701 3307 3001 3380 apostclus
3031 3324 3379 3379 congruens,
3412 3307 3580 3362 docet
3602 3304 3762 3377 prin-

2122 3398 2414 3470 cipatibus
2470 3401 2529 3452 et
2586 3396 2971 3467 potestatibus
3013 3397 3328 3451 "credentes
3373 3395 3583 3450 debere
3637 3408 3768 3450 esse

2124 3488 2440 3558 subjectos,
2473 3484 2659 3557 Ἀρκαὶ
2693 3485 2910 3557 quippe
2959 3501 3084 3556 qua:
3133 3484 3409 3556 leguntur
3454 3482 3515 3538 in
3546 3483 3763 3553 Graeco,

2126 3575 2311 3647 magis
2336 3576 2681 3646 principatus
2712 3589 2884 3642 quam
2905 3576 3181 3645 pr‘iiwzpes
3210 3576 3422 3627 sonant
3448 3588 3460 3626 :
3495 3576 3552 3627 et
3576 3572 3766 3644 ipsam

2125 3664 2463 3738 signiﬁcant
2509 3666 2878 3733 potestatem,
2931 3680 3046 3717 non
3098 3679 3196 3718 eos
3240 3660 3342 3733 qui
3394 3660 3454 3716 in
3485 3663 3770 3734 potestate

2125 3758 2264 3810 sunt
2296 3753 2583 3808 homines.
2607 3752 2715 3807 Sed
2749 3752 2888 3822 quia
2917 3752 3160 3821 dixerat,
3192 3751 3431 3807 Admone
3469 3751 3591 3807 illos
3616 3751 3775 3823 prin-

2123 3843 2399 3915 cipatibus
2429 3846 2479 3898 et
2524 3843 2874 3914 potestatibus
2921 3840 3159 3896 subditos
3201 3856 3347 3896 esse:
3401 3844 3629 3913 poterat
3676 3839 3770 3896 his

2124 3933 2225 4005 qui
2248 3935 2535 3987 tormenta
2557 3930 2893 3996 formidant,
2912 3930 3138 3985 occasio
3153 3930 3222 3985 ad
3248 3929 3583 4002 negandum
3605 3930 3730 3986 dari
3752 3947 3766 3986 :

2116 4023 2287 4093 juxta
2308 4020 2567 4091 Apostoli
2595 4019 2816 4075 dictum
2834 4036 2895 4074 se
2917 4024 3245 4074 assererent
3266 4018 3692 4090 principatibus
3713 4021 3770 4075 et

2124 4109 2511 4183 potestatibus
2541 4125 2668 4164 esse
2699 4108 3014 4177 subjectos,
3047 4111 3105 4161 et
3152 4106 3341 4162 facere
3391 4106 3548 4179 quod
3588 4106 3769 4177 jube-

2125 4203 2287 4265 rent;
2342 4201 2641 4269 prOpterea
2691 4195 2976 4266 subjecit:
3029 4193 3261 4250 Obedire
3314 4195 3393 4251 ad
3447 4210 3607 4250 omne
3635 4210 3769 4267 opus

2126 4290 2348 4344 bonum.
2382 4286 2438 4340 Si
2471 4286 2688 4340 bonum
2722 4288 2810 4340 est
2837 4284 2993 4355 quod
3045 4281 3307 4355 prazcipit
3355 4282 3675 4355 imperator
3711 4287 3769 4339 et

2123 4393 2361 4449 praeses,
2377 4374 2639 4445 jubentis
2674 4374 2995 4445 obsequere
3029 4370 3327 4427 voluntati.
3358 4372 3459 4427 Sin
3481 4386 3615 4428 vero
3645 4388 3769 4428 ma-

2123 4471 2268 4535 lum,
2302 4470 2359 4521 et
2407 4467 2609 4520 contra
2657 4463 2840 4518 Deum
2886 4461 3073 4533 sapit:
3126 4460 3480 4533 respondeei
3526 4460 3667 4518 illud
3698 4462 3770 4518 de

2125 4555 2364 4610 Actibus
2409 4552 2847 4625 apostolorum:
2898 4551 3133 4608 Oberlin:
3179 4556 3388 4622 aportet
3447 4552 3552 4608 Deo
3597 4553 3773 4624 magis

2125 4661 2291 4715 quam
2317 4644 2632 4700 hominibus
2664 4642 2802 4711 (Act.
2838 4659 2891 4706 v,
2924 4642 3035 4712 20).
3069 4640 3404 4713 Ilocipsum
3427 4644 3484 4696 et
3505 4641 3574 4696 de
3591 4641 3772 4699 servis

2125 4732 2523 4804 intelligamus
2554 4732 2709 4802 apud
2741 4730 3034 4798 dominos,
3086 4733 3143 4785 et
3190 4730 3262 4785 de
3309 4729 3590 4787 uxoribus
3616 4731 3772 4804 apud

372 4818 543 4886 vivat,
579 4823 643 4874 ut
673 4836 735 4876 se
765 4823 929 4891 putet
957 4837 1087 4877 esse
1118 4820 1445 4877 meliorem.
1478 4820 1677 4887 Qualis
1698 4822 1853 4878 enim
1887 4823 2017 4877 aadi-
2046 4832 2093 4897 D
2125 4822 2298 4888 viros,
2332 4825 2385 4876 et
2420 4822 2490 4875 de
2524 4819 2661 4874 {iliis
2693 4820 2847 4891 apud
2882 4822 3171 4891 parentes,
3205 4820 3362 4891 quod
3394 4819 3453 4875 in
3491 4819 3609 4876 illis
3639 4823 3770 4876 tan-

372 4907 564 4965 ficatio
595 4909 708 4964 erit
737 4908 1028 4981 discipuli,
1062 4909 1111 4964 si
1143 4926 1204 4965 se
1234 4908 1524 4982 intelligat
1567 4908 1846 4984 magistro
1890 4928 2017 4968 esse

368 4997 653 5068 majorem
673 4996 881 5054 ?Unde
912 5015 1024 5054 non
1058 4998 1249 5054 solum
1279 5000 1557 5071 episcopi,
1605 5001 1929 5073 presbyteri
1957 5006 2015 5056 et

367 5074 596 5140 diaconi
629 5085 839 5142 debent
897 5103 1247 5161 magnopere
1277 5087 1579 5159 providere
1639 5092 1701 5142 ut
1739 5094 2014 5145 cunctum

367 5170 655 5245 pepulurn
686 5175 779 5229 cui
802 5174 1136 5248 praesident,
1166 5176 1604 5232 conversatione
1631 5182 1685 5233 et
1709 5194 1975 5234 sermone
1995 5180 2015 5213 ³

364 5262 733 5334 precedent:
769 5280 971 5321 verum
1005 5270 1062 5321 et
1120 5265 1360 5322 inferior
1415 5266 1654 5338 gradus,
1695 5267 2012 5335 exorcistae,

440 5388 451 5421 '
485 5391 733 5444 Deerant
753 5406 927 5461 penes
949 5390 1354 5446 Martianzeum
1374 5390 1549 5445 verba
1568 5389 2012 5460 etadmiramini,

365 5476 492 5531 quia
525 5476 660 5534 cum
693 5460 914 5517 in'aliis
946 5462 1139 5527 libris,
1171 5467 1297 5518 tum
1333 5463 1621 5534 prmeipue
1654 5462 1709 5516 in
1734 5480 1823 5534 Aea
1853 5469 2010 5527 sunt,

364 5530 483 5605 qua
531 5530 929 5605 Hieronymus
997 5534 1185 5589 utitur
1237 5530 1347 5586 τῶιὶ
1408 5530 1535 5589 LXX
1595 5532 1879 5600 versione,
1924 5534 2010 5587 καὶ

365 5601 673 5675 detegebat;
702 5601 997 5675 Θαῖδμάσια,
1031 5609 1139 5660 etc.

410 5672 850 5800 1:Strepsiades
873 5676 1029 5747 apud
1049 5675 1503 5747 Aristophanem
1518 5677 1577 5732 in
1594 5672 1813 5752 Νέφελη
1839 5693 2014 5732 scena

460 5762 598 5800 ima.

369 5761 598 5802 υιιιωᾶ.

436 5816 459 5850 ³
490 5815 801 5888 Victorius,
822 5818 1255 5880 conversatione,
1285 5834 1531 5874 sermone
1557 5836 1620 5874 ac
1647 5819 1897 5883 scientia,
1922 5836 2008 5875 re-

368 5887 564 5954 stituit
591 5890 664 5947 ad
696 5887 1009 5946 lectionem
1061 5888 1321 5945 Gratiani
1357 5906 1481 5961 V111,
1514 5907 1573 5962 q.
1609 5892 1659 5962 1,
1713 5907 1839 5963 cap.
1874 5892 2010 5958 Qua-

2127 4916 2254 4967 tum
2279 4910 2530 4965 debeant
2560 4908 2836 4979 dominis,
2862 4907 3025 4976 viris,
3059 4908 3401 4981 parentibus
3452 4925 3581 4965 esse
3616 4910 3769 4966 780

2126 5000 2396 5071 subjecti,
2431 5015 2556 5071 quas
2588 5001 2791 5053 contra
2821 4996 2921 5052 Dei
2969 4997 3246 5052 mandata
3293 5014 3412 5053 non
3459 4996 3698 5053 veniunt
3723 4998 3764 5052 ⁵.

2126 5088 2290 5155 Quod
2322 5104 2453 5142 vero
2478 5087 2782 5155 sequitur.
2820 5091 3049 5142 Paratas
3078 5103 3190 5142 esse
3234 5085 3543 5158 dupliciter
3571 5084 3765 5157 legen-

2127 5178 2289 5242 dum,
2313 5181 2373 5231 ut
2404 5176 2488 5231 vel
2516 5175 2927 5247 subaudiatur,
2961 5176 3033 5231 ad
3063 5192 3235 5231 omne
3257 5191 3403 5246 opus
3425 5174 3642 5230 bonum
3666 5191 3767 5247 pa-

2126 5272 2283 5322 ratos
2316 5265 2600 5322 essezvel
2653 5269 2807 5321 certe
2858 5282 2991 5321 cum
3049 5264 3451 5337 superioribus
3501 5262 3768 5335 copulato

2126 5393 2238 5446 lis:
2289 5391 2606 5460 subditque
2658 5389 2735 5443 ibi
2788 5388 2941 5444 ultra
2988 5388 3254 5457 milituos,
3307 5402 3454 5457 quos
3496 5386 3770 5460 custodes

2125 5464 2339 5517 aedium
2372 5457 2686 5518 Gratianus
2709 5466 2890 5528 vocat,
2919 5460 3271 5515 mentionem
3296 5472 3526 5528 quoque
3550 5457 3673 5513 lieri
3696 5458 3769 5514 de

2124 5534 2428 5607 acolythis.
2469 5535 2582 5589 Hoc
2614 5551 2746 5588 vero
2784 5532 3188 5607 satisfabunde
3207 5528 3771 5607 erat,_utinterpola-

2124 5599 2316 5661 tumva
2347 5607 2624 5661 Gratiano
2656 5609 2878 5659 textum
2905 5605 2960 5658 S.
2998 5602 3182 5655 Patris
3214 5599 3578 5668 intelligeret.

2192 5678 2213 5711 ‘
2244 5677 2620 5733 Cistcnciens.
2655 5693 2821 5741 mss.,
2853 5691 2959 5729 non
2984 5677 3229 5747 fuerant,
3280 5676 3336 5728 et
3385 5688 3542 5740 mox,
3581 5672 3766 5747 dupli-

2121 5750 2261 5804 citer
2282 5749 2726 5818 intelligemtzuu,
2759 5763 2857 5817 pro
2885 5746 3191 5818 legendum.

2190 5821 2211 5853 ⁵
2236 5820 2351 5875 Alii
2385 5815 2547 5886 editi,
2584 5821 2639 5872 in
2670 5815 2857 5872 animo
2885 5815 3258 5887 prec/igerent.
