4310 6586
495 602 611 667 627

1748 599 1811 661 S.
1860 596 2169 662 EUSEBII
2218 598 2661 668 HIERONYMI

3788 574 3911 667 ess

497 737 608 794 hoc
636 737 794 810 quod
834 735 933 804 ait,
966 735 1182 793 obedire
1210 736 1283 792 ad
1311 752 1466 792 omne
1494 751 1626 807 opus
1658 736 1878 802 bonum,
1909 739 1968 789 et.
2004 733 2150 790 huc-
2179 734 2234 801 Α
2263 750 2398 791 vera
2418 741 2474 792 et
2501 737 2757 810 genuina
2806 741 2863 794 et
2908 735 3095 794 solida
3132 735 3548 806 mansuetudo,
3594 734 3791 793 nescio
3831 753 3906 794 an

500 844 690 899 usque
748 826 935 894 finito,
996 826 1165 897 quasi
1223 825 1379 881 aliud
1439 824 1737 897 proprium
1795 828 1851 878 et
1899 824 2148 895 speciale
2257 841 2390 880 eum
2425 843 2552 882 esse
2582 832 2957 883 mansuetum
2993 826 3180 899 possit
3222 826 3498 882 omnibus
3543 826 3904 898 persuaderi.

501 922 861 991 praeceptum
893 916 989 985 sit,
1039 920 1264 987 paratos
1312 932 1444 980 esse,
1490 916 1659 985 juxta
1709 913 1852 969 illud
1903 914 2058 984 quod
2091 914 2147 968 in

502 1005 754 1062 Levitico
784 1005 1069 1077 scriptum
1098 1009 1219 1060 est:
1256 1006 1477 1059 Hirrum
1524 1006 1619 1074 qui
1671 1003 1942 1059 emittitur
1980 1004 2151 1058 male-

506 1095 665 1151 dicta
712 1096 906 1165 pepuli
952 1095 1330 1161 sustinentem,
1379 1092 1530 1147 tradi
1571 1094 1627 1147 iu
1674 1108 1869 1147 manus
1916 1093 2154 1147 hominis

500 1185 693 1257 parati
723 1185 912 1255 (Levit.
941 1200 1052 1237 xw.
1089 1183 1198 1253 21).
1235 1182 1293 1236 Si
1324 1182 1457 1253 quis
1488 1198 1623 1252 ergo
1653 1186 1894 1253 paratus
1945 1185 2053 1247 est,
2091 1185 2156 1236 ut

511 1273 900 1343 ἆποπομπαῖον
936 1276 1147 1338 teneat,
1184 1276 1239 1326 et
1260 1271 1467 1326 educat
1496 1271 1604 1342 (At.
1662 1271 1936 1342 deducat]
1984 1270 2153 1325 illum

509 1362 571 1417 in
601 1364 921 1427 desertum,
953 1366 1010 1414 et
1040 1360 1115 1415 ibi
1151 1376 1283 1415 eum
1317 1359 1636 1431 disperdat,
1669 1365 1726 1415 et
1773 1365 2059 1430 quantum
2094 1361 2154 1414 in

512 1469 575 1507 se
604 1456 712 1516 est,
746 1454 899 1506 sorte
931 1449 1358 1504 maledictiouis
1391 1449 1752 1516 exterminat,
1788 1448 1840 1504 is
1868 1465 1997 1505 cum
2023 1449 2155 1504 obe-

513 1540 701 1608 dierit,
736 1539 897 1594 omni
930 1538 1088 1610 operi
1120 1539 1273 1594 bono
1305 1538 1481 1593 etiam
1515 1542 1754 1609 paratus
1805 1539 1933 1593 erit.
1966 1539 2162 1593 Potest

514 1633 711 1685 autem
742 1633 797 1683 et
828 1627 995 1683 aliter
1025 1628 1228 1700 accipi,
1260 1631 1485 1698 paratos
1514 1644 1662 1683 esse:
1696 1631 1759 1682 ut
1788 1628 1985 1683 omnia
2010 1643 2161 1697 quee-

516 1734 746 1790 cunque
767 1718 994 1773 evenire
1014 1721 1280 1788 possunt,
1307 1717 1419 1772 sibi
1435 1716 1493 1771 in
1510 1716 1705 1771 animo
1721 1716 2158 1787 prmﬁgurent‘:

517 1812 739 1863 etcum
770 1806 1104 1869 acciderint,
1140 1805 1284 1861 nihil
1332 1805 1500 1876 quasi
1553 1822 1763 1860 novum
1815 1805 2162 1871 sustineant,

519 1897 619 1953 sed
653 1896 736 1952 eis
768 1900 1095 1968 praeparata
1148 1894 1268 1950 sint
1316 1896 1531 1950 omnia.
1582 1895 1867 1950 Neminem
1910 1910 2162 1965 quoque,

522 1988 916 2058 blasphemare,
945 2002 1059 2040 non
1110 1984 1455 2055 simpliciter
1508 1984 1813 2056 accipitur.
1863 1983 1977 2039 Nec
2007 1983 2163 2038 enim

2331 914 2492 986 (Vers
2523 918 2556 969 3
2587 917 2771 987 seqq.)
2802 939 2831 965 «
2863 916 3105 971 Fuimus
3136 914 3293 971 enim
3345 915 3661 987 aliquando
3712 920 3771 971 et
3802 934 3908 975 nos

2261 1003 2445 1070 stulti,
2477 1005 2897 1072 inobedientes,
2929 1008 3211 1070 errantes,
3257 1006 3571 1061 servientes
3601 1004 3908 1063 desideriis

2261 1098 2319 1149 et
2348 1093 2746 1165 voluptatibus
2768 1094 2969 1162 variis,
2994 1094 3053 1149 in
3078 1092 3306 1149 malitia
3322 1096 3378 1149 et
3405 1094 3465 1149 in
3492 1093 3712 1150 invidia
3733 1111 3907 1167 agen-

2261 1185 2370 1247 tes,
2403 1182 2614 1249 odiosi,
2647 1183 2907 1239 odientes
2939 1182 3307 1238 alterutrum.
3341 1182 3483 1239 Cum
3516 1186 3712 1238 autem
3744 1183 3910 1239 boni-

2264 1274 2353 1327 tas
2382 1273 2439 1327 et
2466 1270 2810 1328 humanitas
2842 1270 3035 1328 illuxit
3063 1271 3384 1328 Salvatoris
3413 1271 3596 1327 nostri
3622 1272 3719 1327 Dei
3746 1287 3758 1325 :
3796 1288 3910 1328 non

2266 1376 2335 1415 ex
2364 1359 2642 1433 operibus
2663 1360 2936 1432 justitize,
2968 1377 3095 1432 quae
3130 1361 3377 1416 fecimus
3408 1377 3516 1416 nos
3540 1378 3553 1429 ;
3580 1360 3681 1416 sed
3701 1376 3914 1417 secun-

2267 1449 2408 1504 dum
2441 1449 2902 1505 misericordiam
2936 1466 3103 1505 suam
3154 1448 3400 1505 salvavit
3448 1466 3576 1514 nos,
3624 1464 3727 1521 per
3755 1448 3911 1506 lava-

2268 1554 2434 1594 crum
2453 1538 2910 1609 regenerationis
2926 1543 2982 1595 et
3004 1537 3397 1594 renovationis
3420 1537 3676 1610 Spiritus
3696 1538 3907 1608 sancti,

2270 1644 2443 1699 quem
2474 1620 2674 1683 effudit
2708 1645 2885 1701 super
2914 1645 3021 1683 nos
3052 1627 3357 1699 opulenter
3389 1643 3492 1700 per
3518 1627 3720 1683 Jesum
3752 1625 3913 1683 Chri-

2272 1721 2427 1772 stum
2450 1716 2804 1772 Salvatorem
2828 1720 3116 1782 nostrum,
3134 1720 3197 1771 ut
3210 1715 3517 1788 justificati
3537 1714 3695 1771 illius
3708 1715 3913 1788 gratia,

2272 1806 2530 1861 hmredes
2559 1804 2886 1861 efﬁciamur
2911 1806 3239 1862 secundum
3270 1821 3436 1878 spem
3466 1804 3592 1860 vitae
3616 1809 3861 1860 mternas.
3888 1827 3916 1853 »

2273 1899 2501 1962 Quaerat
2525 1895 2743 1968 aliquis
2764 1897 3056 1968 quomodo
3089 1895 3310 1952 Paulus
3343 1894 3516 1950 fuerit
3558 1894 3796 1961 stultus,
3828 1894 3915 1950 in-

2275 1985 2566 2054 credulus,
2600 2001 2823 2051 errans,
2872 1990 2929 2040 et
2977 1985 3235 2041 serviens
3283 1983 3461 2041 variis
3508 1982 3816 2039 desideriis
3862 1987 3921 2039 et

522 2076 622 2142 ait,
646 2074 939 2131 neminem
965 2072 1728 2145 hominemblasphemare':
1753 2074 1851 2128 sed
1875 2070 2162 2140 absolute,
2198 2103 2245 2168 B
2272 2073 2671 2147 voluptatibus
2704 2075 2761 2129 in
2796 2073 3038 2143 malitia,
3072 2078 3129 2130 et
3160 2074 3220 2129 in
3272 2073 3511 2144 invidia,
3562 2072 3820 2139 odiosus,
3864 2076 3923 2127 et

524 2164 817 2220 neminem
874 2180 983 2219 non
1039 2162 1337 2234 angelum,
1392 2179 1507 2217 non
1550 2162 1807 2234 aliquam
1841 2165 2167 2217 creaturam

528 2253 646 2309 Dei.
678 2252 887 2309 Omnia
917 2252 1132 2325 quippe
1182 2269 1309 2324 quae
1361 2269 1393 2306 a
1442 2252 1555 2307 Deo
1607 2253 1755 2307 facta
1804 2253 1962 2314 sunt,
2002 2250 2169 2306 valde

526 2343 681 2399 bona
701 2346 857 2398 sunt.
891 2341 1122 2414 Quando
1154 2341 1388 2396 Michael
1416 2342 1776 2410 archangetus
1804 2357 1928 2396 cum
1957 2340 2169 2395 diabolo

527 2431 840 2504 disputabat
887 2431 951 2485 de
998 2432 1182 2501 Moysi
1209 2446 1452 2500 corpore,
1484 2446 1596 2485 non
1622 2432 1736 2501 fuit
1765 2447 1934 2486 ausus
1964 2433 2171 2501 inferre

516 2520 799 2590 judicium
847 2519 1193 2597 blasphemiae
1243 2519 1332 2573 sed
1380 2519 1541 2585 dixit,
1587 2520 1815 2590 imperet
1874 2522 1978 2576 tibi
2031 2522 2171 2575 Deus

527 2608 711 2681 (Iuda-13
738 2610 814 2676 9).
850 2608 907 2664 Si
944 2607 1123 2680 igitur
1152 2607 1395 2663 Michael
1431 2625 1544 2663 non
1578 2608 1688 2663 fuit
1711 2626 1893 2665 ausus
1916 2608 2167 2677 diabolo,

524 2701 583 2753 et
609 2700 762 2752 certe
794 2696 1202 2752 maledictione
1234 2696 1602 2769 dignissimo,
1627 2696 1921 2767 judicium
1957 2697 2172 2753 inferre

524 2785 904 2859 blasphemia:
932 2803 944 2840 :
981 2790 1198 2856 quanto
1229 2785 1417 2857 magis
1450 2803 1554 2841 nos
1587 2787 1658 2841 ab
1680 2786 1837 2841 omni
1863 2787 2171 2842 maledicto

526 2875 659 2948 puri
672 2891 799 2932 esse
811 2875 1092 2931 debemus
1104 2876 1131 2930 ?
1146 2874 1754 2931 Merebaturdiabolus
1770 2875 2168 2931 maledictum:

529 2965 634 3022 sed
669 2981 768 3036 per
796 2963 1135 3035 archangeli
1157 2978 1220 3017 os
1241 2961 1610 3034 blasphemia
1632 2963 1786 3018 exire
1809 2980 1921 3018 non
1947 2964 2169 3018 debuit.

529 3052 740 3124 Relege
770 3056 992 3107 veteres
1020 3051 1224 3121 libros,
1257 3056 1313 3106 et-
1342 3052 1469 3106 vide
1501 3068 1625 3121 quae
1659 3052 1847 3107 tribus
1890 3052 1948 3107 in
1982 3057 2175 3107 mente

533 3141 765 3197 Garizin
799 3139 1130 3196 constitutae
1163 3140 1299 3208 sint,
1333 3145 1399 3195 ut
1429 3140 1832 3195 benedicerent
1863 3141 2097 3213 populo,
2121 3144 2178 3195 et

533 3246 661 3302 quae.
698 3230 756 3285 in
808 3234 1004 3286 monte
1053 3229 1253 3295 altero,
1303 3233 1366 3285 ut
1409 3229 1823 3285 maledicerent
1869 3231 2045 3301 (Deut.
2096 3247 2175 3299 χι,

536 3321 627 3389 29)
661 3319 886 3387 Ruben,
919 3319 1019 3390 qui
1052 3318 1447 3374 maculaverat
1475 3319 1709 3374 thorum
1744 3320 2001 3391 parentis
2023 3319 2174 3387 (Gen.

532 3426 660 3477 xxv,
693 3409 804 3479 22),
841 3414 897 3464 et
947 3406 1201 3463 Zabulon
1246 3409 1601 3464 novissimus
1652 3407 1808 3464 ﬁlius
1854 3410 1965 3464 Liee
2014 3408 2175 3475 (Ibid.

533 3473 656 3566 23),
682 3503 739 3552 et
768 3473 1135 3553 ancillarum
1186 3495 1351 3552 liberi
1408 3499 1563 3568 (Gen,
1613 3514 1777 3565 xxxv,
1826 3499 1917 3563 25,
1966 3473 2078 3569 26),
2120 3499 2179 3553 in
2213 3473 2255 3540 (δ

535 3591 732 3643 monte
782 3586 961 3642 chal
995 3587 1101 3658 (At.
1136 3586 1301 3657 Eliel)
1347 3590 1664 3657 ponuntur,
1718 3592 1783 3641 ut
1833 3586 2184 3642 maledicunt

532 3677 617 3731 eis
648 3677 751 3747 qui
784 3675 1190 3730 maledictione
1223 3680 1363 3729 sunt
1391 3675 1553 3747 digni
1607 3674 1782 3747 (Deut.
1816 3693 2017 3739 xxvm,
2069 3676 2180 3745 13).

535 3765 802 3836 Longum
836 3769 923 3819 est
954 3764 1007 3817 si
1056 3781 1213 3818 nunc
1260 3780 1594 3819 enumerem
1647 3765 1938 3836 quomodo
1981 3764 2180 3831 Jacob,

538 3852 638 3924 qui
671 3852 741 3907 ad
776 3851 1238 3907 benedictionem
1288 3857 1589 3907 vocaverat
1634 3851 1784 3908 filios
1842 3852 2080 3907 dicens:
2120 3855 2185 3909 Ut

540 3941 854 3997 benedicam
884 3942 1033 3996 vobis
1089 3942 1243 4012 (Gen.
1304 3958 1455 4012 xux,
1516 3942 1591 4012 4),
1653 3944 1852 4013 postea
1909 3941 2077 4013 quasi
2122 3942 2181 3996 in

538 4030 942 4086 benedictione
1001 4030 1311 4099 consociet,
1380 4031 1708 4086 maledictus
1763 4033 1920 4101 furor
1974 4047 2182 4101 eorum,

537 4122 670 4191 quia
700 4136 910 4191 procax
940 4120 1101 4188 (Ibid.
1135 4120 1232 4191 7):
1265 4124 1321 4173 et
1356 4120 1476 4191 ipse
1506 4121 1789 4175 Dominus
1821 4120 2096 4191 loquatur
2123 4119 2182 4174 in

537 4209 785 4265 Genesi:
820 4208 1106 4265 Maledicta
1157 4219 1305 4265 terra
1343 4211 1403 4263 in
1453 4212 1708 4281 operibus
1756 4210 1867 4264 tuis
1895 4209 2061 4277 (Gen.
2099 4225 2184 4276 ιιι,

537 4299 647 4369 17).
684 4301 801 4354 Hoc
832 4315 989 4354 nunc
1020 4302 1248 4353 tantum
1282 4298 1501 4353 dixisse
1532 4298 1807 4364 sufﬁciat,
1842 4299 1996 4368 quod
2031 4297 2184 4353 blas-

536 4387 814 4459 phemare
872 4386 1082 4442 Christi
1160 4385 1480 4455 discipulos
1552 4402 1664 4439 non
1746 4390 2012 4457 oportet:
2080 4401 2186 4440 nec

537 4477 693 4546 quod
727 4475 982 4541 additur,
1017 4491 1131 4529 esse
1162 4475 1444 4545 litigiosos.
1508 4475 1651 4529 731
1699 4474 1757 4529 Si
1790 4476 1945 4530 enim
1978 4490 2187 4530 sumus

539 4564 645 4618 filii
678 4565 864 4636 pacis,
898 4570 956 4619 et
977 4564 1248 4619 volumus
1270 4580 1447 4635 super
1469 4579 1575 4618 nos
1598 4579 1800 4635 pacem
1826 4562 2188 4635 requiescere

540 4654 691 4724 (Luc.
725 4670 779 4723 χ,
811 4654 887 4723 6),
920 4656 977 4707 et
1007 4652 1363 4707 accessimus
1412 4653 1481 4707 ad
1530 4651 1858 4708 Jerusalem
1891 4653 2184 4708 ccelestem

541 4741 725 4813 (Hebr.
759 4740 1007 4809 201,22),
1040 4758 1165 4812 quae
1216 4758 1281 4796 ex
1327 4758 1465 4812 pace
1516 4758 1727 4797 nomen
1776 4742 2017 4814 accepit,
2052 4759 2185 4798 cum

2281 2164 2505 2231 odiens,
2536 2168 2850 2236 antequam
2884 2163 3202 2220 Salvatoris
3234 2163 3418 2218 nostri
3467 2162 3699 2218 bonitas
3748 2166 3924 2234 atque

2279 2252 2589 2310 clementia
2636 2269 2739 2324 per
2785 2252 3081 2308 lavacrum
3154 2252 3423 2308 secundae
3469 2250 3924 2324 regenerationis

2280 2359 2412 2398 eum
2436 2341 2661 2398 salvum
2695 2343 2911 2397 faceret
2943 2359 2955 2397 :
2992 2358 3107 2397 non
3139 2340 3462 2413 exjustitize
3494 2341 3768 2413 operibus
3799 2357 3924 2411 quas

2281 2432 2514 2499 fecerat,
2549 2431 2648 2487 sed
2679 2448 2748 2486 ex
2768 2430 3172 2486 misericordia
3193 2447 3322 2495 sua,
3350 2430 3534 2485 effuso
3556 2428 3929 2484 abundanter

2281 2526 2340 2577 et
2365 2521 2524 2593 large
2554 2536 2732 2592 super
2762 2518 3055 2592 apostolos
3079 2522 3255 2591 atque
3275 2519 3576 2575 credentes
3599 2534 3701 2590 per
3721 2517 3925 2596 Jesum

2279 2611 2575 2667 Christum
2608 2609 2830 2681 Spiritu
2860 2613 3099 2664 sancto:
3155 2613 3242 2677 ut,
3291 2607 3686 2664 hazreditatem
3728 2606 3926 2679 gratia

2280 2700 2598 2763 consecuti,
2650 2714 2813 2770 spem
2866 2698 2996 2753 vitae
3041 2698 3099 2752 in
3143 2700 3490 2770 perpetuum
3532 2696 3922 2769 possiderent.

2280 2790 2348 2845 Et
2379 2792 2530 2844 certe
2559 2787 2810 2860 legimus
2840 2804 2973 2843 eum
3006 2786 3329 2844 secundum
3369 2785 3664 2858 justitiam
3707 2802 3833 2857 qua:
3863 2783 3925 2839 in

2280 2877 2406 2949 lege
2437 2882 2527 2932 est
2573 2876 2699 2932 sine
2748 2875 2984 2948 querela
3032 2875 3215 2931 fuisse
3267 2874 3677 2931 circumcisum
3726 2879 3930 2929 octava

2283 2966 2376 3023 die
2406 2983 2418 3021 :
2443 2965 2746 3021 Hebraeum
2769 2982 2836 3021 ex
2858 2964 3135 3031 Hebraeis,
3159 2964 3482 3021 secundum
3511 2963 3699 3036 legem
3728 2961 3931 3018 Phari-

2286 3071 2491 3119 saeum,
2514 3055 2585 3109 de
2612 3054 2767 3108 tribu
2792 3054 3099 3125 Benjamin
3127 3052 3396 3125 (Philipp.
3423 3068 3506 3120 ιιι,
3529 3054 3606 3124 5).
3635 3052 3932 3109 eruditum

2288 3143 2360 3198 ad
2392 3142 2570 3215 pedes
2601 3141 2962 3213 Gamalielis,
2997 3146 3055 3197 et
3084 3144 3154 3198 ab
3187 3140 3437 3197 infantia
3477 3142 3660 3198 sacris
3703 3139 3937 3196 Litteris

2285 3232 2621 3287 institutum
2651 3232 3041 3303 (Act.xxn,3).
3062 3231 3147 3285 Ad
3174 3231 3327 3302 quod
3352 3230 3756 3302 respondetur,
3786 3230 3937 3286 782

2286 3320 2520 3376 Judzeos
2546 3319 2647 3392 qui
2669 3325 2805 3375 ante
2826 3321 3143 3375 adventum
3175 3318 3490 3375 Salvatoris
3519 3322 3575 3374 et
3606 3319 3942 3391 passionem

2292 3411 2441 3480 ejus,
2473 3414 2531 3465 et
2561 3409 3074 3475 resurrectionem,
3108 3408 3167 3463 in
3202 3408 3353 3481 Lege
3381 3408 3591 3464 versati
3620 3412 3779 3473 sunt,
3807 3406 3943 3463 licet

2293 3516 2410 3555 non
2442 3498 2697 3572 plenam,
2729 3502 2989 3555 attamen
3023 3496 3223 3570 aliqua
3251 3514 3320 3553 ex
3341 3500 3504 3569 parte
3524 3495 3804 3552 habuisse
3816 3495 3951 3566 jus-

2292 3588 2485 3643 titiam
2512 3603 2525 3641 :
2559 3588 2716 3643 sicut
2744 3586 2979 3642 Simeon
3013 3600 3247 3657 quoque
3277 3590 3335 3641 et
3362 3589 3531 3639 Anna
3572 3582 3945 3657 prophetissa

2292 3676 2351 3732 in
2378 3676 2595 3748 templo
2631 3675 2725 3731 Dei
2748 3675 3006 3731 serviens
3037 3679 3127 3730 est
3157 3678 3390 3744 reperta
3413 3674 3562 3744 (Luc.
3596 3691 3660 3744 ιι,
3706 3674 3797 3744 25,
3829 3673 3945 3744 36),

2294 3769 2611 3835 Postquam
2634 3781 2767 3819 vero
2792 3763 3043 3835 populus
3066 3762 3453 3819 conclamavit
3476 3780 3489 3819 :
3525 3763 3793 3833 Cruciﬁge
3810 3777 3941 3817 cru-

2292 3854 2447 3925 ciﬁge
2478 3869 2600 3908 eum
2620 3870 2639 3906 :
2668 3869 2779 3908 non
2807 3852 3070 3907 habemus
3102 3867 3279 3922 regem
3325 3853 3438 3907 nisi
3469 3850 3737 3908 Ca’sarem
3765 3851 3945 3922 (Joan.

2292 3959 2406 4008 xxx,
2443 3942 2569 4013 15);
2600 3944 2696 3997 et:
2732 3942 2967 4012 Sanguis
2994 3942 3117 4012 ejus
3140 3956 3303 4012 super
3346 3956 3464 4008 nos,
3513 3944 3569 3996 et
3611 3956 3774 4011 super
3801 3939 3945 4009 ﬁlios

2292 4033 2502 4087 nostros
2536 4031 2757 4101 (Matth.
2790 4047 2967 4097 xxvn,
2999 4029 3114 4100 25),
3146 4036 3201 4085 et
3231 4028 3494 4085 ablatum
3528 4032 3616 4085 est
3645 4030 3718 4084 ab
3749 4028 3833 4084 eis
3865 4043 3949 4083 re-

2294 4135 2478 4192 gnum
2510 4118 2632 4188 Dei,
2665 4124 2723 4175 et
2751 4119 3033 4175 traditum
3069 4118 3227 4191 genti
3264 4117 3499 4174 facienti
3551 4118 3776 4173 fructus
3816 4117 3946 4189 ejus

2286 4209 2505 4281 (Matth.
2539 4225 2652 4277 xxx,
2690 4209 2814 4276 43):
2850 4223 2918 4263 ex
2947 4224 3013 4263 eo
3044 4212 3329 4280 tempore,
3370 4205 3510 4279 quia
3559 4207 3618 4262 in
3649 4205 3947 4262 Christum

2295 4315 2410 4354 non
2443 4296 2710 4363 credidit,
2743 4297 2853 4352 fuit
2881 4296 3123 4367 stultus,
3157 4297 3548 4366 errabundus,
3582 4293 3947 4363 incredulus,

2295 4391 2353 4443 et
2383 4386 2641 4443 serviens
2671 4386 2846 4441 variis
2883 4385 3309 4459 voluptatibus.
3344 4390 3432 4440 An
3464 4402 3582 4440 non
3636 4384 3804 4441 nobis
3833 4383 3947 4454 [Αἰ.

2296 4476 2482 4546 vobis]
2512 4474 2739 4530 videtur
2768 4474 2985 4531 Paulus
3017 4474 3198 4530 fuisse
3228 4473 3467 4543 stultus,
3501 4473 3736 4545 quando
3762 4472 3949 4529 habe-

2297 4565 2397 4620 bat
2428 4564 2615 4621 zelum
2638 4563 2759 4630 Dei,
2784 4564 2885 4619 sed
2917 4580 3034 4619 non
3067 4564 3392 4619 secundum
3426 4560 3730 4619 scientiam
3767 4562 3944 4635 (Rom.

2297 4672 2351 4722 x,
2386 4656 2439 4726 2)
2461 4672 2480 4717 ;
2506 4659 2563 4709 et
2583 4654 3046 4726 persequebatur
3085 4651 3442 4709 Ecclesiam:
3476 4656 3533 4708 et
3557 4649 3948 4725 lapidantium

2298 4744 2660 4815 Stephanum
2686 4742 3037 4797 vestimenta
3060 4740 3329 4797 servabat
3358 4741 3500 4811 (Act.
3533 4757 3631 4808 vn,
3655 4740 3746 4811 39)
3765 4739 3792 4793 ‘t
3813 4754 3946 4793 cum

544 4829 636 4885 his
688 4831 787 4900 qui
838 4829 1088 4885 oderunt
1135 4846 1356 4901 pacem,
1403 4830 1724 4886 habeamus
1773 4848 1970 4902 pacem
2015 4831 2186 4901 (Psat.
2220 4838 2267 4903 Ι)
2296 4831 2355 4886 in
2389 4836 2617 4887 tantum
2640 4830 2757 4886 odii
2781 4835 2983 4885 contra
3005 4830 3355 4886 Salvatorem
3381 4830 3698 4902 instigatus
3719 4843 3948 4884 exarse-

543 4935 655 4986 cxx,
680 4921 779 4985 7):
812 4923 868 4973 et
898 4922 1187 4991 quantum
1213 4918 1271 4973 in
1299 4919 1468 4974 nobis
1499 4924 1587 4973 est
1616 4936 1749 4974 cum
1780 4920 2055 4975 omnibus
2083 4920 2187 4976 ho-

550 5008 811 5064 minibus
843 5008 1029 5080 pacati
1089 5007 1276 5062 simus
1308 5008 1485 5077 (Rom.
1513 5024 1613 5073 xu,
1650 5009 1773 5074 18):
1828 5025 1942 5063 non
1992 5008 2185 5064 solum

544 5115 679 5153 cum
714 5097 1014 5167 modestis,
1049 5097 1147 5151 sed
1181 5095 1356 5151 etiam
1397 5113 1529 5151 cum
1568 5096 1810 5165 rixosis;
1863 5098 2001 5169 quia
2034 5097 2192 5152 nulla

541 5188 728 5242 virtus
760 5192 849 5243 est
878 5186 1029 5241 ferre
1059 5191 1432 5241 mansuetos:
1468 5185 1775 5257 locumque
1824 5188 2030 5242 demus
2069 5187 2190 5253 iraa,

541 5293 778 5333 omnem
810 5276 1186 5332 ostendentes
1219 5274 1734 5329 mansuetudinem
1767 5275 1836 5329 ad
1869 5291 2072 5330 omnes
2094 5275 2191 5330 ho-

543 5366 731 5423 mines
764 5381 775 5421 :
811 5382 923 5423 non
959 5364 1116 5437 quod
1150 5380 1308 5418 vanae
1340 5362 1535 5435 gloriae
1589 5362 1878 5419 desiderio
1927 5380 2033 5419 nos
2063 5380 2190 5420 esse

545 5460 884 5511 mansuetos
916 5454 1191 5510 omnibus
1245 5452 1586 5508 hominibus
1629 5454 1933 5508 ostendere
1982 5454 2189 5508 debea-

545 5559 716 5598 mus:
751 5545 852 5599 sed
885 5546 1025 5599 dum
1060 5559 1266 5599 omnes
1298 5542 1603 5609 fuerimus,
1636 5545 1691 5595 et
1736 5540 1965 5612 injuriae
2009 5542 2187 5597 vicem

546 5647 661 5684 non
696 5634 1090 5702 rependimus,
1123 5633 1251 5704 ipsa
1269 5648 1445 5705 opera
1467 5631 1693 5686 notiora
1714 5632 2003 5686 universis
2024 5632 2187 5686 fiant.

548 5717 743 5772 Potest
792 5718 1003 5790 aliquis
1055 5724 1126 5776 ob
1168 5720 1514 5791 jactantiam
1563 5726 1619 5774 et
1667 5720 2000 5790 opinionem
2031 5720 2188 5792 vulgi

549 5821 870 5877 auramque
900 5809 1235 5879 popularem
1260 5808 1537 5864 simulare
1556 5809 1705 5878 apud
1729 5808 2015 5879 quosdam
2035 5824 2194 5863 man-

454 5924 455 5931 ι
552 5895 947 5964 suetudinem,
979 5901 1037 5952 et
1067 5897 1282 5967 ﬁngere
1313 5898 1651 5953 bonitatem.
1686 5897 1793 5953 Sed
1828 5897 1925 5952 ubi
1961 5913 2073 5953 non
2106 5900 2195 5953 est

2298 4921 2491 4986 ritput
2542 4919 2765 4974 litteras
2818 4935 2852 4974 a
2901 4918 3307 4975 sacerdotibus
3350 4919 3656 4990 acciperet,
3700 4933 3948 4990 pergens

2303 5014 2646 5063 Damascum
2672 5008 2741 5063 ad
2767 5024 2866 5063 eos
2889 5007 2985 5079 qui
3012 5007 3067 5061 in
3096 5006 3395 5062 Christum
3422 5006 3791 5081 crediderant
3817 5004 3949 5060 vin-

2301 5098 2537 5152 ciendos
2569 5098 2702 5167 (Act.
2728 5114 2805 5164 ιχ,
2837 5098 2894 5167 2)
2922 5101 2947 5149 γ
2974 5101 3093 5151 Aut
3124 5095 3275 5151 ullas
3320 5100 3544 5169 poterat
3590 5094 3804 5151 habere
3827 5092 3949 5147 vir-

2302 5190 2456 5241 tutes
2488 5186 2615 5241 sine
2645 5185 2860 5241 virtute
2889 5185 2991 5241 Dei
3021 5183 3231 5240 Christi
3261 5185 3424 5252 Jesu,
3456 5187 3558 5239 aut
3605 5186 3951 5240 aestuantem

2303 5276 2600 5331 ﬂammam
2636 5275 3003 5347 restinguere
3050 5273 3414 5345 voluptatum
3464 5289 3598 5329 cum
3650 5288 3764 5328 non
3796 5274 3954 5327 esset

2301 5365 2588 5436 templum
2624 5364 2721 5420 Dei
2754 5366 2804 5436 (Ι
2848 5366 2976 5420 Cor.
3027 5380 3110 5431 ιιι,
3168 5364 3301 5435 16)?
3350 5365 3484 5428 Qua;
3538 5368 3732 5418 autem
3765 5359 3957 5431 major

2302 5457 2491 5525 potest
2513 5470 2640 5509 esse
2665 5453 2890 5509 malitia
2915 5458 2973 5509 et
2996 5451 3234 5521 invidia,
3260 5468 3436 5524 quam
3460 5455 3661 5508 contra
3680 5451 3950 5506 absentes

2304 5541 2579 5614 epistolas
2611 5558 2866 5608 sumere,
2902 5546 2959 5596 et
2989 5541 3208 5612 ubique
3254 5540 3467 5596 Christi
3512 5544 3741 5596 vastare
3770 5537 3951 5594 disci-

2304 5630 2511 5703 pulos;
2543 5630 2696 5686 nolle
2747 5631 2941 5702 ipsum
2992 5629 3220 5685 salvum
3271 5630 3437 5685 ﬁeri:
3490 5634 3548 5684 et
3595 5626 3816 5683 caeteris
3845 5626 3951 5697 qui

2300 5719 2443 5774 salvi
2476 5734 2604 5774 esse
2626 5722 2912 5790 poterant,
2946 5717 3205 5774 invidere
3229 5735 3243 5775 :
3267 5717 3461 5773 odisse
3491 5715 3856 5773 Christianos
3887 5718 3950 5771 et

2303 5811 2723 5879 consequenter
2749 5808 2821 5862 ab
2852 5807 3126 5863 omnibus
3156 5806 3358 5863 odium
3407 5804 3773 5877 promereri?
3803 5803 3969 5868 Quis,

2304 5898 2498 5952 autem
2531 5896 2718 5967 major
2746 5911 2927 5963 error,
2958 5894 3093 5952 etin
3144 5894 3496 5963 obedientia,
3546 5899 3603 5951 et
3648 5892 3943 5965 vecordia,
