4310 6612
512 508 625 615 931
1761 510 1826 570 S.
1874 509 2188 572 EUSEBlI

2299 510 2677 575 IEBONYMI
3802 513 3930 579 633

513 646 880 703 consecutae.
925 643 1054 699 Haec
1102 642 1473 700 immortale1
1521 642 1663 700 illud
1711 643 2012 716 ingenium
2055 659 2161 698 suo
2191 643 2248 710 Α
2278 642 2631 715 dicentibus,
2678 662 2784 702 nec
2832 644 3209 703 audientibus
3257 651 3522 720 prosunt.
3564 646 3711 715 Quid
3769 649 3927 706 enim

518 733 693 791 nobis
741 732 939 790 labore
969 733 1224 799 donavit,
1259 738 1323 789 ut
1364 751 1479 789 non
1513 750 1864 806 magnopere
1897 732 2168 804 pertime-
2279 731 2422 787 mihi
2454 734 2690 805 prodest
2719 734 2866 789 scire
2889 739 3031 806 quot
3060 751 3246 790 annos
3278 733 3487 791 vixerit
3512 734 3927 804 Mathusalem,

516 839 756 881 scamus
801 821 1182 896 supercilium
1230 824 1588 891 Judaeorum,
1632 822 1841 879 solutis
1891 821 2081 889 labiis,
2114 825 2171 876 et
2278 826 2452 891 quoto
2483 823 2670 881 vetatis
2701 840 2819 878 suae
2852 839 3005 878 anno
3036 822 3309 879 Salomon
3341 824 3587 880 sortitus
3615 825 3695 881 sit
3722 827 3927 897 conju-

520 913 750 969 obtorta
796 911 1019 985 lingua,
1061 917 1117 967 et
1165 912 1449 967 stridente
1492 912 1690 977 saliva,
1723 916 1780 966 et
1827 928 1959 967 rasa
2006 913 2170 967 fauce
2278 925 2431 981 gem,
2469 928 2539 966 ne
2578 910 2818 967 forsitan
2872 912 3130 967 Roboam
3177 912 3487 968 undecimo
3535 912 3721 970 aetatis
3768 914 3928 972 illius

525 1001 929 1076 gaudentium.
957 1006 1056 1055 Est
1084 1005 1142 1056 et
1169 1000 1286 1057 illis
1307 1000 1419 1055 alia
1447 1002 1673 1056 occasio
1700 1001 2007 1072 superbire,
2031 1018 2171 1072 quo-

527 1090 687 1147 niam
720 1091 871 1146 sicut
891 1107 998 1145 nos
1030 1088 1129 1161 qui
1163 1089 1342 1144 Latini
1368 1106 1596 1159 sumus,
1631 1089 1833 1144 Latina
1856 1089 2095 1144 nomina
2114 1094 2172 1143 et

526 1174 782 1251 origines
814 1178 884 1234 de
916 1177 1122 1249 lingua
1152 1184 1350 1231 nostra
1378 1177 1652 1232 habentia
1682 1179 1699 1249 [
1726 1178 1801 1232 -ll.
1834 1178 2169 1248 trahentia],

526 1267 759 1324 facilius
792 1266 1084 1322 memoriae
1116 1266 1405 1321 tradimus
1438 1283 1450 1321 ε
1487 1266 1568 1320 ita
1606 1265 1688 1321 illi
1720 1284 1754 1322 a
1785 1284 1960 1339 parva
1988 1270 2171 1332 aetate,

522 1348 831 1413 vernacula
911 1355 1001 1410 sui
1070 1354 1358 1409 sermonis
1423 1354 1706 1410 vocabula
1789 1355 2175 1426 penitissimis

525 1445 633 1517 [ΑΙ.
668 1443 1065 1517 peritissimis]
1108 1442 1380 1499 sensibus
1420 1444 1779 1499 imbiberunt
1814 1445 1913 1510 [Αἱ.
1950 1444 2173 1499 imbue-

524 1534 684 1605 rant]
716 1537 774 1589 et
803 1533 874 1589 ah
907 1533 1141 1588 exordio
1172 1534 1357 1587 Adam
1402 1550 1586 1604 usque
1618 1534 1689 1587 ad
1722 1538 2049 1588 extremum
2080 1533 2178 1588 Zo-

524 1621 784 1693 rohabel,
817 1623 1084 1679 omnium
1117 1618 1520 1694 generationes
1551 1622 1633 1675 ita
1662 1622 2003 1677 memoriter
2030 1620 2179 1677 velo-

527 1712 789 1783 citerque
819 1715 1188 1784 percurrunt,
1216 1715 1279 1765 ut
1300 1727 1398 1767 eos
1427 1728 1623 1779 suum,
1649 1715 1820 1783 putes
1851 1711 2063 1767 referre
2084 1729 2180 1767 no-

534 1804 692 1857 men.
724 1800 843 1855 Hoc
876 1816 981 1855 nos
1010 1799 1112 1871 qui
1143 1804 1244 1855 aut
1286 1798 1431 1855 alias
1463 1799 1684 1856 litteras
1713 1800 2047 1867 didicimus,
2080 1806 2182 1855 aut

536 1893 695 1945 certe
725 1903 854 1944 sero
897 1888 1254 1943 credidimus
1299 1887 1357 1942 in
1406 1887 1725 1956 Christum,
1758 1894 1860 1944 aut
1904 1890 2081 1945 etiam
2132 1890 2181 1946 si

2282 1015 2436 1054 anno
2458 1004 2634 1055 natus
2654 1017 2780 1055 esse
2798 1001 3107 1057 credatur?
3126 1005 3183 1057 et
3204 1000 3390 1057 multa
3412 1001 3583 1058 istius
3607 1002 3785 1068 modi,
3801 1020 3929 1076 qua

2287 1092 2389 1143 aut
2419 1087 2656 1144 difficile
2686 1094 2774 1145 est
2805 1090 3061 1145 invenire
3107 1094 3343 1163 propter
3371 1089 3656 1146 librorum
3687 1090 3930 1149 varieta-

2286 1180 2427 1241 tem,
2461 1182 2518 1232 et
2543 1177 2707 1248 (dum
2743 1177 3024 1250 paulatim
3048 1179 3119 1234 de
3140 1178 3530 1235 inemendatis
3560 1180 3934 1241 inemendata

2284 1264 2643 1337 scribuntur)
2675 1284 2900 1323 errores
2932 1267 3202 1323 inclitos:
3232 1273 3333 1323 aut
3360 1268 3535 1324 etiam
3570 1268 3618 1325 si
3648 1267 3933 1328 invenire-

2286 1372 2417 1410 mus
2469 1372 2682 1428 magno
2715 1356 2908 1411 studio
2959 1362 3014 1411 et
3059 1356 3274 1429 labore,
3307 1356 3454 1412 nihil
3487 1358 3791 1428 profutura
3838 1376 3932 1415 co-

2284 1443 2616 1515 gnovimus.
2645 1445 2998 1517 Frequenter
3023 1446 3235 1501 accidit
3258 1450 3323 1501 ut
3351 1446 3675 1502 habeamus
3706 1464 3936 1519 pugnas

2285 1530 2454 1603 legis,
2482 1549 2597 1587 non
2628 1532 2700 1588 ob
2733 1533 3089 1589 desiderium
3120 1533 3414 1603 veritatis;
3458 1534 3559 1590 sed
3593 1535 3667 1590 ob
3706 1536 3937 1606 jactan-

2286 1620 2425 1674 tiam
2462 1620 2678 1692 glorias,
2712 1622 2852 1677 dum
2888 1622 3039 1693 apud
3074 1639 3172 1678 eos
3202 1624 3302 1695 qui
3348 1623 3616 1692 audiunt,
3650 1623 3802 1681 docti
3834 1641 3937 1680 voc

2287 1707 2487 1765 lumus
2517 1709 2792 1765 aestimari
2816 1736 2829 1767 ς
2856 1716 2957 1766 aut
2986 1718 3138 1767 certe
3162 1729 3229 1767 ex
3253 1712 3362 1767 hoc
3385 1711 3726 1770 rumusculo
3750 1712 3942 1785 turpia

2289 1802 2585 1852 sectamur
2630 1798 2793 1854 lucra
2828 1817 2839 1854 :
2875 1799 3019 1863 Quid
3046 1800 3204 1856 enim
3237 1800 3475 1872 prodest
3521 1800 3938 1874 spumantibus

2287 1883 2480 1952 labiis,
2514 1890 2572 1941 et
2618 1886 2829 1942 latratu
2862 1888 3085 1959 garrire
3128 1904 3342 1943 canum
3377 1907 3391 1945 :
3426 1905 3561 1945 cum
3594 1888 3843 1962 simplex
3884 1894 3945 1946 et

538 1977 794 2035 infantes
824 1992 1031 2032 sumus
1056 1976 1319 2033 Ecclesiae
1353 1978 1689 2049 mancipati,
1716 1979 1904 2053 magis
1931 1979 2185 2051 Scriptu-
2214 2014 2261 2078 Β
2293 1974 2592 2030 moderata
2614 1976 2911 2047 responsio
2938 1982 3039 2031 aut
3063 1977 3249 2049 possit
3271 1982 3325 2033 te
3348 1978 3577 2051 placare
3599 1978 3649 2033 si
3676 1994 3809 2034 vera
3830 1984 3943 2043 est,

541 2080 740 2123 rarum
773 2080 1012 2122 sensum
1044 2083 1221 2137 quam
1249 2067 1423 2121 verba
1454 2071 1784 2123 sectamur:
1811 2068 1859 2122 si
1895 2069 2037 2123 forte
2070 2085 2184 2124 non

540 2155 623 2212 ita
653 2156 764 2226 [ΑΙ.
795 2159 934 2212 tacet
962 2154 1065 2228 ita]
1097 2155 1389 2220 novimus,
1423 2160 1633 2227 putant
1660 2173 1721 2212 se
1751 2157 1810 2211 in
1850 2156 2187 2213 nominibus

542 2244 883 2312 referendis,
917 2249 973 2300 et
1001 2244 1060 2299 in
1105 2245 1520 2317 supputatione
1568 2262 1880 2315 annorum,
1911 2251 1968 2302 et
1998 2247 2053 2302 in
2088 2264 2186 2302 ne-

542 2334 779 2407 potibus
836 2338 894 2389 et
941 2334 1352 2406 abnepotibus,
1385 2334 1528 2399 avis,
1571 2336 1820 2404 proavis,
1871 2340 1928 2391 et
1983 2335 2189 2403 atavis,

544 2422 858 2479 doctiores.
878 2421 1086 2478 Audivi
1117 2438 1221 2493 ego
1248 2422 1563 2493 quemdam
1597 2423 1668 2477 de
1701 2423 1973 2494 Hebraeis,
1998 2424 2094 2495 qui
2130 2440 2191 2479 se

548 2513 743 2570 Romus
774 2510 835 2566 in
854 2510 1148 2567 Christum
1176 2511 1496 2566 credidisse
1526 2510 1863 2577 simulabat,
1890 2514 1959 2568 de
1988 2529 2195 2585 genea-

543 2601 717 2675 logiis
774 2599 1005 2657 Domini
1065 2600 1250 2655 nostri
1304 2600 1447 2655 Jesu
1504 2600 1738 2668 Christi,
1794 2619 1921 2673 quia
1978 2602 2196 2674 scripta

550 2694 693 2749 sunt
739 2690 799 2747 in
848 2689 1117 2745 Matthaao
1168 2690 1308 2761 (cap.
1341 2706 1380 2757 ι,
1425 2691 1580 2761 2-17)
1626 2694 1683 2745 et
1730 2691 1884 2746 Luca
1932 2694 2075 2764 (cap.
2110 2708 2192 2762 ιιι,

548 2781 763 2849 22-38),
813 2779 1000 2835 facere
1048 2779 1459 2850 quaestionem;
1510 2780 1663 2850 quod
1716 2780 1984 2836 videlicet
2021 2798 2055 2836 a
2090 2781 2196 2836 Sa-

548 2869 786 2927 lomone
832 2885 1020 2939 usque
1068 2869 1139 2923 ad
1190 2867 1428 2939 Joseph,
1478 2886 1581 2923 nec
1632 2885 1875 2924 numero
1922 2870 2056 2937 sibi,
2090 2886 2195 2927 nec

546 2956 967 3016 vocabulorum
1029 2954 1359 3028 mqualitate
1419 2956 1784 3012 consentiant
1835 2974 1847 3011 :
1902 2960 2001 3030 qui
2060 2976 2193 3015 cum

548 3048 725 3104 corda
769 3044 1129 3118 simplicium
1170 3045 1546 3117 pervertisset
1574 3046 1743 3116 quasi
1791 3062 1859 3101 ex
1905 3048 2097 3119 adytis
2140 3055 2197 3105 et

547 3134 783 3192 oraculo
814 3133 1113 3189 deferebat
1142 3133 1451 3204 quaedam,
1481 3137 1546 3188 ut
1589 3134 1699 3189 sibi
1744 3134 2067 3202 videbatur,
2101 3154 2192 3193 so-

544 3224 820 3291 lutiones,
852 3238 987 3277 cum
1032 3222 1220 3293 magis
1250 3221 1521 3277 debuerit
1548 3222 1845 3297 justitiam
1877 3230 1935 3279 et
1966 3224 2193 3281 miseri-

543 3313 825 3381 cordiam,
859 3314 916 3367 et
945 3309 1316 3367 dilectionem
1364 3310 1459 3365 Dei
1493 3327 1750 3382 quaerere
1783 3311 1991 3380 (Matth.
2028 3331 2188 3386 xxm,

2297 2066 2399 2118 aut
2427 2063 2477 2119 si
2508 2063 2672 2129 falsa,
2704 2064 2915 2120 leniter
2938 2071 2993 2120 et
3024 2065 3426 2137 placabiliter’
3455 2067 3753 2124 emendari
3779 2069 3801 2122 ἓ

2369 2151 2556 2222 (Vers.
2590 2154 2674 2218 10,
2703 2153 2813 2225 11.)
2842 2178 2862 2203 ιι
2894 2153 3241 2211 Ηωιιθιίαιιιιι
3273 2154 3569 2211 hominem
3602 2159 3735 2228 post
3764 2173 3943 2215 unam

2297 2245 2355 2295 et
2385 2239 2626 2297 alteram
2660 2242 3081 2314 correptionem
3128 2243 3318 2299 devita
3351 2262 3364 2300 :
3401 2245 3593 2301 sciens
3622 2244 3779 2318 quod
3812 2245 3949 2302 sub-

2298 2345 2501 2384 versus
2520 2334 2609 2385 est
2630 2331 2944 2402 ejusmodi,
2959 2336 3013 2386 et
3035 2330 3326 2403 delinquit
3346 2333 3446 2406 qui
3469 2338 3558 2388 est
3579 2350 3612 2387 a
3631 2333 3948 2407 semetipso

2300 2417 2691 2473 damnatus.»
2726 2420 2945 2475 Nomen
2999 2418 3306 2486 haereseos,
3356 2426 3412 2476 et
3461 2420 3523 2479 in
3569 2421 3827 2495 Epistola
3874 2423 3947 2478 ad

2301 2506 2636 2563 Corinthios
2667 2508 2904 2580 ponitur
2939 2525 2951 2565 :
2987 2508 3201 2581 Oportet
3229 2512 3377 2566 enim
3408 2523 3459 2566 et
3488 2512 3719 2568 hereses
3759 2513 3821 2566 in
3849 2526 3947 2568 no-

2305 2596 2386 2650 bis
2414 2612 2547 2663 esse,
2582 2600 2640 2651 ut
2665 2597 2892 2668 probati
2930 2600 3131 2670 quique
3169 2600 3450 2670 manifesti
3475 2600 3614 2671 ﬁant
3641 2601 3692 2670 (ι
3719 2601 3838 2657 Cor.
3870 2618 3950 2673 χι,

2307 2684 2419 2752 19.)
2452 2685 2519 2740 Et
2547 2685 2617 2739 ad
2650 2685 2885 2742 Galatas
2933 2685 3085 2742 inter
3133 2688 3327 2742 carnis
3359 2704 3536 2760 opera
3565 2694 3949 2745 numeratur:

2304 2772 2594 2845 Manifesta
2621 2783 2800 2830 autem
2829 2777 2957 2830 sunt
3004 2791 3173 2845 opera
3201 2778 3389 2831 carnis
3418 2794 3437 2831 :
3463 2792 3589 2849 quae
3615 2785 3745 2833 sunt
3771 2780 3951 2849 famis

2302 2863 2465 2933 catio,
2522 2863 2903 2929 immuntlilia,
2963 2865 3213 2932 luxuria,
3274 2865 3622 2932 idololatria,
3672 2868 3951 2937 veneﬁcia,

2306 2951 2645 3020 inimicilize,
2704 2940 3095 3019 conten/tiones,
3150 2954 3552 3022 aemulationes,
3613 2944 3739 3023 ira),
3788 2958 3951 3027 rite,

2303 3039 2693 3109 dissensiones,
2727 3041 2971 3105 haereses,
3006 3041 3260 3109 invidiae,
3296 3042 3600 3110 ebrietates,
3629 3060 3951 3101 commessa-

2302 3131 2494 3196 tiones,
2525 3138 2577 3185 et
2605 3138 2806 3189 caetera
2832 3132 2919 3186 his
2947 3132 3180 3202 similia,
3213 3147 3339 3203 quae
3360 3133 3603 3203 pm'dico
3633 3135 3783 3190 vobis
3812 3135 3954 3190 sicut

2308 3220 2452 3274 737
2486 3219 2733 3290 pres-dixi
2761 3236 2779 3274 :
2811 3220 3077 3292 quoniam
3108 3222 3204 3292 qui
3231 3221 3350 3278 haec
3376 3229 3566 3293 agunt,
3600 3238 3827 3292 regnum
3854 3223 3955 3278 Dei

2302 3324 2407 3363 non
2451 3308 2798 3379 possidebunt
2838 3308 3033 3380 (Galat.
3067 3326 3120 3375 v,
3179 3310 3388 3380 19-21).
3440 3311 3503 3365 In
3553 3310 3771 3381 quibus
3818 3310 3954 3367 dili-

538 3403 653 3475 23),
683 3406 741 3458 et
770 3398 1050 3475 postilla,
1085 3399 1132 3455 si
1183 3400 1329 3455 forte
1359 3399 1725 3479 occurrisset,
1752 3401 1820 3456 de
1852 3382 2189 3461 nominibus
2220 3382 2264 3451 (ἶ
2304 3402 2507 3479 genter
2560 3402 2648 3453 est
2696 3396 3147 3466 observandum,
3191 3398 3339 3471 quod
3397 3400 3691 3471 quomodo
3752 3404 3958 3455 caatera

539 3495 600 3549 et
629 3490 892 3547 numeris
917 3488 1239 3561 disputare.
1265 3488 1421 3544 Satis
1445 3488 1687 3543 forsitan
1720 3489 1791 3544 de
1821 3490 2191 3549 Hebraeorum

541 3578 855 3652 supercilio
886 3583 944 3634 et
970 3577 1287 3650 plusquam
1340 3594 1576 3632 necesse
1620 3578 1792 3633 fuerit
1821 3579 2141 3637 dixerimus
2180 3599 2192 3638 :

543 3670 644 3725 sed
677 3668 906 3724 occasio
938 3666 1109 3722 nobis
1134 3667 1270 3721 data
1300 3670 1410 3732 est,
1443 3666 1515 3721 de
1545 3666 1900 3738 genealogiis
1949 3674 2006 3724 et
2055 3687 2190 3725 con-

542 3754 802 3813 tentione
832 3758 889 3811 et
916 3754 1080 3820 rixis,
1106 3771 1232 3825 quae
1281 3770 1350 3808 ex
1398 3753 1523 3825 lege
1552 3754 1812 3821 veniunt,
1846 3756 2192 3813 disserendi.

544 3843 864 3913 Dialectici,
899 3859 1151 3913 quorum
1180 3841 1518 3897 Aristoteles
1562 3845 1833 3914 princeps
1864 3851 1971 3912 est,
2007 3846 2196 3903 solent

546 3931 1120 4005 argumentationum
1146 3932 1291 3986 retia
1316 3932 1571 4000 tendere,
1586 3937 1642 3987 et
1660 3949 1868 4004 vagam
1894 3934 2192 3992 rhetorica:

545 4021 873 4078 libertatem
911 4021 1060 4077 786
1093 4019 1151 4075 in
1192 4019 1666 4091 syllogismorum
1697 4022 1925 4093 spineta
1959 4024 2193 4081 conclu-

543 4111 699 4168 dere.
736 4110 804 4166 Ili
835 4127 973 4183 ergo
1003 4110 1105 4182 qui
1140 4109 1198 4165 in
1220 4126 1286 4165 eo
1320 4113 1471 4164 totos
1505 4109 1630 4164 dies
1660 4115 1718 4165 et
1744 4117 1943 4167 noctes
1979 4118 2191 4182 terunt,

544 4205 610 4256 ut
640 4198 730 4257 vel
761 4200 1141 4272 interrogent,
1177 4197 1265 4254 vel
1315 4199 1727 4269 respondeant,
1751 4199 1837 4254 vel
1878 4202 2015 4256 dent
2064 4221 2193 4274 pro-

543 4288 917 4361 positionem,
949 4287 1039 4343 vel
1087 4287 1398 4359 accipiant,
1444 4293 1773 4354 assumant,
1826 4289 2193 4363 conﬁrment,

544 4383 722 4451 atque
775 4376 1149 4442 concludant,
1191 4376 1477 4447 quosdam
1525 4376 1917 4433 contentiosos
1966 4387 2193 4447 vocant,

539 4467 665 4538 qui,
698 4470 762 4522 ut
793 4466 956 4536 libet,
990 4482 1105 4521 non
1155 4464 1399 4529 ratione,
1432 4468 1533 4518 sed
1566 4465 1869 4521 stomacho
1897 4467 2197 4539 disputent

549 4553 932 4627 litigantium.
965 4553 1022 4609 Si
1048 4552 1226 4625 igitur
1256 4551 1340 4606 illi
1372 4551 1480 4606 hoc
1515 4552 1752 4623 faciunt,
1786 4571 2037 4625 quorum
2069 4575 2197 4630 pro-

545 4642 672 4716 prie
702 4659 798 4697 ars
828 4641 1120 4697 contentio
1150 4645 1258 4709 est,
1292 4640 1432 4713 quid
1482 4640 1653 4695 debet
1683 4642 1868 4698 facere
1916 4645 2194 4704 Christia-

2305 3476 2463 3553 vitia,
2496 3503 2623 3557 quas
2667 3486 2819 3541 inter
2865 3486 3058 3543 carnis
3088 3504 3263 3561 opera
3311 3493 3617 3544 numerata
3664 3493 3822 3556 sunt,
3856 3505 3955 3545 ex-

2306 3573 2554 3630 cludunt
2610 3591 2717 3631 nos
2773 3575 2881 3645 [Αι.
2914 3575 3327 3646 excluduntur]
3379 3593 3413 3631 a
3460 3593 3639 3649 regno
3697 3576 3844 3633 Dei:
3879 3576 3962 3633 ita

2305 3664 2481 3719 etiam
2514 3664 2683 3719 nobis
2712 3663 2962 3719 haereses
3004 3664 3273 3720 auferant
3312 3681 3557 3738 regnum
3588 3664 3717 3734 Dei;
3752 3671 3809 3720 et
3840 3682 3957 3722 non

2303 3751 2546 3809 interest
2575 3753 2867 3824 quomodo
2916 3753 3070 3823 quis,
3103 3752 3248 3808 dum
3289 3757 3519 3809 tantum
3553 3753 3895 3810 excludatur
3922 3771 3959 3810 a

2305 3857 2503 3913 regno.
2538 3840 2701 3907 Quod
2734 3844 2929 3896 autem
2974 3842 3161 3914 magis
3204 3843 3423 3898 mirum
3474 3842 3554 3898 sit
3603 3841 3779 3899 etiam
3813 3841 3955 3899 illud

2304 3932 2375 3985 de
2403 3929 2646 3985 Actibus
2691 3929 3085 4001 apostolorum
3120 3930 3351 3987 videtur
3395 3947 3523 3988 esse
3553 3929 3954 4007 relegandum,

2305 4019 2481 4074 fidem
2532 4024 2791 4074 nostram
2824 4018 2883 4074 in
2915 4019 3233 4091 Christum,
3266 4025 3325 4076 et
3371 4019 3842 4076 Ecclesiasticam
3872 4019 3960 4076 di-

2304 4107 2784 4180 sciplinam,jam
2828 4113 2966 4163 tunc
2997 4125 3030 4163 a
3062 4110 3348 4181 perversis
3390 4107 3734 4166 hominibus
3776 4109 3953 4167 hisre-

2306 4198 2418 4253 sim
2480 4202 2898 4269 nuncupatam.
2941 4200 3051 4253 Nos
3098 4198 3271 4269 enim,
3304 4198 3582 4269 inquiunt
3636 4197 3825 4254 Judaei
3883 4198 3955 4254 ad

2304 4286 2632 4359 apostolum
2682 4285 2950 4351 Paulum,
2983 4302 3081 4341 nec
3119 4287 3335 4342 litteras
3382 4305 3416 4341 a
3466 4295 3517 4343 te
3564 4286 3960 4359 acccpimusda

2302 4376 2499 4433 Judwa
2519 4376 2627 4447 (Al.
2650 4375 2715 4432 de
2736 4384 2794 4431 te.
2818 4417 2854 4431 ..
2886 4392 2923 4431 a
2951 4375 3185 4445 Iudaea).
3217 4392 3314 4431 nee
3344 4376 3569 4431 veniens
3597 4375 3720 4447 quis
3747 4377 3821 4431 de
3842 4377 3957 4447 fra-

2309 4467 2485 4520 tribus
2514 4466 2878 4520 annuntiavit
2924 4464 3097 4533 nobis,
3142 4467 3237 4519 aut
3286 4465 3500 4520 locutus
3538 4468 3617 4520 est
3663 4465 3864 4536 aliquis
3893 4463 3960 4523 de

2306 4564 2357 4611 te
2386 4558 2445 4609 in
2474 4556 2705 4609 malum.
2738 4555 2980 4608 Petimus
3024 4557 3229 4623 autem,
3259 4561 3321 4609 ut
3347 4553 3642 4609 audiamus
3667 4572 3702 4608 a
3730 4557 3784 4609 le
3830 4553 3963 4629 quid

2303 4647 2511 4701 sentias
2542 4663 2561 4699 :
2590 4645 2657 4699 de
2702 4643 2904 4700 haeresi
2943 4645 3093 4698 enim
3124 4642 3229 4698 ista
3258 4651 3449 4699 notum
3497 4648 3575 4699 est
3619 4642 3797 4717 nobis,
3829 4644 3962 4714 quia

540 4738 657 4788 nus
693 4730 807 4787 nisi
841 4730 1080 4786 omnino
1132 4730 1331 4803 fugere
1360 4730 1828 4786 contentionem?
1874 4734 2026 4790 [lixae
2057 4753 2197 4809 quo-
2228 4747 2275 4812 Ι)
2307 4737 2509 4806 ubique
2550 4735 2604 4789 ei
2639 4732 3038 4787 contradicitur
3066 4733 3208 4803 (Act.
3258 4749 3420 4800 χχιιι,
3469 4732 3679 4802 21-22).
3712 4731 3784 4787 Et
3827 4729 3963 4789 licet

548 4836 663 4892 que
692 4818 910 4891 legales
942 4819 1177 4892 penitus
1222 4819 1561 4890 respuendae
1593 4825 1754 4892 sunt,
1776 4826 1832 4877 et
1859 4822 2196 4881 Judoeorum

551 4907 814 4967 stultitim
848 4908 1263 4980 relinquendas.
1296 4908 1446 4964 Sunt
1477 4908 1633 4964 enim
1669 4910 1904 4967 inutiles
1936 4917 1991 4968 et
2020 4931 2198 4985 vanae,

550 5016 681 5073 qua:
708 5002 939 5055 tantum
964 4998 1219 5070 speciem
1244 4997 1496 5053 scientiae
1520 4996 1737 5054 habent
1762 5017 1773 5055 ;
1799 5006 2068 5057 crateram
2096 5022 2201 5061 nec

2313 4840 2525 4880 nomen
2575 4822 2852 4877 haereseos
2902 4820 3083 4876 Mileti
3117 4838 3232 4877 non
3282 4820 3530 4893 dicatur,
3566 4839 3599 4876 a
3644 4820 3827 4877 Paulo
3873 4826 3960 4877 ta-

2312 4930 2444 4967 men
2485 4927 2660 4983 opera
2710 4909 3111 4975 nominantur,
3146 4909 3421 4982 loquente
3470 4910 3541 4965 ad
3591 4910 3963 4982 presbyteros

2310 5001 2577 5058 Ecclesiae
2623 5016 2634 5054 :
2682 5000 2789 5068 Ego
2842 5001 2952 5055 scio
3002 5001 3263 5069 quoniam
3308 5000 3524 5055 venient
3569 5004 3696 5071 post
3751 4998 3961 5055 absces«

610 5099 625 5134 ¹
664 5097 905 5177 Praestat
953 5097 1147 5177 ipsum
1201 5096 1587 5168 Hexaplorum
1640 5100 1957 5169 specimen,
1989 5118 2057 5157 ex
2100 5104 2365 5177 margine
2412 5098 2630 5156 codicis
2680 5096 2977 5153 Barberini
3008 5098 3080 5152 ad
3111 5096 3256 5153 Osee
3284 5099 3449 5169 x1,1,
3478 5096 3570 5153 hic
3620 5096 3678 5152 in
3728 5095 3964 5153 lectoris

536 5170 790 5243 gratiam
822 5170 1129 5226 ascribere.

711 5259 884 5315 Hebr.
1075 5258 1260 5315 Iidem
1293 5259 1474 5314 Graec.
1522 5258 1631 5313 litt.

532 5308 897 5401 ἢθη-,ᾗςῖῇ
938 5340 992 5391 π;
1074 5308 1337 5402 [ET—3.5,;
1378 5308 1635 5402 ’Ἱέιρέἦὶζ

533 5396 786 5463 inﬁmis
843 5396 1374 5471 mnestheus-rp»
1423 5396 1634 5471 μεμμε-

707 5488 719 5530 :
749 5483 841 5533 ιιι
877 5474 1275 5559 ηηκηῑῖισραιμ
1318 5474 1508 5542 καραθι
1545 5474 1635 5543 βα-

1104 5567 1171 5598 νι.

1876 5263 2025 5331 Aqu.

1689 5333 1806 5383 Ὀτι
1841 5338 1965 5391 tati:
2002 5332 2205 5404 Ἰσραῂ)

1658 5272 1669 5684 ἱ

1690 5614 1802 5667 υἱόν
1838 5636 1962 5686 μου.

2268 5335 2383 5385 ’Ὁτι
2416 5326 2541 5391 mi:
2578 5326 2971 5415 ἸσραὴλΙὋτιΧ
3019 5327 3217 5415 νγξτςιοῖς
3254 5327 3375 5413 "ls-

2266 5404 2351 5457 7.1".
2406 5396 2763 5476 ἡγᾳπημὲνος
2784 5396 2819 5476 ,Ι
2842 5396 2981 5471 ρει-ἠ).
3003 5398 3089 5476 κῑᾴ
3109 5397 3216 5476 ἐγὼ
3240 5398 3371 5476 imit:

2267 5474 2316 5546 ἐξ
2376 5468 2653 5548 Mida-sou
2711 5468 2987 5548 κὲ-Ιιττβᾳ
3018 5468 3371 5548 αὐκὸνμαξέξ

2263 5538 2467 5616 κληταί
2499 5545 2613 5606 υἱός
2673 5538 2819 5616 item]
2844 5539 3119 5616 Αἰγύπτου
3168 5538 3369 5610 κέκληὲ

1690 5402 1775 5453 καὶ
1819 5402 2082 5473 ἠγάπησά
2124 5405 2215 5456 av)-

1686 5473 1775 5525 τὸν
1810 5474 1898 5525 καὶ
1921 5475 2023 5526 ἀπὸ
2056 5474 2216 5547 Αἰγύ-

1687 5564 1821 5596 πτου
1858 5543 2083 5598 smiles:
2125 5543 2214 5600 ἑὸν

2236 5275 2250 5689 Ι

3041 5256 3192 5311 LXX.
3396 5272 3406 5314 I
3550 5256 3832 5314 Theodot.

3423 5329 3537 5381 "Ott
3603 5329 3801 5397 νήπι’ος
3858 5333 3960 5380 Ἰσ-

3425 5398 3573 5473 ραὴλ,
3599 5399 3688 5473 καὶ
3732 5399 3963 5473 717,47".-

3424 5468 3488 5523 σα
3518 5469 3698 5541 αὐτὸν,
3728 5468 3958 5541 ὲκᾶλεσςα

3421 5541 3533 5601 υἱόν
3567 5563 3669 5615 μου
3686 5540 3748 5612 ἐξ
3789 5540 3958 5616 Αἷγῦ-

3420 5633 3577 5668 πτου.

2459 5262 2618 5331 Sytu.

3390 5272 3406 5690 l

2837 5612 2935 5666 tati
2956 5612 3071 5673 υἱός
3108 5632 3230 5683 μου.

546 5698 722 5756 Porro
760 5701 860 5756 ubi
892 5703 949 5777 in
982 5704 1203 5775 aliquot
1236 5704 1426 5777 libris,
1456 5701 1722 5773 quintam
1774 5721 2005 5777 quoque
2056 5706 2112 5762 et
2160 5712 2403 5777 sextam,
2436 5723 2502 5762 ac
2550 5708 2786 5762 domum
2837 5702 3150 5775 septimam
3194 5702 3480 5760 editiones
3528 5702 3814 5775 adjunxit,
3847 5718 3954 5759 suo

547 5787 674 5844 qua:
722 5789 793 5827 ue
822 5774 1023 5829 ordine
1054 5774 1509 5830 Theodotionem
1543 5774 2065 5846 consequebantur.

619 5843 643 5880 ³
671 5788 797 5900 Buo
829 5859 996 5900 mss..
1028 5846 1228 5900 leniter
1250 5856 1378 5900 ate.
1410 5850 1459 5900 et
1489 5844 1861 5900 placabiliter.

619 5843 643 5880 ²
671 5843 797 5900 Duo
829 5859 996 5914 mss.,
1028 5846 1228 5903 leniter
1250 5864 1283 5901 a
1306 5856 1379 5916 te,
1410 5850 1459 5901 et
1482 5843 1861 5917 placabiliter.
