4310 6570
370 538 492 623 ess

1189 547 1709 621 COMMENTAB.
1755 552 1832 623 ΙΝ
1884 550 2130 621 EPIST.
2177 551 2278 615 AD
2322 549 2598 631 TITUM,
2643 551 2814 643 CAP.
2859 550 2967 614 III.

3657 543 3779 609 63‘

374 688 501 737 sum
528 691 708 732 meum
733 676 852 750 lupi
876 686 1065 750 graves
1095 681 1158 736 in
1188 698 1298 752 vos,
1330 698 1441 740 non
1464 687 1749 757 parcentes
1777 686 1955 757 gregis
2002 703 2023 742 :
2050 687 2107 755 Α
2134 684 2361 743 deerant
2386 688 2670 758 corrigas;
2699 689 2751 744 et
2778 685 3075 751 constituas
3121 699 3220 752 per
3259 683 3506 740 civitates
3542 681 3772 755 presby-

375 769 429 837 (ξι
461 779 533 820 ea:
560 765 709 821 vobis
735 768 871 839 ipsis
898 780 1225 839 consurgent
1262 773 1373 828 viri
1421 772 1702 846 loquentes
1744 791 2022 849 perversa,

380 861 442 933 ut
490 853 765 910 abducant
812 856 1119 930 discipulos
1172 864 1292 932 post
1337 878 1395 917 se
1440 864 1575 935 (Act.
1625 882 1718 932 xx,
1770 867 1862 932 29,
1909 866 2021 938 30).

381 938 512 1001 Haec
558 942 616 997 in
650 942 901 1002 transitu
953 946 1109 1004 dicta
1164 949 1304 1019 sint,
1335 951 1435 1007 ubi
1484 957 1542 1007 et
1596 952 1734 1009 alibi
1786 954 2025 1012 haeresis

376 1029 726 1101 appelletur.
759 1033 926 1091 Nunc
955 1035 1150 1108 ipsum
1185 1054 1396 1095 nomen
1427 1038 1658 1097 videtur
1685 1041 2026 1114 plenissime

372 1118 807 1178 ventilandum.
835 1124 1084 1201 Heresis
1114 1126 1307 1183 Graece
1355 1128 1427 1184 ab
1468 1128 1747 1188 electione
1789 1131 2021 1199 dicitur,

375 1208 533 1285 quod
558 1208 783 1266 scilicet
803 1212 1218 1286 unusquisque
1242 1215 1299 1270 id
1322 1216 1434 1272 sibi
1457 1217 1634 1290 eligat
1653 1221 1806 1291 quod
1830 1219 1881 1276 ei
1903 1237 2023 1277 me-

369 1292 490 1373 lius
536 1313 665 1353 esse
709 1298 995 1356 videatur.
1029 1301 1360 1375 Philosophi
1399 1322 1632 1378 quoque
1664 1308 2024 1374 Stoici,Peri-

371 1386 631 1459 patetici,
708 1389 1067 1453 Academici.
1141 1392 1430 1463 Epicurei,
1488 1393 1648 1452 illius
1708 1396 1793 1452 vel
1859 1396 2022 1453 illius

369 1472 661 1549 haereseos
705 1475 1097 1549 appellantur.
1129 1480 1496 1551 Superﬂuum
1527 1488 1616 1538 est
1646 1484 1729 1541 ire
1758 1501 1860 1557 per
1897 1485 2019 1540 sin-

369 1562 530 1638 gula,
562 1568 621 1620 et
652 1564 1030 1630 Marcionem,
1063 1566 1462 1635 Valentinum,
1510 1571 1797 1645 Apellem,
1850 1574 2017 1631 Ebio-

372 1668 530 1722 nem,
565 1652 930 1721 Montanum,
963 1656 1019 1710 et
1047 1656 1432 1715 Manichaeum
1466 1678 1598 1717 eum
1630 1662 1754 1718 suis
1782 1679 2018 1719 enume-

368 1756 499 1796 rare
555 1741 932 1814 dngmatibus
983 1761 996 1800 :
1058 1762 1193 1802 cum
1251 1748 1521 1819 perfacile
1573 1751 1651 1807 sit
1705 1752 2021 1825 unicuique

369 1844 722 1901 cognoscere
773 1831 991 1902 quibus
1057 1833 1279 1908 singuli
1346 1837 1638 1897 ducantur
1699 1842 2017 1899 erroribus.

374 1916 543 1972 Arius
600 1922 657 1974 et
715 1919 1058 1990 Euoomius,
1118 1929 1176 1978 et
1231 1942 1389 1981 nova:
1446 1932 1648 1984 auctor
1712 1929 2016 2002 haereseos,

371 2006 598 2067 utinam
630 2012 748 2064 tam
784 2010 903 2066 noti
937 2026 1051 2067 non
1083 2018 1300 2085 essent,
1333 2015 1530 2082 minus
1563 2016 1797 2074 forsitan
1833 2019 2018 2091 pluri-

375 2110 502 2169 mos
532 2096 930 2169 deeepissentl
965 2099 1313 2158 Haereticum
1345 2104 1526 2177 igitur
1557 2105 1854 2163 hominem
1890 2113 2023 2180 post

373 2199 551 2239 unam
585 2186 1032 2258 correptionem,
1067 2189 1186 2246 sive
1216 2196 1281 2248 ut
1322 2192 1380 2247 in
1430 2194 1625 2251 Graeco
1669 2195 1881 2252 melius
1910 2196 2019 2252 ha-

372 2272 563 2341 betur,
586 2273 1125 2346 voqualav,devita;
1158 2278 1401 2335 νουθεσία
1425 2288 1619 2339 autem
1650 2287 2023 2343 common-itio-

369 2378 497 2417 nem
527 2364 717 2436 magis
747 2369 805 2421 et
833 2367 1150 2423 doctrinam
1180 2368 1401 2442 absque
1432 2372 1826 2446 increpatione
1845 2374 2023 2448 signi-

372 2450 526 2506 ficat.
584 2452 822 2526 Legitur
871 2454 929 2510 in
983 2457 1201 2513 Latinis
1252 2459 1552 2519 codicibus
1594 2464 1772 2535 (quod
1817 2481 2018 2520 verum

368 2537 528 2612 Papa
583 2556 817 2614 quoque
872 2544 1229 2603 Athanasius
1296 2550 1312 2584 ¹
1373 2552 1757 2624 approbabat)
1816 2569 1829 2608 :
1890 2555 2019 2609 Post

370 2643 548 2693 unam
580 2638 631 2685 et
660 2632 906 2691 alteram
944 2637 1382 2711 correptionem;
1431 2642 1585 2711 quod
1634 2640 1855 2699 scilicet
1902 2660 2018 2700 non

371 2716 629 2795 sufﬁciat
653 2722 885 2776 tantum
917 2722 1098 2779 semel
1128 2741 1260 2781 eum
1291 2727 1525 2802 corrigi,
1552 2728 1640 2785 vel
1661 2732 2017 2787 commoneri

371 2803 471 2885 qui
502 2804 700 2877 aliquo
731 2808 810 2863 sit
838 2810 1192 2882 depravatus
1221 2830 1415 2871 errore
1454 2833 1468 2872 :
1501 2817 1603 2873 sed
1653 2823 1712 2874 et
1760 2822 2021 2877 secunda

372 2892 452 2948 sit
481 2892 533 2949 ei
569 2896 717 2963 138
742 2897 1075 2957 adhibenda
1103 2901 1387 2972 doctrina,
1423 2910 1487 2960 ut
1530 2905 1588 2962 in
1631 2924 1729 2963 ore
1767 2909 2018 2975 duorum

370 2986 473 3071 aut
501 2983 680 3040 trium
704 2986 944 3043 testium
967 2993 1082 3047 stet
1101 3006 1274 3069 omne
1296 2994 1536 3050 verbum
1558 2995 1738 3066 (Deut.
1759 3014 1871 3065 nx,
1907 2998 2016 3071 15).

375 3068 566 3133 Quare
622 3077 816 3155 autem
875 3081 1007 3149 post
1064 3078 1315 3151 primam
1360 3087 1417 3139 et
1465 3086 1783 3142 secundam
1835 3068 2020 3145 corre-

371 3159 634 3233 ptionem
665 3162 1014 3231 devitandas
1043 3168 1339 3239 sit,reddit
1366 3188 1597 3241 causas,
1628 3175 2020 3247 dicenszquod

367 3249 660 3331 subversas
690 3260 771 3309 est
802 3254 1097 3325 ejusmodi,
1127 3266 1178 3314 et
1204 3265 1391 3331 peccat
1418 3278 1544 3317 cum
1571 3265 1645 3318 sit
1672 3281 1706 3319 a
1733 3267 2017 3338 semetipso

367 3328 664 3405 damnatus
715 3342 755 3395 ².
811 3342 920 3407 Qui
976 3345 1134 3401 enim
1191 3328 1371 3405 semel
1428 3350 1636 3424 bisque
1692 3359 2014 3438 correptus,

2050 2060 2100 2128 B

2131 779 2296 843 teros,
2357 777 2500 832 sicut
2555 792 2650 847 ego
2707 776 2814 831 tibi
2863 774 3121 844 disposui.
3167 773 3237 829 Ut
3285 771 3428 845 quia
3473 772 3775 829 Cretenses

2134 881 2321 937 nuper
2375 864 2761 933 crediderant,
2816 864 3119 921 recedente
3175 861 3375 932 Paulo,
3426 865 3483 917 et
3528 860 3600 917 ad
3630 859 3774 919 alias

2130 953 2418 1010 Ecclesiae
2445 957 2806 1020 transeunte,
2839 969 2955 1008 non
2986 949 3419 1008 dimitterentur
3468 949 3717 1022 orphani
3761 967 3775 1007 :

2134 1044 2234 1099 sed
2266 1043 2546 1107 haberent
2574 1042 2963 1116 apostolicum
2998 1041 3210 1107 virum,
3243 1038 3341 1113 qui
3372 1055 3442 1096 ea
3469 1055 3596 1111 quae
3619 1037 3784 1096 vide-

2133 1131 2349 1187 bantur
2392 1133 2616 1200 deesse,
2668 1131 2999 1204 corrigeret.
3058 1128 3206 1197 Quia
3235 1145 3373 1201 ergo
3413 1132 3546 1201 post
3573 1127 3784 1187 funda-

2133 1225 2399 1277 mentum
2459 1219 2708 1277 aliarum
2764 1219 3155 1276 Ecclesiarum
3222 1217 3589 1275 necessarius
3655 1220 3781 1273 erat

2130 1309 2317 1381 Titus,
2350 1310 2449 1383 qui
2482 1309 2795 1365 aediﬁcium
2843 1311 3295 1381 superstrueret,
3348 1305 3553 1362 scribit
3593 1305 3666 1374 ei,
3700 1309 3783 1369 ut.

2131 1415 2265 1454 cum
2297 1398 2616 1457 Artheman
2648 1398 2738 1454 vel
2761 1398 3105 1472 Tychicum,
3135 1412 3320 1452 unum
3348 1394 3569 1450 scilicet
3587 1412 3619 1450 e
3638 1395 3782 1451 duo-

2130 1487 2243 1549 bus
2269 1488 2371 1560 qui
2403 1505 2602 1545 secum
2636 1488 2882 1557 fuerant,
2914 1486 3140 1543 Cretam
3175 1484 3452 1549 misisset,
3500 1482 3776 1554 impletu-

2131 1594 2234 1634 rus
2263 1578 2370 1647 [Αι.
2403 1576 2808 1650 impleturum]
2840 1577 3035 1633 locum
3064 1575 3194 1647 ejus
3228 1590 3241 1630 :
3274 1573 3400 1647 ipse
3448 1571 3773 1644 Nicopolim

2127 1665 2368 1733 veniret,
2414 1665 2492 1720 ibi
2550 1682 2613 1721 se
2664 1664 3063 1721 hiematurum
3119 1678 3245 1718 esse
3303 1663 3659 1717 contestans.
3692 1660 3775 1716 Ex

2130 1771 2244 1827 quo
2285 1758 2561 1827 paternos
2616 1753 2777 1811 Pauli
2840 1754 2898 1809 in
2948 1752 3250 1809 Cretenses
3303 1749 3621 1822 probamus
3668 1749 3777 1818 [Αι.
3826 1784 3833 1789 ~

2128 1844 2465 1916 probemus]
2496 1845 2757 1901 affectus.
2795 1840 3199 1902 Necessarium
3250 1838 3427 1896 habet
3472 1836 3666 1893 Titum
3720 1836 3781 1892 in

2130 1932 2423 2006 Evangelii
2459 1933 2892 1990 ministerium:
2922 1936 3117 1987 tamen
3150 1946 3264 1985 non
3297 1944 3431 1985 eum
3465 1931 3602 1985 ante
3623 1925 3696 1983 ad
3720 1942 3784 1983 se

2129 2022 2251 2079 vult
2282 2022 2497 2089 venire,
2531 2022 2645 2079 nisi
2676 2024 2733 2077 in
2766 2021 2961 2078 locum
2993 2021 3123 2092 ejus
3147 2013 3537 2084 Artemas,vel
3566 2013 3778 2085 Tychi-

2130 2128 2236 2168 eus
2265 2127 2571 2167 successor
2601 2110 2917 2166 advenerit.
2953 2106 3243 2181 Nicopolis
3273 2106 3404 2178 ipsa
3430 2108 3680 2176 est,quaa
3704 2105 3776 2159 ob

2128 2199 2433 2255 victoriam
2464 2198 2895 2272 Augusti,quod
2928 2197 3007 2253 ibi
3038 2195 3355 2253 Antonium
3386 2192 3779 2266 Cleopatram-

2130 2304 2246 2360 que
2266 2287 2575 2360 superarit,
2612 2304 2823 2344 nomen
2856 2286 3097 2359 accepit.

2201 2378 2388 2449 (Vers.
2442 2378 2553 2450 13.)
2588 2378 2736 2435 730
2792 2400 2812 2428 ι
2865 2377 3078 2434 Zenam
3138 2373 3285 2448 legis
3340 2373 3659 2441 doctorem,
3719 2376 3780 2429 et

2127 2465 2333 2539 Apollo
2383 2466 2631 2523 sollicite
2678 2466 2985 2540 praemitte,
3040 2469 3106 2521 ut
3157 2461 3303 2520 nihil
3351 2461 3468 2519 illis
3516 2460 3684 2518 desit.
3747 2483 3775 2511 ››

2128 2556 2243 2611 Iste
2271 2561 2361 2613 est
2390 2555 2596 2629 Apollo
2627 2557 2697 2612 de
2726 2572 2842 2628 quo
2875 2559 2930 2611 et
2960 2554 3031 2610 ad
3064 2551 3395 2611 Corinthios
3441 2550 3718 2614 scribitur
3759 2567 3772 2606 :

2132 2645 2508 2717 Unusquisque
2556 2649 2793 2702 vestrum
2848 2643 2989 2700 dicit
3034 2660 3054 2697 :
3104 2643 3208 2713 Ego
3254 2656 3380 2696 sum
3431 2640 3625 2708 Pauli,
3680 2654 3779 2708 ego

2128 2744 2311 2791 autem
2359 2734 2564 2806 Apollo,
2613 2750 2710 2806 ego
2757 2749 2881 2789 vero
2929 2732 3121 2803 (Iephte
3167 2732 3217 2798 (I
3261 2729 3385 2785 Cor.
3427 2745 3470 2795 ι,
3503 2727 3611 2799 12).
3645 2727 3779 2783 Fuit

2128 2828 2323 2880 autem
2354 2823 2441 2878 vir
2467 2822 2893 2883 Alexandrinus
2921 2838 2991 2878 ex
3017 2817 3257 2888 Judazis,
3284 2817 3451 2874 valde
3491 2815 3774 2888 eloquens

2128 2916 2187 2968 et
2241 2911 2534 2984 perfectus
2579 2912 2640 2967 in
2690 2910 2835 2983 lege,
2892 2909 3204 2982 episcopus
3259 2904 3694 2963 Corinthiorum
3760 2921 3774 2959 :

2129 3016 2302 3072 quem
2335 3004 2571 3072 propter
2599 2996 2996 3055 dissensiones
3027 3014 3153 3069 quae
3192 2995 3251 3051 in
3279 2992 3554 3051 Corintho
3585 2996 3773 3064 erant,

2129 3089 2200 3144 ad
2232 3088 2484 3147 vicinam
2515 3088 2770 3145 insulam
2802 3091 3031 3144 Cretam
3078 3102 3212 3142 cum
3262 3084 3415 3140 Zena
3460 3081 3608 3157 legis
3637 3082 3773 3138 doc-

2127 3181 2252 3234 tore
2278 3179 2604 3251 putandum
2630 3181 2720 3237 est
2749 3177 3195 3242 transfretasse;
3227 3177 3284 3231 et
3311 3171 3476 3229 Pauli
3518 3171 3777 3244 Epistola

2127 3266 2589 3324 dissentionibus
2641 3283 2771 3339 qua:
2818 3263 3077 3321 Corinthi
3130 3266 3267 3319 orta;
3300 3261 3529 3317 fuerant
3558 3265 3775 3332 tempe-

2129 3356 2291 3426 ratis,
2325 3372 2561 3417 rursum
2614 3354 2959 3412 Corinthum
2995 3351 3317 3409 revertisse.
3367 3355 3576 3409 Zenam
3635 3365 3772 3406 vero

363 3425 565 3482 audito
596 3445 789 3487 errore
820 3447 947 3500 suo,
998 3450 1114 3489 non
1157 3435 1284 3490 vult
1331 3439 1563 3511 corrigi,
1595 3457 1786 3499 errare
1815 3425 2011 3499 esisti-
2043 3430 2086 3496 ί]
2121 3445 2269 3519 legis
2299 3445 2697 3512 doctorem,de
2724 3443 2838 3500 alio
2869 3443 3179 3515 Scriptores
3228 3439 3353 3496 loco
3401 3439 3536 3510 quis
3574 3437 3770 3508 fuerit,

359 3518 484 3569 mat
511 3516 898 3589 corrigentem
933 3537 946 3576 :
978 3525 1037 3577 et
1073 3525 1397 3585 econtrario
1445 3544 1507 3584 se
1552 3531 1625 3585 ad
1683 3547 1911 3605 pugnas
1952 3539 2010 3589 et

347 3603 551 3677 jurgia
602 3606 918 3665 verborum
968 3627 1202 3680 parans,
1271 3630 1405 3671 eum
1472 3617 1594 3673 vult
1649 3603 2006 3692 lucrifacere,

352 3707 387 3746 a
417 3709 535 3764 quo
565 3694 831 3751 docetur.
868 3697 1177 3770 Propterea
1204 3718 1339 3759 vero
1371 3722 1404 3761 a
1431 3707 1746 3782 semetipso
1794 3708 2011 3768 dicitur

353 3795 482 3837 esse
514 3782 869 3840 damnatus:
903 3785 1043 3857 quia
1072 3788 1664 3862 fornicator,adulter,
1692 3795 2006 3864 homicida,

351 3873 655 3959 etgcaatera
700 3872 866 3940 vitia,
917 3890 1020 3947 per
1071 3879 1403 3937 sacerdotes
1453 3882 1525 3939 de
1573 3883 1828 3942 Ecclesia
1875 3904 2006 3959 pro-

352 3957 673 4031 pelluntur.
713 3962 979 4020 Haeretici
1010 3970 1208 4023 autem
1257 3967 1317 4023 in
1370 3973 1716 4046 semetipsos
1776 3957 2006 4033 senten-

352 4046 498 4104 tiam
529 4049 786 4117 luerunt,
820 4068 928 4108 suo
958 4055 1203 4112 arbitrio
1229 4058 1302 4113 de
1334 4059 1593 4117 Ecclesia
1621 4063 1956 4122 recedentes
1989 4083 2003 4122 :

351 4151 482 4208 quae
539 4140 790 4195 recessio
846 4142 1097 4214 propriae
1165 4147 1536 4205 conscientiae
1594 4151 1823 4209 videtur
1876 4170 2005 4210 esse

351 4222 675 4282 damnatio.
708 4227 865 4284 Inter
889 4229 1158 4288 haeresim
1188 4238 1245 4288 et
1275 4234 1536 4294 schisma
1578 4237 1687 4296 hoc
1735 4258 1864 4299 esse
1910 4244 2003 4300 art

349 4310 648 4369 bitrantur
670 4316 872 4388 {quod
894 4318 1135 4376 haeresis
1156 4338 1496 4394 perversum
1522 4326 1738 4400 dogma
1757 4330 2000 4399 habeat;

351 4399 614 4491 schisma
643 4410 881 4478 propter
904 4408 1300 4481 episcOpalem
1331 4411 1764 4491 dissensionem
1795 4420 1868 4475 ab
1898 4421 2000 4476 Ec-

345 4487 522 4547 clesia
560 4499 864 4566 separetur
893 4513 906 4551 :
942 4498 1098 4569 quod
1132 4499 1369 4571 quidem
1401 4487 1776 4576 in'principio
1806 4507 2004 4581 aliqua

344 4594 414 4635 ex
443 4585 607 4653 parte
635 4580 859 4657 inelligi
894 4590 1104 4658 potest.
1146 4588 1429 4646 Castorum
1481 4591 1712 4649 nullum
1741 4580 2003 4654 schisma

343 4683 460 4725 non
492 4669 603 4727 sibi
636 4671 900 4745 aliquam
935 4676 1223 4751 conﬁngit
1266 4677 1560 4749 haeresim,
1613 4688 1678 4738 ut
1720 4690 1873 4742 recte
1926 4687 1999 4743 ab

342 4756 603 4816 Ecclesia
630 4762 947 4837 recessisSe
975 4762 1266 4823 videatur.

413 4846 602 4940 (Vera.
637 4846 958 4940 l2.)‘«'Cum
992 4838 1207 4912 misero
1243 4858 1316 4917 ad
1351 4861 1408 4914 te
1438 4863 1734 4929 Arteman,
1766 4868 1868 4922 aut
1886 4865 1995 4940 Ty-

343 4934 599 5009 chicum,
634 4937 846 4996 festina
874 4941 1069 4998 venire
1097 4943 1170 4999 ad
1203 4960 1298 5001 me
1327 4946 1675 5021 Nicopolim,
1707 4951 1790 5009 ibi
1837 4934 1993 5029 enim

343 5025 525 5117 statui
552 5025 834 5084 hiemare.
866 5050 894 5078 »
927 5029 1201 5104 Legimus
1244 5033 1305 5090 in
1358 5038 1595 5095 exordio
1637 5038 1813 5099 istius
1854 5025 1993 5117 Epi-

342 5112 504 5169 stolas
538 5131 551 5170 :
581 5117 762 5188 Hujus
789 5116 875 5174 rei
902 5121 1106 5189 gratiae
1132 5123 1336 5195 reliqui
1381 5132 1431 5183 te
1475 5126 1663 5200 Cretae,
1697 5137 1757 5186 ut
1779 5147 1850 5189 ea
1878 5112 1997 5206 quae

415 5256 429 5289 ί
463 5255 613 5320 Quin
645 5262 708 5344 et
727 5258 854 5344 sola
888 5278 1044 5344 nunc
1073 5264 1322 5344 obt_inet_
1347 5266 1405 5323 in
1463 5268 1757 5344 plerisque
1800 5276 1992 5331 omni-

340 5326 455 5454 ξοδ
483 5329 918 5402 exemplaribus
949 5337 1006 5390 et
1034 5337 1186 5406 apud
1238 5326 1481 5397 veteres‘
1502 5326 1992 5416 scripioresv,wle-c-

370 5414 444 5455 ιο.

413 5471 434 5505 ²
463 5470 763 5552 Quihunc
792 5475 1243 5552 exﬁieronymo
1264 5481 1456 5540 locum
1481 5483 1684 5543 laudat
1714 5487 1991 5547 Rabanus

340 5540 401 5642 ΞΕ
448 5543 697 5642 θέίεὲἳίθ
725 5547 844 5642 td.
866 5540 1248 5642 Ηίιὲεέεηξῖπυξη
1297 5540 1990 5642 Περιεξηεθιιῖαὲἶιῖἶὲἐῖτῖ

341 5615 541 5704 manu:
574 5618 717 5704 tom.
752 5617 1118 5691 1',legitbic;
1170 5615 1295 5681 cum
1337 5626 1410 5683 sit
1456 5628 1516 5684 in
1560 5615 1841 5704 semetipso
1890 5615 1989 5690 tie-

337 5689 629 5755 probatus.

410 5756 433 5789 ³
461 5757 758 5846 Yictorius
784 5760 856 5816 ad
887 5760 1193 5819 lectionem
1209 5765 1479 5846 _G_ratiani
1512 5788 1650 5846 cap.
1691 5775 1858 5831 Inter.
1896 5778 1987 5846 24,

339 5839 438 5909 (ω-
470 5830 526 5907 3›
558 5831 818 5921 ίεεψςμθ
846 5847 916 5923 εξ
946 5848 1090 5895 ωδε·
1121 5836 1291 5905 codd-
1324 5842 1552 5914 reponit
1592 5830 1710 5916 hic,
1740 5830 1987 5906 arbitra:

2122 3553 2238 3592 non
2283 3550 2602 3608 possumus
2650 3534 2860 3600 dicere,
2893 3532 3005 3588 nisi
3055 3530 3164 3586 hoc
3210 3532 3464 3594 tantum,
3506 3525 3661 3599 quod
3711 3530 3769 3581 et

2118 3626 2245 3696 ipse
2275 3623 2636 3697 apostolicus
2665 3621 2753 3677 vir
2781 3621 2837 3677 id
2873 3619 3064 3695 operis
3095 3618 3250 3691 quod
3282 3615 3486 3692 Apollo
3534 3630 3764 3671 exerce-

2118 3710 2219 3773 bat
2248 3713 2519 3771 habuerit
2552 3728 2563 3768 :
2598 3709 2809 3767 Christi
2838 3709 3128 3767 Ecclesiae
3167 3704 3503 3764 exstruendi
3533 3705 3574 3761 ‘.
3606 3707 3766 3759 Prte-

2118 3792 2261 3875 c‘ipit
2289 3804 2488 3874 itaque
2516 3801 2665 3872 Tito,
2687 3805 2751 3856 ut
2778 3799 3056 3872 quoniam
3089 3799 3159 3854 de
3188 3796 3357 3853 Creta
3384 3795 3455 3882 ad
3486 3792 3765 3881 Graeciam

2119 3884 2451 3965 navigaturi
2482 3895 2671 3957 erant,
2704 3907 2815 3945 non
2849 3906 2947 3945 eos
2979 3887 3153 3945 faciat
3195 3884 3448 3943 sitarciis
3488 3882 3752 3957 indigere

2117 3982 2219 4039 sed
2254 3982 2468 4038 habere
2499 3997 2567 4036 ea
2598 3996 2723 4052 quae
2754 3979 2825 4035 ad
2858 3976 3136 4033 viaticum
3165 3974 3497 4031 necessaria
3523 3977 3685 4029 sunt.

2188 4073 2375 4143 (Vere.
2412 4070 2524 4140 14.)
2554 4091 2582 4118 ι(
2620 4067 2855 4124 Discant
2883 4071 3079 4121 autem
3110 4069 3169 4120 et
3197 4063 3379 4120 nostri
3413 4061 3583 4118 bonis
3628 4077 3763 4133 ope-

2114 4159 2279 4216 ribus
2309 4174 2557 4232 praeesse
2582 4156 2641 4212 in
2673 4153 3020 4211 necessariis
3051 4153 3275 4217 usibus,
3301 4157 3364 4207 ut
3394 4168 3508 4207 oon
3539 4148 3762 4205 infruc-

2112 4248 2273 4305 tuosi
2304 4247 2439 4303 sint.
2480 4270 2506 4296 ››
2540 4252 2729 4318 Supra
2755 4244 2979 4299 dixerat
3012 4260 3024 4299 :
3057 4243 3259 4298 Zenam
3298 4241 3453 4311 chis
3492 4237 3763 4294 doctorem

2110 4347 2163 4395 et
2196 4338 2396 4411 Apollo
2425 4334 2665 4393 sollicite
2687 4334 2987 4407 praemitte,
3018 4334 3079 4387 ut
3109 4330 3255 4386 nihil
3285 4330 3398 4386 illis
3429 4328 3588 4384 desit.
3616 4327 3764 4395 Quia

2111 4443 2248 4501 ergo
2280 4429 2506 4499 poterat
2560 4422 2813 4481 suboriri
2870 4420 3099 4478 occulta
3155 4418 3479 4492 responsio,
3531 4421 3597 4473 ut
3645 4433 3761 4472 non

2110 4520 2233 4573 tam
2292 4516 2462 4572 Titus
2514 4529 2695 4587 quam
2750 4511 3092 4586 quicunque
3138 4507 3408 4581 Epistolas
3446 4506 3626 4563 lector
3655 4505 3765 4562 hoc

2109 4602 2364 4670 diceret;
2396 4606 2453 4657 et
2488 4601 2644 4657 unde
2674 4599 2824 4668 Tito,
2862 4605 2924 4654 ut
2952 4597 3231 4655 viaticum
3261 4613 3376 4653 non
3408 4594 3764 4652 habentibus

2108 4689 2444 4764 largiretur,
2478 4689 2654 4746 solvit
2681 4688 2831 4744 hanc
2862 4687 3267 4760 quaestionem,
3315 4690 3372 4741 et
3400 4684 3571 4758 quasi
3611 4683 3760 4740 nihil

2026 4793 2074 4858 θ
2107 4779 2221 4838 sibi
2271 4786 2604 4852 opponatur
2649 4776 2837 4842 elidit,
2887 4777 3135 4833 dicendo
3166 4792 3180 4829 :
3215 4776 3446 4831 Discant
3485 4782 3668 4830 autem
3704 4781 3761 4830 et

2107 4870 2308 4927 nostris
2339 4869 2493 4925 bonis
2522 4867 2778 4939 operibus
2803 4881 3039 4938 praeesse
3067 4866 3127 4920 in
3163 4864 3487 4921 necessariis
3534 4861 3757 4929 usibus,

2105 4968 2166 5015 ut
2191 4975 2304 5014 non
2335 4957 2666 5028 infructuosi
2691 4956 2822 5011 sint.
2859 4954 3099 5011 Nostros
3146 4971 3287 5010 suos
3335 4956 3500 5009 vocat
3548 4951 3649 5025 qui
3691 4950 3750 5005 in

2104 5030 2333 5105 Christo
2359 5045 2731 5103 crediderant
2760 5059 2775 5098 :
2808 5043 2909 5115 qui
2940 5042 3078 5116 quia
3108 5041 3320 5098 Christi
3364 5044 3549 5105 erant,
3600 5043 3752 5094 recte

2105 5140 2166 5195 et
2192 5134 2357 5193 Pauli
2386 5139 2444 5192 et
2471 5131 2586 5190 Titi
2607 5131 2887 5206 appellari
2920 5125 3751 5199 merebantur.Habes,inquit,

2104 5296 2235 5358 igtur
2264 5297 2281 5334 :
2313 5282 2371 5335 et
2401 5294 2535 5358 mea
2562 5282 3276 5358 separet;_pro,_sep_t_zretur
3308 5291 3325 5358 ί
3356 5270 3606 5358 denique
3645 5269 3748 5358 ad-

2103 5349 2190 5409 dit
2218 5368 2438 5416 vocem,
2469 5342 2768 5425 diversa-ni,
2816 5342 2919 5418 ibi,
2954 5342 3411 5425 {vitelliqidpotest'
3443 5342 3746 5425 diversum.

2104 5425 2403 5498 Hebenus,
2425 5413 2536 5493 qui
2564 5426 2627 5476 ut
2656 5413 2934 5498 discimus,
2968 5414 3603 5498 huncntliligentissi‘me
3653 5413 3748 5495 de-

2104 5495 2343 5569 scripsit
2371 5488 2589 5563 loc'um,
2622 5492 2706 5547 sic
2733 5492 2908 5549 habet
2941 5508 2956 5543 :
2996 5513 3015 5539 ι
3052 5488 3319 5568 εριιίξηιυ,
3348 5490 3583 5557 propter
3619 5488 3744 5556 epi-

2104 5567 2394 5623 sconalem
2428 5563 2857 5623 dissensionem
2890 5561 2961 5616 ab
2993 5557 3248 5614 Ecclesm
3299 5557 3742 5623 separet.,Q.uod

2102 5560 2394 5639 scopalem
2428 5560 2857 5629 dissensionem
2890 5561 2961 5616 ab
2993 5560 3248 5638 Ecclesia
3299 5560 3742 5640 separet.,Q.uod

2101 5637 2338 5723 quidem
2371 5636 2431 5723 in
2460 5633 2746 5708 principio
2779 5636 2857 5688 ita
2885 5647 3013 5688 esse
3041 5629 3238 5701 aliqua
3267 5645 3335 5683 ex
3366 5632 3529 5701 parte
3582 5627 3750 5684 intel-

2098 5709 2198 5818 hg"
2216 5714 2609 5845 1331:3511“;
2649 5775 2854 5832 Christi
2881 5771 3142 5829 Ecclesias
3174 5770 3476 5829 intruendi.
3516 5858 3517 5861 η
