  <div class='ocr_page' id='page_1' title='image "/cluster/home/n/w/nwhite01/storage/ocr_20150623/26/umn.31951002477320a/321.png"; bbox 0 0 4310 6644; ppageno 0'>
   <div class='ocr_carea' id='block_1_1' title="bbox 460 532 591 596">
    <p class='ocr_par' dir='ltr' id='par_1_1' title="bbox 460 532 591 596">
     <span class='ocr_line' id='line_1_1' title="bbox 460 532 591 596; baseline 0 0"><span class='ocrx_word' id='word_1_1' title='bbox 460 532 591 596; x_wconf 71' lang='grc'><strong>636</strong></span> 
     </span>
    </p>
   </div>
   <div class='ocr_carea' id='block_1_2' title="bbox 1704 538 2615 606">
    <p class='ocr_par' dir='ltr' id='par_1_2' title="bbox 1704 538 2615 606">
     <span class='ocr_line' id='line_1_2' title="bbox 1704 538 2615 606; baseline 0.008 -7"><span class='ocrx_word' id='word_1_2' title='bbox 1704 538 1768 600; x_wconf 89' lang='lat' dir='ltr'><strong>S.</strong></span> <span class='ocrx_word' id='word_1_3' title='bbox 1818 539 2126 605; x_wconf 84' lang='lat' dir='ltr'><strong>EUSEBII</strong></span> <span class='ocrx_word' id='word_1_4' title='bbox 2170 541 2615 606; x_wconf 80' lang='lat' dir='ltr'><strong>HIERONYMI</strong></span> 
     </span>
    </p>
   </div>
   <div class='ocr_carea' id='block_1_3' title="bbox 3747 534 3917 598">
    <p class='ocr_par' dir='ltr' id='par_1_3' title="bbox 3747 534 3917 598">
     <span class='ocr_line' id='line_1_3' title="bbox 3747 534 3917 598; baseline -0.024 -1"><span class='ocrx_word' id='word_1_5' title='bbox 3747 534 3869 598; x_wconf 81' lang='lat'><strong>636</strong></span> <span class='ocrx_word' id='word_1_6' title='bbox 3912 590 3917 593; x_wconf 34' lang='grc' dir='ltr'>λ</span> 
     </span>
    </p>
   </div>
   <div class='ocr_carea' id='block_1_4' title="bbox 458 665 3865 758">
    <p class='ocr_par' dir='ltr' id='par_1_4' title="bbox 458 665 3865 758">
     <span class='ocr_line' id='line_1_4' title="bbox 458 665 3865 758; baseline 0 -33"><span class='ocrx_word' id='word_1_7' title='bbox 458 667 520 725; x_wconf 90' lang='lat' dir='ltr'><strong>in</strong></span> <span class='ocrx_word' id='word_1_8' title='bbox 551 665 873 742; x_wconf 82' lang='lat' dir='ltr'><strong>discipulos</strong></span> <span class='ocrx_word' id='word_1_9' title='bbox 903 671 1292 743; x_wconf 83' lang='lat' dir='ltr'><strong>potestatem:</strong></span> <span class='ocrx_word' id='word_1_10' title='bbox 1343 671 1484 730; x_wconf 87' lang='lat' dir='ltr'><strong>doce</strong></span> <span class='ocrx_word' id='word_1_11' title='bbox 1523 689 1621 730; x_wconf 84' lang='lat' dir='ltr'><strong>eos</strong></span> <span class='ocrx_word' id='word_1_12' title='bbox 1671 691 1784 731; x_wconf 91' lang='lat' dir='ltr'><strong>non</strong></span> <span class='ocrx_word' id='word_1_13' title='bbox 1832 691 1962 732; x_wconf 91' lang='lat' dir='ltr'><strong>esse</strong></span> <span class='ocrx_word' id='word_1_14' title='bbox 2014 676 2102 732; x_wconf 91' lang='lat' dir='ltr'><strong>in-</strong></span> <span class='ocrx_word' id='word_1_15' title='bbox 2134 690 2189 758; x_wconf 72' lang='grc' dir='ltr'>Α</span> <span class='ocrx_word' id='word_1_16' title='bbox 2218 675 2440 748; x_wconf 82' lang='lat' dir='ltr'><strong>absque</strong></span> <span class='ocrx_word' id='word_1_17' title='bbox 2471 676 2582 732; x_wconf 78' lang='lat' dir='ltr'><strong>ﬁde</strong></span> <span class='ocrx_word' id='word_1_18' title='bbox 2613 674 2944 750; x_wconf 82' lang='lat' dir='ltr'><strong>diligerent,</strong></span> <span class='ocrx_word' id='word_1_19' title='bbox 2979 687 3284 747; x_wconf 82' lang='lat' dir='ltr'><strong>nunquam</strong></span> <span class='ocrx_word' id='word_1_20' title='bbox 3322 669 3535 729; x_wconf 81' lang='lat' dir='ltr'><strong>Paulus</strong></span> <span class='ocrx_word' id='word_1_21' title='bbox 3580 668 3652 724; x_wconf 88' lang='lat' dir='ltr'><strong>ad</strong></span> <span class='ocrx_word' id='word_1_22' title='bbox 3705 683 3865 725; x_wconf 86' lang='lat' dir='ltr'><strong>amo—</strong></span> 
     </span>
    </p>
   </div>
   <div class='ocr_carea' id='block_1_5' title="bbox 462 758 2113 839">
    <p class='ocr_par' dir='ltr' id='par_1_5' title="bbox 462 758 2113 839">
     <span class='ocr_line' id='line_1_5' title="bbox 462 758 2113 839; baseline 0.004 -26"><span class='ocrx_word' id='word_1_23' title='bbox 462 758 793 816; x_wconf 87' lang='lat' dir='ltr'><strong>fructuosos</strong></span> <span class='ocrx_word' id='word_1_24' title='bbox 827 776 840 814; x_wconf 92' lang='lat'>:</span> <span class='ocrx_word' id='word_1_25' title='bbox 874 758 975 815; x_wconf 91' lang='lat' dir='ltr'><strong>sed</strong></span> <span class='ocrx_word' id='word_1_26' title='bbox 999 760 1372 834; x_wconf 85' lang='lat' dir='ltr'><strong>evangelistis</strong></span> <span class='ocrx_word' id='word_1_27' title='bbox 1397 766 1453 819; x_wconf 90' lang='lat' dir='ltr'><strong>et</strong></span> <span class='ocrx_word' id='word_1_28' title='bbox 1481 763 1815 836; x_wconf 82' lang='lat' dir='ltr'><strong>apostolicis</strong></span> <span class='ocrx_word' id='word_1_29' title='bbox 1844 764 2113 839; x_wconf 87' lang='lat' dir='ltr'><strong>viris,qui</strong></span> 
     </span>
    </p>
   </div>
   <div class='ocr_carea' id='block_1_6' title="bbox 462 847 2110 924">
    <p class='ocr_par' dir='ltr' id='par_1_6' title="bbox 462 847 2110 924">
     <span class='ocr_line' id='line_1_6' title="bbox 462 847 2110 924; baseline 0.005 -21"><span class='ocrx_word' id='word_1_30' title='bbox 462 847 632 904; x_wconf 85' lang='lat' dir='ltr'><strong>bonis</strong></span> <span class='ocrx_word' id='word_1_31' title='bbox 660 848 936 921; x_wconf 81' lang='lat' dir='ltr'><strong>operibus</strong></span> <span class='ocrx_word' id='word_1_32' title='bbox 967 849 1631 918; x_wconf 83' lang='lat' dir='ltr'><strong>serviunt,ministrare:</strong></span> <span class='ocrx_word' id='word_1_33' title='bbox 1664 858 1723 911; x_wconf 87' lang='lat' dir='ltr'><strong>et</strong></span> <span class='ocrx_word' id='word_1_34' title='bbox 1753 853 2110 924; x_wconf 88' lang='lat' dir='ltr'><strong>ministrare,</strong></span> 
     </span>
    </p>
   </div>
   <div class='ocr_carea' id='block_1_7' title="bbox 462 937 2111 1011">
    <p class='ocr_par' dir='ltr' id='par_1_7' title="bbox 462 937 2111 1011">
     <span class='ocr_line' id='line_1_7' title="bbox 462 937 2111 1011; baseline 0.005 -18"><span class='ocrx_word' id='word_1_35' title='bbox 462 954 579 994; x_wconf 91' lang='lat' dir='ltr'><strong>non</strong></span> <span class='ocrx_word' id='word_1_36' title='bbox 613 937 673 993; x_wconf 93' lang='lat' dir='ltr'><strong>in</strong></span> <span class='ocrx_word' id='word_1_37' title='bbox 717 937 1174 1011; x_wconf 88' lang='lat' dir='ltr'><strong>quibuscunque</strong></span> <span class='ocrx_word' id='word_1_38' title='bbox 1220 941 1436 1011; x_wconf 83' lang='lat' dir='ltr'><strong>causis,</strong></span> <span class='ocrx_word' id='word_1_39' title='bbox 1486 943 1586 998; x_wconf 90' lang='lat' dir='ltr'><strong>sed</strong></span> <span class='ocrx_word' id='word_1_40' title='bbox 1648 943 1705 998; x_wconf 93' lang='lat' dir='ltr'><strong>in</strong></span> <span class='ocrx_word' id='word_1_41' title='bbox 1765 945 2111 1001; x_wconf 90' lang='lat' dir='ltr'><strong>necessariis</strong></span> 
     </span>
    </p>
   </div>
   <div class='ocr_carea' id='block_1_8' title="bbox 461 1026 2111 1102">
    <p class='ocr_par' dir='ltr' id='par_1_8' title="bbox 461 1026 2111 1102">
     <span class='ocr_line' id='line_1_8' title="bbox 461 1026 2111 1102; baseline 0.004 -20"><span class='ocrx_word' id='word_1_42' title='bbox 461 1026 668 1084; x_wconf 88' lang='lat' dir='ltr'><strong>usibus</strong></span> <span class='ocrx_word' id='word_1_43' title='bbox 728 1044 741 1082; x_wconf 89' lang='lat'><strong>:</strong></span> <span class='ocrx_word' id='word_1_44' title='bbox 802 1029 1067 1084; x_wconf 75' lang='lat' dir='ltr'><strong>Habentes</strong></span> <span class='ocrx_word' id='word_1_45' title='bbox 1115 1030 1314 1102; x_wconf 87' lang='lat' dir='ltr'><strong>quippe</strong></span> <span class='ocrx_word' id='word_1_46' title='bbox 1365 1032 1572 1087; x_wconf 84' lang='lat' dir='ltr'><strong>victum</strong></span> <span class='ocrx_word' id='word_1_47' title='bbox 1624 1036 1677 1088; x_wconf 85' lang='lat' dir='ltr'><strong>et</strong></span> <span class='ocrx_word' id='word_1_48' title='bbox 1728 1033 2111 1090; x_wconf 74' lang='lat' dir='ltr'><strong>vestimentum</strong></span> 
     </span>
    </p>
   </div>
   <div class='ocr_carea' id='block_1_9' title="bbox 461 1115 2104 1193">
    <p class='ocr_par' dir='ltr' id='par_1_9' title="bbox 461 1115 2104 1193">
     <span class='ocr_line' id='line_1_9' title="bbox 461 1115 2104 1193; baseline 0.004 -22"><span class='ocrx_word' id='word_1_49' title='bbox 461 1115 572 1188; x_wconf 78' lang='lat' dir='ltr'><strong>[AL</strong></span> <span class='ocrx_word' id='word_1_50' title='bbox 610 1119 906 1188; x_wconf 77' lang='lat' dir='ltr'><strong>vestitum],</strong></span> <span class='ocrx_word' id='word_1_51' title='bbox 947 1118 1036 1173; x_wconf 75' lang='lat' dir='ltr'><strong>his</strong></span> <span class='ocrx_word' id='word_1_52' title='bbox 1082 1121 1327 1175; x_wconf 78' lang='lat' dir='ltr'><strong>contenti</strong></span> <span class='ocrx_word' id='word_1_53' title='bbox 1371 1121 1549 1175; x_wconf 75' lang='lat' dir='ltr'><strong>simus</strong></span> <span class='ocrx_word' id='word_1_54' title='bbox 1574 1121 1618 1192; x_wconf 85' lang='grc' dir='ltr'>(ι</span> <span class='ocrx_word' id='word_1_55' title='bbox 1669 1123 1811 1177; x_wconf 88' lang='lat' dir='ltr'><strong>Tim.</strong></span> <span class='ocrx_word' id='word_1_56' title='bbox 1858 1139 1934 1193; x_wconf 81' lang='lat' dir='ltr'><strong>v1,</strong></span> <span class='ocrx_word' id='word_1_57' title='bbox 1983 1123 2038 1191; x_wconf 89' lang='lat'><strong>8)</strong></span> <span class='ocrx_word' id='word_1_58' title='bbox 2090 1139 2104 1177; x_wconf 89' lang='lat'><strong>:</strong></span> 
     </span>
    </p>
   </div>
   <div class='ocr_carea' id='block_1_10' title="bbox 462 1205 2106 1283">
    <p class='ocr_par' dir='ltr' id='par_1_10' title="bbox 462 1205 2106 1283">
     <span class='ocr_line' id='line_1_10' title="bbox 462 1205 2106 1283; baseline 0.004 -23"><span class='ocrx_word' id='word_1_59' title='bbox 462 1209 520 1261; x_wconf 90' lang='lat' dir='ltr'><strong>et</strong></span> <span class='ocrx_word' id='word_1_60' title='bbox 566 1206 665 1278; x_wconf 85' lang='lat' dir='ltr'><strong>qui</strong></span> <span class='ocrx_word' id='word_1_61' title='bbox 714 1205 919 1262; x_wconf 90' lang='lat' dir='ltr'><strong>altario</strong></span> <span class='ocrx_word' id='word_1_62' title='bbox 968 1207 1249 1275; x_wconf 85' lang='lat' dir='ltr'><strong>serviunt,</strong></span> <span class='ocrx_word' id='word_1_63' title='bbox 1294 1208 1363 1264; x_wconf 93' lang='lat' dir='ltr'><strong>de</strong></span> <span class='ocrx_word' id='word_1_64' title='bbox 1411 1208 1615 1265; x_wconf 88' lang='lat' dir='ltr'><strong>altario</strong></span> <span class='ocrx_word' id='word_1_65' title='bbox 1642 1210 1842 1266; x_wconf 90' lang='lat' dir='ltr'><strong>vivant</strong></span> <span class='ocrx_word' id='word_1_66' title='bbox 1872 1229 1886 1267; x_wconf 89' lang='lat'>:</span> <span class='ocrx_word' id='word_1_67' title='bbox 1919 1215 1977 1267; x_wconf 91' lang='lat' dir='ltr'><strong>et</strong></span> <span class='ocrx_word' id='word_1_68' title='bbox 2006 1212 2106 1283; x_wconf 87' lang='lat' dir='ltr'><strong>qui</strong></span> 
     </span>
    </p>
   </div>
   <div class='ocr_carea' id='block_1_11' title="bbox 456 1294 2111 1369">
    <p class='ocr_par' dir='ltr' id='par_1_11' title="bbox 456 1294 2111 1369">
     <span class='ocr_line' id='line_1_11' title="bbox 456 1294 2111 1369; baseline 0.004 -20"><span class='ocrx_word' id='word_1_69' title='bbox 456 1294 771 1367; x_wconf 81' lang='lat' dir='ltr'><strong>participes</strong></span> <span class='ocrx_word' id='word_1_70' title='bbox 793 1294 1191 1366; x_wconf 80' lang='lat' dir='ltr'><strong>spiritualium</strong></span> <span class='ocrx_word' id='word_1_71' title='bbox 1214 1300 1547 1353; x_wconf 87' lang='lat' dir='ltr'><strong>nostrorum</strong></span> <span class='ocrx_word' id='word_1_72' title='bbox 1572 1298 1705 1354; x_wconf 79' lang='lat' dir='ltr'><strong>facti</strong></span> <span class='ocrx_word' id='word_1_73' title='bbox 1730 1300 2111 1369; x_wconf 84' lang='lat' dir='ltr'><strong>sunt,debent</strong></span> 
     </span>
    </p>
   </div>
   <div class='ocr_carea' id='block_1_12' title="bbox 459 1382 2109 1462">
    <p class='ocr_par' dir='ltr' id='par_1_12' title="bbox 459 1382 2109 1462">
     <span class='ocr_line' id='line_1_12' title="bbox 459 1382 2109 1462; baseline 0.005 -25"><span class='ocrx_word' id='word_1_74' title='bbox 459 1382 629 1438; x_wconf 89' lang='lat' dir='ltr'><strong>nobis</strong></span> <span class='ocrx_word' id='word_1_75' title='bbox 660 1399 768 1439; x_wconf 84' lang='lat' dir='ltr'><strong>sua</strong></span> <span class='ocrx_word' id='word_1_76' title='bbox 797 1382 1145 1457; x_wconf 90' lang='lat' dir='ltr'><strong>participare</strong></span> <span class='ocrx_word' id='word_1_77' title='bbox 1175 1385 1432 1442; x_wconf 83' lang='lat' dir='ltr'><strong>carnalia</strong></span> <span class='ocrx_word' id='word_1_78' title='bbox 1461 1387 1510 1458; x_wconf 90' lang='grc'><strong>(1</strong></span> <span class='ocrx_word' id='word_1_79' title='bbox 1540 1389 1669 1444; x_wconf 83' lang='lat' dir='ltr'><strong>Cor.</strong></span> <span class='ocrx_word' id='word_1_80' title='bbox 1696 1406 1770 1455; x_wconf 71' lang='grc' dir='ltr'><strong>ιχ,</strong></span> <span class='ocrx_word' id='word_1_81' title='bbox 1806 1389 2011 1462; x_wconf 83' lang='grc'><strong>11,43).</strong></span> <span class='ocrx_word' id='word_1_82' title='bbox 2038 1391 2109 1445; x_wconf 87' lang='lat' dir='ltr'><strong>Et</strong></span> 
     </span>
    </p>
   </div>
   <div class='ocr_carea' id='block_1_13' title="bbox 460 1471 2109 1550">
    <p class='ocr_par' dir='ltr' id='par_1_13' title="bbox 460 1471 2109 1550">
     <span class='ocr_line' id='line_1_13' title="bbox 460 1471 2109 1550; baseline 0.004 -24"><span class='ocrx_word' id='word_1_83' title='bbox 460 1486 533 1526; x_wconf 91' lang='lat' dir='ltr'><strong>ne</strong></span> <span class='ocrx_word' id='word_1_84' title='bbox 565 1471 806 1528; x_wconf 80' lang='lat' dir='ltr'><strong>forsitan</strong></span> <span class='ocrx_word' id='word_1_85' title='bbox 838 1478 925 1528; x_wconf 85' lang='lat' dir='ltr'><strong>vel</strong></span> <span class='ocrx_word' id='word_1_86' title='bbox 958 1473 1267 1545; x_wconf 81' lang='lat' dir='ltr'><strong>epistolam</strong></span> <span class='ocrx_word' id='word_1_87' title='bbox 1299 1474 1584 1544; x_wconf 90' lang='lat' dir='ltr'><strong>Pauli,vel</strong></span> <span class='ocrx_word' id='word_1_88' title='bbox 1618 1482 1969 1550; x_wconf 69' lang='lat' dir='ltr'><strong>praeceptum</strong></span> <span class='ocrx_word' id='word_1_89' title='bbox 1992 1478 2109 1533; x_wconf 90' lang='lat' dir='ltr'><strong>Titi</strong></span> 
     </span>
    </p>
   </div>
   <div class='ocr_carea' id='block_1_14' title="bbox 457 1559 2107 1638">
    <p class='ocr_par' dir='ltr' id='par_1_14' title="bbox 457 1559 2107 1638">
     <span class='ocr_line' id='line_1_14' title="bbox 457 1559 2107 1638; baseline 0.004 -23"><span class='ocrx_word' id='word_1_90' title='bbox 457 1559 628 1616; x_wconf 82' lang='lat' dir='ltr'><strong>facile</strong></span> <span class='ocrx_word' id='word_1_91' title='bbox 676 1565 1137 1630; x_wconf 89' lang='lat' dir='ltr'><strong>contemnerent,</strong></span> <span class='ocrx_word' id='word_1_92' title='bbox 1192 1562 1590 1620; x_wconf 72' lang='lat' dir='ltr'><strong>infructuosos</strong></span> <span class='ocrx_word' id='word_1_93' title='bbox 1637 1570 1821 1637; x_wconf 86' lang='lat' dir='ltr'><strong>vocat,</strong></span> <span class='ocrx_word' id='word_1_94' title='bbox 1854 1566 2107 1638; x_wconf 89' lang='lat' dir='ltr'><strong>quicun-</strong></span> 
     </span>
    </p>
   </div>
   <div class='ocr_carea' id='block_1_15' title="bbox 461 1648 2105 1722">
    <p class='ocr_par' dir='ltr' id='par_1_15' title="bbox 461 1648 2105 1722">
     <span class='ocr_line' id='line_1_15' title="bbox 461 1648 2105 1722; baseline 0.004 -18"><span class='ocrx_word' id='word_1_95' title='bbox 461 1665 576 1720; x_wconf 92' lang='lat' dir='ltr'><strong>que</strong></span> <span class='ocrx_word' id='word_1_96' title='bbox 622 1648 996 1722; x_wconf 85' lang='lat' dir='ltr'><strong>evangelistis</strong></span> <span class='ocrx_word' id='word_1_97' title='bbox 1026 1666 1141 1706; x_wconf 91' lang='lat' dir='ltr'><strong>non</strong></span> <span class='ocrx_word' id='word_1_98' title='bbox 1174 1651 1651 1708; x_wconf 85' lang='lat' dir='ltr'><strong>ministraverint.</strong></span> <span class='ocrx_word' id='word_1_99' title='bbox 1686 1654 1831 1710; x_wconf 82' lang='lat' dir='ltr'><strong>Dicit</strong></span> <span class='ocrx_word' id='word_1_100' title='bbox 1860 1661 1918 1711; x_wconf 87' lang='lat' dir='ltr'><strong>et</strong></span> <span class='ocrx_word' id='word_1_101' title='bbox 1945 1655 2105 1711; x_wconf 88' lang='lat' dir='ltr'><strong>Salo-</strong></span> 
     </span>
    </p>
   </div>
   <div class='ocr_carea' id='block_1_16' title="bbox 426 1736 2105 1815">
    <p class='ocr_par' dir='ltr' id='par_1_16' title="bbox 426 1736 2105 1815">
     <span class='ocr_line' id='line_1_16' title="bbox 426 1736 2105 1815; baseline 0.004 -22"><span class='ocrx_word' id='word_1_102' title='bbox 426 1764 435 1771; x_wconf 67' lang='grc' dir='ltr'><em>σ</em></span> <span class='ocrx_word' id='word_1_103' title='bbox 463 1753 600 1794; x_wconf 88' lang='lat' dir='ltr'><strong>mon</strong></span> <span class='ocrx_word' id='word_1_104' title='bbox 632 1736 690 1792; x_wconf 90' lang='lat' dir='ltr'><strong>in</strong></span> <span class='ocrx_word' id='word_1_105' title='bbox 724 1737 1048 1794; x_wconf 87' lang='lat' dir='ltr'><strong>Proverbiis</strong></span> <span class='ocrx_word' id='word_1_106' title='bbox 1082 1755 1096 1794; x_wconf 91' lang='lat'><strong>:</strong></span> <span class='ocrx_word' id='word_1_107' title='bbox 1129 1740 1356 1795; x_wconf 82' lang='lat' dir='ltr'><strong>Fructus</strong></span> <span class='ocrx_word' id='word_1_108' title='bbox 1400 1756 1522 1796; x_wconf 88' lang='lat' dir='ltr'><strong>vero</strong></span> <span class='ocrx_word' id='word_1_109' title='bbox 1550 1742 1889 1815; x_wconf 83' lang='lat' dir='ltr'><strong>eleemosyna</strong></span> <span class='ocrx_word' id='word_1_110' title='bbox 1920 1744 2105 1815; x_wconf 89' lang='lat' dir='ltr'><strong>(Prov.</strong></span> 
     </span>
    </p>
   </div>
   <div class='ocr_carea' id='block_1_17' title="bbox 460 1826 2108 1902">
    <p class='ocr_par' dir='ltr' id='par_1_17' title="bbox 460 1826 2108 1902">
     <span class='ocr_line' id='line_1_17' title="bbox 460 1826 2108 1902; baseline 0.005 -21"><span class='ocrx_word' id='word_1_111' title='bbox 460 1840 549 1893; x_wconf 88' lang='grc' dir='ltr'>ιιι,</span> <span class='ocrx_word' id='word_1_112' title='bbox 584 1827 609 1881; x_wconf 88' lang='grc'>1</span> <span class='ocrx_word' id='word_1_113' title='bbox 652 1828 695 1894; x_wconf 93' lang='grc'><strong>).</strong></span> <span class='ocrx_word' id='word_1_114' title='bbox 737 1827 805 1882; x_wconf 89' lang='lat' dir='ltr'><strong>Et</strong></span> <span class='ocrx_word' id='word_1_115' title='bbox 850 1826 977 1898; x_wconf 89' lang='lat' dir='ltr'><strong>ipse</strong></span> <span class='ocrx_word' id='word_1_116' title='bbox 1020 1827 1235 1884; x_wconf 88' lang='lat' dir='ltr'><strong>Paulus</strong></span> <span class='ocrx_word' id='word_1_117' title='bbox 1282 1828 1538 1901; x_wconf 90' lang='lat' dir='ltr'><strong>primum</strong></span> <span class='ocrx_word' id='word_1_118' title='bbox 1578 1831 1820 1902; x_wconf 87' lang='lat' dir='ltr'><strong>spiritus</strong></span> <span class='ocrx_word' id='word_1_119' title='bbox 1852 1833 2108 1889; x_wconf 89' lang='lat' dir='ltr'><strong>fructum</strong></span> 
     </span>
    </p>
   </div>
   <div class='ocr_carea' id='block_1_18' title="bbox 462 1914 2107 1992">
    <p class='ocr_par' dir='ltr' id='par_1_18' title="bbox 462 1914 2107 1992">
     <span class='ocr_line' id='line_1_18' title="bbox 462 1914 2107 1992; baseline 0.005 -22"><span class='ocrx_word' id='word_1_120' title='bbox 462 1914 811 1971; x_wconf 88' lang='lat' dir='ltr'><strong>charitatem</strong></span> <span class='ocrx_word' id='word_1_121' title='bbox 859 1920 1025 1971; x_wconf 89' lang='lat' dir='ltr'><strong>vocat</strong></span> <span class='ocrx_word' id='word_1_122' title='bbox 1074 1916 1276 1986; x_wconf 86' lang='lat' dir='ltr'><strong>(Galat.</strong></span> <span class='ocrx_word' id='word_1_123' title='bbox 1329 1935 1384 1986; x_wconf 85' lang='grc' dir='ltr'>ν,</span> <span class='ocrx_word' id='word_1_124' title='bbox 1433 1919 1545 1992; x_wconf 82' lang='lat'><strong>22).</strong></span> <span class='ocrx_word' id='word_1_125' title='bbox 1595 1920 1863 1978; x_wconf 88' lang='lat' dir='ltr'><strong>Charitas</strong></span> <span class='ocrx_word' id='word_1_126' title='bbox 1912 1927 2107 1978; x_wconf 89' lang='lat' dir='ltr'><strong>autem</strong></span> 
     </span>
    </p>
   </div>
   <div class='ocr_carea' id='block_1_19' title="bbox 454 2003 2108 2067">
    <p class='ocr_par' dir='ltr' id='par_1_19' title="bbox 454 2003 2108 2067">
     <span class='ocr_line' id='line_1_19' title="bbox 454 2003 2108 2067; baseline 0.005 -9"><span class='ocrx_word' id='word_1_127' title='bbox 454 2003 521 2059; x_wconf 86' lang='lat' dir='ltr'><strong>in</strong></span> <span class='ocrx_word' id='word_1_128' title='bbox 553 2004 1085 2061; x_wconf 89' lang='lat' dir='ltr'><strong>communicatione</strong></span> <span class='ocrx_word' id='word_1_129' title='bbox 1117 2010 1174 2061; x_wconf 92' lang='lat' dir='ltr'><strong>et</strong></span> <span class='ocrx_word' id='word_1_130' title='bbox 1204 2006 1262 2062; x_wconf 91' lang='lat' dir='ltr'><strong>in</strong></span> <span class='ocrx_word' id='word_1_131' title='bbox 1297 2007 1620 2065; x_wconf 89' lang='lat' dir='ltr'><strong>ministerio</strong></span> <span class='ocrx_word' id='word_1_132' title='bbox 1655 2011 1806 2066; x_wconf 73' lang='lat'><strong>740</strong></span> <span class='ocrx_word' id='word_1_133' title='bbox 1844 2010 1931 2066; x_wconf 89' lang='lat' dir='ltr'><strong>vel</strong></span> <span class='ocrx_word' id='word_1_134' title='bbox 1978 2028 2108 2067; x_wconf 50' lang='lat' dir='ltr'><strong>ma.</strong></span> 
     </span>
    </p>
   </div>
   <div class='ocr_carea' id='block_1_20' title="bbox 460 2093 2113 2172">
    <p class='ocr_par' dir='ltr' id='par_1_20' title="bbox 460 2093 2113 2172">
     <span class='ocr_line' id='line_1_20' title="bbox 460 2093 2113 2172; baseline 0.004 -23"><span class='ocrx_word' id='word_1_135' title='bbox 460 2093 618 2149; x_wconf 79' lang='lat' dir='ltr'><strong>xime</strong></span> <span class='ocrx_word' id='word_1_136' title='bbox 673 2094 1104 2165; x_wconf 89' lang='lat' dir='ltr'><strong>comprobatur.</strong></span> <span class='ocrx_word' id='word_1_137' title='bbox 1188 2098 1250 2153; x_wconf 89' lang='lat' dir='ltr'><strong>Ut</strong></span> <span class='ocrx_word' id='word_1_138' title='bbox 1314 2112 1445 2164; x_wconf 88' lang='lat' dir='ltr'><strong>non,</strong></span> <span class='ocrx_word' id='word_1_139' title='bbox 1505 2096 1716 2170; x_wconf 83' lang='lat' dir='ltr'><strong>inquit,</strong></span> <span class='ocrx_word' id='word_1_140' title='bbox 1778 2102 2113 2172; x_wconf 73' lang='lat' dir='ltr'><strong>in/ructuosi</strong></span> 
     </span>
    </p>
   </div>
   <div class='ocr_carea' id='block_1_21' title="bbox 466 2181 2107 2261">
    <p class='ocr_par' dir='ltr' id='par_1_21' title="bbox 466 2181 2107 2261">
     <span class='ocr_line' id='line_1_21' title="bbox 466 2181 2107 2261; baseline 0.004 -24"><span class='ocrx_word' id='word_1_141' title='bbox 466 2181 598 2238; x_wconf 74' lang='lat' dir='ltr'><strong>sint.</strong></span> <span class='ocrx_word' id='word_1_142' title='bbox 660 2183 847 2251; x_wconf 75' lang='lat' dir='ltr'><strong>omnis</strong></span> <span class='ocrx_word' id='word_1_143' title='bbox 902 2185 1049 2240; x_wconf 80' lang='lat' dir='ltr'><strong>enim</strong></span> <span class='ocrx_word' id='word_1_144' title='bbox 1105 2186 1270 2242; x_wconf 85' lang='lat' dir='ltr'><strong>arbor</strong></span> <span class='ocrx_word' id='word_1_145' title='bbox 1327 2202 1454 2259; x_wconf 70' lang='lat' dir='ltr'><strong>quae</strong></span> <span class='ocrx_word' id='word_1_146' title='bbox 1499 2203 1610 2244; x_wconf 86' lang='lat' dir='ltr'><strong>non</strong></span> <span class='ocrx_word' id='word_1_147' title='bbox 1669 2190 1807 2259; x_wconf 76' lang='lat' dir='ltr'><strong>facit</strong></span> <span class='ocrx_word' id='word_1_148' title='bbox 1863 2190 2107 2261; x_wconf 80' lang='lat' dir='ltr'><strong>fructum</strong></span> 
     </span>
    </p>
   </div>
   <div class='ocr_carea' id='block_1_22' title="bbox 438 2271 2107 2351">
    <p class='ocr_par' dir='ltr' id='par_1_22' title="bbox 438 2271 2107 2351">
     <span class='ocr_line' id='line_1_22' title="bbox 438 2271 2107 2351; baseline 0.004 -25"><span class='ocrx_word' id='word_1_149' title='bbox 438 2271 685 2338; x_wconf 81' lang='lat' dir='ltr'><strong>bonum,</strong></span> <span class='ocrx_word' id='word_1_150' title='bbox 751 2272 1054 2345; x_wconf 62' lang='lat' dir='ltr'><strong>excidetur,</strong></span> <span class='ocrx_word' id='word_1_151' title='bbox 1111 2279 1162 2330; x_wconf 90' lang='lat' dir='ltr'><strong>et</strong></span> <span class='ocrx_word' id='word_1_152' title='bbox 1220 2277 1281 2330; x_wconf 90' lang='lat' dir='ltr'><strong>in</strong></span> <span class='ocrx_word' id='word_1_153' title='bbox 1336 2277 1518 2347; x_wconf 80' lang='lat' dir='ltr'><strong>ignem</strong></span> <span class='ocrx_word' id='word_1_154' title='bbox 1573 2278 1822 2333; x_wconf 78' lang='lat' dir='ltr'><strong>mittetur</strong></span> <span class='ocrx_word' id='word_1_155' title='bbox 1886 2280 2107 2351; x_wconf 83' lang='lat' dir='ltr'><strong>(Matth.</strong></span> 
     </span>
    </p>
   </div>
   <div class='ocr_carea' id='block_1_23' title="bbox 458 2361 2107 2438">
    <p class='ocr_par' dir='ltr' id='par_1_23' title="bbox 458 2361 2107 2438">
     <span class='ocr_line' id='line_1_23' title="bbox 458 2361 2107 2438; baseline 0.005 -24"><span class='ocrx_word' id='word_1_156' title='bbox 458 2376 562 2427; x_wconf 88' lang='lat' dir='ltr'><strong>vn,</strong></span> <span class='ocrx_word' id='word_1_157' title='bbox 595 2362 704 2428; x_wconf 87' lang='grc'><strong>19).</strong></span> <span class='ocrx_word' id='word_1_158' title='bbox 742 2361 854 2417; x_wconf 83' lang='lat' dir='ltr'><strong>Hoc</strong></span> <span class='ocrx_word' id='word_1_159' title='bbox 885 2367 1081 2419; x_wconf 90' lang='lat' dir='ltr'><strong>autem</strong></span> <span class='ocrx_word' id='word_1_160' title='bbox 1114 2363 1241 2419; x_wconf 91' lang='lat' dir='ltr'><strong>dico</strong></span> <span class='ocrx_word' id='word_1_161' title='bbox 1275 2380 1289 2418; x_wconf 89' lang='lat'><strong>:</strong></span> <span class='ocrx_word' id='word_1_162' title='bbox 1323 2363 1462 2437; x_wconf 89' lang='lat' dir='ltr'><strong>quia</strong></span> <span class='ocrx_word' id='word_1_163' title='bbox 1493 2366 1592 2437; x_wconf 91' lang='lat' dir='ltr'><strong>qui</strong></span> <span class='ocrx_word' id='word_1_164' title='bbox 1627 2382 1799 2438; x_wconf 92' lang='lat' dir='ltr'><strong>parce</strong></span> <span class='ocrx_word' id='word_1_165' title='bbox 1833 2366 2107 2437; x_wconf 87' lang='lat' dir='ltr'><strong>seminat,</strong></span> 
     </span>
    </p>
   </div>
   <div class='ocr_carea' id='block_1_24' title="bbox 460 2452 2111 2526">
    <p class='ocr_par' dir='ltr' id='par_1_24' title="bbox 460 2452 2111 2526">
     <span class='ocr_line' id='line_1_24' title="bbox 460 2452 2111 2526; baseline 0.004 -21"><span class='ocrx_word' id='word_1_166' title='bbox 460 2464 633 2522; x_wconf 88' lang='lat' dir='ltr'><strong>parce</strong></span> <span class='ocrx_word' id='word_1_167' title='bbox 660 2452 719 2506; x_wconf 91' lang='lat' dir='ltr'><strong>et</strong></span> <span class='ocrx_word' id='word_1_168' title='bbox 747 2454 926 2507; x_wconf 87' lang='lat' dir='ltr'><strong>metet</strong></span> <span class='ocrx_word' id='word_1_169' title='bbox 973 2452 1048 2520; x_wconf 84' lang='grc'><strong>(11</strong></span> <span class='ocrx_word' id='word_1_170' title='bbox 1084 2453 1204 2508; x_wconf 84' lang='lat' dir='ltr'><strong>Cor.</strong></span> <span class='ocrx_word' id='word_1_171' title='bbox 1254 2470 1332 2520; x_wconf 72' lang='grc' dir='ltr'><strong>ιχ,</strong></span> <span class='ocrx_word' id='word_1_172' title='bbox 1381 2454 1463 2523; x_wconf 89' lang='lat'><strong>6.)</strong></span> <span class='ocrx_word' id='word_1_173' title='bbox 1510 2454 1857 2526; x_wconf 87' lang='lat' dir='ltr'><strong>Apostolicis</strong></span> <span class='ocrx_word' id='word_1_174' title='bbox 1884 2455 2024 2511; x_wconf 88' lang='lat' dir='ltr'><strong>viris</strong></span> <span class='ocrx_word' id='word_1_175' title='bbox 2054 2460 2111 2512; x_wconf 91' lang='lat' dir='ltr'><strong>et</strong></span> 
     </span>
    </p>
   </div>
   <div class='ocr_carea' id='block_1_25' title="bbox 459 2538 2109 2611">
    <p class='ocr_par' dir='ltr' id='par_1_25' title="bbox 459 2538 2109 2611">
     <span class='ocr_line' id='line_1_25' title="bbox 459 2538 2109 2611; baseline 0.002 -16"><span class='ocrx_word' id='word_1_176' title='bbox 459 2538 1021 2611; x_wconf 87' lang='lat' dir='ltr'><strong>evangelizatoribus</strong></span> <span class='ocrx_word' id='word_1_177' title='bbox 1050 2540 1262 2598; x_wconf 88' lang='lat' dir='ltr'><strong>Christi</strong></span> <span class='ocrx_word' id='word_1_178' title='bbox 1285 2542 1343 2597; x_wconf 88' lang='lat' dir='ltr'><strong>in</strong></span> <span class='ocrx_word' id='word_1_179' title='bbox 1366 2543 1713 2600; x_wconf 86' lang='lat' dir='ltr'><strong>necessariis</strong></span> <span class='ocrx_word' id='word_1_180' title='bbox 1745 2543 1954 2601; x_wconf 77' lang='lat' dir='ltr'><strong>usibus</strong></span> <span class='ocrx_word' id='word_1_181' title='bbox 1984 2544 2109 2600; x_wconf 90' lang='lat' dir='ltr'><strong>nol-</strong></span> 
     </span>
    </p>
   </div>
   <div class='ocr_carea' id='block_1_26' title="bbox 461 2625 2033 2704">
    <p class='ocr_par' dir='ltr' id='par_1_26' title="bbox 461 2625 2033 2704">
     <span class='ocr_line' id='line_1_26' title="bbox 461 2625 2033 2704; baseline 0.005 -22"><span class='ocrx_word' id='word_1_182' title='bbox 461 2625 515 2683; x_wconf 88' lang='lat' dir='ltr'><strong>le</strong></span> <span class='ocrx_word' id='word_1_183' title='bbox 545 2628 825 2695; x_wconf 87' lang='lat' dir='ltr'><strong>tribuere,</strong></span> <span class='ocrx_word' id='word_1_184' title='bbox 859 2628 1181 2686; x_wconf 76' lang='lat' dir='ltr'><strong>sterilitatis</strong></span> <span class='ocrx_word' id='word_1_185' title='bbox 1212 2630 1474 2704; x_wconf 89' lang='lat' dir='ltr'><strong>seipsum</strong></span> <span class='ocrx_word' id='word_1_186' title='bbox 1506 2636 1597 2688; x_wconf 89' lang='lat' dir='ltr'><strong>est</strong></span> <span class='ocrx_word' id='word_1_187' title='bbox 1624 2633 2033 2691; x_wconf 87' lang='lat' dir='ltr'><strong>condemnare.</strong></span> 
     </span>
    </p>
   </div>
   <div class='ocr_carea' id='block_1_27' title="bbox 534 2716 2107 2793">
    <p class='ocr_par' dir='ltr' id='par_1_27' title="bbox 534 2716 2107 2793">
     <span class='ocr_line' id='line_1_27' title="bbox 534 2716 2107 2793; baseline 0.006 -24"><span class='ocrx_word' id='word_1_188' title='bbox 534 2716 720 2789; x_wconf 89' lang='lat' dir='ltr'><strong>(Vers.</strong></span> <span class='ocrx_word' id='word_1_189' title='bbox 761 2718 864 2791; x_wconf 88' lang='lat' dir='ltr'><strong>l5.)</strong></span> <span class='ocrx_word' id='word_1_190' title='bbox 897 2740 927 2770; x_wconf 84' lang='lat'><strong><em>«</em></strong></span> <span class='ocrx_word' id='word_1_191' title='bbox 958 2717 1228 2775; x_wconf 87' lang='lat' dir='ltr'><strong>Salutant</strong></span> <span class='ocrx_word' id='word_1_192' title='bbox 1271 2723 1328 2777; x_wconf 90' lang='lat' dir='ltr'><strong>te</strong></span> <span class='ocrx_word' id='word_1_193' title='bbox 1375 2721 1475 2793; x_wconf 91' lang='lat' dir='ltr'><strong>qui</strong></span> <span class='ocrx_word' id='word_1_194' title='bbox 1525 2737 1757 2778; x_wconf 89' lang='lat' dir='ltr'><strong>mecum</strong></span> <span class='ocrx_word' id='word_1_195' title='bbox 1805 2727 1945 2779; x_wconf 90' lang='lat' dir='ltr'><strong>sunt</strong></span> <span class='ocrx_word' id='word_1_196' title='bbox 1982 2740 2107 2781; x_wconf 91' lang='lat' dir='ltr'><strong>om-</strong></span> 
     </span>
    </p>
   </div>
   <div class='ocr_carea' id='block_1_28' title="bbox 462 2805 2106 2878">
    <p class='ocr_par' dir='ltr' id='par_1_28' title="bbox 462 2805 2106 2878">
     <span class='ocr_line' id='line_1_28' title="bbox 462 2805 2106 2878; baseline 0.003 -16"><span class='ocrx_word' id='word_1_197' title='bbox 462 2821 589 2863; x_wconf 90' lang='lat' dir='ltr'><strong>nes.</strong></span> <span class='ocrx_word' id='word_1_198' title='bbox 622 2828 650 2858; x_wconf 80' lang='lat'><strong>»</strong></span> <span class='ocrx_word' id='word_1_199' title='bbox 680 2805 785 2864; x_wconf 87' lang='lat' dir='ltr'><strong>Vel</strong></span> <span class='ocrx_word' id='word_1_200' title='bbox 815 2806 988 2863; x_wconf 89' lang='lat' dir='ltr'><strong>solita</strong></span> <span class='ocrx_word' id='word_1_201' title='bbox 1017 2810 1442 2865; x_wconf 87' lang='lat' dir='ltr'><strong>consuetudine</strong></span> <span class='ocrx_word' id='word_1_202' title='bbox 1472 2827 1617 2867; x_wconf 89' lang='lat' dir='ltr'><strong>usus</strong></span> <span class='ocrx_word' id='word_1_203' title='bbox 1645 2815 1755 2878; x_wconf 90' lang='lat' dir='ltr'><strong>est,</strong></span> <span class='ocrx_word' id='word_1_204' title='bbox 1796 2816 1861 2867; x_wconf 91' lang='lat' dir='ltr'><strong>ut</strong></span> <span class='ocrx_word' id='word_1_205' title='bbox 1909 2812 2106 2868; x_wconf 89' lang='lat' dir='ltr'><strong>Titum</strong></span> 
     </span>
    </p>
   </div>
   <div class='ocr_carea' id='block_1_29' title="bbox 466 2896 2109 2969">
    <p class='ocr_par' dir='ltr' id='par_1_29' title="bbox 466 2896 2109 2969">
     <span class='ocr_line' id='line_1_29' title="bbox 466 2896 2109 2969; baseline 0.002 -18"><span class='ocrx_word' id='word_1_206' title='bbox 466 2896 539 2951; x_wconf 93' lang='lat' dir='ltr'><strong>ab</strong></span> <span class='ocrx_word' id='word_1_207' title='bbox 562 2896 840 2952; x_wconf 89' lang='lat' dir='ltr'><strong>omnibus</strong></span> <span class='ocrx_word' id='word_1_208' title='bbox 868 2896 971 2969; x_wconf 90' lang='lat' dir='ltr'><strong>qui</strong></span> <span class='ocrx_word' id='word_1_209' title='bbox 1001 2913 1201 2954; x_wconf 89' lang='lat' dir='ltr'><strong>secum</strong></span> <span class='ocrx_word' id='word_1_210' title='bbox 1240 2902 1407 2954; x_wconf 90' lang='lat' dir='ltr'><strong>erant</strong></span> <span class='ocrx_word' id='word_1_211' title='bbox 1434 2898 1651 2955; x_wconf 90' lang='lat' dir='ltr'><strong>diceret</strong></span> <span class='ocrx_word' id='word_1_212' title='bbox 1679 2899 1924 2956; x_wconf 88' lang='lat' dir='ltr'><strong>salutari</strong></span> <span class='ocrx_word' id='word_1_213' title='bbox 1976 2917 1988 2956; x_wconf 77' lang='grc' dir='ltr'>ε</span> <span class='ocrx_word' id='word_1_214' title='bbox 2019 2899 2109 2956; x_wconf 88' lang='lat' dir='ltr'><strong>vel</strong></span> 
     </span>
    </p>
   </div>
   <div class='ocr_carea' id='block_1_30' title="bbox 468 2984 2108 3060">
    <p class='ocr_par' dir='ltr' id='par_1_30' title="bbox 468 2984 2108 3060">
     <span class='ocr_line' id='line_1_30' title="bbox 468 2984 2108 3060; baseline 0.004 -21"><span class='ocrx_word' id='word_1_215' title='bbox 468 2988 624 3040; x_wconf 90' lang='lat' dir='ltr'><strong>certe</strong></span> <span class='ocrx_word' id='word_1_216' title='bbox 653 2984 884 3057; x_wconf 89' lang='lat' dir='ltr'><strong>proprie</strong></span> <span class='ocrx_word' id='word_1_217' title='bbox 912 2984 971 3041; x_wconf 93' lang='lat' dir='ltr'><strong>in</strong></span> <span class='ocrx_word' id='word_1_218' title='bbox 1003 2985 1222 3054; x_wconf 90' lang='lat' dir='ltr'><strong>Titum,</strong></span> <span class='ocrx_word' id='word_1_219' title='bbox 1257 2986 1413 3060; x_wconf 92' lang='lat' dir='ltr'><strong>quod</strong></span> <span class='ocrx_word' id='word_1_220' title='bbox 1443 2987 1576 3044; x_wconf 88' lang='lat' dir='ltr'><strong>talis</strong></span> <span class='ocrx_word' id='word_1_221' title='bbox 1612 2994 1786 3057; x_wconf 89' lang='lat' dir='ltr'><strong>esset,</strong></span> <span class='ocrx_word' id='word_1_222' title='bbox 1838 2994 1903 3045; x_wconf 89' lang='lat' dir='ltr'><strong>ut</strong></span> <span class='ocrx_word' id='word_1_223' title='bbox 1948 3005 2108 3045; x_wconf 88' lang='lat' dir='ltr'><strong>amo-</strong></span> 
     </span>
    </p>
   </div>
   <div class='ocr_carea' id='block_1_31' title="bbox 470 3073 2111 3146">
    <p class='ocr_par' dir='ltr' id='par_1_31' title="bbox 470 3073 2111 3146">
     <span class='ocr_line' id='line_1_31' title="bbox 470 3073 2111 3146; baseline 0.004 -17"><span class='ocrx_word' id='word_1_224' title='bbox 470 3088 592 3129; x_wconf 85' lang='lat' dir='ltr'><strong>rem</strong></span> <span class='ocrx_word' id='word_1_225' title='bbox 625 3088 828 3129; x_wconf 88' lang='lat' dir='ltr'><strong>eorum</strong></span> <span class='ocrx_word' id='word_1_226' title='bbox 864 3073 963 3146; x_wconf 91' lang='lat' dir='ltr'><strong>qui</strong></span> <span class='ocrx_word' id='word_1_227' title='bbox 994 3090 1126 3130; x_wconf 91' lang='lat' dir='ltr'><strong>cum</strong></span> <span class='ocrx_word' id='word_1_228' title='bbox 1159 3075 1338 3131; x_wconf 87' lang='lat' dir='ltr'><strong>Paulo</strong></span> <span class='ocrx_word' id='word_1_229' title='bbox 1366 3081 1533 3132; x_wconf 90' lang='lat' dir='ltr'><strong>erant</strong></span> <span class='ocrx_word' id='word_1_230' title='bbox 1561 3077 1826 3134; x_wconf 90' lang='lat' dir='ltr'><strong>omnium</strong></span> <span class='ocrx_word' id='word_1_231' title='bbox 1858 3094 2111 3135; x_wconf 88' lang='lat' dir='ltr'><strong>merere-</strong></span> 
     </span>
    </p>
   </div>
   <div class='ocr_carea' id='block_1_32' title="bbox 465 3161 2109 3238">
    <p class='ocr_par' dir='ltr' id='par_1_32' title="bbox 465 3161 2109 3238">
     <span class='ocr_line' id='line_1_32' title="bbox 465 3161 2109 3238; baseline 0.005 -21"><span class='ocrx_word' id='word_1_232' title='bbox 465 3164 583 3217; x_wconf 85' lang='lat' dir='ltr'><strong>tur.</strong></span> <span class='ocrx_word' id='word_1_233' title='bbox 616 3164 825 3235; x_wconf 79' lang='lat' dir='ltr'><strong>Magna</strong></span> <span class='ocrx_word' id='word_1_234' title='bbox 851 3178 986 3220; x_wconf 90' lang='lat' dir='ltr'><strong>vero</strong></span> <span class='ocrx_word' id='word_1_235' title='bbox 1017 3161 1147 3221; x_wconf 88' lang='lat' dir='ltr'><strong>laus</strong></span> <span class='ocrx_word' id='word_1_236' title='bbox 1176 3164 1288 3221; x_wconf 87' lang='lat' dir='ltr'><strong>Titi</strong></span> <span class='ocrx_word' id='word_1_237' title='bbox 1323 3182 1426 3238; x_wconf 89' lang='lat' dir='ltr'><strong>per</strong></span> <span class='ocrx_word' id='word_1_238' title='bbox 1455 3165 1701 3223; x_wconf 91' lang='lat' dir='ltr'><strong>Paulum</strong></span> <span class='ocrx_word' id='word_1_239' title='bbox 1729 3168 1802 3223; x_wconf 90' lang='lat' dir='ltr'><strong>ab</strong></span> <span class='ocrx_word' id='word_1_240' title='bbox 1833 3167 2109 3225; x_wconf 89' lang='lat' dir='ltr'><strong>omnibus</strong></span> 
     </span>
    </p>
   </div>
   <div class='ocr_carea' id='block_1_33' title="bbox 466 3248 733 3307">
    <p class='ocr_par' dir='ltr' id='par_1_33' title="bbox 466 3248 733 3307">
     <span class='ocr_line' id='line_1_33' title="bbox 466 3248 733 3307; baseline -0.004 0"><span class='ocrx_word' id='word_1_241' title='bbox 466 3248 733 3307; x_wconf 88' lang='lat' dir='ltr'><strong>salutari.</strong></span> 
     </span>
    </p>
   </div>
   <div class='ocr_carea' id='block_1_34' title="bbox 467 3339 2108 3414">
    <p class='ocr_par' dir='ltr' id='par_1_34' title="bbox 467 3339 2108 3414">
     <span class='ocr_line' id='line_1_34' title="bbox 467 3339 2108 3414; baseline 0.005 -22"><span class='ocrx_word' id='word_1_242' title='bbox 467 3361 497 3391; x_wconf 85' lang='lat'><strong><em>«</em></strong></span> <span class='ocrx_word' id='word_1_243' title='bbox 530 3339 736 3397; x_wconf 87' lang='lat' dir='ltr'><strong>Saluta</strong></span> <span class='ocrx_word' id='word_1_244' title='bbox 782 3356 881 3398; x_wconf 88' lang='lat' dir='ltr'><strong>eos</strong></span> <span class='ocrx_word' id='word_1_245' title='bbox 929 3341 1031 3414; x_wconf 89' lang='lat' dir='ltr'><strong>qui</strong></span> <span class='ocrx_word' id='word_1_246' title='bbox 1080 3358 1188 3399; x_wconf 89' lang='lat' dir='ltr'><strong>nos</strong></span> <span class='ocrx_word' id='word_1_247' title='bbox 1237 3348 1440 3401; x_wconf 89' lang='lat' dir='ltr'><strong>amant</strong></span> <span class='ocrx_word' id='word_1_248' title='bbox 1496 3344 1553 3400; x_wconf 91' lang='lat' dir='ltr'><strong>in</strong></span> <span class='ocrx_word' id='word_1_249' title='bbox 1606 3345 1739 3402; x_wconf 84' lang='lat' dir='ltr'><strong>ﬁde.</strong></span> <span class='ocrx_word' id='word_1_250' title='bbox 1769 3365 1798 3399; x_wconf 71' lang='grc' dir='ltr'><strong><em>ι</em></strong></span> <span class='ocrx_word' id='word_1_251' title='bbox 1831 3344 2108 3403; x_wconf 88' lang='lat' dir='ltr'><strong>Siomnis</strong></span> 
     </span>
    </p>
   </div>
   <div class='ocr_carea' id='block_1_35' title="bbox 2223 758 3869 838">
    <p class='ocr_par' dir='ltr' id='par_1_35' title="bbox 2223 758 3869 838">
     <span class='ocr_line' id='line_1_35' title="bbox 2223 758 3869 838; baseline -0.005 -17"><span class='ocrx_word' id='word_1_252' title='bbox 2223 782 2369 830; x_wconf 89' lang='lat' dir='ltr'><strong>rem,</strong></span> <span class='ocrx_word' id='word_1_253' title='bbox 2419 766 2589 821; x_wconf 81' lang='lat' dir='ltr'><strong>ﬁdem</strong></span> <span class='ocrx_word' id='word_1_254' title='bbox 2642 765 3034 838; x_wconf 89' lang='lat' dir='ltr'><strong>apposuisset,</strong></span> <span class='ocrx_word' id='word_1_255' title='bbox 3084 763 3282 818; x_wconf 89' lang='lat' dir='ltr'><strong>dicens</strong></span> <span class='ocrx_word' id='word_1_256' title='bbox 3334 778 3347 816; x_wconf 89' lang='lat'><strong>:</strong></span> <span class='ocrx_word' id='word_1_257' title='bbox 3397 760 3587 817; x_wconf 86' lang='lat' dir='ltr'><strong>Saluta</strong></span> <span class='ocrx_word' id='word_1_258' title='bbox 3630 773 3721 814; x_wconf 80' lang='lat' dir='ltr'><strong>eos</strong></span> <span class='ocrx_word' id='word_1_259' title='bbox 3770 758 3869 832; x_wconf 81' lang='lat' dir='ltr'><strong>qui</strong></span> 
     </span>
    </p>
   </div>
   <div class='ocr_carea' id='block_1_36' title="bbox 2220 846 3865 924">
    <p class='ocr_par' dir='ltr' id='par_1_36' title="bbox 2220 846 3865 924">
     <span class='ocr_line' id='line_1_36' title="bbox 2220 846 3865 924; baseline -0.004 -17"><span class='ocrx_word' id='word_1_260' title='bbox 2220 870 2318 911; x_wconf 82' lang='lat' dir='ltr'><strong>nos</strong></span> <span class='ocrx_word' id='word_1_261' title='bbox 2345 862 2537 910; x_wconf 86' lang='lat' dir='ltr'><strong>amant</strong></span> <span class='ocrx_word' id='word_1_262' title='bbox 2566 856 2622 910; x_wconf 85' lang='lat' dir='ltr'><strong>in</strong></span> <span class='ocrx_word' id='word_1_263' title='bbox 2652 855 2787 924; x_wconf 74' lang='lat' dir='ltr'><strong>ﬁde.</strong></span> <span class='ocrx_word' id='word_1_264' title='bbox 2817 856 3031 908; x_wconf 85' lang='lat' dir='ltr'><strong>Amant</strong></span> <span class='ocrx_word' id='word_1_265' title='bbox 3060 851 3278 924; x_wconf 87' lang='lat' dir='ltr'><strong>quippe</strong></span> <span class='ocrx_word' id='word_1_266' title='bbox 3324 855 3381 906; x_wconf 92' lang='lat' dir='ltr'><strong>et</strong></span> <span class='ocrx_word' id='word_1_267' title='bbox 3430 852 3647 905; x_wconf 86' lang='lat' dir='ltr'><strong>matres</strong></span> <span class='ocrx_word' id='word_1_268' title='bbox 3693 846 3865 913; x_wconf 81' lang='lat' dir='ltr'><strong>filios,</strong></span> 
     </span>
    </p>
   </div>
   <div class='ocr_carea' id='block_1_37' title="bbox 2219 936 3863 1015">
    <p class='ocr_par' dir='ltr' id='par_1_37' title="bbox 2219 936 3863 1015">
     <span class='ocr_line' id='line_1_37' title="bbox 2219 936 3863 1015; baseline -0.005 -17"><span class='ocrx_word' id='word_1_269' title='bbox 2219 941 2302 999; x_wconf 88' lang='lat' dir='ltr'><strong>ita</strong></span> <span class='ocrx_word' id='word_1_270' title='bbox 2331 948 2397 998; x_wconf 90' lang='lat' dir='ltr'><strong>ut</strong></span> <span class='ocrx_word' id='word_1_271' title='bbox 2427 948 2675 1000; x_wconf 90' lang='lat' dir='ltr'><strong>mortem</strong></span> <span class='ocrx_word' id='word_1_272' title='bbox 2724 960 2827 1015; x_wconf 89' lang='lat' dir='ltr'><strong>pro</strong></span> <span class='ocrx_word' id='word_1_273' title='bbox 2876 941 2960 998; x_wconf 88' lang='lat' dir='ltr'><strong>eis</strong></span> <span class='ocrx_word' id='word_1_274' title='bbox 3007 946 3280 1014; x_wconf 89' lang='lat' dir='ltr'><strong>oppetere</strong></span> <span class='ocrx_word' id='word_1_275' title='bbox 3324 938 3444 995; x_wconf 87' lang='lat' dir='ltr'><strong>sint</strong></span> <span class='ocrx_word' id='word_1_276' title='bbox 3481 941 3728 1011; x_wconf 62' lang='lat' dir='ltr'><strong>paratae;</strong></span> <span class='ocrx_word' id='word_1_277' title='bbox 3762 936 3863 991; x_wconf 86' lang='lat' dir='ltr'><strong>sed</strong></span> 
     </span>
    </p>
   </div>
   <div class='ocr_carea' id='block_1_38' title="bbox 2220 1025 3864 1097">
    <p class='ocr_par' dir='ltr' id='par_1_38' title="bbox 2220 1025 3864 1097">
     <span class='ocr_line' id='line_1_38' title="bbox 2220 1025 3864 1097; baseline -0.005 -10"><span class='ocrx_word' id='word_1_278' title='bbox 2220 1048 2335 1087; x_wconf 92' lang='lat' dir='ltr'><strong>non</strong></span> <span class='ocrx_word' id='word_1_279' title='bbox 2393 1036 2596 1087; x_wconf 89' lang='lat' dir='ltr'><strong>amant</strong></span> <span class='ocrx_word' id='word_1_280' title='bbox 2640 1032 2701 1087; x_wconf 92' lang='lat' dir='ltr'><strong>in</strong></span> <span class='ocrx_word' id='word_1_281' title='bbox 2749 1031 2861 1086; x_wconf 77' lang='lat' dir='ltr'><strong>(ide</strong></span> <span class='ocrx_word' id='word_1_282' title='bbox 2911 1047 2924 1086; x_wconf 87' lang='lat'><strong>:</strong></span> <span class='ocrx_word' id='word_1_283' title='bbox 2977 1039 3034 1085; x_wconf 83' lang='lat' dir='ltr'><strong>et</strong></span> <span class='ocrx_word' id='word_1_284' title='bbox 3081 1045 3288 1086; x_wconf 86' lang='lat' dir='ltr'><strong>uxores</strong></span> <span class='ocrx_word' id='word_1_285' title='bbox 3347 1026 3591 1083; x_wconf 87' lang='lat' dir='ltr'><strong>maritos</strong></span> <span class='ocrx_word' id='word_1_286' title='bbox 3647 1025 3864 1097; x_wconf 88' lang='lat' dir='ltr'><strong>quibus</strong></span> 
     </span>
    </p>
   </div>
   <div class='ocr_carea' id='block_1_39' title="bbox 2218 1112 3863 1192">
    <p class='ocr_par' dir='ltr' id='par_1_39' title="bbox 2218 1112 3863 1192">
     <span class='ocr_line' id='line_1_39' title="bbox 2218 1112 3863 1192; baseline -0.005 -16"><span class='ocrx_word' id='word_1_287' title='bbox 2218 1120 2691 1192; x_wconf 85' lang='lat' dir='ltr'><strong>frequentissime</strong></span> <span class='ocrx_word' id='word_1_288' title='bbox 2721 1119 3221 1187; x_wconf 89' lang='lat' dir='ltr'><strong>commoriuntur;</strong></span> <span class='ocrx_word' id='word_1_289' title='bbox 3268 1117 3371 1174; x_wconf 87' lang='lat' dir='ltr'><strong>sed</strong></span> <span class='ocrx_word' id='word_1_290' title='bbox 3428 1131 3593 1172; x_wconf 91' lang='lat' dir='ltr'><strong>amor</strong></span> <span class='ocrx_word' id='word_1_291' title='bbox 3620 1112 3718 1170; x_wconf 90' lang='lat' dir='ltr'><strong>ille</strong></span> <span class='ocrx_word' id='word_1_292' title='bbox 3748 1130 3863 1168; x_wconf 91' lang='lat' dir='ltr'><strong>non</strong></span> 
     </span>
    </p>
   </div>
   <div class='ocr_carea' id='block_1_40' title="bbox 2218 1201 3860 1275">
    <p class='ocr_par' dir='ltr' id='par_1_40' title="bbox 2218 1201 3860 1275">
     <span class='ocr_line' id='line_1_40' title="bbox 2218 1201 3860 1275; baseline -0.005 -11"><span class='ocrx_word' id='word_1_293' title='bbox 2218 1210 2351 1267; x_wconf 80' lang='lat' dir='ltr'><strong>ﬁdei</strong></span> <span class='ocrx_word' id='word_1_294' title='bbox 2383 1215 2490 1267; x_wconf 86' lang='lat' dir='ltr'><strong>est.</strong></span> <span class='ocrx_word' id='word_1_295' title='bbox 2523 1209 2659 1267; x_wconf 91' lang='lat' dir='ltr'><strong>Sola</strong></span> <span class='ocrx_word' id='word_1_296' title='bbox 2688 1213 3026 1266; x_wconf 90' lang='lat' dir='ltr'><strong>sanctorum</strong></span> <span class='ocrx_word' id='word_1_297' title='bbox 3070 1208 3304 1264; x_wconf 85' lang='lat' dir='ltr'><strong>dilectio</strong></span> <span class='ocrx_word' id='word_1_298' title='bbox 3348 1205 3407 1261; x_wconf 92' lang='lat' dir='ltr'><strong>in</strong></span> <span class='ocrx_word' id='word_1_299' title='bbox 3458 1204 3569 1260; x_wconf 84' lang='lat' dir='ltr'><strong>ﬁde</strong></span> <span class='ocrx_word' id='word_1_300' title='bbox 3616 1201 3811 1275; x_wconf 87' lang='lat' dir='ltr'><strong>diligit</strong></span> <span class='ocrx_word' id='word_1_301' title='bbox 3845 1219 3860 1257; x_wconf 87' lang='lat'><strong>:</strong></span> 
     </span>
    </p>
   </div>
   <div class='ocr_carea' id='block_1_41' title="bbox 2216 1290 3863 1370">
    <p class='ocr_par' dir='ltr' id='par_1_41' title="bbox 2216 1290 3863 1370">
     <span class='ocr_line' id='line_1_41' title="bbox 2216 1290 3863 1370; baseline -0.005 -15"><span class='ocrx_word' id='word_1_302' title='bbox 2216 1298 2507 1355; x_wconf 81' lang='lat' dir='ltr'><strong>intentum</strong></span> <span class='ocrx_word' id='word_1_303' title='bbox 2541 1304 2606 1354; x_wconf 91' lang='lat' dir='ltr'><strong>ut</strong></span> <span class='ocrx_word' id='word_1_304' title='bbox 2634 1299 2809 1354; x_wconf 89' lang='lat' dir='ltr'><strong>etiam</strong></span> <span class='ocrx_word' id='word_1_305' title='bbox 2842 1298 2891 1353; x_wconf 92' lang='lat' dir='ltr'><strong>si</strong></span> <span class='ocrx_word' id='word_1_306' title='bbox 2921 1298 3018 1352; x_wconf 92' lang='lat' dir='ltr'><strong>ille</strong></span> <span class='ocrx_word' id='word_1_307' title='bbox 3049 1296 3150 1370; x_wconf 89' lang='lat' dir='ltr'><strong>qui</strong></span> <span class='ocrx_word' id='word_1_308' title='bbox 3181 1294 3448 1367; x_wconf 86' lang='lat' dir='ltr'><strong>diligitur</strong></span> <span class='ocrx_word' id='word_1_309' title='bbox 3475 1290 3728 1348; x_wconf 84' lang='lat' dir='ltr'><strong>inﬁdelis</strong></span> <span class='ocrx_word' id='word_1_310' title='bbox 3749 1291 3863 1346; x_wconf 85' lang='lat' dir='ltr'><strong>sit:</strong></span> 
     </span>
    </p>
   </div>
   <div class='ocr_carea' id='block_1_42' title="bbox 2216 1380 3863 1455">
    <p class='ocr_par' dir='ltr' id='par_1_42' title="bbox 2216 1380 3863 1455">
     <span class='ocr_line' id='line_1_42' title="bbox 2216 1380 3863 1455; baseline -0.006 -12"><span class='ocrx_word' id='word_1_311' title='bbox 2216 1393 2413 1445; x_wconf 90' lang='lat' dir='ltr'><strong>tamen</strong></span> <span class='ocrx_word' id='word_1_312' title='bbox 2470 1393 2709 1444; x_wconf 86' lang='lat' dir='ltr'><strong>sanctus</strong></span> <span class='ocrx_word' id='word_1_313' title='bbox 2769 1386 2829 1442; x_wconf 90' lang='lat' dir='ltr'><strong>in</strong></span> <span class='ocrx_word' id='word_1_314' title='bbox 2888 1386 3002 1441; x_wconf 81' lang='lat' dir='ltr'><strong>ﬁde</strong></span> <span class='ocrx_word' id='word_1_315' title='bbox 3058 1402 3192 1441; x_wconf 89' lang='lat' dir='ltr'><strong>cum</strong></span> <span class='ocrx_word' id='word_1_316' title='bbox 3250 1383 3478 1455; x_wconf 84' lang='lat' dir='ltr'><strong>diligat,</strong></span> <span class='ocrx_word' id='word_1_317' title='bbox 3539 1380 3863 1437; x_wconf 88' lang='lat' dir='ltr'><strong>secundum</strong></span> 
     </span>
    </p>
   </div>
   <div class='ocr_carea' id='block_1_43' title="bbox 2215 1468 3864 1544">
    <p class='ocr_par' dir='ltr' id='par_1_43' title="bbox 2215 1468 3864 1544">
     <span class='ocr_line' id='line_1_43' title="bbox 2215 1468 3864 1544; baseline -0.007 -10"><span class='ocrx_word' id='word_1_318' title='bbox 2215 1477 2360 1533; x_wconf 88' lang='lat' dir='ltr'><strong>illud</strong></span> <span class='ocrx_word' id='word_1_319' title='bbox 2396 1502 2410 1534; x_wconf 86' lang='lat'><strong>:</strong></span> <span class='ocrx_word' id='word_1_320' title='bbox 2439 1478 2638 1533; x_wconf 86' lang='lat' dir='ltr'><strong>Omnia</strong></span> <span class='ocrx_word' id='word_1_321' title='bbox 2680 1485 2857 1533; x_wconf 74' lang='lat' dir='ltr'><strong>vestra</strong></span> <span class='ocrx_word' id='word_1_322' title='bbox 2904 1478 2961 1531; x_wconf 86' lang='lat' dir='ltr'><strong>in</strong></span> <span class='ocrx_word' id='word_1_323' title='bbox 3015 1474 3119 1536; x_wconf 81' lang='lat' dir='ltr'><strong>ﬁde</strong></span> <span class='ocrx_word' id='word_1_324' title='bbox 3150 1478 3165 1511; x_wconf 82' lang='grc'>¹</span> <span class='ocrx_word' id='word_1_325' title='bbox 3199 1474 3339 1544; x_wconf 80' lang='lat' dir='ltr'><strong>ﬁant</strong></span> <span class='ocrx_word' id='word_1_326' title='bbox 3368 1473 3412 1543; x_wconf 91' lang='grc' dir='ltr'>(ι</span> <span class='ocrx_word' id='word_1_327' title='bbox 3442 1471 3564 1528; x_wconf 87' lang='lat' dir='ltr'><strong>Cor.</strong></span> <span class='ocrx_word' id='word_1_328' title='bbox 3598 1486 3708 1539; x_wconf 76' lang='lat' dir='ltr'><strong>xvr,</strong></span> <span class='ocrx_word' id='word_1_329' title='bbox 3758 1468 3864 1537; x_wconf 86' lang='grc'><strong>14).</strong></span> 
     </span>
    </p>
   </div>
   <div class='ocr_carea' id='block_1_44' title="bbox 2218 1557 3863 1637">
    <p class='ocr_par' dir='ltr' id='par_1_44' title="bbox 2218 1557 3863 1637">
     <span class='ocr_line' id='line_1_44' title="bbox 2218 1557 3863 1637; baseline -0.007 -16"><span class='ocrx_word' id='word_1_330' title='bbox 2218 1567 2285 1622; x_wconf 92' lang='lat' dir='ltr'><strong>Et</strong></span> <span class='ocrx_word' id='word_1_331' title='bbox 2328 1566 2466 1621; x_wconf 87' lang='lat' dir='ltr'><strong>alibi</strong></span> <span class='ocrx_word' id='word_1_332' title='bbox 2530 1584 2542 1621; x_wconf 90' lang='lat'>:</span> <span class='ocrx_word' id='word_1_333' title='bbox 2595 1567 2814 1637; x_wconf 79' lang='lat' dir='ltr'><strong>Diligite</strong></span> <span class='ocrx_word' id='word_1_334' title='bbox 2860 1566 3115 1621; x_wconf 75' lang='lat' dir='ltr'><strong>inimicos</strong></span> <span class='ocrx_word' id='word_1_335' title='bbox 3159 1566 3361 1619; x_wconf 78' lang='lat' dir='ltr'><strong>vestros</strong></span> <span class='ocrx_word' id='word_1_336' title='bbox 3420 1561 3572 1633; x_wconf 83' lang='lat' dir='ltr'><strong>(Luc.</strong></span> <span class='ocrx_word' id='word_1_337' title='bbox 3621 1576 3701 1626; x_wconf 79' lang='lat' dir='ltr'><strong>v1,</strong></span> <span class='ocrx_word' id='word_1_338' title='bbox 3748 1557 3863 1627; x_wconf 82' lang='grc'><strong>35).</strong></span> 
     </span>
    </p>
   </div>
   <div class='ocr_carea' id='block_1_45' title="bbox 2217 1645 3864 1727">
    <p class='ocr_par' dir='ltr' id='par_1_45' title="bbox 2217 1645 3864 1727">
     <span class='ocr_line' id='line_1_45' title="bbox 2217 1645 3864 1727; baseline -0.007 -16"><span class='ocrx_word' id='word_1_339' title='bbox 2217 1654 2418 1727; x_wconf 90' lang='lat' dir='ltr'><strong>Diligit</strong></span> <span class='ocrx_word' id='word_1_340' title='bbox 2448 1660 2688 1711; x_wconf 88' lang='lat' dir='ltr'><strong>sanctus</strong></span> <span class='ocrx_word' id='word_1_341' title='bbox 2740 1654 3013 1710; x_wconf 90' lang='lat' dir='ltr'><strong>inimicos</strong></span> <span class='ocrx_word' id='word_1_342' title='bbox 3042 1670 3202 1719; x_wconf 89' lang='lat' dir='ltr'><strong>suos,</strong></span> <span class='ocrx_word' id='word_1_343' title='bbox 3234 1656 3289 1707; x_wconf 89' lang='lat' dir='ltr'><strong>et</strong></span> <span class='ocrx_word' id='word_1_344' title='bbox 3333 1650 3462 1706; x_wconf 89' lang='lat' dir='ltr'><strong>ideo</strong></span> <span class='ocrx_word' id='word_1_345' title='bbox 3492 1648 3550 1703; x_wconf 90' lang='lat' dir='ltr'><strong>in</strong></span> <span class='ocrx_word' id='word_1_346' title='bbox 3586 1647 3697 1702; x_wconf 84' lang='lat' dir='ltr'><strong>ﬁde</strong></span> <span class='ocrx_word' id='word_1_347' title='bbox 3727 1645 3864 1701; x_wconf 91' lang='lat' dir='ltr'><strong>dili-</strong></span> 
     </span>
    </p>
   </div>
   <div class='ocr_carea' id='block_1_46' title="bbox 2216 1739 3917 1816">
    <p class='ocr_par' dir='ltr' id='par_1_46' title="bbox 2216 1739 3917 1816">
     <span class='ocr_line' id='line_1_46' title="bbox 2216 1739 3917 1816; baseline -0.006 -16"><span class='ocrx_word' id='word_1_348' title='bbox 2216 1745 2301 1816; x_wconf 84' lang='lat' dir='ltr'><strong>git</strong></span> <span class='ocrx_word' id='word_1_349' title='bbox 2334 1762 2347 1799; x_wconf 92' lang='lat'>:</span> <span class='ocrx_word' id='word_1_350' title='bbox 2383 1744 2523 1816; x_wconf 90' lang='lat' dir='ltr'><strong>quia</strong></span> <span class='ocrx_word' id='word_1_351' title='bbox 2564 1743 2749 1800; x_wconf 88' lang='lat' dir='ltr'><strong>credit</strong></span> <span class='ocrx_word' id='word_1_352' title='bbox 2772 1743 2832 1799; x_wconf 92' lang='lat' dir='ltr'><strong>in</strong></span> <span class='ocrx_word' id='word_1_353' title='bbox 2863 1760 2997 1800; x_wconf 90' lang='lat' dir='ltr'><strong>eum</strong></span> <span class='ocrx_word' id='word_1_354' title='bbox 3030 1743 3129 1815; x_wconf 90' lang='lat' dir='ltr'><strong>qui</strong></span> <span class='ocrx_word' id='word_1_355' title='bbox 3165 1739 3459 1814; x_wconf 89' lang='lat' dir='ltr'><strong>pollicitus</strong></span> <span class='ocrx_word' id='word_1_356' title='bbox 3512 1742 3603 1794; x_wconf 87' lang='lat' dir='ltr'><strong>est</strong></span> <span class='ocrx_word' id='word_1_357' title='bbox 3649 1752 3712 1791; x_wconf 90' lang='lat' dir='ltr'><strong>se</strong></span> <span class='ocrx_word' id='word_1_358' title='bbox 3761 1750 3864 1807; x_wconf 91' lang='lat' dir='ltr'><strong>pro</strong></span> <span class='ocrx_word' id='word_1_359' title='bbox 3907 1776 3917 1783; x_wconf 82' lang='lat'><strong>.</strong></span> 
     </span>
    </p>
   </div>
   <div class='ocr_carea' id='block_1_47' title="bbox 2217 1826 3824 1903">
    <p class='ocr_par' dir='ltr' id='par_1_47' title="bbox 2217 1826 3824 1903">
     <span class='ocr_line' id='line_1_47' title="bbox 2217 1826 3824 1903; baseline -0.006 -14"><span class='ocrx_word' id='word_1_360' title='bbox 2217 1832 2540 1903; x_wconf 78' lang='lat' dir='ltr'><strong>explatione</strong></span> <span class='ocrx_word' id='word_1_361' title='bbox 2570 1833 2833 1889; x_wconf 88' lang='lat' dir='ltr'><strong>mandati</strong></span> <span class='ocrx_word' id='word_1_362' title='bbox 2865 1832 3289 1888; x_wconf 84' lang='lat' dir='ltr'><strong>retributurum</strong></span> <span class='ocrx_word' id='word_1_363' title='bbox 3319 1844 3449 1885; x_wconf 89' lang='lat' dir='ltr'><strong>esse</strong></span> <span class='ocrx_word' id='word_1_364' title='bbox 3478 1826 3824 1883; x_wconf 88' lang='lat' dir='ltr'><strong>mercedem.</strong></span> 
     </span>
    </p>
   </div>
   <div class='ocr_carea' id='block_1_48' title="bbox 2289 1914 3856 1978">
    <p class='ocr_par' dir='ltr' id='par_1_48' title="bbox 2289 1914 3856 1978">
     <span class='ocr_line' id='line_1_48' title="bbox 2289 1914 3856 1978; baseline -0.008 0"><span class='ocrx_word' id='word_1_365' title='bbox 2289 1945 2316 1972; x_wconf 88' lang='grc'><strong>‹‹</strong></span> <span class='ocrx_word' id='word_1_366' title='bbox 2347 1922 2546 1978; x_wconf 85' lang='lat' dir='ltr'><strong>Gratia</strong></span> <span class='ocrx_word' id='word_1_367' title='bbox 2592 1920 2821 1977; x_wconf 89' lang='lat' dir='ltr'><strong>Domini</strong></span> <span class='ocrx_word' id='word_1_368' title='bbox 2872 1921 3057 1976; x_wconf 80' lang='lat' dir='ltr'><strong>nostri</strong></span> <span class='ocrx_word' id='word_1_369' title='bbox 3101 1936 3235 1976; x_wconf 92' lang='lat' dir='ltr'><strong>cum</strong></span> <span class='ocrx_word' id='word_1_370' title='bbox 3284 1917 3561 1974; x_wconf 89' lang='lat' dir='ltr'><strong>omnibus</strong></span> <span class='ocrx_word' id='word_1_371' title='bbox 3603 1914 3789 1970; x_wconf 89' lang='lat' dir='ltr'><strong>vobis.</strong></span> <span class='ocrx_word' id='word_1_372' title='bbox 3833 1937 3856 1966; x_wconf 76' lang='grc' dir='ltr'><strong>ι</strong></span> 
     </span>
    </p>
   </div>
   <div class='ocr_carea' id='block_1_49' title="bbox 2217 2002 3861 2083">
    <p class='ocr_par' dir='ltr' id='par_1_49' title="bbox 2217 2002 3861 2083">
     <span class='ocr_line' id='line_1_49' title="bbox 2217 2002 3861 2083; baseline -0.006 -16"><span class='ocrx_word' id='word_1_373' title='bbox 2217 2011 2531 2068; x_wconf 89' lang='lat' dir='ltr'><strong>Sciendum</strong></span> <span class='ocrx_word' id='word_1_374' title='bbox 2566 2011 2722 2083; x_wconf 89' lang='lat' dir='ltr'><strong>quod</strong></span> <span class='ocrx_word' id='word_1_375' title='bbox 2775 2009 2833 2065; x_wconf 91' lang='lat' dir='ltr'><strong>in</strong></span> <span class='ocrx_word' id='word_1_376' title='bbox 2886 2008 3099 2066; x_wconf 64' lang='lat' dir='ltr'><strong>Graecis</strong></span> <span class='ocrx_word' id='word_1_377' title='bbox 3137 2007 3437 2065; x_wconf 90' lang='lat' dir='ltr'><strong>codicibus</strong></span> <span class='ocrx_word' id='word_1_378' title='bbox 3467 2005 3549 2061; x_wconf 89' lang='lat' dir='ltr'><strong>ita</strong></span> <span class='ocrx_word' id='word_1_379' title='bbox 3578 2002 3861 2076; x_wconf 88' lang='lat' dir='ltr'><strong>scriptum</strong></span> 
     </span>
    </p>
   </div>
   <div class='ocr_carea' id='block_1_50' title="bbox 2217 2093 3861 2158">
    <p class='ocr_par' dir='ltr' id='par_1_50' title="bbox 2217 2093 3861 2158">
     <span class='ocr_line' id='line_1_50' title="bbox 2217 2093 3861 2158; baseline -0.006 -1"><span class='ocrx_word' id='word_1_380' title='bbox 2217 2105 2307 2157; x_wconf 90' lang='lat' dir='ltr'><strong>est</strong></span> <span class='ocrx_word' id='word_1_381' title='bbox 2357 2118 2369 2156; x_wconf 79' lang='grc' dir='ltr'>ε</span> <span class='ocrx_word' id='word_1_382' title='bbox 2425 2102 2628 2157; x_wconf 87' lang='lat' dir='ltr'><strong>Gratia</strong></span> <span class='ocrx_word' id='word_1_383' title='bbox 2674 2117 2799 2155; x_wconf 87' lang='lat' dir='ltr'><strong>cum</strong></span> <span class='ocrx_word' id='word_1_384' title='bbox 2844 2099 3093 2156; x_wconf 67' lang='lat' dir='ltr'><strong>omnibus</strong></span> <span class='ocrx_word' id='word_1_385' title='bbox 3144 2098 3296 2155; x_wconf 77' lang='lat' dir='ltr'><strong>vobis</strong></span> <span class='ocrx_word' id='word_1_386' title='bbox 3325 2115 3344 2152; x_wconf 92' lang='lat'><strong><em>:</em></strong></span> <span class='ocrx_word' id='word_1_387' title='bbox 3376 2100 3575 2151; x_wconf 89' lang='lat' dir='ltr'><strong>utnec</strong></span> <span class='ocrx_word' id='word_1_388' title='bbox 3614 2093 3861 2158; x_wconf 85' lang='lat' dir='ltr'><strong>Domini,</strong></span> 
     </span>
    </p>
   </div>
   <div class='ocr_carea' id='block_1_51' title="bbox 2217 2183 3862 2258">
    <p class='ocr_par' dir='ltr' id='par_1_51' title="bbox 2217 2183 3862 2258">
     <span class='ocr_line' id='line_1_51' title="bbox 2217 2183 3862 2258; baseline -0.005 -13"><span class='ocrx_word' id='word_1_389' title='bbox 2217 2205 2325 2245; x_wconf 86' lang='lat' dir='ltr'><strong>nec</strong></span> <span class='ocrx_word' id='word_1_390' title='bbox 2369 2189 2564 2258; x_wconf 77' lang='lat' dir='ltr'><strong>nostri,</strong></span> <span class='ocrx_word' id='word_1_391' title='bbox 2612 2190 2670 2245; x_wconf 93' lang='lat' dir='ltr'><strong>in</strong></span> <span class='ocrx_word' id='word_1_392' title='bbox 2718 2189 2886 2245; x_wconf 91' lang='lat' dir='ltr'><strong>libris</strong></span> <span class='ocrx_word' id='word_1_393' title='bbox 2940 2189 3160 2245; x_wconf 88' lang='lat' dir='ltr'><strong>feratur</strong></span> <span class='ocrx_word' id='word_1_394' title='bbox 3205 2183 3579 2243; x_wconf 89' lang='lat' dir='ltr'><strong>authenticis.</strong></span> <span class='ocrx_word' id='word_1_395' title='bbox 3614 2183 3674 2238; x_wconf 90' lang='lat' dir='ltr'><strong>In</strong></span> <span class='ocrx_word' id='word_1_396' title='bbox 3706 2198 3862 2238; x_wconf 87' lang='lat' dir='ltr'><strong>com-</strong></span> 
     </span>
    </p>
   </div>
   <div class='ocr_carea' id='block_1_52' title="bbox 2220 2272 3866 2350">
    <p class='ocr_par' dir='ltr' id='par_1_52' title="bbox 2220 2272 3866 2350">
     <span class='ocr_line' id='line_1_52' title="bbox 2220 2272 3866 2350; baseline -0.007 -15"><span class='ocrx_word' id='word_1_397' title='bbox 2220 2295 2399 2335; x_wconf 90' lang='lat' dir='ltr'><strong>mune</strong></span> <span class='ocrx_word' id='word_1_398' title='bbox 2445 2278 2645 2350; x_wconf 88' lang='lat' dir='ltr'><strong>itaque</strong></span> <span class='ocrx_word' id='word_1_399' title='bbox 2690 2277 2912 2334; x_wconf 87' lang='lat' dir='ltr'><strong>sanctis</strong></span> <span class='ocrx_word' id='word_1_400' title='bbox 2959 2281 3135 2348; x_wconf 87' lang='lat' dir='ltr'><strong>atque</strong></span> <span class='ocrx_word' id='word_1_401' title='bbox 3176 2273 3570 2340; x_wconf 86' lang='lat' dir='ltr'><strong>credentibus,</strong></span> <span class='ocrx_word' id='word_1_402' title='bbox 3619 2272 3748 2326; x_wconf 87' lang='lat' dir='ltr'><strong>Tito</strong></span> <span class='ocrx_word' id='word_1_403' title='bbox 3808 2273 3866 2325; x_wconf 88' lang='lat' dir='ltr'><strong>et</strong></span> 
     </span>
    </p>
   </div>
   <div class='ocr_carea' id='block_1_53' title="bbox 2220 2360 3862 2440">
    <p class='ocr_par' dir='ltr' id='par_1_53' title="bbox 2220 2360 3862 2440">
     <span class='ocr_line' id='line_1_53' title="bbox 2220 2360 3862 2440; baseline -0.005 -16"><span class='ocrx_word' id='word_1_404' title='bbox 2220 2367 2447 2424; x_wconf 66' lang='lat' dir='ltr'><strong>caeteris</strong></span> <span class='ocrx_word' id='word_1_405' title='bbox 2493 2368 2591 2440; x_wconf 90' lang='lat' dir='ltr'><strong>qui</strong></span> <span class='ocrx_word' id='word_1_406' title='bbox 2641 2384 2774 2422; x_wconf 91' lang='lat' dir='ltr'><strong>cum</strong></span> <span class='ocrx_word' id='word_1_407' title='bbox 2833 2382 2900 2422; x_wconf 91' lang='lat' dir='ltr'><strong>eo</strong></span> <span class='ocrx_word' id='word_1_408' title='bbox 2947 2368 3134 2437; x_wconf 89' lang='lat' dir='ltr'><strong>erant,</strong></span> <span class='ocrx_word' id='word_1_409' title='bbox 3191 2363 3553 2437; x_wconf 89' lang='lat' dir='ltr'><strong>imprecatur</strong></span> <span class='ocrx_word' id='word_1_410' title='bbox 3592 2360 3862 2434; x_wconf 87' lang='lat' dir='ltr'><strong>gratiam.</strong></span> 
     </span>
    </p>
   </div>
   <div class='ocr_carea' id='block_1_54' title="bbox 2219 2449 3863 2529">
    <p class='ocr_par' dir='ltr' id='par_1_54' title="bbox 2219 2449 3863 2529">
     <span class='ocr_line' id='line_1_54' title="bbox 2219 2449 3863 2529; baseline -0.005 -17"><span class='ocrx_word' id='word_1_411' title='bbox 2219 2457 2287 2512; x_wconf 89' lang='lat' dir='ltr'><strong>Et</strong></span> <span class='ocrx_word' id='word_1_412' title='bbox 2306 2458 2601 2529; x_wconf 89' lang='lat' dir='ltr'><strong>quomodo</strong></span> <span class='ocrx_word' id='word_1_413' title='bbox 2630 2460 2791 2512; x_wconf 85' lang='lat' dir='ltr'><strong>Isaac</strong></span> <span class='ocrx_word' id='word_1_414' title='bbox 2812 2453 3145 2527; x_wconf 88' lang='lat' dir='ltr'><strong>patriarcha</strong></span> <span class='ocrx_word' id='word_1_415' title='bbox 3167 2450 3458 2509; x_wconf 85' lang='lat' dir='ltr'><strong>benedixit</strong></span> <span class='ocrx_word' id='word_1_416' title='bbox 3477 2449 3662 2505; x_wconf 82' lang='lat' dir='ltr'><strong>tilium</strong></span> <span class='ocrx_word' id='word_1_417' title='bbox 3689 2464 3863 2504; x_wconf 89' lang='lat' dir='ltr'><strong>suum</strong></span> 
     </span>
    </p>
   </div>
   <div class='ocr_carea' id='block_1_55' title="bbox 2215 2538 3863 2618">
    <p class='ocr_par' dir='ltr' id='par_1_55' title="bbox 2215 2538 3863 2618">
     <span class='ocr_line' id='line_1_55' title="bbox 2215 2538 3863 2618; baseline -0.006 -16"><span class='ocrx_word' id='word_1_418' title='bbox 2215 2546 2399 2602; x_wconf 88' lang='lat' dir='ltr'><strong>Jacob</strong></span> <span class='ocrx_word' id='word_1_419' title='bbox 2431 2546 2584 2618; x_wconf 88' lang='lat' dir='ltr'><strong>(Gen.</strong></span> <span class='ocrx_word' id='word_1_420' title='bbox 2618 2562 2793 2612; x_wconf 83' lang='lat' dir='ltr'><strong>xxvu,</strong></span> <span class='ocrx_word' id='word_1_421' title='bbox 2828 2546 2940 2613; x_wconf 87' lang='lat'><strong>39),</strong></span> <span class='ocrx_word' id='word_1_422' title='bbox 2988 2548 3047 2599; x_wconf 91' lang='lat' dir='ltr'><strong>et</strong></span> <span class='ocrx_word' id='word_1_423' title='bbox 3091 2542 3220 2615; x_wconf 89' lang='lat' dir='ltr'><strong>ipse</strong></span> <span class='ocrx_word' id='word_1_424' title='bbox 3264 2538 3572 2598; x_wconf 90' lang='lat' dir='ltr'><strong>duodecim</strong></span> <span class='ocrx_word' id='word_1_425' title='bbox 3616 2538 3863 2611; x_wconf 90' lang='lat' dir='ltr'><strong>patriar-</strong></span> 
     </span>
    </p>
   </div>
   <div class='ocr_carea' id='block_1_56' title="bbox 2218 2627 3864 2707">
    <p class='ocr_par' dir='ltr' id='par_1_56' title="bbox 2218 2627 3864 2707">
     <span class='ocr_line' id='line_1_56' title="bbox 2218 2627 3864 2707; baseline -0.005 -16"><span class='ocrx_word' id='word_1_426' title='bbox 2218 2634 2360 2690; x_wconf 87' lang='lat' dir='ltr'><strong>chas</strong></span> <span class='ocrx_word' id='word_1_427' title='bbox 2392 2634 2545 2707; x_wconf 85' lang='lat' dir='ltr'><strong>(Gen.</strong></span> <span class='ocrx_word' id='word_1_428' title='bbox 2579 2652 2728 2700; x_wconf 63' lang='grc' dir='ltr'>χιιι,</span> <span class='ocrx_word' id='word_1_429' title='bbox 2764 2633 2816 2704; x_wconf 90' lang='grc'><strong>1)</strong></span> <span class='ocrx_word' id='word_1_430' title='bbox 2850 2651 2863 2689; x_wconf 90' lang='lat'><strong>:</strong></span> <span class='ocrx_word' id='word_1_431' title='bbox 2897 2631 3159 2705; x_wconf 89' lang='lat' dir='ltr'><strong>Apostoli</strong></span> <span class='ocrx_word' id='word_1_432' title='bbox 3192 2647 3423 2703; x_wconf 89' lang='lat' dir='ltr'><strong>quoque</strong></span> <span class='ocrx_word' id='word_1_433' title='bbox 3468 2627 3864 2701; x_wconf 85' lang='lat' dir='ltr'><strong>ingredientes</strong></span> 
     </span>
    </p>
   </div>
   <div class='ocr_carea' id='block_1_57' title="bbox 2217 2716 3860 2787">
    <p class='ocr_par' dir='ltr' id='par_1_57' title="bbox 2217 2716 3860 2787">
     <span class='ocr_line' id='line_1_57' title="bbox 2217 2716 3860 2787; baseline -0.007 -7"><span class='ocrx_word' id='word_1_434' title='bbox 2217 2725 2459 2780; x_wconf 91' lang='lat' dir='ltr'><strong>domum</strong></span> <span class='ocrx_word' id='word_1_435' title='bbox 2491 2723 2766 2779; x_wconf 89' lang='lat' dir='ltr'><strong>dicebant</strong></span> <span class='ocrx_word' id='word_1_436' title='bbox 2797 2738 2810 2777; x_wconf 92' lang='lat'><strong>:</strong></span> <span class='ocrx_word' id='word_1_437' title='bbox 2841 2727 2965 2778; x_wconf 74' lang='lat' dir='ltr'><strong>Pax</strong></span> <span class='ocrx_word' id='word_1_438' title='bbox 2993 2722 3122 2777; x_wconf 84' lang='lat' dir='ltr'><strong>huic</strong></span> <span class='ocrx_word' id='word_1_439' title='bbox 3149 2719 3338 2776; x_wconf 86' lang='lat' dir='ltr'><strong>domui</strong></span> <span class='ocrx_word' id='word_1_440' title='bbox 3381 2718 3591 2786; x_wconf 65' lang='lat' dir='ltr'><strong>(Matth.</strong></span> <span class='ocrx_word' id='word_1_441' title='bbox 3642 2733 3697 2780; x_wconf 86' lang='lat' dir='ltr'><strong>x,</strong></span> <span class='ocrx_word' id='word_1_442' title='bbox 3754 2716 3860 2787; x_wconf 87' lang='lat' dir='ltr'><strong>l2).</strong></span> 
     </span>
    </p>
   </div>
   <div class='ocr_carea' id='block_1_58' title="bbox 2218 2808 3862 2886">
    <p class='ocr_par' dir='ltr' id='par_1_58' title="bbox 2218 2808 3862 2886">
     <span class='ocr_line' id='line_1_58' title="bbox 2218 2808 3862 2886; baseline -0.005 -17"><span class='ocrx_word' id='word_1_443' title='bbox 2218 2818 2286 2869; x_wconf 87' lang='lat' dir='ltr'><strong>Et</strong></span> <span class='ocrx_word' id='word_1_444' title='bbox 2315 2814 2363 2869; x_wconf 88' lang='lat' dir='ltr'><strong>si</strong></span> <span class='ocrx_word' id='word_1_445' title='bbox 2394 2812 2573 2886; x_wconf 89' lang='lat' dir='ltr'><strong>digna</strong></span> <span class='ocrx_word' id='word_1_446' title='bbox 2603 2816 2728 2868; x_wconf 88' lang='lat' dir='ltr'><strong>erat</strong></span> <span class='ocrx_word' id='word_1_447' title='bbox 2777 2812 3009 2879; x_wconf 89' lang='lat' dir='ltr'><strong>domus,</strong></span> <span class='ocrx_word' id='word_1_448' title='bbox 3060 2808 3462 2882; x_wconf 89' lang='lat' dir='ltr'><strong>requiescebat</strong></span> <span class='ocrx_word' id='word_1_449' title='bbox 3507 2823 3618 2880; x_wconf 87' lang='lat' dir='ltr'><strong>pax</strong></span> <span class='ocrx_word' id='word_1_450' title='bbox 3661 2821 3862 2862; x_wconf 91' lang='lat' dir='ltr'><strong>eorum</strong></span> 
     </span>
    </p>
   </div>
   <div class='ocr_carea' id='block_1_59' title="bbox 2217 2896 3860 2975">
    <p class='ocr_par' dir='ltr' id='par_1_59' title="bbox 2217 2896 3860 2975">
     <span class='ocr_line' id='line_1_59' title="bbox 2217 2896 3860 2975; baseline -0.005 -17"><span class='ocrx_word' id='word_1_451' title='bbox 2217 2918 2395 2975; x_wconf 88' lang='lat' dir='ltr'><strong>super</strong></span> <span class='ocrx_word' id='word_1_452' title='bbox 2423 2918 2551 2958; x_wconf 90' lang='lat' dir='ltr'><strong>eam</strong></span> <span class='ocrx_word' id='word_1_453' title='bbox 2587 2920 2600 2957; x_wconf 90' lang='lat'>:</span> <span class='ocrx_word' id='word_1_454' title='bbox 2635 2902 2683 2957; x_wconf 89' lang='lat' dir='ltr'><strong>si</strong></span> <span class='ocrx_word' id='word_1_455' title='bbox 2714 2917 2848 2957; x_wconf 89' lang='lat' dir='ltr'><strong>vero</strong></span> <span class='ocrx_word' id='word_1_456' title='bbox 2877 2898 3189 2956; x_wconf 87' lang='lat' dir='ltr'><strong>exhibebat</strong></span> <span class='ocrx_word' id='word_1_457' title='bbox 3217 2914 3280 2954; x_wconf 91' lang='lat' dir='ltr'><strong>se</strong></span> <span class='ocrx_word' id='word_1_458' title='bbox 3310 2896 3635 2969; x_wconf 87' lang='lat' dir='ltr'><strong>indignam,</strong></span> <span class='ocrx_word' id='word_1_459' title='bbox 3668 2910 3860 2951; x_wconf 89' lang='lat' dir='ltr'><strong>rever-</strong></span> 
     </span>
    </p>
   </div>
   <div class='ocr_carea' id='block_1_60' title="bbox 2217 2983 3858 3062">
    <p class='ocr_par' dir='ltr' id='par_1_60' title="bbox 2217 2983 3858 3062">
     <span class='ocr_line' id='line_1_60' title="bbox 2217 2983 3858 3062; baseline -0.006 -15"><span class='ocrx_word' id='word_1_460' title='bbox 2217 2991 2451 3047; x_wconf 86' lang='lat' dir='ltr'><strong>tebatur</strong></span> <span class='ocrx_word' id='word_1_461' title='bbox 2479 2991 2551 3049; x_wconf 92' lang='lat' dir='ltr'><strong>ad</strong></span> <span class='ocrx_word' id='word_1_462' title='bbox 2582 3006 2681 3046; x_wconf 91' lang='lat' dir='ltr'><strong>eos</strong></span> <span class='ocrx_word' id='word_1_463' title='bbox 2735 2989 2834 3062; x_wconf 89' lang='lat' dir='ltr'><strong>qui</strong></span> <span class='ocrx_word' id='word_1_464' title='bbox 2885 3005 3013 3045; x_wconf 88' lang='lat' dir='ltr'><strong>eam</strong></span> <span class='ocrx_word' id='word_1_465' title='bbox 3066 2989 3296 3043; x_wconf 86' lang='lat' dir='ltr'><strong>fuerant</strong></span> <span class='ocrx_word' id='word_1_466' title='bbox 3340 2984 3665 3058; x_wconf 88' lang='lat' dir='ltr'><strong>imprecati.</strong></span> <span class='ocrx_word' id='word_1_467' title='bbox 3698 2983 3858 3056; x_wconf 85' lang='lat' dir='ltr'><strong>(Ibid.</strong></span> 
     </span>
    </p>
   </div>
   <div class='ocr_carea' id='block_1_61' title="bbox 2220 3070 3861 3150">
    <p class='ocr_par' dir='ltr' id='par_1_61' title="bbox 2220 3070 3861 3150">
     <span class='ocr_line' id='line_1_61' title="bbox 2220 3070 3861 3150; baseline -0.005 -14"><span class='ocrx_word' id='word_1_468' title='bbox 2220 3080 2329 3150; x_wconf 89' lang='grc'><strong>13).</strong></span> <span class='ocrx_word' id='word_1_469' title='bbox 2366 3080 2449 3136; x_wconf 88' lang='lat' dir='ltr'><strong>Ita</strong></span> <span class='ocrx_word' id='word_1_470' title='bbox 2480 3083 2538 3136; x_wconf 91' lang='lat' dir='ltr'><strong>et</strong></span> <span class='ocrx_word' id='word_1_471' title='bbox 2577 3094 2735 3135; x_wconf 90' lang='lat' dir='ltr'><strong>nunc</strong></span> <span class='ocrx_word' id='word_1_472' title='bbox 2782 3078 2842 3133; x_wconf 91' lang='lat' dir='ltr'><strong>in</strong></span> <span class='ocrx_word' id='word_1_473' title='bbox 2890 3078 3005 3133; x_wconf 82' lang='lat' dir='ltr'><strong>line</strong></span> <span class='ocrx_word' id='word_1_474' title='bbox 3058 3074 3317 3149; x_wconf 78' lang='lat' dir='ltr'><strong>epistolas</strong></span> <span class='ocrx_word' id='word_1_475' title='bbox 3375 3091 3495 3129; x_wconf 74' lang='lat' dir='ltr'><strong>suae</strong></span> <span class='ocrx_word' id='word_1_476' title='bbox 3548 3070 3861 3146; x_wconf 87' lang='lat' dir='ltr'><strong>Apostolus</strong></span> 
     </span>
    </p>
   </div>
   <div class='ocr_carea' id='block_1_62' title="bbox 2217 3163 3863 3243">
    <p class='ocr_par' dir='ltr' id='par_1_62' title="bbox 2217 3163 3863 3243">
     <span class='ocr_line' id='line_1_62' title="bbox 2217 3163 3863 3243; baseline -0.007 -18"><span class='ocrx_word' id='word_1_477' title='bbox 2217 3168 2463 3243; x_wconf 85' lang='lat' dir='ltr'><strong>gratiam</strong></span> <span class='ocrx_word' id='word_1_478' title='bbox 2497 3167 2870 3224; x_wconf 88' lang='lat' dir='ltr'><strong>credentibus</strong></span> <span class='ocrx_word' id='word_1_479' title='bbox 2898 3165 3258 3238; x_wconf 88' lang='lat' dir='ltr'><strong>imprecatur</strong></span> <span class='ocrx_word' id='word_1_480' title='bbox 3315 3178 3329 3217; x_wconf 89' lang='lat'><strong>:</strong></span> <span class='ocrx_word' id='word_1_481' title='bbox 3381 3179 3506 3235; x_wconf 71' lang='lat' dir='ltr'><strong>qua:</strong></span> <span class='ocrx_word' id='word_1_482' title='bbox 3557 3177 3692 3217; x_wconf 88' lang='lat' dir='ltr'><strong>cum</strong></span> <span class='ocrx_word' id='word_1_483' title='bbox 3730 3163 3863 3215; x_wconf 87' lang='lat' dir='ltr'><strong>voto</strong></span> 
     </span>
    </p>
   </div>
   <div class='ocr_carea' id='block_1_63' title="bbox 2216 3248 3863 3326">
    <p class='ocr_par' dir='ltr' id='par_1_63' title="bbox 2216 3248 3863 3326">
     <span class='ocr_line' id='line_1_63' title="bbox 2216 3248 3863 3326; baseline -0.006 -12"><span class='ocrx_word' id='word_1_484' title='bbox 2216 3258 2469 3314; x_wconf 87' lang='lat' dir='ltr'><strong>habebat</strong></span> <span class='ocrx_word' id='word_1_485' title='bbox 2498 3257 2793 3322; x_wconf 79' lang='lat' dir='ltr'><strong>effectum,</strong></span> <span class='ocrx_word' id='word_1_486' title='bbox 2815 3260 2873 3313; x_wconf 92' lang='lat' dir='ltr'><strong>et</strong></span> <span class='ocrx_word' id='word_1_487' title='bbox 2899 3259 3026 3313; x_wconf 88' lang='lat' dir='ltr'><strong>erat</strong></span> <span class='ocrx_word' id='word_1_488' title='bbox 3053 3254 3111 3310; x_wconf 92' lang='lat' dir='ltr'><strong>in</strong></span> <span class='ocrx_word' id='word_1_489' title='bbox 3143 3256 3431 3326; x_wconf 87' lang='lat' dir='ltr'><strong>potestate</strong></span> <span class='ocrx_word' id='word_1_490' title='bbox 3477 3248 3863 3320; x_wconf 86' lang='lat' dir='ltr'><strong>credentium,</strong></span> 
     </span>
    </p>
   </div>
   <div class='ocr_carea' id='block_1_64' title="bbox 2218 3338 3866 3416">
    <p class='ocr_par' dir='ltr' id='par_1_64' title="bbox 2218 3338 3866 3416">
     <span class='ocr_line' id='line_1_64' title="bbox 2218 3338 3866 3416; baseline -0.007 -12"><span class='ocrx_word' id='word_1_491' title='bbox 2218 3348 2267 3405; x_wconf 91' lang='lat' dir='ltr'><strong>si</strong></span> <span class='ocrx_word' id='word_1_492' title='bbox 2297 3346 2475 3403; x_wconf 90' lang='lat' dir='ltr'><strong>talem</strong></span> <span class='ocrx_word' id='word_1_493' title='bbox 2507 3364 2571 3403; x_wconf 90' lang='lat' dir='ltr'><strong>se</strong></span> <span class='ocrx_word' id='word_1_494' title='bbox 2599 3346 2967 3413; x_wconf 88' lang='lat' dir='ltr'><strong>benedictus,</strong></span> <span class='ocrx_word' id='word_1_495' title='bbox 3000 3342 3235 3416; x_wconf 87' lang='lat' dir='ltr'><strong>qualem</strong></span> <span class='ocrx_word' id='word_1_496' title='bbox 3267 3340 3618 3398; x_wconf 89' lang='lat' dir='ltr'><strong>benedicens</strong></span> <span class='ocrx_word' id='word_1_497' title='bbox 3647 3338 3866 3411; x_wconf 81' lang='lat' dir='ltr'><strong>praebe-</strong></span> 
     </span>
    </p>
   </div>
   <div class='ocr_carea' id='block_1_65' title="bbox 467 3426 2619 3508">
    <p class='ocr_par' dir='ltr' id='par_1_65' title="bbox 467 3426 2619 3508">
     <span class='ocr_line' id='line_1_65' title="bbox 467 3426 2619 3508; baseline 0.004 -24"><span class='ocrx_word' id='word_1_498' title='bbox 467 3426 569 3500; x_wconf 89' lang='lat' dir='ltr'><strong>qui</strong></span> <span class='ocrx_word' id='word_1_499' title='bbox 599 3435 778 3498; x_wconf 87' lang='lat' dir='ltr'><strong>amat,</strong></span> <span class='ocrx_word' id='word_1_500' title='bbox 810 3434 1034 3488; x_wconf 89' lang='lat' dir='ltr'><strong>amaret</strong></span> <span class='ocrx_word' id='word_1_501' title='bbox 1070 3431 1130 3487; x_wconf 91' lang='lat' dir='ltr'><strong>in</strong></span> <span class='ocrx_word' id='word_1_502' title='bbox 1170 3431 1304 3499; x_wconf 79' lang='lat' dir='ltr'><strong>ﬁde,</strong></span> <span class='ocrx_word' id='word_1_503' title='bbox 1353 3438 1412 3491; x_wconf 90' lang='lat' dir='ltr'><strong>et</strong></span> <span class='ocrx_word' id='word_1_504' title='bbox 1458 3451 1573 3490; x_wconf 91' lang='lat' dir='ltr'><strong>non</strong></span> <span class='ocrx_word' id='word_1_505' title='bbox 1622 3439 1819 3492; x_wconf 86' lang='lat' dir='ltr'><strong>essent</strong></span> <span class='ocrx_word' id='word_1_506' title='bbox 1865 3434 1964 3490; x_wconf 91' lang='lat' dir='ltr'><strong>alii</strong></span> <span class='ocrx_word' id='word_1_507' title='bbox 2013 3434 2114 3508; x_wconf 90' lang='lat' dir='ltr'><strong>qui</strong></span> <span class='ocrx_word' id='word_1_508' title='bbox 2148 3438 2192 3506; x_wconf 83' lang='lat' dir='ltr'><strong>C</strong></span> <span class='ocrx_word' id='word_1_509' title='bbox 2229 3452 2291 3493; x_wconf 88' lang='lat' dir='ltr'><strong>re</strong></span> <span class='ocrx_word' id='word_1_510' title='bbox 2315 3436 2619 3493; x_wconf 89' lang='lat' dir='ltr'><strong>voluisset.</strong></span> 
     </span>
    </p>
   </div>
   <div class='ocr_carea' id='block_1_66' title="bbox 548 3572 2116 3648">
    <p class='ocr_par' dir='ltr' id='par_1_66' title="bbox 548 3572 2116 3648">
     <span class='ocr_line' id='line_1_66' title="bbox 548 3572 2116 3648; baseline 0.005 -21"><span class='ocrx_word' id='word_1_511' title='bbox 548 3575 564 3609; x_wconf 80' lang='grc' dir='ltr'>ί</span> <span class='ocrx_word' id='word_1_512' title='bbox 598 3572 808 3648; x_wconf 79' lang='lat' dir='ltr'><strong>Victor</strong></span> <span class='ocrx_word' id='word_1_513' title='bbox 827 3573 992 3648; x_wconf 85' lang='lat' dir='ltr'><strong>addit</strong></span> <span class='ocrx_word' id='word_1_514' title='bbox 1017 3592 1050 3648; x_wconf 16' lang='grc' dir='ltr'><strong>δέ</strong></span> <span class='ocrx_word' id='word_1_515' title='bbox 1068 3575 1187 3648; x_wconf 79' lang='lat' dir='ltr'><strong>Stat</strong></span> <span class='ocrx_word' id='word_1_516' title='bbox 1213 3575 1274 3631; x_wconf 84' lang='lat' dir='ltr'><strong>in</strong></span> <span class='ocrx_word' id='word_1_517' title='bbox 1301 3575 1430 3648; x_wconf 68' lang='lat' dir='ltr'><strong>ﬁde,</strong></span> <span class='ocrx_word' id='word_1_518' title='bbox 1479 3581 1551 3648; x_wconf 89' lang='lat' dir='ltr'><strong>et,</strong></span> <span class='ocrx_word' id='word_1_519' title='bbox 1591 3581 1717 3632; x_wconf 92' lang='lat' dir='ltr'><strong>tum</strong></span> <span class='ocrx_word' id='word_1_520' title='bbox 1749 3578 1819 3633; x_wconf 89' lang='lat' dir='ltr'><strong>ad</strong></span> <span class='ocrx_word' id='word_1_521' title='bbox 1852 3595 2116 3645; x_wconf 89' lang='lat' dir='ltr'><strong>sensum,</strong></span> 
     </span>
    </p>
   </div>
   <div class='ocr_carea' id='block_1_67' title="bbox 476 3645 2120 3778">
    <p class='ocr_par' dir='ltr' id='par_1_67' title="bbox 476 3645 2120 3778">
     <span class='ocr_line' id='line_1_67' title="bbox 476 3645 2118 3720; baseline 0.004 -21"><span class='ocrx_word' id='word_1_522' title='bbox 476 3648 543 3699; x_wconf 89' lang='lat' dir='ltr'><strong>ut</strong></span> <span class='ocrx_word' id='word_1_523' title='bbox 572 3645 812 3709; x_wconf 91' lang='lat' dir='ltr'><strong>sentit,i</strong></span> <span class='ocrx_word' id='word_1_524' title='bbox 858 3646 982 3701; x_wconf 89' lang='lat' dir='ltr'><strong>sius</strong></span> <span class='ocrx_word' id='word_1_525' title='bbox 1015 3646 1366 3719; x_wconf 82' lang='lat' dir='ltr'><strong>Hieronymi,</strong></span> <span class='ocrx_word' id='word_1_526' title='bbox 1440 3645 1779 3720; x_wconf 87' lang='lat' dir='ltr'><strong>uiloquitur</strong></span> <span class='ocrx_word' id='word_1_527' title='bbox 1808 3651 1879 3706; x_wconf 92' lang='lat' dir='ltr'><strong>de</strong></span> <span class='ocrx_word' id='word_1_528' title='bbox 1928 3650 2118 3707; x_wconf 88' lang='lat' dir='ltr'><strong>chari-</strong></span> 
     </span>
     <span class='ocr_line' id='line_1_68' title="bbox 476 3662 2120 3778; baseline 0.004 -7"><span class='ocrx_word' id='word_1_529' title='bbox 476 3718 617 3778; x_wconf 86' lang='lat' dir='ltr'><strong>tate,</strong></span> <span class='ocrx_word' id='word_1_530' title='bbox 649 3721 707 3771; x_wconf 90' lang='lat' dir='ltr'><strong>et</strong></span> <span class='ocrx_word' id='word_1_531' title='bbox 755 3662 853 3773; x_wconf 78' lang='lat' dir='ltr'><strong>adp</strong></span> <span class='ocrx_word' id='word_1_532' title='bbox 884 3716 1056 3773; x_wconf 78' lang='lat' dir='ltr'><strong>fidem</strong></span> <span class='ocrx_word' id='word_1_533' title='bbox 1106 3717 1332 3778; x_wconf 68' lang='lat' dir='ltr'><strong>Vulgat.</strong></span> <span class='ocrx_word' id='word_1_534' title='bbox 1365 3664 1503 3776; x_wconf 58' lang='lat' dir='ltr'><strong>egit.</strong></span> <span class='ocrx_word' id='word_1_535' title='bbox 1548 3736 1684 3777; x_wconf 91' lang='lat' dir='ltr'><strong>cum</strong></span> <span class='ocrx_word' id='word_1_536' title='bbox 1724 3721 1954 3778; x_wconf 61' lang='lat' dir='ltr'><strong>Graecas.</strong></span> <span class='ocrx_word' id='word_1_537' title='bbox 1993 3727 2120 3778; x_wconf 88' lang='lat' dir='ltr'><strong>tum</strong></span> 
     </span>
    </p>
   </div>
   <div class='ocr_carea' id='block_1_68' title="bbox 1490 3760 1954 3790">
    <p class='ocr_par' dir='ltr' id='par_1_68' title="bbox 1490 3760 1954 3790">
     <span class='ocr_line' id='line_1_69' title="bbox 1490 3760 1954 3790; baseline 0.002 -14"><span class='ocrx_word' id='word_1_538' title='bbox 1490 3760 1503 3776; x_wconf 77' lang='grc' dir='ltr'><strong>Ι</strong></span> <span class='ocrx_word' id='word_1_539' title='bbox 1548 3760 1684 3777; x_wconf 65' lang='lat' dir='ltr'><strong>vum</strong></span> <span class='ocrx_word' id='word_1_540' title='bbox 1725 3760 1954 3790; x_wconf 73' lang='grc' dir='ltr'>υιυυυω,</span> 
     </span>
    </p>
   </div>
   <div class='ocr_carea' id='block_1_69' title="bbox 473 3685 1395 3788">
    <p class='ocr_par' dir='ltr' id='par_1_69' title="bbox 473 3685 1395 3788">
     <span class='ocr_line' id='line_1_70' title="bbox 473 3685 1395 3788; baseline 0.004 -17"><span class='ocrx_word' id='word_1_541' title='bbox 473 3685 1395 3788; x_wconf 60' lang='grc' dir='ltr'><strong>ἴεῖιέῖέἱ”ἒιὲἷ”ἱι“ἆέιὶἶ’ἳνῖιῖέἑῖῘᾏ</strong></span> 
     </span>
    </p>
   </div>
   <div class='ocr_carea' id='block_1_70' title="bbox 2226 3571 3875 3656">
    <p class='ocr_par' dir='ltr' id='par_1_70' title="bbox 2226 3571 3875 3656">
     <span class='ocr_line' id='line_1_71' title="bbox 2226 3571 3875 3656; baseline -0.006 -21"><span class='ocrx_word' id='word_1_542' title='bbox 2226 3579 2463 3656; x_wconf 66' lang='lat' dir='ltr'><strong>Latinae,</strong></span> <span class='ocrx_word' id='word_1_543' title='bbox 2494 3578 2784 3656; x_wconf 76' lang='lat' dir='ltr'><strong>rescribit,</strong></span> <span class='ocrx_word' id='word_1_544' title='bbox 2828 3577 3025 3656; x_wconf 81' lang='lat' dir='ltr'><strong>omnia</strong></span> <span class='ocrx_word' id='word_1_545' title='bbox 3071 3581 3250 3656; x_wconf 75' lang='lat' dir='ltr'><strong>vestra</strong></span> <span class='ocrx_word' id='word_1_546' title='bbox 3296 3576 3359 3629; x_wconf 87' lang='lat' dir='ltr'><strong>in</strong></span> <span class='ocrx_word' id='word_1_547' title='bbox 3402 3572 3671 3656; x_wconf 61' lang='lat' dir='ltr'><strong>charitate</strong></span> <span class='ocrx_word' id='word_1_548' title='bbox 3716 3571 3875 3641; x_wconf 80' lang='lat' dir='ltr'><strong>ﬁant.</strong></span> 
     </span>
    </p>
   </div>
   <div class='ocr_carea' id='block_1_71' title="bbox 2272 3646 3876 3721">
    <p class='ocr_par' dir='ltr' id='par_1_71' title="bbox 2272 3646 3876 3721">
     <span class='ocr_line' id='line_1_72' title="bbox 2272 3646 3876 3721; baseline -0.005 -15"><span class='ocrx_word' id='word_1_549' title='bbox 2272 3668 2355 3719; x_wconf 91' lang='lat' dir='ltr'><strong>ro,</strong></span> <span class='ocrx_word' id='word_1_550' title='bbox 2388 3651 2449 3706; x_wconf 87' lang='lat' dir='ltr'><strong>in</strong></span> <span class='ocrx_word' id='word_1_551' title='bbox 2475 3650 2598 3721; x_wconf 86' lang='lat' dir='ltr'><strong>ﬁde.</strong></span> <span class='ocrx_word' id='word_1_552' title='bbox 2632 3646 2779 3706; x_wconf 71' lang='lat' dir='ltr'><strong>Mss.</strong></span> <span class='ocrx_word' id='word_1_553' title='bbox 2806 3653 3003 3705; x_wconf 89' lang='lat' dir='ltr'><strong>autem</strong></span> <span class='ocrx_word' id='word_1_554' title='bbox 3045 3646 3232 3703; x_wconf 89' lang='lat' dir='ltr'><strong>nostri</strong></span> <span class='ocrx_word' id='word_1_555' title='bbox 3280 3662 3484 3702; x_wconf 87' lang='lat' dir='ltr'><strong>omnes</strong></span> <span class='ocrx_word' id='word_1_556' title='bbox 3522 3646 3876 3716; x_wconf 89' lang='lat' dir='ltr'><strong>impressam</strong></span> 
     </span>
    </p>
   </div>
   <div class='ocr_carea' id='block_1_72' title="bbox 2255 3722 2843 3794">
    <p class='ocr_par' dir='ltr' id='par_1_72' title="bbox 2255 3722 2843 3794">
     <span class='ocr_line' id='line_1_73' title="bbox 2255 3722 2843 3794; baseline -0.007 -15"><span class='ocrx_word' id='word_1_557' title='bbox 2255 3722 2539 3779; x_wconf 89' lang='lat' dir='ltr'><strong>eetionem</strong></span> <span class='ocrx_word' id='word_1_558' title='bbox 2572 3722 2843 3794; x_wconf 89' lang='lat' dir='ltr'><strong>probant.</strong></span> 
     </span>
    </p>
   </div>
   <div class='ocr_carea' id='block_1_73' title="bbox 495 3846 3133 3875">
    <p class='ocr_par' dir='ltr' id='par_1_73' title="bbox 495 3846 3133 3875">
     <span class='ocr_line' id='line_1_74' title="bbox 495 3846 3133 3875; baseline 0.002 -10"><span class='ocrx_word' id='word_1_559' title='bbox 495 3846 3133 3875; x_wconf 46' lang='grc' dir='ltr'>Ἢ</span> 
     </span>
    </p>
   </div>
   <div class='ocr_carea' id='block_1_74' title="bbox 1178 3998 2109 4101">
    <p class='ocr_par' dir='ltr' id='par_1_74' title="bbox 1178 3998 2066 4101">
     <span class='ocr_line' id='line_1_75' title="bbox 1178 3998 2066 4101; baseline 0 -2"><span class='ocrx_word' id='word_1_560' title='bbox 1178 3998 1302 4099; x_wconf 87' lang='lat' dir='ltr'><strong>S.</strong></span> <span class='ocrx_word' id='word_1_561' title='bbox 1389 3998 2066 4101; x_wconf 68' lang='lat' dir='ltr'><strong>BUSBBII</strong></span> 
     </span>
    </p>
   </div>
   <div class='ocr_carea' id='block_1_75' title="bbox 2218 3998 3175 4101">
    <p class='ocr_par' dir='ltr' id='par_1_75' title="bbox 2218 3998 3175 4100">
     <span class='ocr_line' id='line_1_76' title="bbox 2218 3998 3175 4100; baseline -0.005 0"><span class='ocrx_word' id='word_1_562' title='bbox 2218 3998 3175 4100; x_wconf 70' lang='lat' dir='ltr'><strong>IIBRONYMI</strong></span> 
     </span>
    </p>
   </div>
   <div class='ocr_carea' id='block_1_76' title="bbox 1617 4198 2735 4259">
    <p class='ocr_par' dir='ltr' id='par_1_76' title="bbox 1617 4198 2735 4259">
     <span class='ocr_line' id='line_1_77' title="bbox 1617 4198 2735 4259; baseline -0.002 0"><span class='ocrx_word' id='word_1_563' title='bbox 1617 4199 2188 4259; x_wconf 83' lang='lat' dir='ltr'><strong>S&#39;I&#39;RlDONENSlS</strong></span> <span class='ocrx_word' id='word_1_564' title='bbox 2243 4198 2735 4259; x_wconf 77' lang='lat' dir='ltr'><strong>PRESBYTER]</strong></span> 
     </span>
    </p>
   </div>
   <div class='ocr_carea' id='block_1_77' title="bbox 1410 4372 2969 4469">
    <p class='ocr_par' dir='ltr' id='par_1_77' title="bbox 1410 4372 2969 4469">
     <span class='ocr_line' id='line_1_78' title="bbox 1410 4372 2969 4469; baseline -0.002 0"><span class='ocrx_word' id='word_1_565' title='bbox 1410 4372 2969 4469; x_wconf 84' lang='lat' dir='ltr'><strong>COMMENTARIORUM</strong></span> 
     </span>
    </p>
   </div>
   <div class='ocr_carea' id='block_1_78' title="bbox 693 4563 3673 4897">
    <p class='ocr_par' dir='ltr' id='par_1_78' title="bbox 693 4563 3673 4897">
     <span class='ocr_line' id='line_1_79' title="bbox 693 4563 3673 4897; baseline -0.001 -3"><span class='ocrx_word' id='word_1_566' title='bbox 693 4729 1840 4897; x_wconf 85' lang='lat' dir='ltr'><strong>EPISTOLAM</strong></span> <span class='ocrx_word' id='word_1_567' title='bbox 1952 4563 2221 4896; x_wconf 65' lang='lat' dir='ltr'><strong>AB</strong></span> <span class='ocrx_word' id='word_1_568' title='bbox 2332 4676 3673 4897; x_wconf 86' lang='lat' dir='ltr'><strong>PHILEMONEM</strong></span> 
     </span>
    </p>
   </div>
   <div class='ocr_carea' id='block_1_79' title="bbox 1816 4991 2545 5068">
    <p class='ocr_par' dir='ltr' id='par_1_79' title="bbox 1816 4991 2545 5068">
     <span class='ocr_line' id='line_1_80' title="bbox 1816 4991 2545 5068; baseline -0.004 0"><span class='ocrx_word' id='word_1_569' title='bbox 1816 4993 2157 5068; x_wconf 85' lang='lat' dir='ltr'><strong>LIBER</strong></span> <span class='ocrx_word' id='word_1_570' title='bbox 2232 4991 2545 5068; x_wconf 92' lang='lat' dir='ltr'><strong>UNUS.</strong></span> 
     </span>
    </p>
   </div>
   <div class='ocr_carea' id='block_1_80' title="bbox 1751 5260 2607 5352">
    <p class='ocr_par' dir='ltr' id='par_1_80' title="bbox 1751 5260 2607 5352">
     <span class='ocr_line' id='line_1_81' title="bbox 1751 5260 2607 5352; baseline 0.005 -4"><span class='ocrx_word' id='word_1_571' title='bbox 1751 5260 2607 5352; x_wconf 84' lang='lat' dir='ltr'><strong>PROLOGUS.</strong></span> 
     </span>
    </p>
   </div>
   <div class='ocr_carea' id='block_1_81' title="bbox 557 5569 3887 5647">
    <p class='ocr_par' dir='ltr' id='par_1_81' title="bbox 557 5569 3887 5647">
     <span class='ocr_line' id='line_1_82' title="bbox 557 5569 3887 5647; baseline -0.002 -16"><span class='ocrx_word' id='word_1_572' title='bbox 557 5577 892 5634; x_wconf 73' lang='lat'><strong>741-142</strong></span> <span class='ocrx_word' id='word_1_573' title='bbox 951 5575 1060 5643; x_wconf 87' lang='lat' dir='ltr'><strong>Qui</strong></span> <span class='ocrx_word' id='word_1_574' title='bbox 1116 5574 1327 5633; x_wconf 89' lang='lat' dir='ltr'><strong>nolunt</strong></span> <span class='ocrx_word' id='word_1_575' title='bbox 1400 5574 1554 5631; x_wconf 89' lang='lat' dir='ltr'><strong>inter</strong></span> <span class='ocrx_word' id='word_1_576' title='bbox 1615 5572 1909 5647; x_wconf 89' lang='lat' dir='ltr'><strong>Epistolas</strong></span> <span class='ocrx_word' id='word_1_577' title='bbox 1971 5573 2134 5631; x_wconf 88' lang='lat' dir='ltr'><strong>Pauli</strong></span> <span class='ocrx_word' id='word_1_578' title='bbox 2164 5577 2213 5644; x_wconf 87' lang='lat' dir='ltr'><strong>D</strong></span> <span class='ocrx_word' id='word_1_579' title='bbox 2243 5592 2360 5633; x_wconf 93' lang='lat' dir='ltr'><strong>non</strong></span> <span class='ocrx_word' id='word_1_580' title='bbox 2392 5591 2625 5647; x_wconf 87' lang='lat' dir='ltr'><strong>semper</strong></span> <span class='ocrx_word' id='word_1_581' title='bbox 2659 5571 3005 5646; x_wconf 85' lang='lat' dir='ltr'><strong>Apostolum</strong></span> <span class='ocrx_word' id='word_1_582' title='bbox 3059 5573 3100 5645; x_wconf 86' lang='grc'>¹,</span> <span class='ocrx_word' id='word_1_583' title='bbox 3146 5588 3251 5629; x_wconf 90' lang='lat' dir='ltr'><strong>nec</strong></span> <span class='ocrx_word' id='word_1_584' title='bbox 3301 5572 3520 5645; x_wconf 90' lang='lat' dir='ltr'><strong>omnia,</strong></span> <span class='ocrx_word' id='word_1_585' title='bbox 3552 5570 3780 5628; x_wconf 89' lang='lat' dir='ltr'><strong>Christo</strong></span> <span class='ocrx_word' id='word_1_586' title='bbox 3826 5569 3887 5626; x_wconf 90' lang='lat' dir='ltr'><strong>in</strong></span> 
     </span>
    </p>
   </div>
   <div class='ocr_carea' id='block_1_82' title="bbox 487 5663 2132 5739">
    <p class='ocr_par' dir='ltr' id='par_1_82' title="bbox 487 5663 2132 5739">
     <span class='ocr_line' id='line_1_83' title="bbox 487 5663 2132 5739; baseline 0.001 -19"><span class='ocrx_word' id='word_1_587' title='bbox 487 5679 617 5721; x_wconf 87' lang='lat' dir='ltr'><strong>eam</strong></span> <span class='ocrx_word' id='word_1_588' title='bbox 650 5664 907 5739; x_wconf 85' lang='lat' dir='ltr'><strong>recipere</strong></span> <span class='ocrx_word' id='word_1_589' title='bbox 937 5683 1063 5737; x_wconf 85' lang='lat' dir='ltr'><strong>quae</strong></span> <span class='ocrx_word' id='word_1_590' title='bbox 1095 5666 1165 5722; x_wconf 89' lang='lat' dir='ltr'><strong>ad</strong></span> <span class='ocrx_word' id='word_1_591' title='bbox 1199 5664 1601 5722; x_wconf 89' lang='lat' dir='ltr'><strong>Philemonem</strong></span> <span class='ocrx_word' id='word_1_592' title='bbox 1626 5663 1923 5731; x_wconf 86' lang='lat' dir='ltr'><strong>scribitur,</strong></span> <span class='ocrx_word' id='word_1_593' title='bbox 1946 5664 2132 5731; x_wconf 88' lang='lat' dir='ltr'><strong>aiunt,</strong></span> 
     </span>
    </p>
   </div>
   <div class='ocr_carea' id='block_1_83' title="bbox 2243 5659 3882 5737">
    <p class='ocr_par' dir='ltr' id='par_1_83' title="bbox 2243 5659 3882 5737">
     <span class='ocr_line' id='line_1_84' title="bbox 2243 5659 3882 5737; baseline -0.002 -15"><span class='ocrx_word' id='word_1_594' title='bbox 2243 5681 2307 5722; x_wconf 87' lang='lat' dir='ltr'><strong>se</strong></span> <span class='ocrx_word' id='word_1_595' title='bbox 2335 5663 2854 5737; x_wconf 86' lang='lat' dir='ltr'><strong>loquente,dixisse</strong></span> <span class='ocrx_word' id='word_1_596' title='bbox 2882 5687 2896 5720; x_wconf 89' lang='lat'><strong>:</strong></span> <span class='ocrx_word' id='word_1_597' title='bbox 2924 5663 3063 5734; x_wconf 87' lang='lat' dir='ltr'><strong>quia</strong></span> <span class='ocrx_word' id='word_1_598' title='bbox 3092 5679 3200 5721; x_wconf 86' lang='lat' dir='ltr'><strong>nec</strong></span> <span class='ocrx_word' id='word_1_599' title='bbox 3226 5663 3491 5719; x_wconf 88' lang='lat' dir='ltr'><strong>humana</strong></span> <span class='ocrx_word' id='word_1_600' title='bbox 3508 5659 3882 5719; x_wconf 82' lang='lat' dir='ltr'><strong>imbecillitas</strong></span> 
     </span>
    </p>
   </div>
   <div class='ocr_carea' id='block_1_84' title="bbox 548 5796 3896 5899">
    <p class='ocr_par' dir='ltr' id='par_1_84' title="bbox 548 5796 3896 5899">
     <span class='ocr_line' id='line_1_85' title="bbox 548 5796 3896 5899; baseline -0.001 -17"><span class='ocrx_word' id='word_1_601' title='bbox 548 5825 562 5860; x_wconf 86' lang='grc'>¹</span> <span class='ocrx_word' id='word_1_602' title='bbox 600 5824 762 5882; x_wconf 80' lang='lat' dir='ltr'><strong>Haud</strong></span> <span class='ocrx_word' id='word_1_603' title='bbox 796 5823 1078 5899; x_wconf 78' lang='lat' dir='ltr'><strong>intelligo,</strong></span> <span class='ocrx_word' id='word_1_604' title='bbox 1100 5825 1244 5898; x_wconf 90' lang='lat' dir='ltr'><strong>quid</strong></span> <span class='ocrx_word' id='word_1_605' title='bbox 1272 5824 1333 5882; x_wconf 92' lang='lat' dir='ltr'><strong>in</strong></span> <span class='ocrx_word' id='word_1_606' title='bbox 1374 5828 1633 5883; x_wconf 87' lang='lat' dir='ltr'><strong>mentem</strong></span> <span class='ocrx_word' id='word_1_607' title='bbox 1666 5823 1918 5882; x_wconf 87' lang='lat' dir='ltr'><strong>Victorio</strong></span> <span class='ocrx_word' id='word_1_608' title='bbox 1950 5824 2174 5883; x_wconf 88' lang='lat' dir='ltr'><strong>venerit</strong></span> <span class='ocrx_word' id='word_1_609' title='bbox 2192 5825 2286 5882; x_wconf 90' lang='lat' dir='ltr'><strong>cui</strong></span> <span class='ocrx_word' id='word_1_610' title='bbox 2319 5796 2581 5883; x_wconf 77' lang='lat' dir='ltr'><strong>rationes</strong></span> <span class='ocrx_word' id='word_1_611' title='bbox 2618 5823 2743 5882; x_wconf 60' lang='lat' dir='ltr'><strong>ista</strong></span> <span class='ocrx_word' id='word_1_612' title='bbox 2787 5824 2976 5883; x_wconf 87' lang='lat' dir='ltr'><strong>facere</strong></span> <span class='ocrx_word' id='word_1_613' title='bbox 3016 5824 3154 5882; x_wconf 68' lang='lat' dir='ltr'><strong>visas</strong></span> <span class='ocrx_word' id='word_1_614' title='bbox 3184 5827 3325 5882; x_wconf 89' lang='lat' dir='ltr'><strong>sunt</strong></span> <span class='ocrx_word' id='word_1_615' title='bbox 3352 5840 3458 5898; x_wconf 90' lang='lat' dir='ltr'><strong>pro</strong></span> <span class='ocrx_word' id='word_1_616' title='bbox 3489 5821 3628 5893; x_wconf 89' lang='lat' dir='ltr'><strong>illis,</strong></span> <span class='ocrx_word' id='word_1_617' title='bbox 3657 5823 3759 5896; x_wconf 90' lang='lat' dir='ltr'><strong>qui</strong></span> <span class='ocrx_word' id='word_1_618' title='bbox 3781 5821 3896 5882; x_wconf 85' lang='lat' dir='ltr'><strong>vol-</strong></span> 
     </span>
    </p>
   </div>
  </div>
