4310 6592
367 589 482 656 837

1233 593 1752 658 COMMENTAR.
1798 591 1876 654 IN
1923 589 2170 652 EPIST.
2217 591 2320 653 AD
2364 588 2906 654 PHILEMONEM.

3658 585 3777 650 638

371 743 555 784 unum
615 732 872 784 tenorem
931 722 1119 784 sancti
1164 727 1417 800 Spiritus
1469 729 1617 784 ferre
1683 726 2002 800 potuisset:
2035 724 2090 791 Α
2121 741 2232 781 non
2267 725 2588 798 putandae:
2625 728 2726 780 aut
2755 723 2802 780 si
2834 724 2959 780 istas
2980 722 3358 797 recipiuntur,
3381 720 3772 794 recipiendam

371 834 476 874 nec
509 817 687 888 hujus
718 816 1048 890 corpusculi
1083 817 1462 874 necessitates
1513 819 1618 886 [AL
1671 816 2010 885 necessitas]

372 908 480 963 sub
541 907 848 978 praesentia
918 907 1154 962 Domini
1235 922 1467 978 semper
1539 905 2007 979 complerentur:

369 995 525 1051 velut
554 995 864 1067 disponere
897 995 1232 1067 prandium,
1265 996 1460 1051 cibum
1493 1011 1718 1067 capere,
1767 993 2008 1062 esurire,

369 1084 643 1150 saturari,
669 1084 895 1155 ingesta
915 1084 1487 1157 digerere,exhausta
1507 1083 1830 1155 complere;
1854 1087 2011 1138 taceo

366 1173 438 1228 de
467 1173 710 1239 caeteris,
746 1190 874 1244 quae
931 1172 1219 1244 exquisite
1274 1177 1332 1228 et
1377 1177 1572 1228 coacte
1620 1173 1731 1243 [Αἱ.
1791 1172 2009 1242 coacta]

365 1260 670 1334 replicant:
698 1267 761 1316 ut
781 1262 1075 1317 alfirment
1098 1261 1277 1317 fuisse
1299 1261 1534 1334 aliquod
1559 1266 1791 1333 tempus
1810 1261 1867 1315 in
1896 1277 2010 1332 quo

364 1350 583 1406 Paulus
605 1351 796 1406 dicere
819 1367 932 1406 non
956 1351 1233 1417 auderet;
1265 1351 1386 1405 Vivo
1419 1351 1541 1420 jam
1574 1365 1684 1404 non
1716 1366 1838 1418 ego,
1877 1351 2012 1405 vivit

362 1456 486 1495 vero
518 1442 574 1494 in
596 1456 683 1495 me
703 1440 948 1496 Christus
970 1439 1245 1511 (Calat.u,
1263 1440 1392 1507 28);
1425 1443 1481 1495 et
1521 1438 1694 1496 illud:
1722 1441 1800 1494 An
1842 1454 2006 1510 expc-

363 1531 658 1585 rimentum
697 1531 944 1600 quaeritis
967 1530 1084 1600 ejus
1113 1530 1209 1599 qui
1238 1529 1298 1581 in
1327 1544 1419 1582 me
1464 1529 1706 1598 loquitur
1759 1527 2010 1583 Christus

362 1619 440 1687 (II
467 1619 590 1673 Cor.
625 1634 746 1687 x111,
795 1617 897 1685 3)?
947 1616 1146 1684 Quale,
1198 1617 1497 1688 inquiunt,
1546 1615 2006 1688 experimentum

362 1704 573 1760 Christi
603 1708 709 1775 est,
743 1705 982 1760 audire:
1025 1705 1294 1760 Penulam
1341 1722 1506 1776 quam
1554 1707 1759 1778 reliqui
1805 1704 2009 1760 Troade

361 1793 511 1865 apud
542 1793 797 1865 Carpam,
830 1795 1050 1850 veniens
1079 1799 1258 1849 tecum
1287 1795 1425 1865 affer
1471 1794 1540 1865 (Il
1595 1795 1724 1849 Tim.
1769 1811 1844 1860 ιν,
1895 1794 2004 1865 13).

363 1882 588 1938 Eiillud
619 1883 692 1938 ad
746 1882 1018 1939 Galatas:
1069 1885 1287 1940 Utinam
1325 1889 1376 1938 et
1423 1883 1751 1938 excidantur
1779 1885 1874 1955 qui
1917 1899 2005 1938 vos

357 1972 690 2026 conturbant
727 1971 922 2042 (Colat.
955 1988 1010 2038 v,
1046 1972 1153 2042 12).
1185 1972 1252 2027 Et
1303 1971 1360 2026 in
1410 1971 1518 2026 hac
1568 1972 1695 2044 ipsa
1749 1970 2007 2044 Epistola

359 2061 521 2131 (vers.
553 2062 674 2130 22):
706 2061 883 2115 Simul
912 2065 1101 2116 autem
1129 2069 1180 2116 et
1206 2075 1464 2132 praepara
1494 2061 1634 2116 mihi
1683 2062 2002 2132 hospitium.
2038 2094 2084 2158 B

359 2153 476 2204 Hoc
526 2154 722 2204 autem
786 2165 899 2204 non
961 2149 1150 2204 solum
1202 2148 1500 2221 apostolis,
1548 2151 1648 2204 sed
1709 2148 2010 2222 prophetis

366 2253 601 2310 quoque
625 2237 897 2294 similiter
925 2237 1244 2294 accidisse:
1279 2239 1434 2294 unde
1477 2238 1690 2310 saepius
1722 2238 2009 2309 scriptum

359 2328 626 2383 feratur:
681 2332 910 2383 Factum
969 2335 1045 2382 est
1101 2327 1322 2382 verbum
1377 2329 1600 2382 Domini
1647 2327 1716 2382 ad
1762 2328 2009 2382 Ezechiel

356 2417 584 2488 (Ezech.
620 2417 758 2482 xxii,
793 2418 842 2485 1,
882 2418 966 2485 17,
998 2417 1115 2487 23),
1159 2417 1278 2471 sive
1327 2417 1397 2471 ad
1460 2416 1783 2489 quemlibet
1829 2416 2010 2471 alium

359 2503 778 2576 prophetarum
807 2521 819 2559 :
855 2504 992 2575 quia
1013 2509 1145 2576 post
1174 2503 1468 2576 expletum
1491 2504 1854 2572 vaticinium,
1887 2521 2011 2559 rur-

361 2610 491 2649 sum
526 2593 584 2648 in
617 2597 802 2649 semet
832 2598 1144 2663 revertens,
1176 2593 1352 2648 homo
1382 2592 1734 2659 communis,
1769 2593 1933 2648 ﬁeret
1982 2609 2012 2648 e

365 2681 675 2755 propheta:
707 2687 764 2737 et
793 2686 1030 2753 excepto
1064 2681 1306 2737 Domino
1347 2686 1544 2737 nostro
1591 2681 1728 2737 Jesu
1781 2680 2010 2737 Christo

361 2769 423 2825 in
447 2769 608 2825 nullo
635 2774 902 2826 sanctum
928 2769 1211 2841 Spiritum
1235 2769 1629 2840 permansisse
1655 2768 1758 2839 [AL
1781 2785 2011 2824 reman-

363 2859 554 2930 sisse].
589 2859 750 2922 Quod
785 2858 1020 2930 signum
1055 2863 1110 2914 et
1132 2860 1381 2914 Joannes
1406 2857 1667 2930 Baptista
1687 2863 2008 2930 acceperat,

365 2953 432 3004 ut
462 2965 637 3020 super
667 2965 841 3019 quem
872 2947 1114 3003 vidisset
1142 2946 1424 3020 Spiritum
1455 2951 1724 3002 sanctum
1773 2947 2011 3002 descen-

365 3038 600 3094 dentem
632 3041 689 3092 et
718 3039 1052 3092 manentem
1085 3036 1244 3104 ineo,
1274 3036 1467 3108 ipsum
1491 3053 1620 3092 esse
1640 3039 2015 3108 cognosceret

366 3127 546 3198 (toan.
614 3144 650 3184 ι.
712 3127 820 3197 33).
879 3126 960 3180 Ex
1019 3142 1134 3198 quo
1187 3125 1441 3181 ostendit
1483 3126 1590 3196 (At.
1659 3125 2011 3194 ostenditur)

367 3216 713 3271 743-744
744 3231 922 3287 super
972 3213 1190 3270 multos
1223 3213 1454 3284 quidem
1489 3214 1843 3269 descendere
1889 3215 2014 3286 Spi-

365 3303 543 3360 ritum
580 3307 884 3369 sanctum;
919 3305 1018 3358 sed
1052 3301 1354 3374 proprium
1387 3301 1493 3356 hoc
1515 3318 1644 3356 esse
1696 3301 2014 3357 Salvatoris

360 3391 616 3464 insigne,
641 3390 784 3462 quia
811 3394 1150 3462 permaneat
1173 3390 1230 3444 in
1254 3406 1340 3445 eo.
1367 3389 1466 3444 His
1491 3393 1548 3444 et
1569 3389 1793 3445 caeteris
1815 3389 2011 3446 istius-

2123 831 2250 871 esse
2277 819 2332 870 et
2363 815 2433 870 ad
2468 813 2890 880 Philemonem,
2909 831 2976 870 ex
3007 813 3342 886 praejudicio
3371 811 3654 867 similium
3683 827 3775 865 re-

2124 909 2447 976 ceptarum.
2480 903 2663 960 Valde
2694 906 2886 959 autem
2922 919 3020 959 eos
3044 907 3102 957 et
3122 900 3468 973 simpliciter
3489 916 3705 966 errare,
3725 897 3775 953 si

2125 998 2333 1066 putent
2389 994 2582 1049 cibum
2626 1010 2837 1062 emere,
2889 991 3206 1064 hospitium
3235 1005 3576 1062 praeparare,
3600 987 3776 1044 vesti-

2125 1087 2321 1138 menta
2349 1083 2712 1154 conquirere,
2757 1099 2884 1139 esse
2934 1086 3261 1153 peccatum,
3294 1084 3350 1136 et
3399 1094 3657 1134 asserere
3689 1077 3777 1132 fu-

2124 1173 2248 1246 gari
2268 1174 2289 1207 ²
2312 1173 2595 1244 Spiritum
2620 1176 2911 1240 sanctum,
2937 1172 2984 1226 si
3004 1169 3337 1241 corpusculi
3361 1167 3658 1242 paulisper
3681 1181 3780 1222 ne-

2123 1261 2500 1317 cessitatibus
2546 1261 2889 1316 serviamus.
2946 1259 3146 1324 Nolite,
3209 1257 3398 1329 inquit
3438 1255 3774 1329 Apostolus,

2119 1351 2444 1406 contristare
2471 1350 2742 1422 Spiritum
2785 1354 3054 1419 sanctum,
3089 1350 3150 1402 in
3179 1363 3283 1418 quo
3311 1348 3520 1414 signati
3548 1347 3678 1400 estis
3710 1347 3769 1400 in

2119 1440 2208 1494 die
2262 1440 2648 1511 redemptionis
2677 1439 2896 1510 (Ep/tes.
2934 1455 3006 1502 IV,
3050 1438 3163 1508 30).
3223 1435 3448 1499 Quibus
3497 1433 3771 1505 operibus

2119 1527 2370 1600 Spiritus
2401 1533 2640 1583 sanctus
2671 1527 3052 1583 contristetur
3081 1524 3365 1597 propheta
3403 1537 3760 1578 commemo-

2118 1621 2227 1684 rat,
2263 1616 2462 1673 multis
2494 1617 2551 1672 in
2583 1615 2784 1673 ordine
2813 1615 2968 1671 vitiis
3001 1615 3368 1686 peccatisque
3384 1610 3650 1684 digestis,
3683 1611 3756 1665 ad

2118 1711 2443 1761 extremum
2484 1705 2777 1761 inferens:
2831 1709 2892 1759 In
2933 1704 3182 1759 omnibus
3240 1704 3357 1758 istis
3406 1699 3760 1756 contristabas

2116 1811 2201 1850 me
2230 1796 2443 1865 (Thren.
2476 1813 2530 1863 v,
2564 1796 2677 1864 22).
2710 1793 2982 1866 Alioquin
3023 1791 3265 1848 calicem
3315 1807 3478 1862 aqua:
3536 1787 3758 1860 frigidae

2117 1886 2433 1956 porrigere,
2475 1886 2653 1956 pedes
2672 1883 2885 1950 lavare,
2914 1881 3217 1938 immolare
3245 1879 3517 1945 vitulum,
3578 1893 3753 1949 pran-

2117 1973 2276 2028 dium
2307 1990 2654 2046 praeparare,
2689 1977 2989 2045 peccatum
3039 1971 3152 2026 sit:
3209 1986 3342 2025 cum
3391 1968 3649 2024 sciamus
3691 1981 3759 2021 ex

2120 2061 2213 2118 his
2246 2063 2419 2118 rebus
2450 2064 2506 2117 in
2541 2061 2636 2118 Dei
2669 2063 2956 2135 quosdam
2992 2060 3142 2116 filios
3173 2059 3438 2130 adoptari
3460 2057 3486 2109 ‘t
3517 2060 3641 2112 Non
3672 2058 3762 2110 est

2121 2149 2299 2223 hujus
2357 2151 2638 2224 temporis
2687 2152 2758 2206 ad
2790 2150 2988 2206 omnia
3020 2147 3406 2220 respondere:
3463 2144 3602 2217 quia
3654 2159 3760 2198 nec

2119 2241 2338 2307 omnia,
2372 2258 2498 2312 quas
2533 2239 2614 2294 illi
2648 2255 2971 2312 proponere
3003 2238 3211 2305 solent,
3244 2232 3759 2298 intulimus.Quod

2119 2329 2168 2384 si
2201 2346 2314 2384 non
2349 2334 2559 2402 putant
2579 2345 2778 2385 eorum
2808 2343 2936 2384 esse
2967 2343 3143 2400 parva
3163 2341 3414 2398 quorum
3445 2328 3502 2378 et
3549 2336 3762 2394 magna

2120 2423 2280 2483 sunt,
2309 2420 2557 2474 alterum
2589 2418 2730 2473 mihi
2759 2416 3339 2487 Conditorem,juxta
3359 2410 3758 2478 Valentinum,

2123 2508 2476 2563 Marcionem
2507 2515 2564 2564 et
2582 2507 2838 2579 Apellen,
2873 2503 3462 2572 formicae,vermium,
3484 2500 3762 2565 culicum,

2120 2595 2520 2652 locustarum:
2554 2596 2801 2652 alterum
2833 2596 3190 2665 cmli,terrzs,
3233 2593 3436 2659 maris,
3485 2597 3541 2647 et
3587 2605 3762 2663 ange-

2122 2686 2311 2743 lorum
2344 2687 2556 2742 debent
2587 2685 2971 2741 introducere.
3004 2686 3087 2739 An
3123 2682 3318 2755 potius
3350 2681 3614 2751 ejusdem
3664 2695 3764 2750 po-

2120 2777 2314 2832 tentiae
2336 2781 2447 2843 est,
2480 2775 2777 2847 ingenium
2812 2773 3043 2847 quodin
3073 2771 3393 2843 majoribus
3415 2767 3762 2831 exercueris,

2120 2867 2296 2922 etiam
2328 2865 2384 2920 in
2421 2864 2747 2920 minoribus
2770 2881 2884 2918 non
2907 2878 3117 2935 negare
3135 2862 3162 2916 ?
3185 2865 3250 2915 Et
3279 2859 3553 2933 quoniam
3608 2858 3761 2912 Mar-

2121 2955 2306 3010 cionis
2336 2954 2584 3010 fecimus
2637 2952 3015 3021 mentionem,
3050 2950 3214 3007 Pauli
3263 2965 3392 3005 esse
3438 2945 3761 3020 Epistolam

2122 3044 2192 3100 ad
2218 3032 2617 3098 Philemonem
2635 3041 2838 3097 saltem
2860 3039 3152 3096 Marcione
3165 3043 3397 3094 auctore
3412 3034 3763 3092 doceantur8

2121 3133 2226 3199 Qui
2260 3149 2392 3188 cum
2429 3136 2663 3188 caeteras
2697 3129 2989 3203 Epistolas
3020 3129 3286 3200 ejusdem
3311 3126 3402 3183 vel
3429 3143 3542 3182 non
3566 3141 3766 3182 susce-

2121 3223 2292 3295 perit,
2324 3221 2411 3277 vel
2443 3221 2708 3292 quedam
2741 3219 2800 3276 in
2835 3220 2924 3274 his
2957 3217 3268 3274 mutaverit
3306 3221 3480 3289 atque
3508 3231 3766 3272 corrose-

2122 3309 2214 3374 rit,
2245 3309 2304 3363 in
2338 3308 2489 3363 hanc
2517 3307 2702 3364 solam
2735 3324 2949 3362 manus
2983 3323 3100 3362 non
3134 3309 3222 3360 cst
3266 3321 3448 3361 ausus
3499 3303 3763 3358 mittere:

2117 3397 2260 3475 quiia
2281 3414 2388 3452 sua
2409 3397 2571 3452 illam
2595 3397 2849 3452 brevitas
2871 3395 3235 3451 defendebat.
3261 3393 3369 3448 Sed
3395 3392 3538 3448 mihi
3562 3392 3765 3447 viden-

364 3460 548 3547 mocli,
580 3460 785 3534 volunt
813 3460 916 3534 iiut
946 3477 1265 3551 Ερίειοιειηι
1300 3495 1413 3533 non
1431 3495 1559 3534 esse
1584 3477 1769 3547 Pauli,
1795 3479 2007 3550 quaead
2039 3460 2082 3526 Ο
2119 3460 2236 3550 ίαν,
2256 3487 2396 3541 dum
2412 3483 2717 3557 epistolam
2744 3482 3140 3555 simplicitatis
3164 3485 3441 3554 arguunt,
3463 3497 3631 3536 suam
3657 3478 3765 3534 im-

363 3568 767 3624 Philemonem
800 3567 1112 3623 scribitur:
1145 3570 1249 3623 aut
1279 3567 1453 3622 etiam
1485 3567 1532 3622 si
1566 3567 1726 3622 Pauli
1749 3568 1844 3632 sit,
1867 3567 2010 3622 nihil

363 3659 582 3722 habere
612 3657 766 3730 quod
801 3657 1090 3712 aedificare
1138 3673 1242 3711 nos
1292 3655 1511 3727 possit;
1545 3661 1601 3712 et
1631 3673 1665 3711 a
1689 3655 2012 3728 .plurisque

359 3745 653 3803 veteribus
680 3745 1070 3818 repudiatam,
1105 3745 1243 3800 dum
1274 3745 1724 3800 commendandi
1780 3750 2010 3800 tantum

361 3836 656 3892 scribatur
684 3835 898 3904 ofﬁcio,
933 3851 1047 3889 non
1097 3834 1367 3890 docendi.
1421 3836 1494 3889 At
1537 3835 1861 3889 econtrario
1909 3835 2007 3907 qui

361 3942 654 4000 germanae
687 3923 1055 3980 auctoritatis
1083 3940 1211 3980 eam
1243 3940 1372 3980 esse
1427 3923 1767 3995 defendunt,
1807 3924 2011 3980 dicunt

361 4031 668 4086 nunquam
710 4013 767 4068 in
818 4018 938 4069 toto
993 4013 1129 4069 orbe
1162 4031 1197 4068 a
1227 4013 1452 4069 cunctis
1507 4013 1778 4070 Ecclesiis
1827 4013 2010 4070 fuisse

360 4108 720 4176 susceptam,
753 4101 869 4158 nisi
899 4100 1066 4158 Pauli
1098 4099 1348 4174 apostoli
1378 4103 1744 4158 crederetur:
1795 4106 1852 4158 et
1901 4103 2008 4158 hac

359 4190 484 4263 lege
505 4207 577 4245 ne
599 4191 916 4247 secundam
936 4189 1174 4261 quidem
1203 4191 1275 4244 ad
1298 4190 1692 4256 Timotheum,
1721 4195 1778 4246 et
1801 4191 1872 4246 ad
1896 4190 2006 4246 Ga-

356 4279 506 4334 latos
536 4293 634 4334 eos
661 4279 871 4335 debere
901 4279 1222 4352 suscipere,
1245 4279 1317 4334 de
1347 4279 1564 4350 quibus
1579 4284 1634 4334 et
1657 4279 1780 4351 ipse
1795 4279 2006 4335 huma-

356 4385 442 4424 nae
474 4367 875 4424 imbecilitatis
923 4367 1190 4440 exempla
1237 4366 1682 4439 protulerunt‘:
1738 4370 2006 4424 Pcnutam

351 4474 514 4530 quam
546 4458 753 4529 reliqui
810 4457 1012 4513 Troade
1057 4457 1204 4528 apud
1250 4457 1497 4527 Carpam
1549 4458 1773 4512 veniens
1823 4465 2004 4512 tecum

348 4547 490 4618 aﬂer
533 4547 607 4617 (II
637 4548 748 4601 Tim
806 4563 879 4600 IV.
915 4545 1042 4616 15);
1096 4549 1192 4600 et:
1245 4546 1475 4603 Utinam
1527 4545 1855 4600 excidantur
1899 4549 1998 4618 qui

348 4651 438 4690 vos
471 4636 809 4692 conturbant
837 4633 1037 4706 (Galat.
1069 4651 1123 4703 ν,
1155 4635 1280 4711 112).
1338 4633 1584 4689 lnveniri
1645 4632 1899 4706 plurima
1949 4639 2006 4691 et

352 4725 422 4779 ad
461 4726 774 4792 Romanos,
805 4728 862 4780 et
893 4725 964 4779 ad
995 4728 1230 4780 creteras
1286 4723 1574 4780 Ecclesiae
1634 4724 2003 4797 maximeque

2121 3575 2389 3648 peritiam
2411 3575 2676 3646 prodere,
2702 3591 2811 3628 non
2841 3571 3233 3644 intelligentes
3265 3569 3405 3642 quid
3428 3569 3486 3624 in
3513 3566 3762 3640 singulis

2121 3665 2493 3721 sermonibus
2522 3663 2756 3720 virtutis
2779 3680 2842 3717 ac
2863 3659 3157 3733 sapientia:
3180 3660 3375 3716 lateat.
3401 3662 3558 3726 Quae,
3589 3674 3760 3714 oran-

2120 3753 2279 3808 tibus
2303 3753 2551 3817 vobis,et
2571 3751 2697 3823 ipso
2723 3750 2893 3806 nobis
2918 3756 3122 3804 sancta
3146 3747 3365 3820 Spiritu
3391 3750 3762 3818 suggerente,

2120 3858 2238 3913 quo
2268 3842 2488 3913 scripta
2516 3845 2676 3908 sunt,
2711 3838 2834 3895 suis
2865 3837 3010 3894 locis
3039 3835 3345 3910 explanere
3397 3834 3759 3891 conabimur.

2118 3931 2178 3986 Si
2210 3934 2403 3986 autem
2435 3929 2687 3985 brevitas
2718 3927 2968 3983 habetur
2997 3925 3376 3998 contemptui,
3426 3929 3762 3981 contemna-

2119 4024 2215 4076 tur
2243 4019 2480 4085 Abdias,
2514 4018 2766 4083 Nahum,
2800 4015 3148 4089 Sophonias,
3193 4019 3249 4070 et
3297 4014 3394 4070 alii
3452 4013 3762 4070 duodecim

2119 4107 2532 4181 prephetarum
2565 4108 2668 4177 [AL
2697 4104 3030 4178 prophetae],
3075 4105 3415 4162 745-146
3455 4103 3514 4158 in
3546 4102 3762 4174 quibus

2116 4202 2238 4252 tam
2273 4196 2420 4251 mira
2451 4200 2507 4250 et
2547 4199 2664 4249 tam
2700 4192 2947 4266 grandia
2995 4195 3135 4246 sunt
3183 4207 3309 4262 quas
3359 4191 3646 4256 feruntur,
3693 4193 3760 4244 ut

2116 4284 2343 4342 nescias
2374 4289 2570 4338 utrum
2603 4282 2943 4337 brevitatem
2977 4295 3335 4344 sermonum,
3358 4277 3548 4333 inillis
3569 4276 3756 4332 admi-

2115 4374 2232 4430 rari
2263 4374 2494 4442 debeas,
2531 4389 2603 4427 an
2637 4369 3106 4444 magnitudinem
3139 4384 3444 4424 sensuum.
3483 4367 3644 4432 Quod
3675 4365 3753 4420 sit

2112 4462 2508 4537 intelligerent
2539 4461 2619 4526 hi,
2652 4460 2752 4532 qui
2785 4457 3101 4532 Epistolam
3135 4457 3206 4513 ad
3242 4455 3636 4512 Philemonem
3672 4472 3760 4510 re-

2113 4552 2380 4627 pudiant,
2433 4566 2735 4622 nunquam
2785 4548 3130 4604 brevitatem
3177 4546 3576 4619 despicerent:
3629 4561 3756 4618 quae

2113 4659 2215 4715 pro
2270 4640 2566 4697 laciniosis
2617 4637 2762 4710 legis
2811 4637 3108 4706 oneribus,
3158 4634 3487 4708 evangelico
3556 4633 3760 4691 decore

2112 4730 2440 4803 conscripta
2469 4735 2577 4794 est,
2610 4729 2751 4783 dum
2787 4727 3110 4782 breviatum
3162 4728 3762 4796 consummatumque

353 4813 422 4868 ad
448 4812 781 4870 Corinthios
805 4813 1113 4870 remissius
1133 4818 1188 4868 et
1210 4812 1550 4885 quotidiano
1568 4830 1712 4885 pene
1734 4830 2002 4870 sermone
2031 4832 2080 4897 Β
2113 4836 2443 4876 sermonem
2479 4817 2614 4873 facit
2645 4815 2928 4871 Dominus
2959 4831 3136 4887 super
3186 4819 3399 4870 terram
3458 4814 3630 4885 (Rom.
3683 4829 3756 4878 1x,

349 4902 589 4969 dictata,
631 4902 691 4957 in
753 4901 969 4974 quibus
1025 4901 1341 4974 Apostolus
1397 4901 1707 4976 loquatur:
1770 4907 2002 4961 (laeteris

347 4999 535 5047 autem
563 5007 662 5061 ego
682 4990 824 5062 dico,
848 5005 956 5047 non
997 4992 1258 5048 Dominus
1289 4993 1333 5062 (l
1367 4992 1486 5048 Cor.
1543 5010 1644 5062 vn,
1679 4993 1786 5064 12).
1844 4995 1999 5058 Quas

346 5084 403 5135 et
429 5080 591 5152 ipsas
605 5081 744 5152 quia
765 5079 987 5153 aliquid
1013 5081 1126 5138 tale
1148 5081 1385 5149 habent,
1409 5085 1509 5137 aut
1527 5081 1690 5138 Pauli
1712 5082 2000 5154 epistolas

344 5185 467 5242 lent
496 5185 998 5268 hancnlflpistolam
1022 5188 1286 5268 recipere
1317 5194 1382 5244 ut
1429 5189 1596 5268 Pauli
1622 5264 1629 5268 Δ
1654 5190 1998 5268 E_p_ist_olam,

341 5274 459 5314 non
486 5274 592 5331 pro
622 5257 742 5314 illis
771 5259 872 5331 qui
904 5257 1261 5316 contrarium
1295 5262 1659 5316 asserebant.
1684 5257 1833 5318 Illud
1866 5257 1999 5318 vero

339 5346 456 5385 non
485 5331 819 5405 ferendum,
841 5331 1009 5405 Aquod
1039 5347 1107 5388 ex
1137 5332 1247 5388 hac
1278 5338 1682 5405 praeconcepta
1721 5333 1998 5405 Opinione

336 5407 559 5457 textum
594 5405 656 5458 S.
697 5402 887 5458 Patris
921 5403 979 5458 in
1029 5402 1387 5460 contrarium
1438 5402 1680 5460 sensum
1728 5402 1995 5473 mutarit,

337 5473 660 5547 legeritque
690 5489 760 5530 ex
790 5475 1080 5547 corruptis
1111 5476 1430 5532 codicibus.
1484 5476 1588 5544 Qui
1630 5477 1823 5532 volunt
1856 5479 2000 5532 inter

337 5545 633 5618 Epistolas:
669 5549 804 5613 etc.,
838 5563 942 5618 pro
968 5545 1184 5620 nolunt.
1221 5547 1444 5620 Clamat
1474 5565 1566 5604 res
1595 5547 1744 5620 ipsa,
1808 5552 1996 5604 totus-

338 5633 454 5693 que
485 5621 792 5693 contextus
824 5619 1157 5693 eorum_hic
1188 5619 1432 5693 proponi
1465 5619 1834 5693 argumenta,
1895 5621 1996 5692 qui

337 5688 490 5763 hanc
521 5689 839 5763 Epistolam
873 5688 1277 5763 repudiarent:
1297 5688 1490 5763 idque
1520 5688 1586 5747 ἑο
1616 5691 1835 5747 certius
1884 5688 1993 5756 est,

341 5760 494 5887 quod
529 5762 732 5816 eadem
767 5760 939 5832 plane
969 5765 1027 5814 et
1049 5763 1204 5831 apud
1223 5760 1728 5846 Chrysostomum,
1758 5768 1818 5817 et
1837 5766 1992 5845 apud

391 5831 848 5887 hconhvlactum
869 5838 1206 5887 causentur.
1226 5833 1284 5887 bl
1317 5851 1414 5887 αυι
1441 5834 1620 5887 ὴυιιιε
1645 5841 1992 5887 germanita-

391 5831 848 5912 thphylactum
863 5838 1206 5912 causentur,
1226 5833 1284 5888 hi
1317 5831 1414 5905 qui
1441 5834 1620 5905 hujus
1644 5831 1998 5906 germanita-

342 5907 461 5959 tem
478 5901 830 5976 scriptionis
860 5903 1229 5976 impugnant.

419 5919 461 5958 Ἡ
494 5919 830 5975 scriptionis
860 5919 1020 5976 impu
1070 5919 1229 5960 nant.

419 5978 435 6012 ι
477 5973 849 6036 Martianazus
879 5979 1014 6049 post
1028 5919 1373 6048 ίἒέιιειεωιιω,
1404 5983 1458 6035 et
1480 5979 1587 6051 ipsi
1606 5979 1871 6036 humana
1895 5979 1996 6034 im-

2109 4910 2222 4980 28).
2271 4908 2377 4963 Sed
2402 4909 2526 4978 jam
2572 4906 2701 4977 ipsa
2749 4903 3009 4977 Apostoli
3059 4905 3230 4959 verba
3282 4902 3552 4976 ponenda
3599 4905 3757 4967 sunt,

2112 5014 2244 5071 qua)
2274 4997 2355 5052 ita
2383 4994 2690 5068 incipiunt.

2111 5193 2381 5252 becitlatis
2412 5192 2662 5264 exempla
2686 5191 3053 5264 protulerunt.

2180 5268 2202 5301 ³
2231 5265 2415 5321 Penes
2444 5257 2869 5330 Mar'tian'aaum,
2899 5279 3146 5320 asserere
3174 5280 3209 5319 a
3236 5277 3291 5334 se
3319 5260 3602 5334 refuggri.
3649 5257 3756 5315 Va-

2109 5337 2276 5394 culas
2304 5354 2338 5391 a
2368 5353 2443 5392 se.
2477 5336 2698 5404 Victor,
2730 5336 3030 5407 espungit.
3079 5336 3186 5391 Sed
3238 5331 3427 5407 ipsam
3451 5331 3756 5407 'Rabanus

2110 5408 2580 5483 praepositionem
2613 5401 2891 5463 inrver'bo
2927 5401 3190 5483 refugari
3236 5401 3479 5476 ignorat.
3527 5401 3755 5474 Perspi-

2109 5480 2286 5552 cuum
2311 5495 2520 5552 nempe
2536 5484 2645 5552 est,
2670 5497 2738 5552 ea
2780 5480 3023 5551 repetito
3054 5480 3250 5542 verbo,
3283 5491 3542 5542 asserere,
3581 5489 3752 5530 voces

2106 5551 2240 5609 illas
2273 5550 2490 5608 temere
2523 5551 2704 5608 fuisse
2725 5550 3005 5606 intrusas.

2177 5623 2646 5687 'Tertullianus,
2705 5621 2808 5676 lib.
2869 5639 2902 5673 ν
2947 5628 3140 5676 contra
3187 5619 3547 5690 Marcionem,
3598 5633 3747 5690 cap.

2105 5694 2313 5751 ultimo
2338 5713 2350 5750 :
2376 5719 2402 5745 ‹‹
2426 5693 2540 5750 Soli
2573 5695 2708 5750 huic
2728 5691 2993 5765 Epistulae
3017 5689 3264 5765 brevitas
3291 5707 3399 5765 sua
3421 5689 3656 5765 profuit,
3684 5689 3749 5765 ut

2105 5767 2374 5823 falsarias
2408 5783 2620 5821 manus
2651 5762 2961 5820 Marcionis
2991 5762 3276 5818 evaderet.
3303 5785 3328 5835 η
3365 5764 3432 5817 Et
3481 5763 3748 5835 abripsis

2103 5841 2298 5894 tamen
2351 5837 2707 5894 Marcionitis
2762 5835 2912 5890 hanc
2961 5835 3148 5906 ipsam
3199 5834 3432 5907 penitus
3486 5834 3749 5907 vitiatam

2103 5910 2260 5967 dolet
2308 5908 2702 6034 gpiphanius,
2747 5910 2946 5963 contra
2984 5904 3214 5977 Haeres,
3243 5906 3348 5964 lib.
3381 5925 3420 5976 ι,
3482 5923 3609 5979 cap.
3663 5904 3750 5968 41,

2106 5998 2272 6034 num.
2348 6021 2361 6034 .

2105 5998 2272 6040 num.
2308 5987 2361 6036 9.
2463 5987 2472 5998 ’
