4310 6600
545 518 664 583 639

550 655 1926 687 .___._________________

1794 538 1859 597 S.
1906 537 2215 599 EUSEBII
2262 538 2708 601 HIERONYMI

3832 536 3959 597 640

1748 814 2236 905 INCIPIT
2325 819 2737 907 LIBER.

2026 1003 2430 1020 —-—_

623 1120 808 1192 (Vers.
839 1128 1074 1202 1seqq.)
1102 1158 1124 1186 α
1156 1132 1372 1191 Paulus
1400 1137 1630 1194 vinctus
1666 1138 1877 1195 Christi
1908 1142 2069 1203 Jesu,
2130 1142 2186 1192 et
2216 1134 2271 1201 Α
2303 1135 2467 1192 nulla
2495 1137 2795 1209 Scriptura
2825 1139 3134 1192 memorat.
3165 1134 3459 1190 Audacter
3486 1132 3684 1205 itaque
3706 1131 3944 1197 faciam,

547 1209 887 1271 Timotheus
919 1218 1113 1287 frater,
1148 1222 1467 1280 Philemoni
1500 1227 1708 1284 dilecto
1737 1233 1795 1284 et
1821 1230 2179 1301 coeperatori

541 1305 757 1371 nostro,
792 1309 849 1358 et
881 1307 1119 1377 Apphiaa
1151 1312 1358 1377 sorori,
1383 1318 1441 1369 et
1470 1316 1761 1389 Archippo
1796 1316 2178 1374 commilitoni

540 1393 758 1485 nostro,
783 1396 840 1446 et
873 1393 1137 1451 Ecclesia:
1160 1416 1286 1471 qua:
1320 1401 1378 1456 in
1411 1403 1584 1458 domo
1608 1410 1708 1459 tua
1728 1411 1836 1473 est,
1867 1407 2054 1478 gratia
2081 1422 2179 1460 vo-

538 1474 628 1530 bis
659 1482 716 1532 et
746 1496 857 1550 pax
888 1500 921 1537 a
949 1484 1066 1541 Deo
1099 1487 1263 1545 Patre
1293 1496 1513 1554 nostro.
1569 1499 1627 1548 et
1676 1474 1922 1549 Domino
1979 1499 2178 1550 nostro

535 1565 677 1661 desit
708 1567 936 1661 tlhristo
962 1575 999 1628 '.
1027 1597 1053 1623 ››
1092 1576 1445 1648 Ριιεεροεῑθνο
1479 1582 1683 1637 ordine
1698 1588 1871 1655 atque
1888 1600 2176 1655 perverso,

536 1654 597 1706 in
630 1654 918 1725 Epistolas
953 1662 1107 1719 Pauli
1142 1666 1349 1722 dictari
1382 1686 1416 1724 a
1445 1686 1538 1725 me
1568 1671 1729 1727 vobis
1764 1654 1992 1743 placuit.
2032 1674 2176 1730 Nam

536 1756 669 1833 cum
703 1744 759 1799 id
788 1750 1010 1821 crebro,
1042 1768 1075 1808 ο
1105 1753 1285 1812 Paula
1311 1762 1369 1812 et
1392 1758 1792 1829 Eustochium,
1822 1763 2093 1833 peteretis
2115 1768 2180 1817 ut

538 1827 831 1918 iacerem;
881 1842 938 1893 et
994 1856 1100 1913 ego
1149 1843 1358 1900 obnixe
1408 1864 1477 1903 ne
1524 1849 1770 1905 facerem
1824 1867 2173 1918 recusarem,

536 1915 742 2017 saltem
776 1940 1034 1995 parvam,
1071 1935 1127 1986 et
1155 1949 1282 2002 quae
1312 1936 1477 1991 vobis
1510 1940 1573 1991 ut
1603 1954 1847 1993 numero
1880 1956 2175 2005 versuum,

536 2010 618 2106 ita
648 2026 827 2089 sensu
859 2032 1093 2089 quoque
1121 2026 1177 2074 et
1207 2023 1411 2080 ordine
1440 2024 1748 2082 videbatur
1787 2031 2061 2099 extrema,
2114 2033 2178 2083 ut

538 2094 891 2159 dissererem
922 2107 1215 2179 Coegistis.
1251 2111 1390 2168 Rem
1425 2113 1619 2185 itaque
1650 2115 1919 2187 principii
1974 2094 2176 2171 initine

540 2187 793 2257 tentabo,
824 2198 879 2247 et
908 2196 1061 2264 quod
1095 2197 1249 2254 alius
1280 2200 1339 2256 in
1384 2203 1621 2259 exordio
1676 2204 1873 2260 statim
1915 2204 2173 2276 Apostoli

538 2284 842 2365 quaereret,
873 2298 1072 2353 quare,
1109 2292 1211 2342 aut
1243 2305 1358 2361 quo
1389 2294 1672 2364 tempore,
1706 2292 1793 2349 vel
1819 2311 1934 2365 quo
1958 2310 2172 2365 cogno-

538 2363 816 2437 minante,
839 2387 870 2426 e
894 2374 1067 2430 Saulo
1098 2376 1260 2432 Pauli
1292 2363 1526 2435 nomen
1555 2363 1862 2452 acceperit,
1917 2363 2172 2452 hocvego

2294 1229 2394 1284 sed
2430 1229 2571 1282 forte
2601 1243 2732 1282 vere
2763 1226 2833 1279 de
2864 1225 3106 1279 Actibus
3138 1222 3551 1295 Apostolorum
3576 1220 3944 1292 suspiciones

2293 1335 2455 1373 meas
2486 1318 2811 1383 afﬁrmans,
2846 1314 3121 1386 Legimus
3152 1312 3207 1366 in
3241 1312 3344 1378 eis,
3369 1311 3525 1382 quod
3553 1315 3792 1365 sanctus
3811 1309 3941 1378 Spi-

2290 1407 2441 1462 ritus
2469 1404 2788 1460 Antiochize
2822 1402 3066 1457 dixerit:
3128 1401 3384 1471 Separate
3424 1398 3572 1453 mihi
3625 1397 3940 1452 Barnubam

2289 1505 2339 1550 el
2367 1496 2619 1563 Saulum,
2653 1495 2715 1548 in
2746 1508 2879 1563 Opus
2909 1492 2983 1546 ad
3011 1490 3152 1561 quod
3189 1491 3462 1559 assumpei
3481 1504 3589 1542 eos.
3623 1488 3767 1542 Tunc
3795 1486 3939 1556 κίει-

2285 1588 2479 1639 nantes
2508 1587 2555 1636 et
2575 1586 2809 1648 orantes,
2844 1582 3283 1651 imponeulesque
3328 1579 3406 1633 eis
3443 1593 3662 1637 manus.
3709 1572 3932 1630 dimise-

2288 1676 2417 1726 runt
2455 1673 2579 1726 illos
2633 1671 2768 1736 (Act.
2803 1686 2926 1736 xm,
2986 1672 3039 1735 2,
3107 1669 3183 1736 3).
3243 1666 3351 1730 Qui
3407 1682 3544 1721 cum
3600 1665 3926 1720 Seleuciam

2283 1760 2460 1833 Syria
2482 1758 2939 1827 descendissent,
2970 1762 3028 1812 et
3058 1756 3397 1826 navigantes
3424 1754 3781 1810 Salaminam
3822 1758 3927 1825 Cy-

2284 1850 2393 1923 pri,
2427 1866 2553 1921 quze
2585 1865 2738 1903 nunc
2768 1846 3107 1903 Constantia
3136 1845 3350 1901 dicitur
3374 1843 3793 1916 pervenissent,
3819 1843 3928 1898 ha-

2286 1940 2603 2010 berentque
2634 1954 2830 1993 secum
2864 1937 2922 1991 in
2956 1934 3282 1990 ministerio
3325 1933 3610 1988 Joannem
3668 1933 3930 2003 (propter

2281 2044 2452 2096 quem
2489 2032 2692 2098 postea
2720 2024 3169 2081 aediﬁcatoribus
3190 2021 3455 2078 Ecclesiae
3478 2020 3743 2093 jurgium
3787 2037 3923 2075 con-

2283 2116 2523 2171 citatum
2557 2116 2665 2180 est)
2698 2120 2753 2169 et
2805 2114 2963 2169 omni
3022 2110 3217 2168 insula
3274 2115 3602 2182 peragrata,
3661 2109 3921 2180 Paphum

2283 2222 2470 2277 usque
2514 2204 2831 2269 venissent,
2877 2202 3225 2257 invenerunt
3297 2200 3612 2271 quemdam
3679 2213 3949 2268 magum\

2283 2295 2389 2361 [Αι.
2417 2292 2720 2365 maguum]
2756 2289 3346 2362 pseudo-prophetam
3365 2286 3601 2342 nomine
3620 2285 3924 2353 Bar-Jesu,

2280 2399 2413 2436 cum
2446 2380 2792 2452 proconsule
2824 2379 3021 2445 Sergio
3055 2377 3232 2433 Paulo
3290 2376 3410 2430 viro
3460 2375 3762 2447 prudente.
3815 2374 3923 2438 Qui

531 2469 688 2569 pune
719 2457 904 2569 facepe
932 2464 1250 2536 compellor
1278 2486 1297 2521 :
1329 2485 1401 2524 ne
1429 2486 1526 2525 mu
1556 2471 1579 2504 ²
1607 2470 1867 2542 quidem,
1899 2476 1964 2526 ut
2019 2471 2167 2525 dici-
2197 2505 2245 2569 Β
2279 2470 2480 2526 accitis
2512 2470 2777 2525 Barnaba
2806 2473 2864 2524 et
2909 2467 3085 2523 Saulo
3117 2465 3226 2539 [Αι.
3288 2464 3508 2535 Paulo],
3557 2464 3925 2520 desiderabat

527 2546 642 2610 tur,
679 2550 813 2603 ante
843 2548 992 2606 hanc
1023 2553 1177 2609 diem
1209 2555 1268 2611 in
1300 2573 1432 2613 eum
1484 2559 1672 2615 facere
1715 2577 1914 2616 ausus.
1970 2561 2165 2631 Neque
2197 2546 2245 2569 υ
2274 2558 2373 2614 Dei
2405 2554 2733 2614 sermonem
2765 2561 2836 2613 ab
2859 2557 2942 2611 eis
2979 2556 3181 2611 audire
3211 2554 3369 2625 (Ibid.
3403 2556 3454 2621 4,
3485 2555 3561 2621 7).
3596 2554 3924 2609 Resistente

523 2647 658 2688 vero
690 2640 1019 2706 putandum
1049 2648 1156 2713 est,
1194 2648 1257 2699 ut
1285 2662 1318 2700 a
1347 2647 1805 2720 simplicioribus
1837 2649 2059 2704 Latinis
2090 2648 2166 2703 le-

522 2719 699 2793 gitur,
726 2724 960 2783 Saulum
987 2735 1123 2788 ante
1152 2732 1375 2789 dictum
1408 2751 1556 2802 esse,
1591 2741 1648 2792 et
1676 2754 1790 2793 non
1825 2730 1956 2794 Saul
1981 2756 1993 2793 :
2027 2736 2166 2809 quia

525 2815 582 2864 et
610 2811 680 2867 de
709 2815 862 2871 tribu
895 2817 1198 2890 Benjamin
1231 2828 1356 2878 erat
1385 2825 1649 2897 (Philipp.
1699 2843 1785 2890 ιιι,
1813 2827 1890 2896 5),
1942 2826 2000 2881 in
2049 2842 2166 2896 qua

525 2897 637 2954 hoc
666 2919 875 2961 nomen
911 2908 1258 2967 familiarius
1286 2911 1630 2970 habebatur.
1664 2915 1967 2986 Siquidem
1990 2920 2047 2969 et
2068 2913 2167 2968 ille

526 2988 686 3058 Saul,
719 3008 816 3048 rex
843 2994 1078 3064 Judaaze,
1114 3006 1449 3069 persecutor
1496 3003 1693 3069 David,
1728 3004 1797 3058 de
1826 3003 1980 3058 tribu
2014 3004 2163 3058 Ben-

516 3078 709 3147 jamin
751 3082 861 3137 fuit
898 3084 944 3157 (Ι
974 3087 1100 3155 Reg.
1134 3104 1210 3152 1x,
1270 3106 1362 3157 xv,
1421 3107 1515 3145 va
1551 3091 1707 3163 seq.).
1762 3092 1922 3156 Quod
1968 3096 2162 3146 autem

519 3166 731 3224 Saulus
761 3187 796 3226 a
830 3173 995 3229 nobis
1055 3176 1289 3248 dicitur,
1338 3195 1453 3234 non
1498 3178 1713 3235 mirum
1771 3186 1881 3236 est
1925 3180 2164 3235 Hebraza

516 3257 758 3315 nomina
771 3262 842 3337 ad
866 3262 1314 3322 similitudinem
1340 3267 1670 3325 Graecorum
1692 3273 1749 3325 et
1766 3269 2162 3325 Romanorum

520 3361 766 3403 casuum
825 3350 1133 3420 declinari,
1165 3359 1231 3410 ut
1265 3354 1415 3412 sicut
1446 3374 1548 3429 pro
1567 3358 1807 3430 Joseph,
1829 3358 2159 3429 Josephus:

523 3452 628 3507 pro
655 3437 858 3506 Jacob,
889 3439 1143 3498 Jacobus
1166 3460 1183 3495 .'
1233 3443 1313 3500 ita
1343 3462 1444 3517 pro
1474 3446 1609 3503 Saul
1649 3464 1899 3519 quoque,
1949 3445 2163 3502 Saulus

522 3524 582 3579 in
636 3531 835 3583 nostra
891 3528 1095 3603 lingua
1143 3548 1209 3588 ac
1266 3550 1537 3591 sermone
1580 3536 1825 3591 dicatur.
1877 3535 2165 3598 Quaeritur

517 3612 716 3685 igitur,
749 3631 872 3686 cur,
906 3623 1008 3673 aut
1035 3635 1151 3690 quo
1172 3621 1439 3691 jubente,
1470 3623 1557 3678 vel
1592 3625 1899 3695 antiquum
1949 3640 2161 3680 nomen

521 3702 804 3770 amiserit,
861 3706 950 3761 vel
1004 3724 1218 3764 novum
1264 3711 1605 3782 sumpserit.
1668 3713 1738 3767 Ut
1788 3729 1857 3773 ex
1921 3714 2158 3779 Abram,

521 3791 818 3848 Abraham
849 3793 1159 3852 diceretur.
1222 3797 1322 3853 Dei
1372 3798 1640 3869 jussione
1696 3801 2016 3872 perfectum
2074 3806 2163 3856 est

2271 2646 2470 2718 itaque
2504 2664 2672 2719 mago
2704 2645 2809 2718 [AL
2845 2645 3100 2715 magno],
3135 2648 3192 2698 et
3221 2661 3255 2698 a
3286 2643 3398 2697 ﬁde
3437 2646 3589 2698 recta
3645 2641 3914 2713 Sergium

2273 2736 2645 2807 depravante,
2680 2735 2880 2790 Saulus
2910 2733 3011 2804 (ait
3060 2731 3382 2803 Scriptura)
3433 2733 3532 2802 qui
3586 2733 3637 2786 et
3684 2731 3913 2796 Paulus,

2273 2824 2515 2895 repletus
2537 2826 2752 2896 Spiritu
2803 2831 3006 2890 sancto,
3063 2824 3279 2878 intuens
3336 2823 3398 2876 in
3454 2837 3580 2876 eum
3623 2819 3831 2890 dixit):
3865 2824 3916 2875 0

2272 2914 2434 2985 plene
2463 2914 2614 2969 omni
2644 2913 2785 2977 dolo,
2816 2918 2866 2968 et
2896 2913 3047 2967 omni
3089 2911 3337 2982 fallacia,
3398 2910 3484 2978 ﬁli
3526 2907 3759 2972 diaboli,
3810 2910 3917 2962 ini-

2271 3003 2417 3057 mice
2469 3003 2650 3057 omnis
2698 3001 2958 3072 justitiae,
3014 3014 3128 3054 non
3168 2998 3373 3054 desinis
3436 2998 3747 3052 subvertere
3806 2998 3924 3051 vias

2273 3091 2494 3146 Domini
2521 3099 2693 3145 rectas
2718 3096 2742 3143 ν
2800 3091 2864 3144 Et
2903 3106 3053 3144 nunc
3096 3104 3213 3143 ecce
3261 3102 3460 3142 manus
3494 3087 3719 3141 Domini
3757 3101 3919 3156 super

2273 3188 2345 3246 te,
2368 3183 2419 3236 et
2446 3182 2555 3234 eris
2583 3196 2777 3247 caecus,
2808 3194 2918 3233 non
2953 3177 3137 3233 videns
3164 3177 3337 3232 solem
3358 3191 3524 3247 usque
3569 3175 3640 3230 ad
3686 3184 3918 3245 tempus,

2275 3269 2673 3341 Confestimque
2717 3268 2916 3323 cecidit
2962 3268 3020 3322 in
3061 3282 3190 3321 eum
3236 3265 3416 3333 caligo
3462 3267 3515 3319 et
3556 3265 3813 3328 tenebrw,
3865 3270 3917 3318 et

2273 3360 2547 3414 circuiens
2575 3358 2855 3429 quaerebat
2884 3357 2982 3426 qui
3017 3356 3074 3411 ei
3116 3370 3323 3410 manus
3372 3353 3550 3409 daret.
3614 3353 3753 3407 Tunc
3788 3366 3913 3423 pro-

2271 3448 2481 3517 consul,
2534 3463 2656 3501 cum
2724 3446 2947 3501 vidisset
3022 3450 3234 3515 factum
3310 3442 3564 3511 credidit,
3635 3442 3920 3497 admirans

2271 3553 2437 3607 super
2482 3535 2734 3590 doctrina
2792 3535 3026 3590 Domini.
3074 3534 3140 3588 Et
3188 3549 3315 3587 cum
3354 3549 3388 3587 a
3432 3532 3617 3603 Papho
3668 3531 3919 3600 navigas-

2271 3633 2392 3681 sent
2418 3626 2648 3694 Paulus,
2682 3631 2733 3679 et
2760 3625 2857 3694 qui
2886 3640 3009 3678 cum
3066 3638 3126 3678 eo
3173 3629 3352 3691 erant,
3402 3625 3666 3676 venerunt
3714 3621 3919 3688 Pergen

2272 3713 2621 3785 Pamphyliae
2650 3712 2812 3784 (Ibid.
2851 3713 3059 3781 10-13).
3097 3711 3406 3783 Diligenter
3455 3710 3709 3777 attende,
3758 3708 3916 3777 quod

2272 3803 2368 3858 hic
2417 3802 2673 3873 primum
2732 3816 2945 3856 nomen
3002 3800 3166 3855 Pauli
3226 3799 3531 3871 acceperit.
3616 3797 3688 3854 Ut
3758 3797 3915 3851 enim

521 3878 655 3950 (Gen
686 3898 825 3947 xvu,
856 3882 913 3954 5)
945 3884 1033 3954 (ut
1063 3901 1131 3942 ex
1164 3887 1347 3954 Sarai,
1398 3892 1548 3944 Same
1595 3869 1941 3945 vocabulum
2004 3890 2165 3944 ﬁeret
2192 3869 2235 3935 (ἶ
2273 3869 2486 3963 Scipio,
2524 3890 2788 3959 subjecta
2822 3891 2967 3944 747
3004 3888 3219 3957 Africa,
3253 3869 3510 3944 Africani
3543 3886 3655 3944 sibi
3704 3901 3914 3942 nomen

523 3967 687 4039 (Ibid.
717 3971 823 4041 15),
876 3990 1037 4044 teque
1085 3975 1182 4030 Dei
1212 3974 1522 4048 imperium
1558 3977 1684 4031 fuit.
1719 3978 1785 4032 Et
1816 3982 1881 4032 ut
1929 3978 1999 4032 ad
2060 3994 2161 4033 no-

520 4074 658 4113 vum
691 4064 1155 4119 Instrumentum
1196 4065 1446 4133 veniam,
1481 4071 1543 4120 ut
1590 4065 1815 4133 Simon,
1867 4068 2026 4122 Petri
2068 4083 2165 4122 no-

521 4163 654 4203 men
714 4149 1041 4223 acciperet:
1102 4158 1160 4207 et
1217 4152 1323 4208 ﬂlii
1378 4154 1661 4220 Zehedaei,
1736 4173 1881 4210 usus
1958 4156 2164 4211 assii”

520 4236 665 4325 (φνπ
705 4238 835 4310 ω),
868 4239 976 4295 hoc
1024 4246 1115 4297 est
1170 4242 1280 4311 ﬁlii
1326 4245 1581 4309 touilrui,
1631 4250 1997 4310 vocarentur,
2049 4249 2161 4300 Do—

519 4326 661 4381 mini
695 4328 877 4383 nostri
908 4329 1048 4385 Jesu
1069 4330 1282 4387 Christi
1304 4348 1439 4388 voce
1463 4337 1814 4404 praeceptum
1838 4338 1929 4387 est
1950 4333 2159 4403 ((Marc.

518 4432 603 4482 in,
639 4417 841 4487 16-17).
864 4417 1053 4495 Quare
1082 4424 1277 4476 autem
1312 4437 1343 4475 e
1374 4419 1549 4476 Saulo
1581 4419 1798 4475 Paulus
1837 4421 2030 4476 dictus
2061 4422 2160 4488 sit,

595 4560 609 4593 ¹
641 4559 944 4638 Additum,
986 4569 1188 4624 nostro,
1223 4577 1325 4638 nec
1370 4562 1602 4619 Graecus
1629 4562 1997 4638 archetypus,
2058 4581 2162 4621 nec

528 4646 672 4704 mss.
708 4631 890 4687 nostri
923 4637 1272 4704 agnoscunt.

593 4701 706 4778 ’_In
740 4719 883 4757 mss.
918 4701 1217 4778 codicibus
1250 4704 1532 4778 scripturn
1564 4721 1664 4776 pro
1697 4705 1920 4778 syllaba
1949 4724 2042 4763 mu
2072 4724 2161 4763 re-

522 4772 668 4900 geri,
698 4782 1008 4856 aemulum
1025 4776 1250 4857 quidem
1267 4791 1287 4836 ;
1300 4772 1393 4857 ,νει
1422 4792 1488 4830 ne
1507 4772 1975 4860 motumquidem.
2003 4778 2164 4861 Unus

572 4886 583 4898 .
618 4844 851 4900 Martini
881 4863 916 4900 a
942 4850 1177 4900 Camms
1210 4853 1418 4900 retinet
1446 4851 1507 4900 ut
1534 4852 1669 4900 tum.
1699 4849 1994 4900 Marmnus
2025 4850 2164 4900 legit

572 4886 583 4898 .
618 4844 851 4923 Martini
881 4863 916 4900 a
942 4844 1177 4923 Campis
1210 4847 1418 4923 retinet
1446 4851 1507 4902 ut
1534 4844 1994 4923 tum._M'arianus
2025 4850 2165 4923 legit

523 4916 719 4991 mulli;
752 4916 851 4991 sed
886 4916 1206 4991 meliorest
1237 4916 1463 4991 syllaba
1492 4936 1588 4974 mu
1616 4919 1739 4977 sola
1786 4923 1911 4976 sine
1952 4916 2163 4977 litteris

521 4986 756 5063 additis.
781 4988 932 5063 Dicit
946 4989 1107 5063 epim
1128 4986 1532 5063 Hieronymus,
1554 5006 1625 5046 nc
1642 5008 1733 5046 mu
1752 4993 1987 5063 quidem
2030 4998 2164 5049 ante

522 5058 672 5131 hanc
694 5059 844 5115 diem
870 5060 929 5115 in
972 5060 1215 5116 Paulum
1248 5077 1315 5117 ex
1346 5058 1527 5117 Saulo'
1553 5064 1738 5118 facere
1769 5058 1950 5119 ausus
1998 5081 2162 5131 sum,

519 5129 576 5205 id
596 5136 706 5205 est,
731 5148 847 5205 non
865 5149 1047 5188 ausus
1068 5150 1206 5205 sum
1226 5133 1535 5188 mussitare
1552 5134 1675 5205 (sive
1694 5129 2166 5205 mussarc,quare

2271 3978 2630 4049 assumpsit:
2678 3982 2735 4032 et
2792 3976 3081 4043 Metellus,
3133 3981 3298 4033 Creta
3346 3976 3539 4032 insula
3581 3975 3914 4048 subjugata,

2272 4068 2505 4139 insigne
2524 4066 2729 4121 Cretici
2769 4084 2886 4121 suae
2911 4065 3142 4120 familia:
3171 4065 3519 4137 reportavit:
3554 4069 3611 4119 et
3666 4064 3917 4136 impera-

2270 4161 2427 4213 tores
2448 4172 2605 4210 nunc
2635 4170 2823 4226 usque
2884 4153 3132 4210 Romani
3178 4170 3243 4209 ex
3298 4153 3579 4224 subjectis
3620 4151 3917 4225 gentibus,

2272 4244 2635 4306 Adiabenici,
2660 4242 2936 4311 Parthici,
2959 4243 3264 4298 Sarmatici
3288 4246 3738 4313 nuncupantur:
3763 4241 3842 4295 ita
3862 4246 3921 4294 et

2274 4331 2488 4388 Saulus
2512 4332 2584 4387 ad
2614 4332 3091 4403 praedicationem
3115 4331 3378 4404 gentium
3402 4332 3645 4397 missus,
3664 4347 3700 4386 a
3729 4330 3915 4402 primo

2272 4420 2537 4478 Ecclesiae
2576 4420 2762 4492 spolio
2795 4420 3144 4493 proconsule
3174 4420 3374 4492 Sergio
3423 4420 3621 4490 Paulo,
3671 4418 3915 4475 victoria:

2346 4565 2431 4619 Ita
2475 4561 2681 4636 legunt
2728 4562 2924 4636 plures
2984 4578 3125 4636 mss.
3189 4560 3439 4636 codices,
3486 4578 3646 4636 unus
3706 4561 3919 4618 retinet

2274 4651 2483 4692 nomen
2512 4632 2875 4705 Hoernerges,
2908 4635 3059 4707 quod
3096 4634 3285 4759 magis
3317 4633 3387 4688 ad
3423 4633 3452 4687 b
3474 4632 3736 4689 Graecum
3778 4637 3916 4685 Boa-

2274 4706 2479 4759 νεογές.
2512 4712 2568 4759 et
2598 4707 2899 4759 Svriacum
2928 4715 3048 4759 um
3088 4715 3180 4759 un
3235 4706 3367 4759 enai
3422 4705 3699 4759 reohesch.
3740 4722 3915 4759 quam

2271 4706 2479 4776 νεργές,
2512 4712 2568 4761 et
2598 4707 2899 4774 Syriacum
2927 4705 3048 4768 W11
3088 4715 3180 4776 νει
3203 4705 3367 4760 benai
3422 4705 3699 4775 reghesch,
3740 4722 3915 4776 quam

2272 4779 2345 4834 ad
2377 4775 2681 4833 Hebraeum
2731 4778 2863 4832 bene
2890 4792 3055 4843 reem,
3110 4775 3231 4831 sive
3261 4777 3400 4843 bane
3446 4792 3612 4841 reem,
3671 4775 3916 4833 accedit.

2274 4852 2402 4906 llaec
2433 4854 2627 4905 tamen
2661 4848 2964 4920 retinenda
2993 4842 3193 4915 lectio;
3229 4842 3776 4920 quiaAHieronymus
3807 4847 3917 4904 hoc

2276 4920 2400 4976 loco
2431 4919 2709 4992 Hebraice
2735 4919 3016 4992 loquitur.
3040 4923 3223 4975 MART.
3250 4918 3325 4960 7—
3350 4918 3512 4992 Unus
3543 4918 3684 4973 mss.
3711 4935 3915 4992 quem-

2274 4991 2679 5064 admodumget
2732 4990 3031 5064 Rabanus,
3062 4993 3388 5064 (Boauerges
3446 4990 3669 5064 legunt,
3719 4990 3920 5064 sicque

2276 5062 2544 5119 rescribit
2601 5062 2809 5118 Victor.
2860 5062 3161 5134 Hebraicis
3210 5061 3417 5134 litteris
3447 5061 3566 5122 133'!
3606 5072 3697 5122 '1:
3762 5061 3918 5134 quod

2273 5138 2364 5216 est
2392 5136 2586 5215 Grmce
2616 5132 2907 5216 Βεεςινξργξς
2935 5150 2949 5189 :
2983 5133 3238 5216 vultque.
3268 5132 3513 5215 .Syriace
3562 5132 3796 5216 nomen
3821 5134 3917 5215 hic

520 5202 737 5259 Paulus
760 5203 951 5302 dictus
970 5205 1077 5302 ‘sit,
1113 5204 1208 5276 qui
1236 5209 1405 5302 aantea
1421 5204 1638 5302 Saulus
1663 5202 2164 5302 vocabaturfMus-
2196 5237 2242 5302 D
2276 5206 2503 5302 eil'epri,1
2517 5222 2637 5302 non
2670 5202 3285 5302 Hebraiqe..Nos—alibi
3308 5202 3467 5287 saepe
3496 5220 3561 5260 ex
3584 5204 3919 5302 Hie‘ropymi

518 5291 643 5331 sure
674 5292 842 5348 porro
872 5276 1091 5331 dictum
1125 5276 1277 5347 quod
1314 5277 1462 5331 muti
1522 5294 1632 5331 non
1685 5276 1939 5348 amplius
1988 5295 2164 5348 qtlam

525 5349 595 5420 μῦ
626 5346 721 5402 mu
750 5346 973 5420 dicunt.
999 5346 1364 5403 Puto’autem
1404 5346 1818 5420 Hieronymum
1842 5346 2169 5420 sumpsisse

521 5417 642 5474 haec
672 5435 739 5473 ex
769 5418 1025 5474 Varrone
1056 5420 1282 5474 dicente
1307 5436 1319 5474 ε
1346 5418 1496 5491 Quod
1526 5417 1817 5491 iniuimum
1862 5426 1956 5482 est,
1980 5417 2172 5491 'neque

521 5498 582 5561 ut
610 5491 787 5553 aiunt,
825 5495 894 5560 μῦ
923 5496 1103 5561 facere
1128 5491 1307 5546 audet.
1341 5490 1484 5545 Vide
1528 5489 1631 5545 lib.
1653 5507 1707 5545 v1
1737 5491 1803 5546 de
1830 5491 1988 5556 l’ing.
2042 5489 2166 5548 Lat.

523 5560 711 5614 MAn'r.
746 5560 1076 5626 ——Quidem
1112 5580 1253 5618 mss.
1288 5568 1414 5616 tum
1452 5561 1641 5627 nobis,
1673 5578 1808 5617 cum
1836 5562 2170 5618 Martianmo

521 5629 791 5714 inn-specti,
834 5650 905 5714 pe
958 5636 1171 5714 malum
1215 5636 1513 5714 Cor_rupte,
1551 5632 1889 5714 Iutﬂnullus
1944 5634 2166 5714 dubito.

528 5702 786 5775 Diximus
816 5703 885 5756 de
914 5722 1025 5758 ina.
1051 5705 1229 5759 Graio.
1268 5707 1359 5774 μῦ.
1394 5702 1790 5771 interjectionc
1822 5707 1890 5759 ad
1952 5705 2167 5775 episto-

522 5771 641 5849 llim
676 5772 763 5838 12,
796 5774 865 5827 ad
890 5776 1207 5849 Antonium
1228 5771 1604 5849 monachum,
1634 5771 2166 5849 ubillieronymus,

524 5845 598 5901 Tu
624 5860 693 5899 ne
718 5861 814 5899 mu
838 5846 1055 5917 quidem
1069 5849 1250 5917 facere
1268 5847 1538 5917 dignaris.
1576 5846 1864 5905 Lucilius:

584 5934 693 5985 Nec
724 5932 939 5985 laudare
967 5934 1257 5998 hominem,
1287 5947 1466 5998 neque
1493 5948 1585 5990 mu
1613 5936 1784 5989 facere
1816 5950 2074 6002 unquam.

2279 5277 2568 5333 sententia
2594 5277 2670 5349 de
2701 5281 2859 5349 recta
2887 5276 3133 5349 hujusce
3162 5275 3419 5349 nominis
3450 5275 3922 5349 pronuntiatione

2278 5349 2555 5405 diximus.
2588 5348 2730 5403 Vide
2764 5347 2863 5403 lib.
2898 5347 3192 5402 Nominum
3224 5347 3291 5403 de
3339 5347 3585 5416 Joanne,
3634 5349 3732 5404 ubi
3756 5374 3783 5399 ‹‹
3817 5349 3921 5404 Ba-

2280 5436 2532 5486 nereem,
2566 5420 2780 5492 inquit,
2815 5418 2918 5492 filii
2951 5418 3212 5492 tonitrui,
3272 5421 3427 5489 quod
3469 5426 3739 5492 corrupte
3788 5423 3919 5475 Boa-

2277 5508 2465 5561 nerges
2488 5508 2631 5546 usus
2651 5489 2929 5546 obtinuit.
2959 5512 2988 5539 »
3011 5489 3152 5545 Etin
3174 5491 3567 5546 Commentar.
3602 5489 3661 5546 in
3709 5492 3916 5549 Danie—

2277 5560 2394 5620 lem
2424 5580 2461 5623 ι.
2493 5564 2560 5619 7:
2597 5584 2624 5613 «
2648 5560 2777 5616 Filii
2809 5561 3063 5634 Zebedaai
3094 5561 3368 5634 appellati
3427 5568 3567 5618 sunt
3615 5562 3717 5619 ﬁlii
3766 5563 3920 5620 toni-

2278 5634 2415 5704 trui,
2439 5634 2591 5706 quod
2618 5638 2841 5706 non,ut
2868 5633 3130 5705 plerique
3177 5633 3771 5706 putant,Boanerges,
3820 5635 3921 5691 sed

2278 5704 3298 5785 emendatiuslegitur,_Be1ieraham.
3325 5726 3353 5755 ››
3388 5704 3762 5785 ,Ουβρᾳυαηϊ
3781 5723 3919 5785 non

2276 5777 2595 5850 difﬁtemur
2629 5774 2788 5846 Syris
2817 5792 2883 5832 eo
2914 5782 3174 5850 tempore
3202 5786 3331 5850 W11
3346 5774 3718 5850 _signilicasse
3771 5780 3918 5835 toni-

2277 5857 2388 5915 tru,
2420 5849 2573 5920 quod
2605 5850 2930 5905 etiamnum
2953 5847 3203 5905 Arabica
3234 5847 3399 5906 radix
3411 5847 3755 5908 conﬁrmat.
