4310 6608
300 486 413 547 641

1167 469 1685 540 COMMENTAR.
1732 476 1810 536 IN
1853 474 2101 536 EPIST.
2153 476 2256 537 ΑΙ)
2302 480 2843 543 PHILEMONEM.

3593 488 3713 552 ω

301 635 420 677 sua:
451 617 710 690 trophaaa
728 612 947 679 retulit,
980 609 1277 682 erexitque
1306 605 1604 675 vexillum,
1631 613 1695 663 ut
1727 606 1944 662 Paulus
1975 608 2027 674 Α
2056 607 2250 664 desunt
2296 614 2614 680 passionum
2662 613 2866 670 Christi
2912 616 2970 671 in
3018 632 3181 673 carne
3207 636 3330 675 mea
3356 636 3455 691 pro
3485 637 3712 693 corpore

303 709 591 765 diceretur
620 723 651 763 e
688 702 881 761 Saulo.
917 701 976 757 Si
1007 704 1203 756 autem
1258 697 1664 768 interpretatio
1696 696 1954 752 nominis

307 797 607 872 quaeritur,
640 794 848 850 Paulus
876 790 936 845 in
979 790 1239 857 Hehrteo,
1272 786 1591 841 mirabilem
1618 790 1805 841 sonat.
1844 785 1954 840 Rev

306 904 439 943 vera
455 886 760 953 mirum,ut
776 885 905 953 post
925 880 1078 946 Saul,
1099 879 1200 949 qui
1220 876 1953 947 interpretatar,e:cpetitus1

307 993 373 1033 eo
407 975 558 1047 quod
589 973 658 1028 ad
692 970 1017 1027 vexandum
1048 964 1391 1034 Ecclesium,
1424 963 1633 1019 fuisset
1664 980 1698 1017 a
1726 963 1956 1020 diabolo

304 1062 656 1137 postulatus,
713 1060 785 1115 de
844 1058 1215 1130 persecutore
1270 1069 1373 1108 vas
1433 1052 1596 1108 fieret
1654 1050 1957 1108 electionis

303 1154 437 1226 (Act.
473 1168 548 1219 ιχ,
596 1152 705 1218 15).
747 1148 886 1204 Plus
917 1148 1063 1201 forte
1093 1158 1272 1215 quam
1322 1142 1598 1212 oportuit,
1633 1141 1732 1196 sed
1767 1157 1961 1197 neces-

305 1242 458 1297 sarie
501 1240 867 1311 disputatum
899 1240 1008 1291 est.
1042 1233 1205 1299 Quod
1255 1234 1454 1286 autem
1504 1229 1795 1301 sequitur,
1831 1230 1957 1284 Vin-

299 1339 416 1386 ctus
443 1328 573 1386 Jesu
614 1326 840 1392 Christi,
873 1325 932 1379 in
966 1321 1131 1379 nulla
1180 1318 1437 1392 Epistola
1468 1318 1576 1375 hoc
1606 1318 1959 1388 cognomine

301 1437 449 1476 usus
478 1425 586 1484 est,
613 1418 746 1472 licet
776 1415 834 1470 in
867 1428 1108 1485 corpore
1132 1407 1549 1481 Epistolarum,
1574 1407 1644 1462 ad
1681 1406 1957 1476 Ephesios

304 1508 577 1564 videlicet
633 1506 771 1577 (cap.
832 1520 896 1558 ιιι
951 1506 1007 1555 et
1061 1500 1159 1569 ιν),
1220 1502 1278 1552 et
1333 1495 1738 1568 Philippenses
1813 1495 1952 1567 (cap.

305 1615 380 1665 IV,
435 1598 489 1665 1)
545 1600 602 1651 et
655 1594 1023 1650 Colossenses
1077 1590 1218 1660 (cap.
1272 1603 1349 1650 IV,
1401 1586 1478 1658 3),
1540 1601 1667 1641 esse
1725 1585 1784 1639 in
1835 1585 1957 1639 vin~

308 1686 463 1742 culis
522 1700 623 1757 pro
700 1679 1064 1737 confessione
1140 1679 1406 1731 testetur.
1464 1674 1702 1743 Majoris
1759 1677 1955 1729 autem

305 1774 449 1830 mihi
481 1773 710 1828 videtur
738 1768 1055 1841 supercilii,
1088 1766 1349 1821 vinctum
1380 1781 1442 1819 se
1471 1766 1605 1818 lesu
1638 1762 1852 1818 Christi
1875 1761 1959 1816 di-

307 1879 453 1931 cere,
489 1877 666 1934 quam
724 1856 1091 1931 Apostolum.
1123 1854 1537 1909 Gloriabantur
1574 1852 1791 1923 quippe
1820 1868 1956 1924 apo-

272 1951 463 2025 xstoli,
496 1951 651 2022 quod
684 1948 846 2020 digni
904 1947 1134 2043 fuerant
1312 1942 1546 2043 nomine
1572 1942 1710 1997 Jesu
1745 1941 1960 2042 Christi
1988 1979 2037 2043 B

286 2038 722 2109 contumeliam
776 2036 895 2108 pati
927 2035 1057 2107 (Act.
1092 2051 1146 2103 v,
1180 2033 1304 2103 lii);
1336 2032 1437 2087 sed
1491 2029 1823 2086 necessaria
1853 2048 1957 2087 au-

308 2131 545 2186 ctoritas
575 2126 966 2183 vinculorum.
1004 2124 1335 2195 Rogaturus
1362 2136 1465 2193 pro
1495 2119 1791 2188 Onesimo,
1823 2120 1961 2176 talis

309 2235 515 2292 rogare
544 2216 767 2284 debuit,
789 2214 890 2287 qui
922 2217 1119 2286 posset
1140 2213 1456 2282 impetrare
1485 2208 1639 2280 quod
1676 2214 1957 2280 posceret.

308 2308 464 2364 Felix
502 2304 781 2361 nimirum
832 2303 929 2375 qui
966 2318 1079 2358 non
1131 2301 1190 2355 in
1223 2297 1529 2370 sapientia,
1563 2310 1679 2352 non
1729 2297 1788 2352 in
1822 2297 1963 2352 divi-

307 2397 426 2465 tiis,
460 2412 576 2452 non
608 2395 667 2449 in
698 2391 1028 2464 eloquentia
1057 2393 1114 2444 et
1157 2386 1413 2460 potentia
1444 2385 1730 2451 saeculari,
1765 2387 1868 2441 sed
1904 2386 1959 2441 in

310 2485 526 2542 Christi
578 2481 953 2556 passionibus
1000 2478 1301 2551 gloriatur.
1334 2475 1459 2532 Tali
1503 2479 1560 2530 et
1602 2476 1676 2530 ad
1726 2475 1963 2531 Galatas

310 2572 631 2647 Epistolam
666 2586 936 2627 sermone
966 2566 1358 2624 concludens:
1393 2566 1468 2619 De
1494 2567 1710 2628 caetero,
1735 2563 1835 2629 ait,
1870 2579 1963 2619 ne-

309 2679 397 2719 mo
432 2657 587 2718 mihi
632 2661 893 2717 molestus
938 2660 1061 2712 sit:
1095 2672 1189 2726 ego
1238 2657 1388 2710 enim
1433 2654 1696 2720 stigmata
1744 2652 1967 2707 Domini

309 2754 485 2810 nostri
526 2753 653 2808 Jesu
684 2749 897 2805 Christi
943 2749 1003 2802 in
1032 2760 1260 2816 corpore
1302 2757 1420 2797 meo
1462 2745 1622 2814 porto
1652 2740 1854 2810 (Calai.
1884 2758 1964 2808 v1,

317 2844 427 2911 l7).
454 2840 579 2896 Non
612 2838 805 2895 omnis
837 2841 1031 2892 autem
1065 2833 1164 2906 qui
1214 2832 1448 2887 vinctus
1477 2836 1586 2895 est,
1618 2830 1847 2885 vinctus
1878 2834 1968 2885 est

316 2930 526 2987 Christi
555 2954 569 2998 ;
596 2927 695 2984 sed
725 2925 1062 2999 quicunque
1110 2938 1214 2995 pro
1243 2920 1455 2976 Christi
1506 2919 1742 2974 nomine
1771 2924 1829 2973 et
1862 2935 1965 2990 pro

314 3022 443 3093 ejus
473 3017 839 3075 confessione
880 3013 1152 3078 vincitur,
1184 3009 1282 3065 ille
1307 3025 1439 3064 vere
1488 3008 1721 3063 vinctus
1752 3007 1968 3062 dicitur

316 3110 458 3166 Jesu
506 3105 743 3174 Christi,
778 3109 834 3160 et
860 3101 1103 3175 sanguis
1151 3100 1373 3156 eﬂ'usus
1405 3097 1453 3152 is
1486 3100 1715 3152 tantum
1750 3100 1967 3167 marty-

317 3214 440 3255 rem
523 3195 684 3262 iacit,
741 3193 840 3266 qui
908 3208 1011 3265 pro
1097 3188 1307 3245 Christi
1376 3189 1611 3242 nomine
1679 3185 1963 3241 funditur.

317 3285 532 3342 Scribit
600 3284 781 3356 igitur
852 3282 923 3337 ad
1002 3278 1400 3334 Philemonem
1476 3276 1670 3330 Romae
1738 3275 1966 3330 vinctus

2064 699 2200 767 ejus,
2233 699 2377 769 quod
2415 708 2493 755 est
2542 700 2784 757 Ecclesia
2814 704 2948 774 (Col.
2986 723 3020 772 ι,
3070 708 3163 772 23,
3193 709 3306 777 24).
3360 710 3426 763 Et
3457 709 3516 764 in
3550 712 3661 766 ﬁne
3698 730 3712 769 :

2065 785 2332 843 Salutatio
2359 804 2481 843 mea
2530 806 2699 846 manu
2730 793 2916 858 Pauli,
2966 810 3225 851 memores
3256 802 3423 854 estote
3472 799 3717 856 vinculo-

2067 890 2191 929 rum
2241 891 2488 932 meorum
2536 879 2782 946 (Col.1v,
2836 880 2945 953 18).
3002 882 3119 938 Hoc
3168 884 3317 954 ideo,
3353 889 3417 940 ut
3463 886 3723 944 sciamus

2066 962 2174 1018 has
2207 978 2439 1037 quoque
2490 967 2778 1039 Epistolas
2806 971 2876 1026 de
2923 987 3154 1027 carcere
3185 979 3241 1028 et
3290 973 3444 1029 inter
3492 975 3725 1034 vincula

2074 1052 2253 1107 fuisse
2283 1054 2551 1111 dictatas.
2586 1056 2732 1112 Illud
2786 1064 2979 1114 autem
3036 1058 3267 1132 p‘roprie
3288 1060 3474 1119 rhabet
3504 1066 3574 1119 ad
3607 1067 3718 1121 Co-

2069 1139 2385 1210 losseuses,
2420 1145 2570 1215 quod
2624 1146 2778 1201 idem
2831 1147 3169 1217 Onesimus,
3200 1151 3297 1221 qui
3348 1168 3506 1208 nunc
3537 1152 3721 1209 Phile-

2068 1230 2223 1284 moni
2247 1232 2712 1300 commendatur,
2735 1235 2909 1290 etiam
2933 1235 3185 1308 perlator
3213 1240 3478 1307 ejusdem
3501 1241 3721 1298 sermo-

2067 1319 2159 1374 nis
2190 1318 2318 1373 fuit.
2349 1321 2603 1392 Denique
2633 1322 2715 1377 ait
2742 1340 2754 1378 :
2780 1327 2922 1393 Quae
2950 1327 3099 1380 circa
3128 1343 3216 1381 me
3240 1332 3389 1394 sunt,
3420 1332 3608 1386 omnia
3626 1347 3721 1387 vos

2066 1410 2151 1464 bis
2178 1413 2309 1465 nota
2336 1411 2503 1480 faciet
2532 1410 2836 1482 Thyehirus
2865 1414 3222 1470 charissima:
3240 1416 3434 1485 frater,
3457 1426 3510 1473 et
3546 1422 3720 1475 minii-

2062 1500 2175 1551 sler
2207 1497 2400 1565 ﬁdelis,
2432 1503 2482 1575 et
2512 1504 2893 1563 conservusin
2922 1503 3150 1560 Domino
3174 1510 3332 1575 quem
3358 1508 3491 1561 misi
3518 1508 3589 1563 ad
3608 1509 3720 1574 vos,

2063 1585 2134 1640 ad
2162 1587 2259 1641 hoc
2304 1590 2366 1641 ut
2414 1572 2703 1658 cognoscat
2750 1607 2869 1662 quas
2910 1594 3059 1647 circa
3102 1610 3195 1648 vos
3221 1598 3368 1659 sunt,
3404 1604 3457 1651 et
3484 1597 3725 1653 console-

2065 1683 2158 1729 tur
2196 1676 2362 1731 conta
2398 1680 2592 1742 vestra,
2625 1694 2750 1733 cum
2797 1679 3049 1736 Onesimo
3099 1682 3457 1749 charissima,
3487 1689 3537 1740 et
3567 1685 3724 1756 ﬁdeli

2065 1762 2264 1835 fratre,
2296 1767 2392 1836 qui
2435 1775 2513 1821 est
2541 1783 2611 1823 ea:
2656 1768 2806 1825 vobis
2837 1770 2997 1840 (Ibid.
3044 1773 3099 1837 7,
3133 1772 3208 1842 8).
3243 1772 3301 1827 Si
3355 1778 3551 1828 autem
3587 1774 3721 1830 Phi-

2065 1853 2281 1923 lemon,
2315 1855 2385 1910 ad
2440 1872 2614 1928 quem
2666 1860 2786 1914 huic
2827 1858 3074 1929 epistola
3125 1860 3425 1928 scribitur,
3457 1862 3722 1918 Onesimi

2067 1942 2345 1998 dominus
2376 1950 2486 2009 est,
2520 1945 2637 2001 imo
2692 1947 2867 2001 frater
2914 1965 3042 2004 esse
3073 1949 3248 2021 coepit
3279 1951 3335 2005 in
3370 1952 3631 2024 Domino,
3664 1955 3725 2008 et

2070 2030 2139 2086 ad
2171 2031 2543 2089 Colossenses
2574 2034 2825 2090 refertur
2854 2037 3009 2107 quod
3041 2036 3359 2096 Onesimus
3391 2055 3461 2095 ex
3489 2043 3575 2096 eis
3605 2041 3720 2096 sit:

2067 2119 2214 2175 ratio
2258 2138 2364 2176 nos
2395 2122 2525 2193 ipsa
2579 2129 2636 2177 et
2666 2124 2806 2179 ordo
2856 2126 3115 2190 deducit,
3147 2128 3303 2198 quod
3335 2133 3391 2184 et
3427 2130 3726 2187 Philemon

2069 2208 2432 2265 Colossensis
2472 2210 2569 2277 sit,
2600 2216 2657 2265 et
2686 2229 2752 2266 eo
2802 2216 3064 2285 tempore
3096 2231 3471 2273 communem
3507 2221 3577 2273 ad
3609 2236 3732 2275 om-

2071 2314 2205 2352 nem
2255 2299 2571 2354 Ecclesiam
2617 2299 2929 2355 Onesimus
2984 2301 3289 2374 epistolam
3343 2305 3562 2373 tulerit,
3610 2324 3727 2379 quo

2075 2386 2326 2459 privatas
2356 2392 2414 2443 et
2443 2388 2535 2443 sui
2580 2391 3102 2447 commendatrices
3127 2393 3197 2447 ad
3226 2393 3542 2451 Dominum
3576 2396 3727 2453 litte-

2074 2492 2167 2530 ras
2199 2482 2554 2547 sumpserat.
2589 2478 2690 2532 Est
2717 2485 2772 2533 et
2800 2480 2959 2534 aliud
2999 2480 3305 2546 indicium,
3330 2486 3481 2555 quod
3518 2485 3575 2539 in
3608 2485 3718 2542 hac

2073 2565 2275 2620 eadem
2326 2566 2573 2636 epistola
2610 2572 2668 2620 et
2711 2568 3041 2640 Archippus
3088 2571 3428 2645 nqminatur
3459 2591 3472 2628 :
3505 2574 3596 2629 cui
3630 2575 3723 2631 hic

2074 2668 2206 2707 cum
2242 2653 2577 2709 Philemone
2609 2655 2888 2710 scribitur
2918 2675 2931 2712 :
2965 2658 3152 2727 Dicite,
3187 2660 3398 2732 inquit,
3430 2663 3720 2736 Archippo,

2072 2741 2196 2796 vide
2244 2743 2617 2798 ministerium
2663 2744 2803 2813 quod
2849 2748 3107 2813 accepisti
3134 2764 3167 2802 a
3200 2749 3311 2816 [ΑΙ.
3347 2752 3429 2819 in]
3462 2752 3717 2820 Domino,

2072 2839 2135 2886 ut
2183 2831 2328 2885 illud
2373 2832 2604 2902 impleas
2651 2832 2810 2900 (Ibid.
2847 2835 2954 2904 17).
2990 2836 3148 2901 Quod
3191 2842 3280 2892 est
3332 2840 3722 2897 ministerium

2075 2919 2229 2990 quod
2257 2918 2585 2990 Archippus
2617 2920 2834 2993 accepit
2854 2939 2886 2977 a
2908 2922 3152 2979 Domino
3173 2924 3200 2979 ‘t
3220 2926 3299 2979 Ad
3321 2926 3719 2986 Philemonem

2076 3007 2326 3080 legimus
2360 3024 2374 3063 :
2407 3010 2472 3063 Et
2500 3008 2769 3081 Archiapo
2798 3013 3162 3068 commilitoni
3206 3025 3409 3082 nostro,
3442 3024 3493 3072 et
3525 3020 3720 3074 Eccle-

2074 3099 2181 3154 siae
2228 3113 2345 3168 qua:
2393 3100 2450 3151 in
2500 3100 2661 3155 domo
2709 3109 2802 3154 tua
2831 3105 2910 3154 est
2970 3102 3134 3173 (vers.
3166 3104 3245 3176 2).
3282 3104 3363 3159 Ex
3415 3123 3530 3177 quo
3580 3114 3717 3179 puto

2077 3192 2178 3241 aut
2206 3186 2543 3258 episcopum
2594 3202 2727 3243 eum
2784 3188 2965 3245 fuisse
2996 3189 3354 3249 Colossensis
3386 3195 3648 3252 Ecclesia:
3680 3199 3722 3267 ‘-',

2078 3276 2167 3330 cui
2227 3276 2596 3342 admonetur,
2655 3277 2917 3334 studiose
2969 3282 3026 3334 et
3089 3279 3399 3353 diligenter
3455 3302 3722 3356 praeesse,

323 3376 382 3431 in
432 3345 683 3438 carcere,
715 3387 832 3444 quo
882 3375 1145 3441 tempore
1194 3365 1339 3420 mihi
1392 3365 1666 3419 videntur
1714 3363 1783 3418 ad
1837 3345 2040 3417 Phi--C
2084 3365 2233 3419 749
2266 3368 2329 3418 ut
2350 3364 3120 3437 Evangeliipraidicatorem.
3147 3345 3261 3424 Aut
3290 3345 3580 3429 siitalnon
3610 3345 3723 3441 est,

323 3464 642 3537 lippenses,
697 3460 1090 3520 Colossenses,
1125 3459 1184 3511 et
1230 3453 1513 3526 Ephesios
1542 3451 1813 3524 Epistolis
1842 3467 1971 3508 esse

323 3553 572 3610 dictatas.
629 3550 712 3605 Ad
763 3547 1169 3619 Pbilippenses
1215 3542 1317 3598 illa
1342 3559 1411 3598 ex
1456 3558 1635 3598 causa
1666 3559 1679 3597 :
1714 3541 1970 3613 primum

325 3642 482 3714 quod
515 3656 648 3696 cum
699 3636 821 3693 solo
850 3634 1154 3690 Timotheo
1209 3630 1453 3698 scribit;
1487 3630 1641 3701 quod
1685 3634 1742 3683 et
1770 3628 1829 3683 in
1861 3628 1969 3684 hac

321 3728 582 3803 Epistola
630 3727 783 3782 facit.
816 3722 1038 3779 Dehinc
1070 3720 1222 3793 quod
1255 3717 1492 3773 vincula
1522 3734 1630 3772 sua
1660 3716 1971 3772 manifesta

322 3819 463 3875 dicit
518 3817 670 3872 facta
717 3831 819 3886 pro
876 3812 1107 3867 Christo
1161 3808 1309 3864 748
1361 3807 1418 3863 in
1486 3805 1646 3862 omni
1702 3806 1969 3879 prtetorio

319 3908 586 3980 (Philipp.
622 3905 796 3975 1,13).
824 3901 970 3969 Quid
989 3900 1066 3956 sit
1087 3904 1279 3954 autem
1303 3896 1662 3970 prmtorium,
1691 3896 1749 3951 in
1781 3896 1968 3967 ipsius

320 3996 575 4069 epistolae
627 3996 738 4049 fine
789 3991 1105 4065 signiﬁcat,
1140 3988 1398 4043 Salutant
1436 4002 1525 4041 vos
1555 4001 1742 4041 omnes
1770 3987 1968 4051 sancti,

321 4087 564 4141 maxime
590 4091 770 4140 autem
816 4082 916 4153 qui
944 4080 1011 4135 de
1060 4078 1297 4135 Cr'csaris
1326 4076 1483 4132 domo
1523 4084 1653 4130 sunt
1695 4074 1966 4147 (Philipp.

323 4191 400 4240 ιν,
429 4174 541 4245 23).
570 4181 616 4227 Α
648 4175 867 4228 Caesare
899 4171 1118 4224 missus
1147 4167 1207 4221 in
1237 4181 1549 4233 carcerem,
1575 4164 1764 4219 notior
1798 4164 1967 4225 fami-

323 4261 411 4317 liae
444 4263 571 4331 ejus
603 4261 811 4322 factus,
848 4254 1237 4330 persecutoris
1291 4255 1556 4317 domum,
1589 4251 1804 4307 Christi
1834 4250 1971 4307 fecit

323 4349 661 4406 Ecclesium.
712 4348 925 4403 Deinde
956 4348 1083 4400 ait:
1132 4343 1370 4414 Quidam
1416 4350 1599 4396 autem
1647 4357 1717 4396 ere
1744 4352 1967 4399 conten-

274 4438 278 4443 ’
319 4442 466 4497 tione
498 4438 772 4494 Christum
799 4436 1154 4499 annuntiant,
1183 4449 1289 4487 non
1340 4433 1553 4486 sincere
1580 4432 1970 4487 existimantes

317 4545 647 4602 pressuram
671 4544 725 4583 se
757 4528 1023 4581 suscitare
1053 4524 1286 4577 vinculis
1314 4523 1451 4575 meis
1479 4519 1746 4591 (Philipp.
1782 4538 1821 4589 1,
1860 4522 1965 4593 t7).

319 4618 496 4674 Porro
526 4622 582 4674 et
611 4617 682 4674 ad
732 4615 1105 4672 Colossenses
1135 4613 1155 4645 ‘-’
1186 4609 1539 4682 principium
1582 4608 1794 4665 simile.
1826 4611 1969 4665 Pau-

2080 3452 2222 3508 illud
2256 3452 2398 3507 mihi
2431 3452 2961 3525 impraesentiarum
2991 3456 3231 3526 sufﬁcit,
3264 3460 3417 3529 quod
3452 3467 3508 3515 et
3536 3462 3726 3519 Phile-

2080 3558 2215 3596 mon
2248 3547 2306 3597 et
2354 3541 2708 3613 Archippus,
2742 3548 2800 3598 et
2846 3542 3159 3600 Onesimus
3188 3545 3314 3617 ipse
3368 3548 3469 3619 qui
3499 3549 3725 3607 litteras

2081 3631 2422 3702 perferebat,
2456 3630 2674 3685 fuerint
2720 3630 3112 3699 Colossenses,
3143 3639 3201 3690 et
3230 3637 3431 3692 eodem
3466 3646 3722 3711 lempore

2078 3727 2331 3790 quatuor
2358 3718 2448 3790 (ut
2490 3725 2625 3775 ante
2671 3720 2952 3789 diximus)
2981 3721 3251 3793 Epistolas
3300 3726 3527 3798 scriptae
3557 3739 3719 3787 sunt.

2076 3809 2160 3863 Ad
2192 3808 2474 3881 Ephesios
2504 3824 2636 3863 vero
2666 3807 2826 3864 illam
2855 3809 2928 3865 ob
2958 3826 3219 3881 causam,
3243 3814 3398 3885 quod
3430 3833 3533 3888 pro
3566 3817 3726 3873 Chri-

2079 3902 2170 3953 sto
2201 3902 2256 3951 et
2285 3896 2379 3951 hic
2408 3896 2666 3952 vinctum
2701 3913 2762 3953 se
2808 3913 2937 3953 esse
2965 3899 3141 3966 dicat,
3171 3906 3229 3957 et
3256 3904 3458 3959 eadem
3490 3922 3617 3977 quae
3648 3908 3719 3964 ad

2079 3986 2743 4056 Colosseusesjusserat,
2767 3985 2825 4040 in
2858 3984 3036 4058 hujus
3067 4005 3300 4061 quoque
3316 3992 3586 4063 EplStOltB
3609 3996 3743 4053 line.

2080 4074 2394 4147 praecipiat,
2444 4079 2509 4128 ut
2576 4090 2785 4129 uxores
2838 4076 3230 4143 subjiciuntur
3284 4079 3446 4150 viris,
3503 4088 3561 4138 et
3613 4084 3722 4140 viri

2079 4180 2285 4219 uxores
2313 4162 2581 4241 diligant,
2611 4169 2673 4216 ut
2705 4162 2810 4216 filii
2831 4164 3105 4219 obediant
3149 4168 3512 4239 parentibus,
3536 4176 3600 4225 ut
3622 4189 3721 4244 pa-

2078 4258 2195 4308 tres
2235 4268 2348 4306 non
2399 4238 2708 4323 provocent
2738 4252 2807 4313 ad
2865 4252 3227 4309 iracundiam
3280 4256 3432 4311 ﬁlios
3463 4276 3625 4326 suos,
3661 4267 3724 4317 ut

2078 4341 2226 4397 servi
2258 4341 2532 4397 obediant
2579 4340 2835 4396 dominis
2865 4341 3220 4407 carnalibus,
3255 4350 3321 4400 ut
3351 4346 3596 4420 domini,
3631 4366 3721 4406 re-

2078 4430 2231 4485 lictis
2265 4429 2461 4495 minis,
2493 4446 2561 4485 ea
2589 4429 2770 4485 servis
2817 4444 2944 4501 qum
2984 4432 3150 4502 justa
3178 4439 3337 4505 sunt,
3372 4438 3670 4507 prmbeant
3701 4457 3715 4496 :

2076 4526 2133 4575 et
2153 4521 2221 4574 ad
2247 4525 2567 4574 extremum
2589 4518 2905 4590 Epistolam
2924 4537 3091 4576 suam
3112 4521 3219 4577 hoc
3236 4524 3350 4580 fine
3364 4525 3676 4585 concludat
3702 4545 3716 4583 :

2078 4608 2218 4677 Quid
2246 4625 2427 4680 agam,
2457 4609 2645 4663 notum
2684 4608 2832 4664 vobis
2859 4611 3032 4680 faciet
3079 4612 3339 4683 Tychicus
3365 4614 3723 4675 charissimus

320 4709 405 4763 lus
433 4707 713 4778 apostolus
757 4707 883 4761 Iesu
915 4704 1119 4758 Christi
1160 4716 1264 4772 per
1290 4702 1626 4754 voluntatem
1658 4700 1777 4763 Dei,
1804 4708 1855 4754 et
1885 4700 1965 4755 Ti-
1998 4704 2044 4769 Ι)
2073 4704 2267 4769 /rater.
2298 4701 2351 4751 et
2379 4698 2561 4767 fidelis
2608 4697 2859 4752 minister
2886 4699 2946 4752 in
2970 4699 3195 4755 Domino
3226 4718 3245 4756 :
3277 4719 3442 4773 quem
3469 4708 3606 4761 misi
3648 4708 3725 4764 ad

317 4797 563 4852 molliens
584 4797 762 4866 frater
790 4793 1011 4864 (Coloss.
1044 4808 1085 4857 1,
1120 4792 1191 4862 1).
1228 4794 1293 4843 Et
1322 4788 1380 4843 in
1422 4788 1916 4858 consequentibus
1949 4805 1962 4844 :

321 4884 490 4956 Cujus
544 4884 726 4956 factus
779 4899 900 4938 sum
944 4898 1037 4952 ego
1092 4880 1304 4934 Paulus
1347 4878 1622 4943 minister,
1678 4878 1772 4948 qui
1820 4894 1970 4933 nunc

314 4974 521 5046 gaudeo
544 4975 607 5029 in
628 4973 978 5045 passionibus
1005 4986 1101 5043 pro
1132 4969 1282 5025 vobis
1311 4986 1333 5031 ,-
1360 4974 1412 5022 et
1451 4966 1724 5036 adimpleo
1751 4982 1812 5022 ea
1842 4982 1969 5039 quae

391 5100 407 5133 ¹
458 5098 566 5154 Pro
613 5099 904 5170 expetitus,
957 5094 1112 5167 quod
1146 5108 1304 5170 _mss.
1349 5090 1560 5170 apstri
1589 5093 1645 5146 et
1692 5090 1967 5147 Rabanus

319 5162 713 5247 substituunt,
730 5162 949 5247 .minus
966 5162 1117 5247 recte
1146 5164 1366 5247 legerat
1394 5162 1969 5247 Martianaius,“1'epe-

316 5233 710 5317 titus._Vaden_i
727 5240 922 5312 ipsum
936 5239 1147 5317 habeto
1164 5233 1648 5317 Hieronymumip
1661 5233 1761 5289 lib.
1777 5233 1969 5317 {Vomi-

315 5331 448 5369 num
464 5315 535 5368 de
554 5307 794 5368 Actibus
813 5310 1207 5384 apostolorum
1230 5326 1243 5363 :
1265 5307 1418 5375 Saul,
1433 5307 1725 5378 expetitus,
1746 5307 1860 5362 sive
1872 5324 1968 5379 pe-

315 5404 464 5459 titio.
496 5406 787 5458 Consonat
806 5381 1153 5458 Hebraicum
1170 5381 1349 5461 51w,
1374 5395 1572 5465 dequo
1590 5395 1669 5449 ibi
1688 5394 1963 5452 diximus.

388 5478 409 5508 ³
441 5473 519 5541 Ex
560 5490 624 5530 eo
677 5472 854 5528 etiam
908 5471 1082 5545 paulo
1112 5473 1263 5545 _post
1298 5469 1776 5545 (argumentatur,
1809 5468 1965 5545 quod

318 5536 605 5621 idem‘ad_
627 5536 1154 5621 utrosque-iecerit
1177 5536 1428 5621 portitor
1450 5536 1783 5621 litterarum
1817 5536 1965 5621 Gne-

316 5618 524 5691 simus.
559 5611 957 5691 Verumjpost
997 5611 1415 5691 Theodoritum
1447 5611 1792 5691 interpretes
1842 5611 1966 5691 ple:

316 5688 482 5814 rique
511 5704 716 5745 omnes
757 5683 1059 5760 aliquanto
1090 5686 1223 5756 post
1273 5683 1470 5764 datam
1502 5683 1862 5738 arbitrantur
1891 5684 1965 5739 ad

315 5759 392 5815 Co
419 5775 703 5833 ossenses
734 5758 1077 5833 Epistolam,
1130 5770 1265 5833 cum
1314 5753 1537 5812 scilicet
1582 5754 1823 5812 Romam
1874 5772 1964 5812 se-

316 5833 507 5893 cundo
536 5828 848 5892 Onesimus
879 5828 1168 5888 rediisset.

2074 4803 2167 4843 vos
2192 4789 2249 4841 in
2268 4788 2377 4842 «hoc
2421 4787 2624 4857 ipsum,
2660 4790 2719 4839 ut
2763 4790 3104 4859 cognoscatis
3133 4806 3254 4861 qua
3282 4794 3431 4848 circa
3457 4811 3546 4850 me
3572 4807 3721 4865 sunt,

2075 4886 2126 4934 et
2172 4877 2479 4932 consoletur
2524 4873 2687 4931 corda
2732 4884 2907 4931 vestra
2944 4876 3168 4948 (Coloss.
3217 4898 3296 4950 ιν,
3326 4883 3383 4950 7,
3414 4884 3489 4954 8).
3522 4884 3757 4957 Tychi-.

2077 4983 2181 5022 cus
2202 4971 2395 5021 autem
2420 4963 2471 5019 is
2491 4971 2599 5029 est,
2624 4967 2723 5035 qui
2746 4969 2803 5019 et
2819 4966 2891 5020 ad
2912 4965 3285 5026 Colossenses
3300 4988 3433 5027 cum
3448 4974 3721 5029 Onesimo

2147 5090 2169 5125 ³
2220 5088 2429 5143 Iisdem
2508 5088 2929 5159 propemodum
2980 5091 3171 5147 verbis
3230 5095 3719 5151 Pseudo-Ambro-

2077 5163 2204 5219 sius
2251 5165 2739 5237 argumentatur:
2773 5160 2904 5215 aliis
2952 5164 3290 5237 episcopum
3342 5167 3575 5237 quidem
3612 5173 3721 5221 Ar-

2077 5235 2353 5305 chippum
2380 5232 2599 5305 luisse,
2637 5248 2749 5287 non
2795 5232 2997 5287 tamen
3023 5232 3412 5304 Colossarum,
3445 5238 3545 5293 sed
3577 5239 3722 5293 Lao.

2077 5302 2251 5361 dicetis
2284 5306 2342 5358 in
2374 5302 2644 5375 Phrygia,
2677 5319 3026 5374 persuasum
3060 5306 3186 5373 fuit,
3218 5309 3373 5378 quod
3400 5302 3600 5365 minus
3630 5318 3723 5368 est

2076 5383 2678 5461 verosimile._auctor
2729 5399 2861 5461 vero
2910 5388 3233 5461 Comment,
3268 5388 3325 5442 in
3366 5386 3555 5461 Pauli
3583 5387 3720 5461 Epi-

2076 5457 2256 5514 stolas
2288 5458 2397 5511 sub
2433 5454 2789 5533 l-lieronymi,
2838 5457 3093 5533 nomine,
3118 5454 3265 5533 ques
3293 5458 3590 5513 exhibebit
3621 5454 3721 5533 po-

2077 5535 2335 5586 stremus
2382 5533 2579 5581 tomus
2615 5543 2626 5580 :
2660 5549 2688 5576 «
2727 5527 2849 5591 Hic,
2883 5529 3079 5598 inquit,
3131 5527 3414 5585 diaconus
3462 5527 3723 5587 erathe

2076 5627 2189 5683 quo
2223 5611 2293 5665 ad
2342 5605 2715 5683 Colossenses
2748 5607 2828 5683 ait
2862 5622 2875 5659 :
2910 5608 3381 5683 Diciteﬁtchippo
3412 5625 3431 5663 :
3470 5611 3595 5683 [fide
3620 5612 3724 5667 mi-

2073 5679 2363 5760 nisterium
2392 5680 2536 5760 quod
2562 5680 2841 5759 accepisti,
2875 5686 2933 5733 ut
3133 5679 3379 5760 impleas.
3416 5702 3445 5760 ξ)
3477 5682 3727 5760 PrOpius

2074 5753 2147 5809 ad
2180 5747 2481 5823 iidemiest
2533 5765 2693 5823 eum
2718 5748 2974 5823 episcopi
3004 5747 3256 5805 Colossis
3285 5752 3539 5823 gessisse
3568 5747 3723 5813 vices

2073 5841 2177 5903 pro
2204 5822 2491 5899 Epaphra,
2517 5837 2651 5878 cum
2680 5819 2775 5877 hic
2799 5819 2989 5878 Roma:
3012 5825 3168 5881 esset
3191 5819 3347 5898 apud
3367 5827 3425 5883 Β.
3448 5824 3721 5887 Paulum.
