4310 6592
613 458 730 520 643

1854 447 1924 507 S.
1964 440 2278 507 EUSEBII
2322 439 2766 506 HIERONYMI

3892 444 4018 507 644

613 589 887 657 mittitur,
920 591 976 643 et
1003 591 1334 658 eotempore
1356 583 1698 640 Onesimum
1724 579 2246 646 habuitcomitem,
2279 578 2330 642 Α
2361 593 2427 631 ea
2459 594 2609 630 nunc
2665 576 3124 631 commililonem
3156 573 3291 642 dici,
3325 575 3474 646 quod
3531 575 3588 630 in
3634 577 3840 632 eodem
3887 594 4015 633 cer-

610 697 727 752 quo
758 677 1070 733 Onesimus
1102 676 1172 730 ad
1217 673 1618 728 Philemonem
1650 671 1873 725 litteras
1904 667 2248 739 perferebat.

683 773 780 824 «Et
796 764 1183 822 Thimotheus
1200 765 1426 820 frater.»
1438 767 1502 816 In
1516 760 1649 816 aliis
1664 757 1924 831 epistolis
1938 755 2253 811 Sosthenes

609 863 667 916 et
693 857 988 922 Silvanus,
1020 853 1315 910 interdum
1369 856 1426 908 et
1452 848 1793 906 Timotheus
1824 846 2004 901 frater
2029 842 2136 917 [Αἰ.
2168 847 2250 897 ta-

609 954 689 1005 cet
734 946 932 1016 frater]
984 943 1326 1001 assumitur.
1356 945 1422 995 In
1471 942 1724 1010 quatuor
1775 938 2007 990 tantum
2056 932 2252 988 Timo-

610 1037 805 1103 theus,
837 1034 977 1106 quia
1012 1031 1101 1088 vel
1153 1031 1356 1087 eodem
1403 1033 1683 1098 tempore,
1713 1024 1801 1081 vel
1851 1025 2134 1095 praesente
2163 1019 2256 1076 Ti-

614 1125 848 1181 motheo
895 1120 1258 1192 caeterisque,
1308 1117 1532 1173 dictatis
1580 1115 1718 1171 sint.
1773 1113 1936 1181 Quod
1988 1127 2092 1183 ego
2141 1110 2250 1164 du-

612 1215 749 1286 plici
778 1229 848 1269 ex
885 1227 1062 1267 causa
1106 1209 1325 1264 factum
1350 1210 1530 1278 puto;
1566 1208 1717 1260 utet
1763 1199 2022 1273 Epistola
2067 1199 2251 1270 majo-

607 1319 731 1360 rem
754 1301 994 1357 haberet
1027 1296 1454 1364 auctoritatem,
1473 1311 1600 1367 quae
1641 1309 1758 1348 non
1787 1292 1858 1348 ab
1891 1307 2006 1346 uno
2038 1287 2253 1345 scribe-

551 1451 554 1454 .
607 1393 816 1449 batur:
841 1394 897 1445 et
926 1387 1064 1460 quia
1080 1384 1244 1442 nulla
1273 1383 1570 1440 aemulatio
1600 1386 1724 1438 erat
1752 1381 1907 1437 inter
1935 1377 2250 1451 apostolos,

606 1481 656 1538 si
686 1480 826 1553 quid
858 1479 1003 1534 forte
1020 1475 1198 1532 Paulo
1228 1474 1506 1540 dictante,
1525 1472 1621 1529 alii
1655 1471 1898 1545 spiritus
1927 1469 2252 1541 suggessis-

605 1574 713 1637 set,
747 1569 969 1640 absque
1011 1565 1133 1620 ulla
1180 1562 1420 1619 tristitia
1465 1562 1717 1618 addebat
1757 1559 1975 1616 Paulus
2003 1557 2064 1614 in
2097 1557 2249 1613 litte-

604 1657 686 1714 ris
716 1673 864 1730 quas
908 1655 1184 1711 dictabat.
1227 1652 1561 1708 Secundum
1610 1650 1666 1705 id
1699 1650 1856 1721 quod
1904 1649 2030 1721 ipse
2060 1647 2253 1703 Corin-

604 1748 745 1804 thiis
802 1745 1092 1818 praecepit,
1129 1748 1190 1798 ut
1238 1743 1287 1798 si
1329 1741 1442 1797 alio
1490 1739 1895 1813 prophetante,
1928 1737 2027 1794 alii
2077 1736 2253 1792 fuerit

607 1833 946 1901 revelatum,
981 1836 1166 1885 taceat
1191 1829 1286 1884 ille
1317 1829 1416 1900 qui
1450 1827 1611 1900 prius
1641 1827 2022 1900 praphetabat
2055 1827 2100 1896 (1
2130 1827 2249 1880 Cor.

605 1940 724 1990 xxv,
756 1923 867 1992 30).
920 1922 1006 1975 Ita
1055 1919 1180 1991 ipse
1232 1934 1466 1990 quoque
1519 1921 2048 2013 praeceptumsum
2081 1929 2252 1985 opere
2284 1949 2330 2013 Β

606 2009 954 2083 complebat,
975 2014 1032 2064 et
1053 2012 1288 2079 propter
1310 2023 1496 2078 pauca
1517 2023 1643 2077 quae
1667 2005 1777 2060 alio
1795 2004 2101 2060 addiderat
2122 2019 2253 2075 sug-

605 2105 840 2174 gerente
889 2105 954 2154 ut
1001 2114 1192 2165 suam,
1241 2095 1323 2150 ita
1373 2095 1615 2150 alterius
1665 2111 1898 2166 quoque
1946 2091 2252 2164 epistolam

606 2188 1038 2264 praescribebat.
1071 2185 1402 2250 Philemoni,
1438 2184 1651 2255 inquit,
1686 2184 1897 2238 dilecto.
1925 2183 2046 2237 Non
2082 2181 2255 2236 habe-

606 2283 703 2334 tur
768 2277 825 2332 in
863 2281 1056 2331 Graeco
1102 2272 1467 2347 ἠγαπημένῳ,
1529 2273 1685 2343 quod
1742 2271 1971 2328 dilectus
2015 2269 2250 2337 dicitur,

607 2369 707 2425 sed
743 2366 1026 2440 ἀγαπητῷ,
1061 2365 1118 2420 id
1161 2368 1250 2419 est
1297 2362 1580 2433 diligibili.
1616 2362 1770 2416 Inter
1815 2360 2094 2415 dilectum
2149 2377 2252 2414 au-

606 2462 723 2512 tem
751 2461 808 2510 et
843 2453 1211 2525 diligibilem,
1245 2452 1351 2506 hoc
1399 2451 1659 2517 interest,
1695 2451 1846 2522 quod
1879 2449 2125 2504 dilectus
2155 2465 2252 2520 ap-

607 2544 810 2616 pellari
842 2547 1030 2616 potest
1059 2549 1115 2598 et
1146 2541 1241 2596 ille
1273 2540 1372 2612 qui
1425 2539 1792 2595 dilectionem
1829 2555 1942 2594 non
1977 2543 2251 2594 meretur.

610 2633 920 2706 Diligibilis
951 2649 1083 2687 vero
1117 2631 1164 2686 is
1199 2636 1426 2685 tantum
1459 2629 1559 2700 qui
1592 2628 1796 2684 merito
1828 2627 2111 2699 diligitur.
2152 2632 2251 2682 De-

605 2723 782 2795 nique
813 2727 870 2778 et
901 2721 1170 2776 inimicos
1203 2723 1434 2775 nostros
1456 2718 1696 2791 diligere
1729 2716 2124 2789 praecipimur,
2151 2716 2252 2787 qui

605 2817 745 2866 sunt
808 2811 959 2868 750
1009 2809 1225 2879 dilecti,
1271 2807 1372 2863 sed
1429 2824 1542 2862 non
1606 2805 2250 2878 diligibiles.Amamus

601 2901 814 2972 quippe
863 2898 1016 2964 illos,
1051 2915 1165 2953 non
1221 2897 1359 2969 quia
1389 2896 1575 2952 amari
1625 2901 1944 2963 merentur,
1977 2895 2077 2950 sed
2112 2893 2253 2964 quia

605 2988 942 3060 praecipitur
971 3003 1069 3042 eos
1097 2987 1227 3041 odio
1259 3003 1374 3040 non
1405 2985 1724 3040 habendos.
1754 2983 1896 3038 Illud
1931 2999 2064 3038 vero
2097 2983 2250 3053 quod

608 3078 666 3132 in
701 3075 1134 3149 quadragesimi
1187 3075 1381 3146 quarti
1413 3073 1630 3128 Psalmi
1671 3071 1843 3127 titulo
1875 3076 2250 3142 praenotatur,

602 3182 702 3238 pro
744 3166 960 3232 dilecto,
993 3163 1205 3219 melius
1256 3163 1431 3218 habet
1459 3162 1516 3217 in
1568 3163 1783 3226 Graeco,
1813 3180 1912 3234 pro
1939 3162 2205 3232 diligibili
2232 3179 2250 3214 :

605 3255 706 3328 qui
737 3255 901 3310 locus
934 3252 1411 3309 manifestissime
1432 3252 1502 3307 de
1523 3251 1750 3306 Christo
1786 3250 2146 3322 intelligitur.
2173 3250 2250 3305 Li-

2360 665 2580 719 tamine
2627 664 2893 735 belloque
2941 666 3321 735 superaverit.
3356 664 3644 720 Scribitur
3687 665 3862 720 etiam
3916 667 4016 721 Ec-

2363 751 2550 808 clesiae
2601 770 2726 824 quae
2767 754 2826 807 in
2875 753 3048 809 domo
3099 754 3226 824 ejus
3269 758 3380 808 est.
3413 754 3628 810 Verum
3675 756 3783 810 hoc
3833 755 4016 811 ambi-

2361 856 2566 913 guum,
2598 845 2796 897 utrum
2826 841 3092 898 Ecclesia
3122 859 3249 914 qua;
3282 842 3342 898 in
3371 843 3545 899 domo
3574 843 3854 916 Archippi
3886 843 3962 900 sit
3995 861 4009 900 :

2360 947 2433 986 an
2465 930 2516 986 ei
2547 947 2672 1002 quae
2702 930 2761 986 in
2793 931 2966 987 domo
3003 930 3385 987 Philemonis.
3419 933 3528 988 Sed
3561 932 3707 989 mihi
3738 932 4014 990 videntur

2362 1036 2479 1074 non
2525 1021 2594 1074 ad
2645 1019 2944 1092 Archippi,
2977 1021 3077 1077 sed
3129 1022 3200 1077 ad
3234 1021 3592 1077 Philomenis
3641 1022 4009 1078 referendum

2361 1123 2490 1164 esse
2521 1124 2854 1180 personam,
2880 1110 2978 1166 cui
3007 1111 3133 1182 ipsa
3149 1127 3383 1183 quoque
3403 1109 3653 1182 epistola
3669 1113 4008 1184 deputatur.

2362 1197 2507 1252 Nam
2541 1197 2674 1254 licet
2705 1197 2917 1255 Paulus
2945 1204 3004 1255 et
3023 1199 3368 1257 Timotheus
3399 1200 3618 1272 pariter
3646 1201 3907 1257 scribant
3935 1202 4010 1258 ad

2362 1285 2782 1359 Philemonem,
2813 1287 3085 1361 Appiam,
3117 1288 3501 1362 Archippum,
3534 1293 3592 1346 et
3640 1289 3958 1348 Ecclesiam
3991 1307 4006 1348 :

2362 1379 2559 1432 tamen
2590 1377 2649 1434 in
2685 1378 3067 1449 sequentibus
3092 1379 3448 1452 approbatur
3475 1377 3722 1436 Paulum
3745 1383 4006 1436 tantum-

2361 1465 2534 1522 modo
2563 1466 2635 1522 ad
2665 1465 3064 1524 Philemonem
3113 1469 3384 1536 scribere,
3419 1473 3476 1524 et
3507 1485 3693 1525 unum
3718 1486 3852 1526 cum
3884 1487 4002 1526 uno

2360 1555 2758 1610 sermocinari.
2793 1556 3007 1613 Gratias
3041 1574 3144 1629 ago
3174 1563 3287 1614 Deo
3329 1574 3449 1615 meo
3496 1575 3708 1631 semper
3737 1560 3775 1630 ί,
3817 1564 3868 1615 et
3896 1576 4009 1615 me-

2359 1645 2609 1701 moriam
2629 1647 2716 1701 tui
2726 1649 2936 1717 faciens
2951 1648 3110 1719 (vers.
3127 1648 3203 1719 4).
3226 1651 3395 1704 Hunc
3420 1652 3616 1705 autem
3630 1665 3849 1706 morem
3865 1649 4010 1705 scri-

2360 1732 2533 1788 bendi
2557 1734 2612 1789 in
2639 1735 2938 1792 nonnullis
2971 1736 3233 1808 epistolis
3254 1739 3383 1809 ejus
3403 1737 3662 1801 invenire
3692 1739 3956 1812 poteritis
3990 1758 4003 1796 :

2363 1825 2518 1894 quod
2559 1841 2693 1880 cum
2726 1825 2941 1897 plures,
2976 1833 3030 1882 et
3059 1828 3128 1882 ad
3166 1828 3361 1900 plures
3403 1828 3543 1884 751
3583 1828 3642 1883 in
3676 1828 4010 1900 praefatione

2365 1919 2677 1984 ponantur,
2712 1920 2912 1986 postea
2941 1932 3043 1988 per
3073 1922 3260 1972 totum
3292 1934 3504 1989 corpus
3525 1916 3819 1990 Epistolas,
3854 1935 4008 1975 unus

2361 2003 2671 2075 disputans
2724 2003 3053 2060 inducatur.
3092 2005 3239 2060 Illud
3271 2007 3426 2077 quod
3479 2007 3548 2061 ad
3603 2005 3840 2063 Galatas
3871 2008 4013 2063 seri-

2361 2092 2506 2147 bens
2556 2093 2869 2164 Apostolus
2917 2094 3042 2149 ait:
3080 2095 3138 2148 in
3185 2095 3399 2150 Christi
3433 2096 3544 2150 fide
3582 2095 3725 2150 nihil
3778 2097 4006 2165 referre,

2363 2181 2596 2253 gentilis
2648 2183 2724 2237 sit
2772 2182 3005 2254 aliquis,
3050 2201 3122 2239 au
3166 2185 3403 2240 Iudaeus
3440 2204 3453 2241 :
3486 2185 3594 2252 vir,
3629 2203 3700 2240 an
3751 2185 4005 2242 mulier:

2363 2287 2584 2338 servus,
2618 2288 2690 2326 an
2740 2271 2886 2326 liber
2915 2274 3112 2339 (Gatat.
3145 2289 3228 2341 III,
3260 2274 3351 2344 ‘28)
3385 2290 3398 2329 :
3431 2273 3608 2330 etiam
3659 2275 3716 2329 in
3747 2274 3855 2331 hoc
3886 2274 4010 2332 loco

2365 2360 2736 2431 perspicuum
2773 2361 2857 2416 fit.
2894 2365 3048 2417 Inter
3075 2363 3222 2418 duos
3255 2363 3471 2435 quippe
3502 2380 3666 2420 veros
3697 2369 3753 2419 et
3783 2369 4012 2438 aposto-

2361 2448 2524 2516 licos,
2558 2449 2708 2504 inter
2756 2457 3185 2522 cooperatorem
3231 2451 3416 2522 Pauli,
3448 2456 3505 2508 et
3543 2453 4006 2511 commilitonem

2360 2539 2508 2608 ejus,
2544 2538 2804 2592 medium
2828 2539 3068 2610 Apphiae
3101 2555 3311 2595 nomen
3342 2540 3656 2596 inseritur:
3685 2546 3748 2597 ut
3778 2542 3876 2599 tali
3901 2543 4006 2613 [ΑΙ.

2360 2625 2518 2696 talis)
2550 2642 2618 2680 ex
2650 2632 2897 2699 utroque
2929 2627 3105 2683 latere
3152 2628 3297 2684 fulta
3341 2629 3643 2699 comitatu,
3677 2647 3786 2685 non
3823 2629 4012 2686 videa-

2363 2720 2460 2770 tur
2489 2715 2751 2770 ordinem
2785 2733 2957 2772 sexus
2989 2717 3222 2784 habere,
3246 2720 3346 2773 sed
3381 2719 3592 2774 meriti.
3618 2721 3779 2784 Quod
3811 2724 4007 2776 autem

2363 2804 2444 2858 ait
2475 2823 2486 2859 :
2523 2806 2708 2860 Gratia
2756 2807 2906 2861 vobis
2933 2815 2984 2862 et
3011 2823 3126 2878 paa:
3163 2824 3197 2862 a
3229 2809 3332 2862 Deo
3379 2810 3551 2864 Patre
3580 2813 3781 2879 nostro,
3815 2812 3866 2864 et
3897 2813 4006 2863 Do-

2361 2895 2513 2946 mino
2541 2894 2664 2948 Iesu
2695 2893 2929 2964 Christo,
2958 2894 3148 2950 adhuc
3198 2913 3231 2950 a
3261 2896 3491 2950 duobus
3540 2897 3610 2952 ad
3645 2896 3842 2968 plures
3873 2896 4010 2953 scri-

2362 2981 2540 3048 bitur,
2574 2987 2630 3036 et
2660 2982 2716 3037 in
2750 2983 3026 3039 omnibus
3065 3000 3210 3055 pene
3242 2985 3512 3057 Epistolis
3544 2985 3764 3058 aequale
3795 2987 3815 3020 ²
3843 2985 4008 3058 prin-

2362 3071 2579 3142 cipium
2607 3076 2712 3141 est,
2738 3077 2802 3126 ut
2833 3073 3079 3143 gratiam
3113 3074 3195 3128 eis
3228 3078 3284 3128 et
3314 3091 3513 3144 pacem
3547 3092 3581 3130 a
3611 3074 3723 3130 Deo
3755 3074 3921 3130 Patre
3953 3079 4010 3130 et

2361 3159 2587 3214 Christo
2637 3160 2882 3216 Domino
2941 3161 3312 3232 imprecetur.
3375 3167 3450 3217 Ex
3509 3180 3621 3234 quo
3679 3163 4012 3219 ostenditur

2365 3267 2542 3305 unam
2577 3250 2704 3305 Filii
2740 3252 3041 3323 Patrisque
3067 3269 3195 3307 esse
3228 3259 3522 3317 naturam,
3565 3271 3698 3310 cum
3732 3254 3789 3309 id
3824 3259 4016 3325 potest

601 3323 691 3400 c—et
719 3344 874 3400 enim
907 3343 1092 3400 Judaei
1126 3359 1296 3397 IDIDIA
1332 3341 1718 3412 (ηπ-ιη’),ιιοο
1748 3346 1837 3396 est
1867 3349 2111 3396 amatum
2133 3341 2249 3406 Dei,
2281 3323 2324 3385 C
2366 3339 2546 3396 Filius
2596 3345 2871 3411 praestare
2916 3343 3070 3411 quod
3121 3343 3308 3406 Pater,
3363 3348 3418 3397 et
3472 3342 3685 3398 dicitur
3732 3343 3786 3398 id
3825 3323 4014 3398 Pater

600 3433 970 3490 Salomonem
1021 3431 1134 3487 dici
1187 3435 1412 3503 putent,
1445 3431 1599 3503 quod
1633 3430 1683 3485 ei
1717 3447 1751 3485 a
1784 3434 1894 3485 Deo
1929 3429 2006 3486 sit
2053 3429 2125 3485 ob
2160 3446 2255 3484 sa-

601 3523 881 3595 pientiam
929 3537 1140 3577 nomen
1193 3520 1534 3592 impositum
1584 3537 1595 3572 :
1647 3523 1841 3574 tamen
1893 3526 2107 3573 amatus
2159 3518 2256 3572 Dei

603 3612 734 3683 quis
767 3612 954 3684 magis
985 3610 1097 3665 dici
1133 3614 1340 3681 potest,
1376 3609 1485 3665 nisi
1519 3609 1571 3664 is
1601 3610 1670 3664 de
1702 3625 1818 3679 quo
1853 3609 1909 3662 in
1945 3607 2256 3681 Evangelio

603 3704 773 3755 Pater
819 3699 1080 3770 loquitur
1108 3716 1120 3752 :
1157 3699 1262 3752 Hic
1284 3706 1362 3752 est
1391 3697 1562 3752 Filius
1607 3714 1759 3751 meus
1805 3697 2031 3752 dilectus
2062 3698 2118 3750 in
2153 3711 2258 3766 quo

610 3788 752 3842 mihi
782 3788 912 3842 bene
967 3786 1270 3857 complacui
1295 3787 1439 3840 hunc
1486 3785 1671 3840 audite
1715 3786 1866 3855 (Luc.
1902 3802 1974 3854 Ix,
2009 3785 2120 3850 36).
2157 3788 2257 3838 De-

611 3876 787 3948 nique
817 3879 873 3932 et
891 3875 950 3931 in
983 3875 1133 3931 Isaia
1155 3874 1234 3929 ita
1254 3875 1537 3946 scriptum
1567 3874 1777 3929 habet:
1803 3873 2040 3929 Cantabo
2063 3873 2258 3928 dilecto

607 3967 888 4021 canticum
935 3964 1224 4034 diligibilis
1272 3965 1452 4018 vinea:
1480 3977 1636 4020 meae.
1677 3965 1834 4018 Vinea
1883 3964 2036 4032 facta
2065 3967 2138 4017 est
2168 3963 2254 4016 di-

607 4056 740 4110 lecto
781 4056 914 4125 (Isa.
947 4071 999 4125 v,
1033 4055 1103 4124 1).
1138 4054 1205 4107 Et
1235 4053 1342 4107 hoc
1384 4051 1752 4108 circumcisio
1807 4052 1874 4108 de
1907 4051 2121 4123 populo
2153 4052 2254 4107 Ju-

609 4143 774 4199 daico
791 4144 1088 4215 accipiend
1102 4159 1198 4198 um
1225 4147 1456 4214 putans,
1480 4141 1724 4214 impegit
1742 4141 1798 4196 in
1816 4140 2065 4214 lapidem
2086 4142 2257 4196 offen-

606 4233 808 4303 sionis,
835 4237 892 4288 et
913 4236 1136 4304 petram
1161 4231 1420 4287 scandali
1447 4232 1562 4301 (lsa
1583 4248 1704 4296 vm,
1729 4231 1837 4300 14),
1862 4247 1874 4283 :
1899 4247 2010 4284 non
2038 4231 2252 4303 recogi-

605 4329 740 4378 tans
753 4321 982 4377 vineam
1003 4338 1128 4392 quae
1143 4321 1213 4375 de
1231 4321 1472 4392 [Egypto
1492 4318 2252 4389 translataest(Psal.Lxx1x,

602 4413 680 4483 9),
711 4427 840 4466 esse
867 4411 1110 4465 domum
1144 4408 1338 4477 Israel,
1371 4412 1429 4462 et
1457 4407 1756 4462 Christum
1781 4406 1875 4462 hic
1906 4407 2017 4462 dici
2051 4408 2138 4463 vel
2174 4409 2254 4463 di-

601 4499 907 4572 ligibilem,
930 4497 1015 4553 vel
1033 4496 1315 4552 dilectum
1342 4513 1354 4550 :
1382 4497 1522 4550 dum
1542 4501 1600 4551 et
1621 4497 1746 4567 ipse
1764 4495 1924 4568 diligi
1953 4504 2255 4554 meretura

605 4587 848 4656 sanctis,
880 4592 936 4643 et
965 4586 1149 4642 sancti
1183 4602 1316 4641 eum
1346 4585 1618 4657 diligunt,
1643 4585 1949 4642 offerentes
1979 4592 2035 4641 et
2065 4588 2252 4658 magis

2366 3434 2640 3500 prmstare
2670 3430 2822 3500 quod
2859 3429 3059 3485 Filius.
3093 3431 3293 3486 Gratia
3333 3437 3527 3486 autem
3559 3437 3670 3498 est,
3703 3449 3820 3504 qua
3850 3431 4011 3488 nullo

2366 3518 2573 3573 merito
2605 3535 2708 3573 nec
2755 3535 2925 3590 opere
2981 3519 3294 3576 salvamur.
3328 3520 3460 3586 Pax,
3497 3537 3613 3592 qua
3657 3521 4011 3577 reconciliati

2369 3611 2479 3660 Deo
2521 3624 2622 3677 per
2667 3607 2964 3662 Christum
2998 3625 3204 3664 sumus
3263 3613 3327 3664 ut
3371 3609 3447 3664 ibi
3487 3626 3498 3663 :
3533 3611 3885 3666 Obsecramus
3913 3626 4017 3682 pro

2366 3696 2606 3760 Christo,
2638 3696 3091 3752 reconciliamini
3120 3699 3221 3753 Deo
3254 3698 3325 3768 (II
3351 3699 3475 3755 Cor.
3512 3717 3563 3770 v,
3596 3700 3710 3771 20).

2437 3786 2603 3855 (Vers.
2637 3786 2667 3838 4
2711 3788 2880 3856 seqq.)
2928 3809 2953 3835 ‹‹
3004 3786 3231 3841 Gratias
3281 3804 3389 3858 ago
3421 3788 3536 3844 Deo
3585 3805 3710 3843 meo
3764 3804 4017 3860 semper,

2367 3874 2710 3928 memoriam
2743 3873 2825 3928 tui
2859 3875 3074 3930 faciens
3104 3875 3161 3929 in
3192 3877 3554 3933 orationibus
3580 3877 3744 3947 meis,
3769 3877 4016 3932 audiens

2365 3961 2704 4018 charitatem
2736 3968 2922 4033 tuam,
2952 3969 3008 4018 et
3040 3965 3209 4019 fidem
3244 3982 3422 4036 quam
3454 3966 3633 4022 habes
3670 3967 3725 4020 in
3766 3966 4008 4022 Domino

2363 4051 2523 4117 Jesu,
2556 4057 2611 4106 et
2640 4069 2844 4108 omnes
2875 4058 3106 4107 sanctos
3124 4053 3251 4123 ejus
3275 4072 3287 4110 :
3315 4059 3378 4109 ut
3399 4055 3848 4111 communicatio
3874 4055 4010 4110 fidei

2366 4145 2478 4198 tuae
2510 4140 2745 4196 evidens
2778 4143 2878 4197 ﬁat
2922 4142 2978 4196 in
3010 4143 3304 4215 agnitione
3347 4145 3538 4199 omnis
3571 4144 3728 4208 boni,
3763 4145 3912 4216 quod
3949 4145 4011 4199 in

2364 4229 2528 4284 vobis
2557 4231 2578 4264 ³
2607 4235 2695 4284 est
2741 4230 2796 4284 in
2850 4231 3096 4286 Christo.
3132 4253 3158 4281 η
3192 4232 3320 4288 Haec
3346 4234 3471 4302 jam
3521 4250 3636 4288 non
3683 4239 3747 4289 ut
3796 4231 4011 4289 Paulus

2363 4323 2420 4372 et
2448 4317 2811 4386 Timotheus,
2846 4319 3169 4376 Philemoni
3227 4327 3288 4376 et
3332 4323 3592 4392 caeteris;
3628 4323 3724 4378 sed
3756 4327 3817 4376 ut
3848 4320 4010 4378 solus

2364 4406 2600 4474 Paulus,
2635 4409 2704 4464 ad
2739 4409 2927 4464 solum
2979 4410 3376 4466 Philemonem
3426 4411 3684 4484 loquitur
3715 4429 3727 4467 :
3763 4411 4000 4478 Gratias,

2364 4496 2656 4569 inquiens,
2683 4515 2782 4570 ago
2830 4501 2934 4554 Deo
2967 4515 3080 4554 meo
3128 4517 3337 4571 semper
3367 4502 3472 4569 [AL
3507 4502 3670 4558 addit
3707 4503 3774 4567 et]
3803 4516 4010 4556 memo-

2361 4589 2509 4641 riam
2549 4590 2634 4642 tui
2660 4591 2872 4654 faciens
2903 4591 2960 4644 in
3005 4591 3342 4645 orationibus
3374 4592 3526 4646 meis.
3562 4591 3850 4662 Ambigue
3877 4607 4011 4645 vero

596 4677 970 4747 charitatem,
1003 4691 1182 4747 quam
1228 4673 1348 4729 ulla
1379 4676 1484 4745 [AL
1519 4673 1654 4746 alia]
1685 4674 1986 4730 charitatis
2017 4677 2257 4748 prmmia
2287 4683 2332 4747 Ι)
2363 4675 2607 4742 dictum,
2642 4682 2844 4732 utrum
2891 4680 3112 4749 gratias
3162 4684 3297 4751 agat
3327 4680 3442 4735 Deo
3487 4697 3594 4736 suo
3645 4696 3896 4751 semper,
3931 4695 4003 4733 an

603 4763 988 4836 postulantes.
1023 4763 1298 4817 Scribunt
1335 4762 1515 4835 igitur
1541 4762 1756 4817 Paulus
1805 4769 1861 4817 et
1888 4763 2250 4832 Timotheus,

604 4853 926 4910 Philemoni
956 4845 1300 4908 charissimo
1331 4857 1387 4907 et
1415 4853 1773 4924 cooperatori
1801 4870 1813 4908 :
1841 4853 1941 4924 qui
1973 4853 2099 4908 ideo
2121 4853 2253 4908 cha-

603 4943 876 4999 rissimus
921 4942 1113 4997 dictus
1146 4946 1252 5008 est,
1286 4942 1441 5014 quod
1497 4943 1554 4996 in
1599 4943 1801 4997 eodem
1836 4941 2048 4997 Christi
2081 4958 2251 5014 opere

598 5037 881 5092 versetur.
914 5032 1158 5104 Apphiae
1201 5032 1306 5100 [AL
1359 5030 1580 5103 Appiae]
1615 5047 1846 5103 quoque
1895 5032 2100 5098 sorori,
2135 5048 2251 5086 non

599 5122 836 5179 habenti
868 5121 925 5176 in
959 5137 1020 5177 se
1053 5119 1206 5176 falsae
1237 5119 1481 5192 aliquid,
1513 5125 1571 5175 et
1604 5121 1747 5175 fictae
1793 5120 2198 5191 germanitatis
2233 5137 2246 5175 :

598 5219 654 5268 et
708 5211 998 5283 Archippo
1074 5209 1481 5275 commilitoni,
1543 5225 1721 5280 quem
1779 5210 2032 5264 arbitror
2108 5226 2244 5264 cum

598 5300 776 5357 Paulo
807 5305 863 5355 et
921 5299 1226 5355 Timotheo
1274 5303 1477 5354 contra
1509 5297 1869 5353 adversarios
1897 5314 2002 5368 pro
2033 5297 2248 5354 Christi

597 5391 834 5458 nomine
855 5388 1230 5443 dimicantem
1262 5386 1557 5442 exstitisse
1577 5386 1876 5452 vict-orem,
1906 5390 1962 5440 et
1983 5392 2246 5459 propter-

667 5585 682 5616 ¹
718 5583 958 5640 Addunt
987 5584 1167 5641 nostri
1197 5601 1341 5640 mss.
1367 5598 1468 5654 pro
1491 5582 1659 5651 vobis,
1683 5600 1833 5655 quas
1857 5585 2128 5642 nesciunt
2149 5604 2244 5642 vo-

595 5669 691 5708 ces
741 5657 973 5711 Graecus
1025 5657 1242 5730 pariter
1292 5658 1504 5721 textus,
1556 5659 1730 5726 atque
1777 5655 2016 5712 Latinus
2067 5658 2244 5716 inter-

599 5741 756 5800 Ρτβὲτ

667 5796 689 5837 ³
718 5794 936 5859 Vitiosa
967 5797 1236 5874 Martiae,
1259 5799 1419 5873 quale
1438 5815 1456 5856 .·
1478 5797 1627 5857 levia
1655 5798 1713 5856 id
1744 5799 1951 5874 genius
1981 5800 2097 5859 alia
2116 5819 2245 5875 pas-

2365 4767 2706 4821 memoriam
2739 4768 2866 4837 ejus
2912 4768 3085 4822 faciat
3115 4768 3173 4822 in
3207 4767 3568 4824 orationibus
3600 4769 3725 4824 suis
3757 4785 4008 4840 semper.

2362 4855 2431 4908 Et
2483 4860 2800 4926 utrumque
2849 4855 3092 4929 intelligi
3146 4861 3352 4929 potest.
3385 4857 3492 4920 Qui
3541 4857 3697 4913 enim
3751 4856 4011 4930 praecipit

2361 4943 2512 5013 aliis,
2547 4945 2695 4998 utin
2734 4945 3012 5001 omnibus
3063 4945 3280 5018 gratias
3312 4951 3489 5020 agant
3521 4948 3652 5017 Deo,
3705 4945 3884 5001 nullis
3913 4962 4011 5001 au-

2359 5031 2571 5103 gustiis
2618 5033 2830 5103 poterit
2877 5033 3182 5099 coarctari,
3233 5037 3297 5088 ut
3342 5033 3560 5106 gratias
3609 5049 3841 5104 semper
3896 5037 4008 5086 Deo

2361 5120 2486 5191 ipse
2519 5137 2631 5175 non
2664 5121 2891 5176 referat.
2929 5122 2987 5176 Si
3021 5127 3215 5178 autem
3251 5139 3353 5194 pro
3398 5122 3638 5192 sanctis,
3673 5126 3730 5176 et
3759 5119 4010 5176 meliori-

2359 5209 2471 5264 bus
2502 5210 2836 5283 quibusque
2874 5211 3086 5266 Paulus
3118 5227 3350 5283 semper
3371 5211 3574 5267 orabat
3608 5213 3868 5282 (sanctus
3899 5226 4006 5264 au-

2357 5301 2474 5353 tem
2509 5304 2565 5354 et
2595 5299 2894 5354 Philemon
2927 5304 3036 5367 est,
3063 5304 3287 5356 tantam
3317 5300 3540 5356 habens
3571 5301 3636 5354 in”
3663 5316 3722 5354 se
3755 5299 3928 5353 fidem
3952 5301 4008 5352 et

2357 5387 2724 5459 charitatem,
2774 5395 2839 5444 ut
2887 5405 3003 5444 non
3057 5389 3246 5445 solum
3298 5389 3500 5444 auditu
3559 5389 3632 5454 ei,
3676 5388 3775 5444 sed
3828 5387 4004 5443 etiam

2357 5590 2467 5644 sim
2497 5587 2880 5659 castigantur.

2425 5661 2446 5696 ³
2476 5657 2889 5715 Cistercienses
2945 5673 3080 5727 ms.,
3118 5662 3179 5716 in
3225 5660 3398 5718 nobis.
3433 5659 3630 5716 Variat
3661 5662 3718 5715 et
3765 5658 4006 5713 Graecus

2354 5736 2568 5803 textus,
2606 5728 2730 5808 ὑμῖν
2760 5736 2816 5786 et
2839 5731 2996 5805 ἡμῖν.
