4310 6614
358 497 483 561 645
1232 487 1748 556 COMMENTAB.
1794 491 1870 552 1N
1917 484 2166 553 EPIST.
2211 491 2314 552 AD
2357 488 2904 556 PHILEMONEM.
3657 496 3776 557 646

371 648 543 705 opere
573 628 926 700 nosceretur)
958 631 1014 683 et
1046 642 1148 700 pro
1181 624 1520 681 Philemone
1551 640 1784 696 semper
1813 640 2011 680 orasse
2044 632 2095 698 Α
2125 627 2182 679 et
2203 624 2434 695 justitia
2468 625 2561 679 Dei
2594 625 2652 679 in
2683 641 2749 681 ea
2781 624 3064 682 reveletur
3092 644 3160 683 ex
3195 628 3309 684 ﬁde
3361 627 3418 683 in
3473 629 3668 699 ﬁdem,
3702 629 3782 684 si-

376 720 644 792 Paulum,
676 716 949 775 credibile
980 720 1106 772 est:
1151 731 1267 787 quo
1317 714 1538 771 scilicet
1586 714 1730 770 ﬁdes
1781 719 1839 768 et
1887 713 2024 768 cha-
2135 719 2232 768 cut
2261 715 2545 786 scriptum
2576 718 2700 768 est:
2734 715 2917 770 Justus
2938 720 3119 771 autem
3143 734 3212 772 ea:
3241 717 3351 787 ﬁde
3378 718 3514 773 vicit
3551 719 3786 789 (Hebae.

376 811 518 868 ritas
549 826 723 882 quam
750 807 1006 863 habebat
1034 804 1093 860 in
1153 803 1407 872 Christo,
1441 808 1497 860 et
1525 803 1585 858 in
1633 819 1838 858 omnes
1874 803 2026 860 752
2137 821 2199 869 ιι,
2236 805 2309 874 4).
2346 802 2683 875 Przecipitur
2715 808 2772 858 et
2804 803 2860 858 in
2894 804 3006 859 alio
3033 804 3158 861 loco
3187 823 3199 862 :
3230 806 3418 862 Sancti
3447 809 3629 876 estote,
3653 823 3784 878 quo-

379 903 610 957 sanctos
641 898 789 969 ejus,
823 912 927 968 per
970 892 1564 950 communicationem
1626 892 1782 961 ﬁdei,
1816 896 1872 947 et
1900 908 2029 964 ope-
2136 894 2294 948 niam
2323 908 2420 964 ego
2467 896 2688 948 sanctus
2741 910 2885 960 sum,
2945 893 3077 948 dicit
3138 896 3404 950 Dominus
3455 897 3593 952 Deus
3620 905 3796 951 vester

379 987 662 1043 rationem
695 982 1013 1058 agnitionis
1044 982 1104 1038 iu
1137 981 1294 1038 omni
1333 982 1505 1048 bono,
1538 981 1753 1036 Christi
1802 979 2030 1036 miseri-
2141 983 2328 1048 (Leiit.
2359 999 2474 1050 xix,
2500 982 2578 1052 2.)
2633 982 2843 1038 Eadem
2905 983 3187 1038 sanctitas
3241 984 3423 1040 servis
3473 986 3716 1040 debetur
3744 989 3802 1040 et

383 1075 579 1132 cordia
609 1079 977 1140 servaretur;
1025 1076 1084 1127 et
1130 1071 1200 1125 de
1249 1069 1532 1125 charitate
1571 1069 1807 1140 quidem
1854 1085 2028 1140 quam
2143 1071 2427 1125 Domino:
2463 1077 2520 1125 et
2568 1071 2943 1126 sanctiﬁcans
2996 1071 3214 1144 quippe
3260 1078 3318 1127 et
3348 1073 3702 1147 sanctiﬁcati
3732 1091 3801 1129 ex

386 1166 636 1220 habebat
665 1163 724 1218 in
755 1162 985 1220 Christo
1013 1161 1172 1226 Jesu,
1208 1165 1266 1214 et
1295 1159 1352 1213 in
1382 1174 1585 1214 omnes
1617 1162 1851 1213 sanctos
1883 1158 2032 1227 ejus,
2063 1171 2073 1182 ‘
2145 1177 2259 1214 uno
2292 1175 2518 1214 omnes.
2556 1159 2677 1213 Non
2713 1163 2988 1230 putemus
3016 1160 3198 1216 levem
3254 1161 3615 1218 Philemonis
3659 1179 3800 1234 prae-

385 1271 502 1310 non
534 1251 790 1308 difﬁcilis
822 1248 1219 1322 interpretatio
1251 1253 1376 1303 est:
1412 1263 1526 1318 qua
1558 1252 1690 1318 post
1728 1247 1909 1301 Deum
1948 1246 2033 1300 di-
2146 1247 2517 1313 dicationem,
2578 1248 2625 1302 si
2687 1248 2888 1302 eadem
2949 1249 3120 1303 ﬁdem
3182 1249 3396 1305 habeat
3458 1252 3514 1305 in
3565 1257 3798 1307 sanctos

2148 1353 2324 1408 quam
2358 1341 2414 1392 et
2445 1336 2501 1390 in
2534 1337 2738 1392 Deum.
2773 1337 2879 1400 Qui
2914 1337 3098 1392 crebit
3130 1343 3308 1393 Deum
3343 1345 3611 1395 sanctum
3647 1357 3798 1407 esse,

2150 1427 2352 1498 utique
2387 1443 2497 1480 non
2533 1430 2708 1480 errat.
2737 1425 2896 1490 Quod
2933 1425 2981 1480 si
3014 1427 3148 1498 quis
3177 1427 3478 1482 hominem
3535 1429 3632 1500 qui
3667 1446 3802 1484 san-

2153 1519 2281 1569 ctus
2318 1531 2430 1569 non
2463 1519 2570 1582 est,
2604 1518 2872 1568 sanctum
2907 1531 3035 1570 esse
3065 1514 3394 1586 crediderit,
3425 1520 3482 1571 et
3516 1516 3613 1571 Dei
3666 1533 3800 1573 eum

387 1343 566 1416 ligere
605 1341 888 1413 jubemus
935 1343 992 1393 et
1051 1336 1362 1409 proximos.
1397 1335 1562 1391 Nunc
1595 1334 1701 1390 hoc
1733 1335 2036 1406 quaeritur,

389 1431 685 1504 quomodo
706 1428 972 1486 eamdem
996 1427 1171 1483 ﬁdem
1196 1426 1253 1480 in
1277 1425 1506 1481 Christo
1523 1424 1660 1480 Jesu
1680 1423 1892 1479 habere
1906 1423 2039 1494 quis

393 1519 596 1593 possit,
631 1523 688 1574 et
714 1519 771 1573 in
807 1520 1038 1574 sanctos
1068 1517 1232 1587 ejus;
1259 1512 1365 1566 ἀπὸ
1395 1517 1582 1567 κοινοῦ
1614 1513 1769 1568 enim
1806 1517 2041 1568 resonat

393 1609 736 1666 charitatem
769 1624 944 1678 quam
967 1605 1149 1659 habes
1172 1603 1228 1658 in
1247 1602 1486 1658 Domino
1509 1601 1810 1671 Jesu,etin
1838 1617 2042 1656 omnes
2143 1603 2405 1675 junxerit
2435 1603 2719 1667 societati,
2753 1601 3058 1658 Christum
3089 1603 3288 1672 violat,
3322 1605 3492 1674 cujus
3544 1607 3807 1677 corporis

394 1703 626 1753 sanctos
657 1697 818 1766 ejus:
853 1700 911 1751 et
940 1694 1113 1748 ﬁdem
1139 1695 1178 1756 ¹,
1223 1709 1397 1764 quam
1451 1693 1628 1747 habes
1681 1692 1740 1745 iu
1791 1690 2040 1745 Domino
2154 1710 2357 1748 omnes
2391 1692 2647 1747 membra
2680 1709 2909 1746 sumus.
2937 1694 3045 1760 Qui
3063 1693 3218 1760 dicit,
3243 1693 3456 1765 inquit,
3482 1695 3692 1758 iustum
3721 1698 3808 1750 in-

393 1787 554 1853 Jesu,
584 1790 639 1839 et
666 1784 726 1838 in
755 1799 959 1839 omnes
990 1787 1226 1838 sanctos
1282 1781 1432 1852 ejus.
1485 1781 1561 1835 Ad
1622 1779 2043 1851 expositionem
2145 1782 2718 1852 justum,etinjustum
2736 1781 2972 1850 justum,
3003 1781 3395 1837 abominabilis
3415 1783 3806 1856 uterQueapud

395 1876 576 1945 hujus
605 1872 714 1928 loci
745 1873 816 1928 de
839 1871 1031 1927 Exodo
1065 1887 1374 1926 sumamus
1405 1870 1735 1941 exemplum
1762 1885 1774 1924 :
1806 1867 2049 1923 Credidit
2156 1871 2323 1925 Deum
2354 1878 2431 1925 est
2457 1871 2637 1939 (Prov.
2663 1870 2926 1938 xvu,15):
2955 1868 3225 1925 similiter
3247 1870 3346 1942 qui
3370 1877 3640 1927 sanetum
3665 1873 3808 1928 dicit

390 1963 625 2037 populus
656 1963 758 2017 Deo
791 1965 842 2016 et
873 1961 1040 2032 Moysi
1067 1976 1218 2016 servo
1247 1961 1362 2032 ejus
1393 1959 1584 2031 (Exod.
1617 1975 1730 2024 xxv,
1761 1958 1873 2028 31).
1923 1956 2047 2012 Una
2085 1998 2126 2037 η
2157 1976 2286 2014 esse
2316 1975 2430 2014 non
2463 1965 2750 2026 sanctum,
2783 1964 2841 2013 et
2871 1975 3107 2014 rursum
3139 1977 3255 2015 non
3307 1967 3602 2028 sanctum,
3646 1978 3804 2018 asse-

399 2057 578 2124 atque
602 2051 806 2106 eadem
838 2048 1154 2105 credulitas
1212 2049 1270 2104 in
1324 2052 1554 2121 Moysen
1605 2049 1874 2118 refertur,
1903 2050 1960 2101 et
1990 2045 2048 2100 in

399 2141 581 2197 Deum
608 2157 621 2195 :
657 2145 722 2194 ut
742 2138 994 2211 populus
1025 2137 1125 2210 qui
1158 2137 1432 2193 credebat
1465 2137 1522 2192 in
1549 2137 2054 2206 Dominum,eeque

409 2229 730 2285 credidisse
760 2227 988 2282 dicatur
1035 2227 1141 2296 (Al.
1198 2225 1507 2296 scribatur)
1561 2226 1619 2280 in
1652 2240 1904 2280 servum.
1937 2224 2056 2278 Hoc

409 2322 605 2374 autem
637 2333 752 2373 non
786 2316 977 2372 solum
1008 2315 1064 2369 in
1100 2314 1316 2386 Moyse,
1339 2315 1437 2370 sed
1465 2315 1524 2368 in
1545 2313 1820 2369 omnibus
1839 2312 2056 2368 sanctis

408 2409 536 2479 ejus
567 2414 654 2462 est
689 2424 702 2472 ;
734 2409 800 2460 ut
840 2405 1174 2477 quicunque
1222 2403 1468 2459 credidit
1527 2402 1663 2470 Deo,
1716 2402 1884 2457 aliter
1929 2403 2058 2472 ejus

410 2497 583 2552 ﬁdem
618 2496 872 2567 recipere
903 2511 1017 2550 non
1049 2497 1244 2565 queat,
1272 2492 1384 2548 nisi
1416 2493 1612 2548 credat
1639 2496 1698 2568 et
1730 2491 1787 2545 in
1823 2496 2060 2546 sanctos

410 2585 692 2658 ejus.Non
715 2589 806 2640 est
829 2583 984 2638 enim
1009 2583 1066 2637 in
1082 2583 1263 2638 Deum
1292 2581 1545 2654 perfecta
1565 2581 1801 2641 dilectio
1817 2585 1874 2635 et
1894 2581 2059 2648 ﬁdes,

413 2691 540 2747 quas
563 2674 619 2729 in
644 2673 948 2728 ministros
973 2673 1100 2743 ejus
1133 2671 1266 2726 odio
1297 2676 1355 2726 et
1385 2669 1727 2726 inﬁdelitate
1765 2674 2059 2725 tenuatur.

416 2764 578 2830 Quod
611 2768 806 2819 autem
839 2762 989 2828 dico,
1050 2759 1165 2816 tale
1221 2765 1348 2816 est:
1397 2759 1642 2815 credidit
1691 2759 1799 2829 (Al.
1860 2759 2062 2828 credit)

417 2852 711 2925 quispiam
739 2851 798 2906 in
823 2850 1181 2908 conditorem
1211 2849 1425 2905 Deum:
1452 2865 1565 2903 non
1589 2853 1781 2920 potest
1811 2849 2062 2917 credere,

423 2941 536 2996 nisi
559 2940 723 3013 prius
753 2937 1081 3005 crediderit,
1105 2938 1177 2994 de
1208 2938 1430 2993 sanctis
1460 2938 1588 3008 ejus
1619 2953 1750 2992 vera
1779 2953 1907 2992 esse
1941 2953 2064 3008 quae

424 3031 642 3103 scripta
672 3034 846 3086 sunt:
875 3029 1058 3084 Adam
1116 3044 1148 3082 a
1210 3032 1320 3083 Deo
1379 3026 1760 3099 plasmatum,
1798 3030 1968 3080 Evam
2001 3042 2068 3080 ex

425 3123 584 3176 costa
613 3118 794 3189 illius,
817 3122 873 3174 et
897 3117 1076 3173 latere
1107 3115 1668 3183 fabricatam,Enoch
1691 3115 2066 3185 translatum,

426 3208 544 3265 Noe
573 3207 855 3281 naufrago
885 3206 1078 3262 solum
1107 3207 1246 3262 orbe
1275 3208 1571 3261 servatum
1599 3223 1612 3272 ;
1648 3205 1800 3275 quod
1843 3205 2069 3275 primus

425 3297 718 3354 Abraham
752 3299 823 3353 de
844 3303 999 3352 terra
1028 3313 1157 3363 sua,
1187 3300 1243 3351 et
1279 3294 1624 3367 cognatione
1644 3296 1852 3363 jussus
1893 3294 2066 3364 exire,

2162 2048 2237 2104 rit
2266 2052 2556 2113 sanctum,
2591 2046 3003 2103 abominabilis
3034 2049 3187 2120 apud
3221 2048 3406 2104 Deum
3441 2055 3548 2105 est.
3592 2051 3808 2106 Omnes

2163 2139 2488 2205 credentes,
2521 2137 2845 2192 secundum
2906 2135 3281 2208 Apostolum,
3317 2137 3536 2194 Christi
3598 2156 3812 2212 corpus

2164 2225 2500 2282 efﬁciuntur
2549 2225 2651 2296 (Al.
2699 2225 3014 2295 efﬁcimur)
3072 2227 3119 2293 (I
3177 2226 3305 2282 Cor.
3335 2244 3440 2296 x11,
3470 2229 3582 2300 27).
3617 2229 3725 2292 Qui
3758 2229 3816 2284 in

2165 2314 2379 2370 Christi
2414 2329 2652 2386 corpore
2708 2319 2865 2371 errat
2912 2319 2967 2368 et
3024 2313 3263 2383 labitur,
3313 2333 3582 2372 asserens
3629 2334 3812 2374 mem-

2168 2405 2338 2460 brum
2373 2405 2502 2474 ejus
2541 2402 2628 2459 vel
2659 2408 2932 2458 sanctum
2965 2420 3114 2472 esse,
3137 2420 3270 2460 cum
3299 2422 3413 2461 non
3445 2406 3559 2462 sit:
3585 2406 3669 2463 vel
3703 2424 3816 2463 non

2171 2497 2438 2549 sanctum
2471 2508 2618 2558 esse,
2645 2509 2776 2547 cum
2810 2497 3081 2548 sanctum
3116 2493 3212 2560 sit,
3245 2494 3375 2549 vide
3416 2495 3576 2567 quali
3614 2498 3819 2552 crimi-

2173 2597 2243 2635 ne
2275 2581 2557 2636 obnoxius
2587 2580 2723 2636 ﬁat:
2765 2581 2866 2650 Vae,
2916 2581 2997 2636 ait
3046 2581 3249 2650 Isaias,
3299 2585 3397 2654 qui
3447 2583 3636 2640 dicunt
3664 2585 3821 2642 dulce

2173 2687 2448 2735 amarum,
2472 2679 2522 2725 et
2552 2685 2806 2724 amarum
2833 2669 3028 2725 dulce:
3052 2679 3312 2742 ponentes
3340 2673 3592 2728 tenebras
3621 2674 3818 2742 lucem,

2173 2764 2222 2815 et
2255 2760 2428 2814 lucem
2455 2759 2704 2814 tenebras
2734 2759 2858 2828 (lsa.
2884 2775 2936 2828 v,
2956 2761 3069 2831 20).
3099 2758 3294 2829 Dulce,
3321 2767 3460 2831 puto
3492 2778 3619 2817 esse
3650 2779 3820 2819 sanc-

2177 2847 2481 2903 timoniam
2508 2864 2520 2901 :
2547 2864 2837 2911 amarum,
2861 2849 3016 2919 quod
3040 2849 3442 2904 sanctimoniae
3465 2853 3822 2908 contrarium

2176 2941 2265 2992 est
2289 2955 2302 3004 ;
2333 2953 2494 3007 mque
2523 2936 2622 2991 lux
2651 2937 3038 2991 sanctimonia
3067 2936 3311 3010 intelligi
3346 2943 3556 3010 potest,
3574 2942 3825 2996 tenebras

2179 3026 2478 3081 contrariae
2510 3026 2824 3080 sanctitati.
2849 3025 2990 3089 Quis
3021 3030 3194 3098 putas
3239 3045 3270 3082 e
3303 3028 3470 3084 nobis
3503 3029 3824 3100 probandis

2180 3113 2640 3169 numismatibus
2686 3113 2933 3169 callidus
2991 3115 3290 3188 trapezita,
3323 3133 3438 3171 non
3494 3119 3714 3174 errabit
3762 3113 3820 3175 in

2179 3201 2530 3259 discretione
2562 3207 2901 3258 sanctorum
2924 3203 2951 3257 ‘l
2997 3203 3103 3268 Qui
3153 3220 3288 3259 cum
3328 3204 3387 3260 in
3421 3206 3607 3262 Deum
3640 3206 3728 3262 vel
3762 3208 3820 3264 in

2181 3297 2416 3348 sanctos
2429 3293 2556 3362 ejus
2579 3290 2859 3363 aequalem
2885 3290 3225 3348 charitatem
3249 3293 3602 3361 habuerit,et
3623 3296 3819 3363 ﬁdem,

429 3386 940 3457 circumcisionem
973 3400 1149 3456 quam
1182 3384 1240 3438 in
1273 3383 1507 3455 signum
1541 3383 1749 3438 futurae
1781 3381 1960 3454 prolis
1984 3398 2074 3438 ac-
2103 3364 2145 3430 (ἶ
2183 3381 2370 3454 ipsius
2402 3379 2534 3435 ﬁdei
2593 3379 3181 3436 communicationem
3240 3382 3414 3438 debet
3461 3383 3674 3440 habere
3706 3402 3823 3441 non

430 3480 682 3549 ceperat,
745 3473 995 3540 posteris
1053 3471 1404 3544 dereliquit:
1465 3472 1619 3542 quod
1653 3472 1814 3526 Isaac
1845 3471 2076 3528 oblatus

429 3565 667 3620 victima
689 3565 786 3630 sit,
805 3568 862 3619 et
884 3579 987 3635 pro
1011 3561 1108 3617 illo
1134 3561 1284 3616 aries
1328 3560 1689 3628 immolatus,
1739 3564 2076 3617 coronatus-

430 3670 542 3726 que
573 3653 861 3722 sentibus,
898 3651 1228 3724 passionem
1262 3649 1492 3705 Domini
1517 3649 1860 3704 deformarit
1885 3667 1896 3704 :
1922 3651 2076 3721 quod

430 3743 660 3816 Moyses
688 3747 742 3797 et
784 3745 966 3797 Aaron
1018 3740 1219 3795 decem
1272 3737 1461 3810 plagis
1506 3739 1814 3811 {Egyptum
1861 3738 2076 3793 afﬂixe-

429 3832 549 3887 rint
573 3849 586 3888 :
606 3831 757 3904 quod
785 3831 852 3886 ad
878 3846 1074 3885 vocem
1095 3829 1233 3884 Jesu
1263 3827 1366 3882 ﬁlii
1392 3828 1545 3883 Nave
1567 3843 1879 3899 precesque
1909 3833 2082 3884 stete-

431 3921 508 3976 rit
535 3920 622 3976 sol
653 3920 712 3975 in
745 3919 1004 3989 Gabaon,
1029 3923 1086 3974 et
1120 3918 1259 3973 luna
1309 3917 1367 3971 in
1420 3916 1566 3972 valle
1594 3916 1779 3972 Ailon.
1814 3917 2079 3988 Longum

430 4015 520 4066 est
549 4009 818 4065 universa
846 4010 867 4043 ²
894 4008 1169 4064 Judicum
1203 4011 1368 4079 gesta
1398 4022 1734 4077 percurrere
1759 4023 1770 4060 :
1807 4011 1864 4061 et
1894 4011 2079 4062 totam

431 4099 678 4155 Samson
713 4097 992 4166 fabulam,
1028 4098 1096 4152 ad
1129 4097 1245 4152 veri
1278 4096 1418 4152 solis
1449 4096 1580 4166 (hoc
1609 4095 1823 4168 quippe
1868 4112 2080 4152 nomen

434 4190 562 4257 ejus
594 4190 784 4259 sonat)
816 4187 1047 4243 trahere
1081 4191 1538 4241 sacramentum.
1577 4186 1657 4239 Ad
1712 4185 1934 4257 Regum
1970 4185 2078 4255 (Al.

437 4275 787 4348 Regnorum)
819 4277 997 4332 libros
1027 4276 1253 4331 veniam
1286 4275 1521 4345 quando
1555 4274 1612 4328 in
1635 4278 1896 4346 tempore
1925 4291 2082 4330 mes-

437 4364 541 4430 sis,
575 4364 914 4420 obsecrante
943 4362 1444 4434 Samuele,pluviae
1478 4363 1549 4418 de
1580 4362 1808 4430 ceelo,et
1838 4363 2084 4418 ﬂumina

435 4459 669 4525 repente
700 4458 1051 4509 manarunt:
1086 4458 1139 4508 et
1177 4451 1348 4507 David
1385 4455 1597 4506 unctus
1627 4451 1684 4506 in
1715 4468 1907 4524 regem
1954 4456 2079 4508 est:

435 4547 490 4598 et
521 4542 750 4598 Nathan
785 4544 936 4600 753
969 4547 1028 4598 et
1057 4542 1175 4598 Gad
1222 4539 1718 4613 prophetaverunt
1768 4540 2079 4612 mysteria;

434 4649 568 4688 cum
597 4632 750 4688 Elias
779 4631 948 4705 igneo
982 4635 1184 4704 raptus
1216 4635 1303 4686 est
1335 4647 1528 4697 curru,
1561 4635 1619 4684 et
1643 4628 1885 4685 Elisaaus
1918 4629 2084 4701 spiri-

2186 3471 2480 3542 disparem
2505 3485 2517 3523 :
2550 3473 2614 3524 ut
2633 3469 2784 3525 sicut
2805 3469 2988 3524 credit
3009 3475 3066 3526 et
3096 3469 3306 3542 diligit,
3333 3471 3412 3526 ita
3455 3473 3825 3530 dilectionem

2188 3576 2356 3615 suam
2387 3563 2444 3613 et
2475 3559 2648 3613 ﬁdem
2680 3573 2853 3630 opere
2883 3563 3208 3614 consumat.
3239 3559 3396 3615 Unde
3447 3561 3531 3616 ait
3585 3562 3831 3620 Evidens

2188 3650 2281 3720 ﬁat
2311 3651 2370 3703 in
2399 3649 2680 3716 agnitione
2709 3649 2891 3704 omnis
2921 3647 3048 3703 boni
3068 3665 3087 3708 :
3117 3649 3236 3704 sive
3266 3653 3330 3704 ut
3387 3649 3444 3705 in
3477 3650 3672 3708 Graeco
3705 3669 3832 3709 me-

2188 3739 2302 3794 lius
2333 3738 2600 3802 habetur,
2627 3737 2866 3807 efﬁcax;
2900 3738 3051 3794 754
3100 3733 3325 3812 ἐνεργὴς
3381 3741 3538 3795 enim
3598 3743 3833 3814 proprie

2191 3826 2490 3883 transferri
2521 3831 2729 3898 potest,
2757 3827 2981 3900 efﬁcax,
3014 3827 3134 3882 sive
3162 3830 3478 3900 operatrix:
3501 3835 3566 3885 ut
3599 3848 3712 3887 non
3739 3849 3832 3888 so-

2189 3917 2312 3973 lum
2347 3917 2518 3972 ﬁdem
2544 3915 2732 3984 nobis,
2758 3921 2815 3972 et
2843 3916 3188 3973 charitatem
3214 3918 3270 3973 in
3290 3918 3557 3985 Deum,et
3581 3920 3636 3976 in
3662 3937 3832 3977 sanc-

2192 4012 2279 4062 tos
2311 4008 2438 4076 ejus
2471 4006 2740 4060 sufﬁcere
2796 4021 2969 4076 posse
3025 4007 3370 4076 credamus;
3432 4009 3534 4065 sed
3584 4009 3641 4064 in
3676 4011 3831 4082 quod

2191 4095 2482 4150 credimus
2511 4095 2620 4163 (Al.
2653 4094 2950 4164 creditur),
3005 4110 3175 4165 opere
3218 4095 3598 4168 compleatur.
3644 4097 3840 4155 Potest

2193 4189 2384 4239 autem
2411 4183 2691 4251 accidere,
2715 4187 2778 4237 ut
2799 4183 2932 4254 quis
2974 4183 3183 4238 habeat
3204 4185 3401 4252 ﬁdem,
3435 4191 3490 4240 et
3515 4203 3641 4241 eam
3665 4203 3838 4258 opere

2192 4277 2592 4328 consummet:
2628 4287 2829 4326 verum
2861 4271 3205 4343 simpliciter
3260 4278 3313 4328 et
3372 4275 3548 4342 unde,
3585 4292 3698 4331 non
3733 4276 3841 4332 ha-

2191 4362 2337 4418 bens
2363 4361 2721 4434 agnitionem
2753 4376 2858 4416 nec
2915 4360 3219 4416 scientiam
3278 4363 3426 4433 ejus,
3473 4364 3644 4434 juxta
3691 4363 3838 4422 illud

2192 4451 2448 4524 Apostoli
2480 4471 2492 4508 :
2528 4451 2792 4518 Conﬁteor
2809 4451 2989 4506 zelum
3013 4453 3120 4507 Dei
3140 4453 3354 4525 habent,
3379 4454 3472 4509 sed
3500 4471 3612 4510 non
3641 4473 3837 4512 secun-

2191 4543 2322 4597 dum
2370 4542 2664 4596 scientiam
2720 4543 2895 4612 (Rom.
2955 4559 3008 4607 x,
3042 4543 3118 4610 ‘2).
3177 4543 3325 4597 Sunt
3372 4543 3543 4600 hodie
3576 4544 3838 4618 plerique

2193 4629 2573 4702 simplicium,
2610 4629 2710 4702 qui
2740 4630 2962 4685 faciunt
2993 4647 3166 4702 opera
3188 4631 3456 4705 justitiae,
3487 4637 3544 4690 et
3581 4651 3697 4690 non
3730 4634 3840 4692 ha-

433 4726 497 4776 tu
539 4719 758 4793 duplici
818 4726 1087 4777 mortuus
1138 4726 1436 4775 mortuum
1496 4718 1822 4774 suscitavit.
1855 4719 1982 4773 Haec
2026 4722 2084 4774 et
2115 4742 2158 4806 Β
2196 4721 2334 4775 bent
2363 4736 2562 4775 eorum
2597 4735 2724 4791 qua:
2779 4719 2890 4791 ipsi
2939 4726 3256 4792 operantur
3304 4722 3633 4780 scientiam.
3679 4724 3842 4781 Unde

441 4815 649 4866 czetera
678 4827 806 4881 qua:
836 4811 907 4867 de
938 4810 1159 4867 sanctis
1198 4809 1416 4881 scripta
1446 4813 1604 4876 sunt,
1640 4808 1752 4863 nisi
1784 4808 1918 4880 quis
1947 4808 2082 4863 uni-

433 4913 601 4970 versa
630 4897 961 4964 crediderit,
994 4899 1053 4954 in
1085 4898 1267 4954 Deum
1299 4902 1635 4953 sanctorum
1688 4897 1920 4952 credere
1968 4913 2084 4953 non

437 4986 691 5044 valebit:
729 5003 834 5042 nec
865 4988 1075 5044 adduci
1107 4987 1177 5043 ad
1213 4987 1384 5042 ﬁdem
1427 4985 1651 5042 Veteris
1704 4987 2084 5055 Testamenti,

438 5077 550 5133 nisi
599 5093 963 5150 quiscunque
1019 5079 1089 5134 de
1148 5075 1495 5149 patriarchis
1551 5080 1606 5131 et
1660 5075 1979 5148 prophetis,
2031 5082 2089 5132 et

439 5165 570 5221 aliis
601 5165 934 5239 insignibus
975 5167 1119 5222 viris
1173 5169 1372 5220 narrat
1419 5163 1682 5231 historia,
1745 5167 2088 5237 comproba-

439 5254 562 5310 rit3
593 5259 658 5310 ut
686 5272 753 5311 ex
785 5256 897 5312 ﬁde
935 5256 1124 5329 Legis.
1182 5255 1253 5309 ad
1305 5254 1480 5309 ﬁdem
1526 5253 1722 5309 veniat
1770 5253 2086 5326 Evangelii,

513 5400 526 5434 ¹
563 5398 916 5456 Sull‘ecimus
948 5401 1042 5456 hic
1073 5400 1142 5456 ad
1173 5415 1283 5454 ms.
1317 5395 1717 5452 Cisterciensis
1749 5397 2085 5453 vetustioris

437 5471 848 5528 auctoritatem
878 5473 1027 5528 duos
1079 5487 1285 5528 versus
1326 5472 1771 5541 consequentes,
1821 5478 1873 5525 et
1904 5468 2082 5538 fidem,

436 5559 607 5616 quam
636 5543 802 5599 habes
831 5546 892 5599 in
946 5546 1174 5616 Domino
1227 5546 1380 5616 Jesu,
1439 5550 1496 5616 et
1545 5542 1604 5595 in
1634 5556 1848 5616 cinnes
1875 5547 2088 5616 sanctos

437 5611 576 5687 ejus,
610 5616 712 5686 qui
742 5620 800 5671 et
828 5615 1142 5672 necessarii
1166 5613 1404 5686 quidem
1436 5611 1755 5687 integritati
1787 5613 2087 5668 sententiae

329 5741 334 5745 .
438 5683 598 5754 sunt,
627 5683 689 5742 et
717 5689 1060 5744 earumdem
1089 5683 1330 5742 recursu
1358 5683 1592 5752 vocum,
1621 5683 1837 5756 quibus
1868 5689 1926 5739 et
1956 5700 2085 5756 pro-

436 5758 592 5832 ;ime
622 5758 890 5832 superior
919 5755 1528 5832 sensusterminatur,
1550 5755 1937 5832 amanuengis
1952 5755 2089 5832 pcu-

436 5829 548 5902 los,
581 5827 714 5890 tam'
733 5847 886 5908 sape
913 5830 1081 5889 obvio
1131 5829 1298 5905 lapsu
1349 5828 1593 5904 putandi
1623 5832 1764 5886 sunt
1791 5827 2085 5903 effugisse.

2196 4808 2456 4864 addidit:
2495 4809 2557 4864 Ut
2585 4811 3006 4864 communicatio
3037 4809 3166 4878 ﬁdei
3195 4814 3304 4866 tua:
3337 4815 3631 4884 operutria:
3656 4815 3758 4884 ﬁat
3786 4817 3846 4869 in

2195 4899 2476 4968 agnitione
2503 4900 2681 4953 omnis
2710 4898 2854 4953 boni.
2888 4897 3137 4961 Quantis
3168 4901 3450 4973 gradibus
3487 4905 3844 4975 quantisque

2197 4986 2466 5052 saltibus,
2497 4986 2852 5059 apostolicus
2885 4987 2942 5042 in
2977 4988 3184 5044 altiora
3215 5006 3408 5046 sermo
3433 4993 3454 5025 ‘
3505 5008 3565 5047 se
3614 4991 3848 5047 tendit?

2198 5076 2383 5131 Habet
2413 5076 2706 5148 quispiam
2756 5075 3098 5132 charitatem
3149 5083 3206 5134 et
3265 5080 3441 5136 ﬁdem
3481 5080 3540 5135 in
3577 5082 3754 5136 Deum
3786 5086 3846 5136 et

2197 5165 2255 5219 in
2289 5171 2523 5221 sanctos
2553 5165 2680 5236 ejus
2711 5181 2723 5222 :
2757 5166 2854 5221 sed
2890 5166 3130 5221 forsitan
3173 5183 3288 5223 non
3345 5167 3554 5239 aequali
3598 5185 3724 5223 eam
3783 5170 3842 5225 in

2197 5270 2400 5310 omnes
2434 5254 2597 5310 lance
2629 5256 3042 5311 communicet.
3076 5255 3480 5312 Communicet
3507 5257 3747 5313 forsitan
3780 5259 3840 5315 in

2198 5397 2472 5473 Rabanus
2503 5415 2736 5473 quoque
2765 5398 2823 5453 in
2855 5415 2961 5454 suo
2993 5397 3128 5452 olim
3162 5398 3475 5473 exemplari
3507 5399 3664 5473 legit.

2269 5471 2295 5542 ²ν
2322 5474 2430 5524 Pro
2455 5470 2745 5542 universa,
2781 5487 2969 5542 quam,
2990 5485 3190 5542 vocem
3222 5470 3545 5542 rectissime
3567 5470 3716 5529 inss.
3745 5491 3846 5530 no-

2197 5541 2300 5596 stri
2335 5541 2727 5612 substituunt,
2761 5541 2933 5598 antea
2961 5541 3280 5613 legebatur,
3315 5541 3559 5598 diversa.

2267 5615 2288 5695 ξ
2317 5613 2483 5695 έδρᾳὰ
2514 5613 2859 5695 Yictorium,
2889 5629 3021 5668 vera
3049 5613 3448 5695 comprobavit.

2266 5685 2727 5760 ‘Cistercienses
2760 5701 2928 5753 mss.,
2967 5685 3297 5760 quantisque
3347 5687 3732 5759 progressibus
3787 5692 3846 5748 in

2195 5756 2402 5815 altiora
2435 5772 2630 5825 sermo,
2663 5761 2774 5814 etc.
