4310 6600
544 496 660 555 647

1791 485 1856 548 S.
1905 478 2212 547 EUSEBll
2259 477 2707 545 HIEBONYMI

3832 464 3954 548 63%

547 629 813 691 cunctos,
844 622 944 678 sed
977 637 1147 695 opere
1177 637 1292 677 non
1320 619 1578 693 expleat:
1612 617 1909 674 voluntate
1949 616 2190 688 impleat
2221 618 2272 682 Α
2305 617 2614 671 fessionem
2646 615 2878 680 Christi,
2915 615 3130 672 Paulus
3182 615 3375 672 Romae
3416 623 3570 672 esset
3602 616 3660 672 in
3693 633 3950 688 carcere,

545 713 798 785 aliquis‘
826 716 882 766 et
912 727 1102 782 opere,
1133 711 1233 766 sed
1265 715 1562 774 gestorum
1594 723 1834 764 suorum
1868 707 2182 778 perfectam

545 802 759 857 habere
791 817 904 854 non
937 803 1128 870 potest
1158 799 1477 853 notionem.
1524 797 1611 850 Sit
1640 795 1774 850 talis
1822 809 2053 865 quoque
2085 791 2184 864 qui

539 898 593 945 ct
623 907 768 960 opus
802 889 1010 944 habent
1041 892 1100 942 et
1129 887 1455 950 scientiam,
1485 885 1583 940 sed
1636 901 1750 938 non
1800 882 1996 937 omnis
2027 881 2183 953 agni-

535 981 753 1034 tionem
783 978 957 1033 habet
987 977 1121 1032 boni
1153 995 1165 1043 ;
1200 975 1388 1030 multa
1439 973 1594 1027 enim
1633 973 1821 1042 :‘juste,
1857 974 2182 1033 mansuete,

539 1068 1311 1140 studiosequeperpetrans,
1364 1063 1554 1133 impar
1609 1067 1697 1116 est
1740 1061 1864 1114 suis
1896 1059 1951 1112 in
1986 1058 2184 1129 aliqua

539 1160 704 1228 parte
737 1154 1175 1209 virtutibus.An
1221 1168 1334 1205 non
1395 1149 1528 1204 talis
1587 1147 1940 1203 Philemon?
1999 1148 2183 1202 Habet

537 1246 754 1316 quippe
785 1239 1373 1298 communicationem
1405 1237 1745 1309 operatricis
1780 1237 1932 1306 ﬁdei,
1965 1241 2021 1291 et
2042 1236 2178 1291 cha-

540 1333 731 1388 ritatis
762 1332 819 1386 in
854 1329 1146 1402 agnitione
1175 1328 1367 1383 omnis
1400 1327 1555 1381 boni.
1581 1327 1715 1390 Quia
1749 1342 1883 1380 cum
1915 1325 1972 1380 in
2005 1341 2177 1396 apos-

537 1420 670 1476 tolis
701 1421 798 1485 sit,
833 1436 944 1474 non
986 1434 1113 1472 eam
1147 1421 1420 1489 putemus
1447 1417 1518 1470 ob
1548 1415 1605 1470 id
1638 1421 1865 1470 tantum
1897 1430 2025 1469 esse
2051 1430 2176 1485 per-

533 1510 762 1575 fectam,
793 1509 840 1563 si
873 1509 930 1562 in
964 1506 1080 1561 illis
1110 1506 1224 1562 sit:
1258 1505 1358 1560 sed
1393 1505 1448 1558 in
1481 1521 1547 1559 eo
1582 1508 1763 1559 totam
1795 1519 1923 1558 esse
1946 1504 1986 1568 9,
2038 1501 2177 1573 quia

532 1597 743 1652 Christi
772 1601 880 1663 est,
915 1599 979 1650 ut
1005 1593 1288 1666 quidquid
1327 1593 1486 1657 boni,
1508 1597 1565 1647 et
1593 1591 1652 1646 in
1675 1591 2017 1646 Philemone
2050 1591 2175 1644 lau-

531 1686 724 1755 datur,
751 1691 807 1741 et
835 1686 904 1740 de
937 1683 1332 1756 apostolorum
1391 1681 1654 1752 exemplo
1699 1679 1990 1735 sumitur:
2038 1679 2173 1733 inde

527 1777 750 1831 bonum
777 1773 872 1836 sit,
907 1774 1046 1845 quia
1075 1773 1146 1828 de
1176 1773 1332 1826 fonte
1362 1770 1574 1825 Christi
1606 1770 1872 1824 ducatur.

601 1863 787 1934 (Vers.
820 1864 901 1929 7.)
932 1884 958 1910 «
992 1860 1284 1916 Gaudium
1314 1858 1469 1914 enim
1503 1874 1782 1929 magnum
1830 1856 2170 1922 habuimus,

525 1955 582 2008 et
613 1951 1074 2008 consolationem
1136 1948 1193 2002 in
1253 1947 1533 2002 charitate
1591 1951 1710 2014 tua,
1762 1946 1901 2016 quia
1950 1945 2173 2000 viscera

527 2045 864 2097 sanctorum
898 2039 1306 2109 requieverunt
1358 2054 1458 2107 per
1509 2040 1586 2098 te,
1641 2036 1835 2089 frater.
1874 2055 1902 2083 ››
1935 2033 2172 2088 Plenius

526 2129 782 2186 inculcat
811 2134 868 2183 et
895 2129 1112 2193 edocet,
1147 2142 1326 2197 quare
1375 2125 1618 2180 dixerit:
1669 2123 1892 2178 Gratias
1937 2139 2039 2194 ago
2067 2125 2170 2178 Deo

525 2235 662 2286 meo,
692 2234 901 2290 semper
955 2217 1277 2271 memoriam
1322 2215 1409 2269 tui
1454 2215 1667 2284 faciens
1716 2214 1775 2267 in
1820 2213 2170 2267 orationibus

526 2311 660 2362 meis
691 2309 852 2379 (vers.
886 2307 960 2373 4).
989 2305 1239 2377 Dignum
1268 2303 1558 2374 siquidem
1592 2307 1716 2356 erat
1753 2317 1921 2373 agere
1952 2301 2170 2372 gratias

524 2395 638 2451 Deo
690 2412 866 2466 super
923 2393 1202 2448 charitate
1271 2390 1649 2455 Philemonis,
1712 2389 1812 2460 qui
1872 2389 2167 2443 internum

523 2484 717 2539 cordis
750 2483 1048 2548 affectum,
1097 2485 1155 2535 et
1214 2480 1529 2552 profondos
1588 2481 1769 2533 animi
1828 2483 2166 2533 sanctorum

522 2589 788 2628 recessus
821 2570 1194 2643 suscipiendo
1225 2570 1518 2624 refecerat.
1548 2568 1611 2622 Et
1643 2567 1750 2622 hoc
1781 2566 2000 2621 idioma
2030 2583 2166 2638 apo-

521 2660 791 2716 stolicum
825 2665 951 2726 est;
989 2663 1050 2713 ut
1076 2674 1308 2728 semper
1335 2656 1555 2711 viscera
1589 2659 1768 2720 vocet,
1801 2654 1999 2710 volens
2045 2655 2164 2726 ple~

522 2767 655 2805 nam
691 2751 905 2805 mentis
935 2748 1242 2804 ostendere
1273 2745 1636 2801 charitatem.
1693 2745 1853 2800 Unde
1902 2745 2165 2816 gaudens

520 2856 652 2894 cum
684 2838 1075 2911 gaudentibus
1124 2836 1296 2907 (Rom.
1359 2850 1458 2905 xu,
1497 2835 1604 2902 15),
1639 2839 1696 2888 et
1752 2850 1885 2888 cum
1939 2834 2029 2888 his
2061 2833 2161 2904 qui

519 2927 945 2998 requieverant,
979 2943 1040 2980 se
1072 2925 1347 2980 refectum
1380 2939 1507 2977 esse
1539 2923 1781 2978 credens
1808 2938 1819 2976 :
1861 2922 2008 2977 755
2061 2921 2162 2976 ha-

518 3018 616 3070 bet
645 3015 899 3069 laetitiam
964 3031 1075 3069 non
1136 3011 1533 3066 transitoriam
1594 3016 1650 3065 et
1710 3010 1914 3077 levem,
1947 3015 2004 3064 et
2036 3027 2162 3082 quae

522 3104 759 3158 fortuito
793 3102 975 3174 possit
1018 3101 1315 3165 accidere;
1370 3099 1469 3153 sed
1530 3115 1825 3170 magnam,
1880 3105 1936 3153 et
1992 3104 2164 3170 prout

518 3196 642 3248 erat
673 3192 730 3245 in
763 3191 1103 3261 Philempne
1133 3187 1408 3257 charitas,
1440 3187 1789 3243 eminentem
1819 3206 1830 3243 :
1861 3206 2032 3258 quam
2066 3206 2163 3243 an-

519 3280 694 3353 gebat
721 3278 1040 3335 consolatio
1071 3294 1246 3349 super
1301 3276 1658 3332 Philemonis
1707 3277 1986 3332 charitate
2025 3278 2160 3333 des-

2295 705 2540 760 credidit
2572 705 2628 758 in
2660 705 2991 760 Christum:
3027 711 3083 761 et
3132 707 3203 760 ab
3249 722 3314 760 eo
3364 706 3714 778 baptizatus,
3769 708 3947 779 digna

2296 794 2637 864 pcenitentia
2669 795 2928 849 maculas
2950 795 3076 848 vitae
3109 795 3318 866 prioris
3350 795 3667 850 abstersit:
3725 797 3782 851 in
3817 803 3949 853 tan-

2294 888 2420 937 tum
2455 887 2517 936 ut
2548 883 2596 935 is
2629 882 2928 953 apostolus
2961 882 3353 938 conversionis
3385 884 3513 953 ejus
3563 885 3724 940 testis
3759 886 3944 954 ﬁeret,

2295 971 2393 1040 qui
2423 971 2726 1040 quondam
2761 971 2996 1026 Petrum
3031 972 3443 1042 increpaverat,
3469 987 3584 1027 non
3619 979 3771 1028 recto
3795 977 3941 1046 pede

2295 1059 2350 1112 in
2401 1057 2696 1130 Evangelii
2748 1059 2989 1114 veritate
3046 1060 3411 1131 gradientem
3456 1061 3664 1125 (Galat.
3717 1079 3777 1127 ii,
3825 1064 3936 1134 11).

2291 1149 2586 1212 Quantum
2622 1146 2800 1219 igitur
2819 1148 2888 1202 ad
2924 1155 3225 1220 peccatum
3249 1155 3306 1203 et
3329 1150 3398 1204 ad
3419 1149 3644 1205 facinus
3666 1151 3936 1222 pertinet,

2291 1252 2405 1306 quo
2436 1235 2742 1290 dominum
2774 1236 3018 1305 laeserat,
3043 1237 3270 1292 veniam
3294 1255 3406 1292 non
3441 1243 3734 1307 meretur;
3760 1255 3943 1311 quan-

2289 1329 2416 1378 tum
2447 1341 2578 1379 vero
2614 1325 2682 1380 ad
2716 1326 2976 1396 Apostoli
3027 1325 3451 1390 testimonium,
3503 1328 3600 1398 qui
3649 1330 3759 1383 scit
3801 1345 3935 1384 eum

2291 1412 2456 1484 plene
2486 1431 2852 1479 conversum,
2887 1415 3091 1486 grandi
3129 1416 3383 1486 pondere
3406 1418 3818 1490 premitur,qui
3841 1435 3931 1474 ro-

2291 1506 2482 1572 gatur,
2512 1507 2575 1556 ut
2607 1503 2704 1573 qui
2736 1520 2765 1557 e
2796 1519 2960 1559 servo
2992 1503 3234 1574 fugitivo
3261 1509 3436 1576 atque
3478 1510 3728 1577 raptore,
3762 1507 3936 1562 mini-

2292 1595 2414 1646 ster
2441 1590 2700 1663 Apostoli
2737 1593 2922 1646 factus
2951 1599 3091 1646 erat.
3127 1593 3311 1664 (Quod
3345 1598 3537 1648 autem
3572 1594 3728 1650 aliud
3765 1595 3937 1650 habe-

2289 1679 2388 1734 bat
2415 1679 2726 1751 Apostolus
2759 1681 3160 1736 ministerium
3225 1682 3335 1737 nisi
3399 1679 3688 1754 Evar'igelii
3721 1683 3936 1740 Christi

2284 1769 2482 1836 Jesu?)
2509 1771 2634 1838 jam
2667 1787 2780 1824 non
2813 1770 2980 1841 quasi
3015 1787 3047 1824 a
3080 1771 3338 1834 domino,
3373 1772 3472 1826 sed
3507 1774 3671 1843 quasi
3705 1791 3739 1828 a
3792 1790 3930 1828 con-

2287 1873 2470 1928 servo,
2503 1863 2560 1911 et
2592 1859 3038 1930 coevangelista,
3072 1859 3472 1930 ignosceretur
3501 1861 3574 1927 ei,
3599 1862 3696 1933 qui
3729 1878 3932 1919 servus

2285 1951 2440 2002 esset
2469 1947 2681 2002 Christi
2713 1947 2988 2002 similiter
3016 1954 3073 2003 et
3098 1948 3384 2004 minister.

2359 2037 2546 2106 (Vers.
2586 2038 2648 2090 10
2706 2037 2894 2109 seqq.)
2954 2060 2980 2086 ‹‹
3041 2037 3290 2093 Obsecro
3350 2043 3405 2093 te
3462 2038 3533 2093 de
3594 2055 3724 2095 meo
3782 2039 3920 2110 ﬁlio,

2283 2139 2454 2195 quem
2488 2124 2661 2195 genui
2697 2124 2754 2178 in
2792 2125 2942 2181 756
2991 2125 3265 2192 vinculis,
3329 2125 3626 2190 Onesimo,
3677 2127 3775 2199 qui
3826 2129 3929 2184 tibi

2279 2212 2595 2283 aliquando
2627 2213 2853 2268 inutilis
2889 2214 2996 2268 luit
3021 2231 3034 2280 ;
3059 2230 3214 2269 nunc
3237 2220 3436 2270 autem
3469 2221 3525 2270 et
3547 2214 3680 2282 tibi,
3703 2221 3761 2272 et
3783 2217 3929 2272 mihi

2279 2302 2441 2356 utilis
2472 2308 2594 2356 est:
2630 2319 2803 2373 quem
2837 2303 3034 2358 remisi
3065 2303 3190 2358 tibi.
3215 2304 3298 2358 Tu
3323 2311 3515 2358 autem
3541 2304 3730 2372 illum,
3757 2306 3811 2360 id
3839 2312 3927 2362 est

2279 2403 2408 2446 mea
2438 2391 2681 2460 viscera,
2709 2392 3168 2464 suscipe,-quem
3201 2409 3306 2464 ego
3349 2391 3643 2448 volueram
3693 2402 3923 2450 mecum

2278 2478 2554 2544 detinere,
2591 2485 2656 2533 nt
2689 2495 2789 2548 pro
2821 2487 2875 2534 te
2935 2480 3077 2534 mihi
3140 2480 3498 2536 ministraret
3556 2481 3612 2534 in
3676 2481 3923 2539 vinculis

2280 2566 2594 2640 Evangelii.
2643 2591 2662 2614 ω
2701 2567 2914 2623 Volens
2947 2569 3256 2639 impetrare
3287 2571 3439 2639 quod
3493 2569 3770 2640 postulat,
3798 2573 3922 2640 jam

2276 2673 2389 2711 non
2413 2673 2514 2727 pro
2539 2673 2697 2711 servo
2715 2655 3086 2723 Philemonis,
3109 2657 3210 2711 sed
3235 2673 3338 2729 pro
3364 2657 3483 2713 ﬁlio
3505 2674 3611 2713 suo
3635 2675 3695 2714 se
3718 2661 3931 2716 asserit

2274 2745 2605 2816 deprecari;
2641 2749 2698 2800 et
2727 2747 2798 2800 de
2828 2745 2926 2800 illo
2959 2745 3076 2800 ﬁlio
3107 2763 3280 2817 quem
3313 2749 3581 2819 genuerit
3624 2747 3682 2803 in
3719 2750 3921 2804 vincu-

2273 2832 2346 2887 lis
2371 2833 2683 2902 Evangelii,
2710 2833 2817 2888 hoc
2887 2839 2994 2900 est,
3025 2851 3152 2905 quae
3214 2852 3315 2907 pro
3364 2835 3579 2891 Christi
3610 2837 3919 2909 Evangelia

2273 2921 2636 2976 sustinebat:
2671 2923 2767 2993 qui
2804 2940 2934 2977 cum
2969 2930 3102 2978 ante
3131 2923 3358 2979 inutilis
3391 2926 3626 2980 domino
3659 2942 3765 2982 suo
3796 2932 3924 2982 tan-

2273 3016 2398 3065 tum
2425 3010 2600 3066 fuerit
2630 3015 2754 3081 (nec
2786 3012 2941 3066 enim
2998 3029 3199 3067 servus
3260 3014 3354 3067 fur
3413 3019 3590 3084 atque
3637 3014 3914 3088 fugitivus

2270 3099 2435 3154 alteri
2463 3099 2677 3162 nocuit,
2710 3100 2822 3154 nisi
2856 3101 3094 3156 domino
3116 3102 3243 3168 suo)
3273 3118 3427 3156 nunc
3459 3103 3780 3158 econtrario
3807 3104 3918 3158 uti-

2272 3187 2453 3243 litatis
2514 3190 3009 3260 compensatione,
3041 3207 3156 3261 qua
3212 3189 3323 3261 ipsi
3359 3191 3597 3246 domino
3627 3197 3682 3246 et
3740 3192 3918 3248 Paulo

2272 3275 2429 3331 utilis
2455 3281 2563 3346 est,
2596 3279 2935 3349 cazterisque
2994 3294 3094 3349 per
3150 3279 3414 3345 Paulum,
3448 3279 3580 3351 plus
3611 3281 3914 3336 charitatis

518 3369 792 3441 cendens,
828 3368 998 3440 plena
1026 3385 1059 3421 (ι
1111 3368 1276 3422 Patre
1335 3365 1892 3432 misericordiarum,
1943 3370 2000 3420 et
2049 3366 2161 3422 Deo
2192 3368 2234 3433 C
2276 3370 2549 3430 meretur,
2583 3383 2758 3438 quam
2792 3367 2907 3421 odii
2939 3373 3073 3422 ante
3106 3373 3414 3422 meruerat.
3449 3368 3608 3424 Unde
3641 3370 3720 3424 ait
3748 3387 3759 3425 :
3813 3371 3922 3438 Qui

518 3458 697 3514 totius
723 3455 1137 3514 consolationis
1160 3457 1234 3527 (II
1263 3455 1386 3512 Cor.
1422 3473 1458 3522 1,
1492 3457 1566 3523 3).

586 3547 769 3612 (Vers.
802 3548 856 3612 8,
888 3548 968 3613 9.)
1029 3570 1055 3595 «
1094 3546 1331 3616 Propter
1388 3545 1540 3615 quod
1603 3545 1847 3599 multam
1881 3543 2153 3600 fiduciam

511 3637 733 3692 habens
767 3636 820 3689 in
855 3635 1081 3690 Christo
1106 3634 1269 3700 Jesu,
1304 3633 1630 3705 imperandi
1667 3633 1770 3687 tibi
1823 3635 1975 3705 quod
2019 3651 2154 3706 pro-

512 3727 638 3780 dest
671 3730 906 3796 propter
934 3724 1312 3778 cliaritatem:
1348 3722 1536 3792 magis
1587 3724 1824 3776 obsecro
1853 3740 1864 3787 ;
1909 3738 2040 3776 cum
2075 3722 2156 3778 sis

511 3812 664 3878 talis,
699 3817 762 3866 ut
794 3811 1006 3866 Paulus
1033 3827 1243 3866 senex:
1275 3828 1426 3865 nunc
1452 3815 1646 3864 autem
1681 3815 1736 3864 et
1768 3809 1998 3865 vincth
2015 3811 2156 3866 Jesu

511 3901 749 3957 Christi.
793 3924 819 3950 ››
873 3899 1071 3955 Multis
1117 3899 1176 3954 in
1235 3899 1631 3954 Philemonem
1696 3898 1968 3954 laudibus
2025 3905 2157 3954 ante

515 3989 851 4062 praemissis,
885 4006 1016 4044 cum
1053 4006 1144 4042 res
1171 3987 1300 4043 talis
1335 3987 1429 4054 sit,
1466 4004 1568 4059 pro
1614 4003 1730 4059 qua
1779 3995 2016 4060 rogatus
2046 3993 2153 4058 est,

512 4097 642 4151 qua-3
670 4085 726 4134 et
757 4079 1052 4151 praestanti
1087 4078 1162 4133 sit
1189 4077 1349 4133 utilis
1379 4082 1435 4132 et
1464 4077 1712 4149 roganti,
1755 4082 1980 4147 poterat
2011 4077 2155 4132 Pau-

511 4169 604 4224 lus
636 4169 822 4240 magis
853 4169 1351 4240 imperare,quam
1379 4171 1588 4238 petere.
1616 4168 1680 4220 Et
1704 4167 1809 4221 hoc
1842 4183 1908 4221 ex
1942 4167 2157 4222 ﬁducia

510 4257 610 4312 illa
637 4258 923 4322 veniebat,
958 4257 1111 4328 quod
1144 4255 1244 4327 qui
1299 4260 1462 4310 tanta
1519 4256 1590 4310 ob
1650 4255 1944 4310 Christum
1977 4272 2154 4326 Opera

508 4351 888 4418 perpetraret,
926 4346 1127 4417 utique
1160 4345 1351 4416 impar
1380 4344 1468 4400 sui
1499 4344 1555 4398 in
1606 4345 1828 4398 caeteris
1879 4361 2004 4399 esse
2038 4361 2150 4399 non

512 4441 756 4506 poterat.
782 4436 891 4490 Sed
927 4434 1050 4489 vult
1080 4434 1270 4505 magis
1304 4437 1496 4503 petere
1519 4449 1696 4503 quam
1723 4433 1952 4503 jubere,
1985 4449 2154 4504 gran-

519 4523 576 4579 di
608 4523 859 4594 petentis
918 4523 1264 4578 auctoritate
1315 4521 1649 4592 proposita;
1708 4539 1809 4586 per
1863 4538 2039 4592 quam
2101 4527 2158 4577 et

512 4610 826 4684 Apostolus
849 4613 1198 4676 obsecrat,et
1218 4627 1396 4666 senex
1419 4615 1473 4665 et
1493 4611 1723 4666 vinctus
1754 4611 1891 4666 Jesu
1920 4611 2154 4667 Christi.

513 4701 725 4755 Totum
759 4705 951 4754 autem
987 4717 1088 4771 pro
1120 4715 1234 4770 quo
1269 4703 1452 4770 rogat,
1489 4697 1631 4753 illud
1671 4705 1793 4754 est:
1845 4699 2157 4756 Onesimus
2188 4739 2234 4802 Β

510 4806 712 4844 servus
742 4787 1119 4857 Philemonis,
1151 4789 1344 4859 fugam
1383 4789 1532 4843 furto
1556 4788 1864 4844 cumulans
1891 4790 2155 4861 quaedam

515 4879 592 4934 rei
628 4877 960 4933 domestica:
992 4876 1368 4948 compilarat:
1404 4876 1540 4932 hinc
1563 4878 1582 4910 ⁵
1639 4894 1888 4949 pergens
1931 4879 2002 4933 ad
2044 4879 2156 4933 Ita-

511 4965 669 5039 liam,
705 4985 774 5023 ne
804 4967 862 5020 in
897 4967 1156 5038 proximo
1180 4966 1406 5022 facilius
1433 4970 1627 5038 posset
1657 4967 2034 5039 apprehendi,
2059 4985 2155 5040 pe-

510 5059 744 5113 cuniam
779 5055 998 5111 domini
1036 5073 1136 5128 per
1181 5055 1474 5111 luxuriam
1517 5057 1878 5128 prodegerat.
1928 5060 2046 5112 Hoc
2085 5072 2157 5111 ne

512 5147 645 5218 quis
663 5148 828 5219 putet
848 5150 1083 5212 temere,
1107 5149 1248 5200 etut
1276 5144 1418 5200 libet
1440 5161 1473 5199 a
1495 5144 1664 5199 nobis
1719 5147 1941 5208 ﬁctum,
1976 5147 2031 5200 in
2067 5163 2155 5201 se-

515 5235 829 5308 quentibus
860 5234 1065 5289 discat.
1100 5234 1412 5305 Nunquam
1445 5233 1601 5288 enim
1637 5232 1851 5288 Paulus
1900 5234 2154 5290 diceret:

511 5325 570 5380 Si
601 5325 732 5396 quid
758 5326 942 5379 nocuit
972 5323 1074 5378 tibi
1101 5329 1195 5376 aut
1242 5323 1419 5390 debet,
1455 5322 1550 5376 hoc
1578 5321 1722 5376 mihi
1780 5323 2012 5392 imputa.
2049 5328 2159 5393 Ego

508 5416 719 5470 l'aulus
747 5416 948 5485 scripsi
973 5430 1145 5468 manu
1176 5429 1318 5477 mea,
1349 5426 1446 5481 ego
1477 5409 1703 5465 reddam
1733 5414 1891 5476 (vers.
1924 5413 2009 5478 18,
2047 5414 2156 5483 19.)

508 5502 623 5557 Nec
657 5519 905 5574 sponsor
937 5503 1012 5558 rei
1051 5502 1212 5557 ﬁeret
1267 5499 1496 5569 ablatis,
1550 5499 1662 5554 nisi
1711 5504 1868 5555 esset
1910 5501 1966 5556 id
2001 5503 2156 5572 quod

507 5589 767 5645 ablatum
803 5587 988 5646 fuerat
1020 5590 1398 5662 dissipatum.
1423 5588 1526 5643 I-lic
1557 5587 1738 5660 igitur
1761 5605 1892 5643 cum
1926 5590 1998 5644 ob
2029 5607 2160 5646 con-

577 5716 592 5748 ι
630 5718 750 5768 Duo
783 5730 950 5778 mss.,
981 5716 1312 5770 voluntatem
1338 5713 1563 5784 impleat
1594 5713 1823 5784 aliquis,
1857 5718 1965 5772 etc.

578 5785 594 5819 ¹
629 5785 811 5856 Iidem
844 5802 1009 5856 mss.,
1043 5788 1102 5840 in
1132 5802 1198 5842 ea
1225 5789 1403 5842 tutam
1428 5801 1558 5851 esse,
1591 5788 1705 5840 etc.

577 5855 767 5921 ﬁMss.
800 5860 972 5915 antea
996 5855 1086 5916 hic
1142 5857 1475 5930 emendant,
1535 5857 2040 5929 quemadmodum
2101 5862 2158 5918 et

2266 3455 2687 3527 tibialiquando
2719 3457 2937 3511 inutilis
2964 3458 3089 3527 fuit.
3143 3456 3294 3523 Tibi,
3352 3456 3566 3528 inquit,
3616 3457 3723 3513 soli
3752 3477 3764 3525 ;
3799 3475 3913 3514 non

2264 3545 2522 3600 caeteris:
2560 3562 2713 3600 nunc
2744 3552 2938 3600 autem
2971 3550 3027 3599 et
3059 3545 3223 3611 mihi,
3259 3550 3316 3600 et
3357 3547 3463 3601 tibi
3519 3545 3700 3602 utilis.
3734 3547 3906 3604 Utilis

2266 3633 2502 3690 domino
2535 3635 2592 3688 in
2623 3651 2710 3697 eo,
2743 3635 2880 3705 quia
2915 3639 3113 3706 posset
3134 3639 3189 3688 et
3222 3635 3398 3690 Paulo
3429 3636 3646 3691 servire
3677 3653 3779 3708 pro
3807 3637 3909 3691 do-

2268 3722 2426 3776 mino
2459 3739 2604 3788 suo;
2631 3721 2806 3777 Paulo
2836 3740 2967 3778 vero
3000 3723 3054 3777 in
3090 3740 3156 3778 eo
3191 3723 3351 3778 utilis
3379 3749 3390 3780 :
3414 3725 3553 3795 quia
3580 3725 3676 3780 illo
3707 3725 3765 3780 in
3793 3743 3911 3780 car-

2267 3827 2415 3876 cere,
2449 3811 2812 3882 vinculisque
2844 3812 3095 3880 detento,
3158 3817 3352 3882 posset
3384 3812 3433 3866 ei
3493 3812 3552 3867 in
3600 3813 3908 3886 Evangelio

2269 3900 2620 3955 ministrare.
2655 3899 2840 3955 Simul
2875 3906 3069 3956 autem
3103 3900 3511 3957 admirandum
3545 3903 3615 3957 de
3667 3919 3912 3974 magna-

2273 3989 2538 4043 nimitate
2585 3989 2868 4059 Apostoli,
2896 3995 2952 4044 et
2984 3989 3040 4042 in
3073 3989 3368 4045 Christum
3397 3997 3589 4045 mente
3621 3992 3912 4047 ferventis.

2265 4078 2520 4132 Tenetur
2549 4077 2604 4131 in
2652 4094 2900 4142 carcere,
2956 4078 3211 4134 vinculis
3268 4079 3593 4150 stringitur,
3642 4080 3915 4152 squalore

2269 4165 2549 4238 corporis,
2582 4167 2893 4221 charorum
2945 4168 3334 4238 separatione,
3383 4168 3710 4239 poznalibus
3755 4174 3914 4224 tene-

2268 4255 2392 4310 bris
2423 4259 2770 4320 coaretatur,
2803 4261 2859 4311 et
2889 4273 2998 4310 non
3036 4257 3211 4310 sentit
3245 4257 3542 4326 injuriam,
3572 4274 3684 4312 non
3716 4257 3913 4313 dolore

2265 4346 2579 4411 cruciatur,
2616 4345 2759 4400 nihil
2793 4345 2950 4399 novit
2981 4345 3160 4413 aliud,
3213 4347 3326 4400 nisi
3370 4346 3439 4401 de
3485 4347 3694 4402 Christi
3727 4347 3910 4401 Evan-

2265 4433 2414 4505 gelio
2446 4435 2718 4506 cogitare.
2752 4434 2981 4490 Sciebat
3011 4450 3266 4500 servum,
3309 4435 3530 4489 sciebat
3576 4434 3905 4505 fugitivum,

2267 4523 2486 4578 sciebat
2517 4522 2832 4595 aliquando
2867 4527 3156 4594 raptorem
3210 4524 3280 4577 ad
3333 4522 3545 4578 Christi
3581 4523 3748 4578 ﬁdem
3782 4537 3910 4578 esse

2267 4629 2636 4667 conversum.
2669 4612 2918 4667 Grandis
2949 4611 3164 4666 laboris
3195 4617 3284 4667 est
3315 4611 3488 4667 talem
3522 4611 3820 4667 hominem
3851 4611 3910 4666 in

2267 4719 2332 4758 eo
2364 4718 2732 4774 perseverare
2755 4702 2908 4772 quod
2934 4701 3129 4772 coepit,
3158 4701 3374 4758 Idcirco
3404 4700 3590 4755 ﬁlium
3625 4717 3826 4764 suum,
3856 4703 3913 4754 et

2269 4790 2456 4845 ﬁlium
2488 4789 2874 4859 vinculorum,
2907 4795 2962 4844 et
2994 4789 3330 4844 ministrum
3370 4787 3666 4862 Evangelii
3696 4787 3754 4842 in
3787 4788 3912 4842 vin-

2269 4879 2414 4933 culis
2444 4878 2770 4943 constituti,
2805 4879 3080 4944 inculcat,
3111 4896 3177 4933 ac
3209 4878 3469 4950 replicat,
3504 4883 3566 4934 ut
3606 4877 3909 4932 Philemon

2265 4967 2360 5022 ille
2384 4969 2699 5038 prudenter
2717 4972 2774 5022 et
2795 4968 3215 5039 dispensatoris
3238 4972 3471 5023 tantum
3494 4968 3551 5022 in
3575 4967 3910 5038 praefatione

2266 5056 2564 5121 laudatus,
2597 5071 2710 5111 non
2743 5057 2984 5113 auderet
3014 5073 3245 5129 negare,
3271 5074 3342 5112 ne
3373 5058 3497 5113 suis
3529 5055 3804 5111 laudibus
3835 5054 3913 5109 vi-

2267 5146 2502 5201 deretur
2523 5145 2821 5218 indignus.
2841 5147 3002 5210 Quod
3025 5152 3220 5201 autem
3245 5145 3325 5202 ait
3351 5163 3370 5200 ε
3391 5147 3462 5201 Τα
3491 5149 3677 5200 autem
3712 5142 3909 5214 illum,

2267 5234 2323 5289 id
2350 5243 2428 5290 est
2457 5250 2579 5290 mea
2610 5237 2841 5301 viscera,
2872 5237 3106 5304 suscipe,
3141 5234 3249 5290 hoc
3281 5239 3388 5305 est,
3422 5233 3573 5306 quod
3608 5233 3780 5305 paulo
3812 5248 3913 5288 an-

2267 5329 2321 5379 te
2349 5325 2462 5378 dixi
2493 5342 2503 5380 :
2539 5324 2759 5378 viscera
2787 5323 3116 5396 signiﬁcare
3164 5323 3462 5378 internum
3513 5323 3706 5378 cordis
3739 5322 3912 5376 all‘ec-

2266 5418 2415 5481 tum,
2449 5417 2504 5468 et
2529 5412 2763 5484 plenam
2796 5429 2865 5467 ex
2896 5412 3090 5467 animo
3125 5411 3506 5479 voluntatem,
3542 5426 3673 5466 cum
3722 5413 3910 5480 totum

2267 5502 2553 5574 quidquid
2589 5502 2646 5557 in
2684 5501 2851 5557 nobis
2882 5506 2989 5564 est,
3038 5502 3361 5573 suscipitur
3407 5519 3441 5556 a
3491 5504 3712 5572 rogato.
3753 5497 3913 5554 Alias

2266 5596 2461 5647 autem
2491 5606 2694 5646 omnes
2725 5589 2890 5644 liberi
2921 5588 3140 5644 viscera
3170 5596 3307 5645 sunt
3339 5594 3669 5661 parentum.

2268 5714 2471 5770 Petrus
2502 5714 2720 5770 Petitus
2750 5712 2804 5768 in
2842 5713 2941 5771 lib.
2976 5715 3194 5772 Miscell.
3230 5697 3436 5786 Quaest.
3472 5713 3799 5787 conjecerat
3827 5727 3911 5770 re-

2266 5787 2624 5862 ponendum.
