4310 6590
354 438 473 509 649

1223 433 1742 498 COMMENTAR.
1788 436 1868 494 ΙΝ
1915 434 2162 495 EPIST.
2212 436 2317 494 AD
2364 435 2908 497 PHILEMONEM.

3649 437 3772 498 650

428 573 612 646 (Vers.
647 572 759 643 14.)
804 594 832 622 ‹‹
864 569 997 625 Sine
1026 567 1268 624 consilio
1300 571 1497 623 autem
1532 570 1630 622 tuo
1661 565 1810 622 nihil
1843 564 1997 621 volui
2029 567 2084 632 Α
2115 569 2173 620 et
2218 566 2275 619 in
2321 566 2597 621 Onesimo
2647 583 2962 637 possumus
3011 567 3358 641 intelligere,
3394 570 3549 640 quod
3606 570 3765 627 mala

360 663 548 719 facere
581 678 594 715 :
645 665 710 715 ut
740 675 854 714 non
888 656 1056 729 quasi
1105 671 1174 710 ex
1207 654 1553 710 necessitate
1584 654 1800 707 bonum
1834 657 2001 707 tuum

359 756 536 817 esset,
569 749 670 805 sed
718 744 1133 803 voluntarium.
1171 767 1199 793 ››
1250 747 1371 799 Hoc
1420 742 1574 815 quod
1626 759 1660 797 a
1707 741 2005 813 plerisque

360 839 656 914 quaeritur,
702 841 759 892 et
807 834 1131 907 saepissime
1180 837 1571 889 retractatur:
1624 848 1803 902 quare
1852 830 2006 886 Deus

359 929 653 986 hominem
681 925 916 994 faciens,
945 940 1057 978 non
1081 939 1214 978 eum
1249 923 1467 976 bonum
1502 924 1845 992 rectumque
1872 936 2006 975 con-

357 1018 587 1082 diderit,
615 1016 684 1071 de
710 1016 852 1072 151
884 1010 1156 1086 praesenti
1190 1011 1314 1066 loco
1347 1009 1491 1064 solvi
1525 1013 1732 1080 potest.
1756 1008 1814 1063 Si
1848 1007 2005 1063 enim

358 1108 510 1163 Deus
551 1103 901 1171 voluntarie,
933 1106 987 1157 et
1035 1117 1148 1156 non
1200 1117 1269 1155 ex
1299 1098 1644 1154 necessitate
1675 1099 1864 1154 bonus
1895 1102 2006 1164 est,

353 1195 554 1251 debuit
598 1192 899 1249 hominem
956 1190 1195 1255 faciens,
1242 1188 1313 1242 ad
1365 1204 1534 1243 suam
1584 1184 1900 1257 imaginem
1950 1191 2007 1241 et

353 1283 803 1339 similitudinem
855 1279 1062 1345 facere,
1096 1277 1205 1333 hoc
1257 1281 1364 1342 est,
1407 1280 1473 1330 ut
1525 1280 1581 1330 et
1629 1275 1752 1345 ipse
1801 1275 2006 1329 volun-

353 1374 521 1441 tarie,
579 1377 638 1427 et
695 1387 809 1425 non
870 1386 939 1424 ex
997 1366 1342 1423 necessitate
1396 1365 1590 1420 bonus
1656 1367 1831 1419 esset.
1894 1364 2002 1428 Qui

354 1466 551 1517 autem
610 1461 880 1515 asserunt
938 1456 1020 1511 ita
1076 1471 1209 1510 eum
1269 1453 1544 1509 debuisse
1592 1453 1741 1518 ﬁeri,
1775 1456 1839 1506 ut
1880 1469 2003 1506 ma-

355 1551 479 1606 lum
512 1548 769 1621 recipere
799 1563 914 1602 non
947 1549 1162 1616 posset,
1194 1543 1304 1598 hoc
1336 1542 1535 1597 dicunt
1570 1554 1582 1595 :
1636 1540 1772 1597 talis
1803 1540 2007 1596 debuit

356 1640 479 1695 ﬁeri
514 1637 613 1710 qui
648 1636 991 1693 necessitate
1024 1634 1213 1688 bonus
1243 1634 1418 1698 esset,
1452 1635 1508 1686 et
1539 1647 1654 1686 non
1685 1630 2002 1687 voluntate.

353 1727 517 1793 Quod
568 1727 617 1782 si
666 1724 800 1781 talis
832 1723 1042 1779 fuisset
1070 1721 1334 1788 effectus,
1371 1721 1470 1792 qui
1504 1721 1724 1775 bonum
1759 1735 1875 1774 non
1907 1736 2003 1774 vo-

356 1817 600 1884 luntate,
636 1816 737 1870 sed
788 1812 1135 1869 necessitate
1182 1812 1503 1883 perﬁceret,
1538 1824 1655 1864 non
1703 1813 1860 1863 esset
1891 1812 2003 1863 Deo

356 1903 568 1963 similis
602 1921 615 1960 :
668 1903 767 1975 qui
818 1902 947 1958 ideo
999 1902 1189 1956 bonus
1232 1903 1344 1965 est,
1375 1897 1515 1971 quia
1543 1896 1686 1964 vult,
1721 1912 1835 1951 non
1868 1895 2005 1968 quia

353 1995 601 2068 cogitur.
634 1993 712 2049 Ex
761 2008 877 2064 quo
925 1989 1307 2045 manifestum
1337 1993 1447 2057 est,
1479 2003 1602 2042 rem
1634 2003 1732 2042 eos
1764 1986 1914 2041 inter
1942 2001 2004 2041 se

353 2083 651 2158 postulare
679 2080 1054 2138 contrariam.
1088 2077 1235 2133 Nam
1266 2093 1335 2132 ex
1360 2093 1426 2131 eo
1458 2076 1613 2149 quod
1646 2076 1870 2141 dicunt,
1904 2074 2003 2129 de-

359 2174 488 2230 buit
516 2172 691 2228 homo
722 2171 836 2227 Deo
869 2168 1081 2225 similis
1112 2166 1256 2233 ﬁeri,
1289 2164 1433 2221 illud
1467 2168 1694 2237 petunt,
1728 2169 1794 2219 ut
1838 2162 2004 2218 liberi

357 2264 521 2318 ﬂeret
569 2259 814 2328 arbitrii,
848 2259 998 2314 sicut
1047 2259 1195 2312 Deus
1246 2256 1371 2327 ipse
1419 2259 1525 2310 est.
1557 2255 1640 2310 Ex
1687 2270 1752 2309 eo
1807 2257 2003 2309 autem

358 2351 511 2423 quod
543 2351 802 2406 inferunt
830 2347 934 2421 [Αι.
969 2344 1259 2416 infertur],
1294 2343 1426 2400 talis
1471 2343 1674 2400 debuit
1723 2341 1869 2413 fieri,
1904 2341 2005 2413 qui

357 2440 581 2496 malum
614 2438 868 2510 recipere
899 2452 1013 2492 non
1046 2439 1281 2507 posset;
1334 2433 1476 2488 dum
1508 2431 1916 2488 necessitatem
1952 2430 2002 2486 ei

356 2529 494 2586 boni
528 2529 866 2600 important,
912 2524 1055 2579 illud
1086 2522 1307 2586 volunt,
1340 2528 1404 2576 ut
1435 2521 1608 2576 homo
1639 2519 1754 2575 Deo
1793 2518 2004 2575 similis

361 2635 477 2675 non
501 2618 684 2674 fieret.
712 2614 902 2671 Potuit
922 2615 1119 2685 itaque
1139 2616 1196 2667 et
1224 2609 1523 2682 apostolus
1545 2608 1762 2665 Paulus
1784 2610 2005 2680 absque

354 2708 654 2765 voluntate
683 2703 1063 2767 Philemonis,
1094 2700 1435 2757 Onesimum
1469 2699 1581 2754 sibi
1627 2699 1683 2753 in
1735 2698 2004 2754 ministe-

356 2799 512 2855 rium
539 2796 805 2852 retinere.
830 2793 941 2849 Sed
974 2792 1022 2847 si
1050 2790 1159 2847 hoc
1180 2789 1306 2845 sine
1328 2788 1623 2845 voluntate
1651 2786 2005 2844 Philemonis

358 2886 624 2944 fecisset:
655 2886 873 2940 bonum
895 2881 1135 2954 quidem
1155 2883 1299 2948 erat,
1319 2879 1421 2934 sed
1446 2894 1560 2933 non
1582 2876 1999 2933 voluntarium.

356 2976 519 3041 Quod
550 2979 747 3030 autem
779 2989 893 3028 non
923 2975 1047 3028 erat
1074 2967 1495 3035 voluntarium,
1530 2965 1645 3022 alio
1676 2981 1887 3038 genere
1918 2982 2005 3020 ar-

357 3065 646 3141 guebatur
670 3080 784 3119 non
807 3078 935 3118 esse
959 3062 1199 3117 bonum.
1225 3057 1377 3114 Nihil
1402 3057 1619 3129 quippe
1649 3057 1868 3111 bonum
1891 3054 2003 3108 dici

358 3159 568 3228 potest,
602 3152 717 3208 nisi
769 3151 919 3223 quod
968 3148 1301 3205 ultroneum
1346 3151 1453 3202 est.
1490 3145 1567 3200 Ex
1598 3160 1713 3217 quo
1742 3142 2002 3215 Apostoli

356 3243 780 3301 consideranda
810 3239 1123 3313 prudentia
1151 3240 1241 3293 est
1267 3253 1279 3292 :
1314 3235 1415 3307 qui
1444 3234 1660 3291 idcirco
1692 3232 2002 3306 fugitivum

2116 655 2402 726 principia
2457 656 2792 711 occasiones
2848 656 3067 711 fuerint
3114 657 3194 713 rei
3253 659 3434 713 bonae.
3490 658 3548 712 Si
3606 659 3763 715 enim

2114 744 2417 799 dominum
2453 762 2566 799 non
2601 744 2865 815 fugisset,
2899 762 3202 817 nunquam
3233 748 3492 803 venisset
3518 748 3765 804 Romam

2116 831 2213 886 ubi
2263 838 2387 889 erat
2434 832 2648 889 Paulus
2678 834 2906 889 vinctus
2949 834 3005 889 in
3054 852 3301 891 carcere.
3335 836 3392 891 Si
3425 835 3674 892 Paulum
3707 837 3764 893 in

2114 921 2364 977 vinculis
2420 939 2532 978 non
2591 923 2852 990 vidisset,
2914 940 3029 978 non
3091 925 3408 996 recepisset
3472 925 3645 981 ﬁdem
3704 926 3764 981 in

2115 1010 2431 1069 Christum.
2454 1012 2510 1065 Si
2534 1011 2747 1066 Christi
2773 1028 2886 1067 non
2911 1012 3217 1068 habuisset
3244 1014 3763 1086 ﬁdem,nunquam

2116 1099 2277 1154 Pauli
2323 1100 2564 1154 effectus
2597 1099 2771 1167 ﬁlius,
2808 1102 2864 1156 in
2897 1118 3045 1172 opus
3081 1102 3375 1174 Evangelii
3411 1104 3762 1160 mitteretur.

2116 1188 2195 1242 Ex
2224 1204 2338 1259 quo
2370 1188 2673 1259 paulatim,
2706 1193 2761 1243 et
2790 1206 2893 1261 per
2920 1192 3139 1260 gradus
3171 1208 3330 1256 suos,
3364 1192 3764 1265 reciprocante

2114 1278 2423 1343 sententia,
2454 1277 2585 1332 ideo
2635 1278 2904 1333 minister
2936 1279 3223 1349 Evangelii
3270 1284 3358 1335 est
3396 1282 3585 1337 factus
3614 1283 3764 1340 One-

2115 1365 2323 1435 simus,
2350 1366 2483 1437 quia
2508 1367 2656 1437 iugit
2683 1384 2714 1421 a
2740 1366 2998 1422 domino.
3029 1367 3275 1423 Pulchre
3299 1374 3496 1425 autem
3518 1371 3763 1444 addens,

2112 1456 2379 1525 forsitan,
2448 1456 2800 1511 sententiam
2881 1457 3254 1528 temperavit,
3324 1458 3563 1514 Occulta
3628 1465 3769 1517 sunt

2114 1543 2328 1615 quippe
2370 1545 2597 1614 judicia
2652 1545 2769 1615 Dei,
2804 1549 2861 1600 et
2908 1545 3284 1601 temerarium
3332 1551 3421 1603 est
3471 1550 3638 1620 quasi
3695 1550 3767 1605 de

2113 1637 2271 1687 certo
2297 1634 2672 1704 pronuntiare
2690 1636 2842 1705 quod
2864 1635 3109 1689 dubium
3138 1640 3244 1691 est.
3262 1637 3534 1705 Forsitan,
3552 1637 3765 1709 inquit,

2114 1720 2235 1776 ideo
2275 1723 2525 1777 discessit
2558 1740 2575 1776 .·
2627 1727 2813 1789 caute,
2850 1723 3074 1790 timide,
3109 1724 3489 1797 trepidanter,
3541 1731 3599 1782 et
3649 1744 3767 1785 non

2114 1814 2235 1866 toto
2266 1812 2372 1883 [Αἰ.
2409 1814 2617 1880 totum]
2652 1812 2760 1867 fixo
2805 1813 3037 1884 gradu:
3095 1818 3159 1868 ut
3206 1813 3255 1868 si
3306 1830 3422 1869 non
3472 1816 3767 1887 posuisset

2034 1934 2082 2000 Β
2110 1901 2367 1970 forsitan,
2400 1901 2677 1957 omnibus
2724 1901 2906 1957 servis
2939 1901 3281 1973 fugiendum
3314 1909 3491 1971 esset,
3526 1910 3591 1960 ut
3621 1922 3762 1978 apo-

2114 1988 2301 2044 stolici
2362 1990 2584 2045 ﬁerent.
2645 1991 2807 2054 Quod
2866 1998 3083 2057 autem,
3144 1992 3215 2048 ad
3278 1994 3491 2065 horam,
3544 1995 3764 2066 junxit,

2113 2078 2317 2135 horam
2352 2097 2453 2151 pro
2497 2084 2755 2152 tempore
2783 2081 3067 2137 debemus
3097 2082 3375 2153 accipere.
3407 2083 3492 2139 Ad
3523 2100 3763 2157 compa-

2114 2168 2399 2224 rationem
2446 2169 2601 2224 enim
2652 2169 3014 2237 aeternitatis,
3066 2186 3239 2225 omne
3299 2176 3534 2243 tempus
3592 2172 3764 2231 breve

2113 2264 2221 2314 est.
2272 2260 2333 2314 Ut
2383 2265 2654 2314 aeternum
2708 2259 2869 2313 illum
2916 2260 3198 2331 reciperes.
3253 2260 3460 2316 Nullus
3512 2267 3764 2320 aeternus

2114 2346 2392 2402 dominus
2423 2348 2571 2402 servi
2603 2347 2691 2401 sui
2719 2362 2732 2402 :
2767 2352 3024 2418 potestas
3046 2348 3263 2421 quippe
3288 2350 3436 2419 ejus,
3461 2355 3519 2405 et
3549 2352 3766 2409 utrius-

2114 2451 2227 2507 que
2280 2434 2553 2499 eonditio,
2597 2440 2780 2491 morte
2830 2435 3051 2491 ﬁnitur.
3105 2439 3418 2495 Onesimus
3474 2456 3605 2496 vero
3662 2442 3764 2513 qui

2114 2540 2182 2578 ex
2214 2523 2325 2579 fide
2356 2523 2567 2579 Christi
2620 2524 2807 2579 factus
2858 2529 3114 2581 aeternus
3164 2531 3272 2594 est,
3306 2533 3520 2585 aeterno
3572 2529 3763 2586 Phile-

2115 2608 2294 2680 moni,
2329 2610 2469 2682 quia
2510 2610 2569 2665 in
2600 2610 2897 2667 Christum
2929 2622 2987 2667 et
3016 2613 3140 2685 ipse
3171 2616 3518 2683 crediderat,
3552 2616 3764 2690 spiritu

2114 2698 2405 2755 libertatis
2463 2705 2718 2771 accepto,
2769 2702 2895 2771 jam
2955 2720 3070 2757 non
3137 2720 3360 2772 servus,
3417 2707 3519 2761 sed
3585 2706 3768 2765 frater

2114 2789 2287 2861 coepit
2336 2806 2464 2845 esse
2523 2790 2593 2845 de
2651 2805 2835 2858 servo,
2898 2791 3078 2846 frater
3133 2794 3540 2863 charissimus,
3588 2796 3768 2853 frater

2114 2883 2364 2933 aeternus
2399 2894 2411 2931 :
2463 2884 2675 2934 aeterno
2705 2886 2762 2934 et
2790 2879 2901 2951 ipsi
2934 2882 3211 2952 Apostolo
3243 2883 3600 2956 dominoque
3629 2902 3765 2954 suo,

2115 2968 2208 3022 cui
2240 2967 2582 3022 Onesimum
2615 2973 2681 3022 ut
2709 2969 2902 3024 carnis
2934 2975 3067 3025 ante
3098 2971 3354 3027 conditio
3388 2989 3401 3026 :
3449 2972 3532 3028 ita
3560 2981 3765 3046 postea

2116 3056 2361 3129 spiritus
2411 3056 2667 3128 copulat.
2700 3058 2770 3112 Et
2816 3062 2957 3114 tunc
3002 3060 3240 3131 quidem
3289 3063 3525 3132 quando
3556 3071 3681 3120 erat
3710 3068 3764 3124 ei

2115 3146 2416 3231 subjectus
2446 3145 2506 3200 in
2538 3163 2729 3217 carne,
2755 3164 2868 3202 non
2893 3153 3017 3203 erat
3045 3149 3097 3204 ei
3119 3149 3364 3219 junctus
3394 3151 3452 3206 in
3476 3153 3758 3226 Domino;

2116 3251 2271 3289 nunc
2302 3239 2497 3290 autem
2545 3234 2598 3290 ei
2641 3238 2697 3289 et
2742 3236 2802 3291 in
2845 3253 3018 3292 carne
3040 3238 3286 3308 junctus
3317 3244 3424 3307 est,
3457 3247 3515 3297 et
3561 3244 3621 3299 in
3655 3248 3764 3300 Do-

358 3348 593 3390 servum
646 3306 894 3386 remittit
941 3327 1012 3383 ad
1061 3306 1391 3391 dominum,
1424 3329 1490 3379 ut
1537 3322 1721 3396 prosit
1766 3322 2004 3379 domino
2035 3306 2077 3373 C
2119 3324 2298 3379 mino.
2333 3323 2413 3377 Ex
2463 3340 2578 3395 quo
2627 3324 3011 3396 intelligimus
3041 3306 3273 3382 servum
3314 3306 3417 3400 qui
3452 3332 3768 3390 crediderit

358 3439 465 3479 suo
496 3437 510 3469 ε
567 3420 668 3492 qui
701 3419 979 3491 prodesse
1009 3433 1123 3471 non
1156 3417 1400 3486 poterat,
1434 3413 1482 3468 si
1513 3414 1750 3492 domino
1782 3416 2006 3466 tenere-

356 3517 456 3567 tur
495 3490 756 3566 absente.
787 3504 1061 3579 Superior
1105 3520 1240 3576 ergo
1291 3502 1533 3575 quaestio
1583 3490 1664 3557 ita
1715 3500 2004 3556 solvitur:

357 3600 554 3657 Potuit
599 3598 753 3654 Deus
803 3594 1103 3652 hominem
1159 3592 1287 3649 sine
1329 3590 1629 3647 voluntate
1661 3591 1789 3662 ejus
1822 3591 2009 3645 facere

357 3691 600 3746 bonum.
634 3691 811 3743 Porro
845 3684 894 3740 si
932 3683 1042 3739 hoc
1071 3682 1326 3747 fecisset,
1359 3697 1474 3736 non
1507 3684 1631 3735 erat
1660 3679 1879 3735 bonum
1911 3696 2008 3734 vo-

358 3775 823 3845 luntarium,sed
850 3771 1235 3829 necessitatis.
1253 3770 1413 3838 Quod
1440 3773 1636 3824 autem
1661 3768 2011 3824 necessitate

361 3868 579 3924 bonum
614 3870 722 3936 est,
755 3879 870 3919 non
904 3865 993 3918 est
1022 3861 1265 3931 bonum,
1298 3863 1355 3915 et
1383 3858 1495 3914 alio
1525 3874 1738 3930 genere
1787 3857 2010 3913 malum

363 3956 647 4030 arguitur.
682 3951 869 4026 Igitur
917 3952 1150 4023 proprio
1199 3947 1439 4005 arbitrio
1489 3964 1593 4003 nos
1650 3947 2009 4018 relinquens,

367 4044 554 4117 magis
601 4044 675 4099 ad
723 4057 890 4098 suam
936 4039 1255 4111 imaginem
1286 4041 1344 4094 et
1372 4036 1822 4093 similitudinem
1857 4036 2010 4092 fecit.

367 4132 630 4201 Similem
675 4136 871 4188 autem
904 4129 1021 4185 Deo
1051 4145 1180 4184 esse
1210 4126 1478 4183 absolute
1508 4127 1728 4182 bonum
1759 4130 1867 4181 est.

440 4220 624 4290 (Vers.
659 4221 745 4288 15,
778 4220 893 4291 16.)
925 4241 953 4268 ‹‹
986 4216 1255 4274 Forsitan
1287 4216 1441 4271 enim
1476 4215 1605 4271 ideo
1637 4215 1909 4270 discessit
1940 4214 2012 4269 ad

370 4309 575 4366 horam
617 4326 651 4365 a
679 4313 755 4376 te,
785 4313 852 4364 ut
882 4313 1166 4364 aeternum
1198 4305 1366 4360 illum
1398 4305 1706 4375 reciperes.
1738 4304 1868 4359 Jam
1899 4320 2014 4359 non

369 4399 524 4456 sicut
545 4414 797 4465 servum,
822 4397 922 4453 sed
947 4395 1079 4469 plus
1101 4410 1285 4459 servo,
1312 4393 1549 4448 fratrem
1574 4393 2013 4463 charissimum,

368 4488 621 4544 maxime
667 4486 813 4542 mihi
853 4504 865 4541 :
916 4488 1133 4559 quanto
1190 4482 1380 4555 magis
1432 4485 1631 4538 autem
1683 4482 1809 4548 tibi,
1851 4487 1908 4537 et
1958 4484 2015 4536 in

367 4594 562 4645 carne,
579 4581 637 4633 et
661 4576 720 4631 in
742 4575 1011 4632 Domino.
1034 4596 1062 4623 ››
1085 4573 1521 4644 Nonnunquam
1547 4570 1769 4627 malum
1792 4571 2017 4628 occasio

370 4669 436 4725 fit
463 4669 773 4734 bonorum,
797 4669 853 4721 et
874 4664 1181 4720 hominum
1210 4679 1386 4735 prava
1410 4660 1656 4717 consilia
1679 4666 1828 4716 Deus
1850 4662 2022 4716 vertit
2054 4682 2100 4747 υ

370 4758 443 4814 ad
494 4760 740 4812 rectum.
774 4753 936 4820 Quod
985 4753 1114 4809 dico
1167 4749 1538 4807 manifestius
1586 4749 1850 4822 exemplo
1901 4752 2019 4806 fiet.

368 4844 586 4918 Joseph
646 4844 875 4913 fratres,
932 4842 1026 4899 sui
1085 4841 1234 4899 758
1294 4840 1400 4897 zeli
1458 4839 1718 4896 stimulis
1776 4838 2024 4908 incitati,

370 4932 693 4991 lsmaelitis
723 4931 928 5004 viginti
951 4930 1183 4987 aureis‘
1218 4930 1605 4987 vendiderunt
1635 4928 1785 4998 (Gen.
1810 4947 2024 5001 xxxvu,

370 5024 486 5096 28).
529 5026 648 5079 Hoc
698 5020 932 5077 initium
982 5024 1039 5076 et
1088 5019 1259 5093 patri,
1311 5024 1368 5074 et
1418 5019 1714 5086 fratribus,
1763 5024 1820 5074 et
1865 5018 2024 5075 omni

376 5112 619 5186 Egypto
642 5111 927 5167 bonorum
950 5110 1215 5167 omnium
1240 5108 1369 5163 fuit.
1400 5109 1656 5179 Denique
1683 5108 1807 5180 ipse
1830 5112 2030 5181 postea

376 5201 452 5257 ad
502 5200 710 5255 fratres
742 5216 754 5253 :
809 5200 927 5268 Vos,
961 5197 1176 5271 inquit,
1205 5199 1483 5268 cogitastis
1512 5196 1576 5252 de
1604 5212 1691 5252 me
1732 5189 1882 5252 inata
1912 5213 1931 5251 :
1979 5205 2030 5252 et

375 5289 516 5345 Deus
543 5289 802 5359 cogitavit
829 5288 893 5345 de
919 5304 1011 5344 me
1042 5288 1181 5344 bona
1209 5286 1363 5360 (Gen.
1400 5304 1449 5358 ι,
1480 5286 1594 5357 20).
1639 5285 1840 5341 Simile
1887 5286 2027 5357 quid

453 5451 467 5485 ¹
502 5450 669 5524 Legit
698 5450 808 5507 hoc
837 5449 961 5507 loco
993 5449 1317 5508 secundum
1353 5448 1702 5519 Interpretes
1734 5446 1903 5524 LXX,
1929 5447 2030 5524 qui

377 5540 486 5597 pro
516 5521 715 5597 viginti
762 5525 1413 5597 a_rgentei.§,__posuerunt
1456 5536 1650 5597 cureos
1698 5521 1935 5597 viginti._
1958 5522 2033 5597 De

380 5592 499 5724 ἓξιο
529 5592 744 5651 videsis
791 5592 989 5668 ipsum
1019 5592 1436 5666 Hieronymum
1469 5592 1527 5647 in
1559 5608 1687 5664 cap.
1720 5609 1852 5647 xxw
1884 5592 2032 5647 Mat-

449 5667 537 5724 mi.
574 5667 762 5724 MART.
794 5696 863 5707 -
903 5666 1179 5722 Notatum
1230 5682 1360 5722 vero
1412 5664 1652 5724 insimet
1698 5664 1756 5720 S.
1807 5662 2032 5721 Doctori

449 5667 537 5724 mi.
574 5667 762 5724 MART.
794 5662 863 5707 -Σ-
903 5666 1179 5722 Notatum
1230 5662 1360 5722 vero
1412 5662 1652 5724 insimet
1698 5664 1756 5720 S.
1807 5662 2033 5721 Doctori

381 5739 657 5815 superius
687 5739 747 5796 in
770 5738 1164 5797 Commentar.
1197 5736 1258 5794 in
1292 5735 1522 5812 Matth.,
1546 5752 1675 5812 cap.
1699 5753 1854 5810 xxvr,
1877 5735 2033 5811 quod

670 5869 936 5934 Paeon.
980 5863 1195 5932 XXVI.

2116 3413 2366 3479 Christo,
2399 3412 2619 3484 duplici
2654 3412 2890 3468 domino
2923 3431 3028 3469 suo
3059 3414 3184 3486 lege
3223 3417 3566 3491 constringi,
3598 3425 3664 3476 ut
3714 3422 3767 3478 ei

2118 3508 2174 3558 et
2220 3500 2413 3557 carnis
2466 3500 2810 3556 necessitate
2854 3502 3145 3574 jungatur
3191 3504 3261 3559 ad
3313 3510 3568 3578 tempus,
3600 3513 3658 3565 et
3704 3510 3766 3566 in

2118 3596 2399 3646 aeternum
2433 3590 2642 3661 spiritu
2694 3589 3018 3661 copuletur.

2190 3679 2372 3747 (Vers.
2417 3682 2522 3747 17.)
2574 3701 2600 3729 ‹‹
2632 3678 2692 3734 Si
2719 3696 2854 3752 ergo
2888 3680 3068 3736 habes
3110 3698 3202 3737 me
3250 3685 3498 3751 socium,
3530 3688 3768 3760 suscipe

2119 3768 2287 3825 illum
2320 3768 2473 3825 sicut
2505 3786 2615 3824 me.
2650 3791 2678 3818 »
2730 3769 3030 3826 Philemon
3061 3772 3081 3804 ²
3132 3771 3377 3829 Paulum
3409 3775 3632 3832 socium
3667 3776 3772 3834 ba-

2122 3859 2256 3915 bere
2284 3858 2575 3930 cupiebat,
2598 3863 2654 3914 et
2686 3859 2742 3912 in
2773 3858 3069 3915 Christum
3102 3863 3367 3929 credens,
3391 3863 3539 3921 tales
3570 3866 3775 3939 utique

2120 3949 2351 4004 volebat
2400 3947 2612 4002 habere
2660 3947 2978 4019 profectus,
3011 3955 3077 4004 ut
3121 3950 3298 4007 Paulo
3342 3952 3555 4010 similis
3587 3956 3771 4021 fieret,

2123 4042 2180 4093 et
2230 4038 2279 4093 ei
2334 4036 2482 4092 759
2524 4037 2983 4093 communicaret
3027 4038 3085 4093 in
3129 4039 3398 4096 vinculis.
3431 4043 3772 4102 Considere-

2125 4143 2258 4181 mus
2287 4142 2422 4197 ergo
2453 4130 2737 4196 quantum
2772 4125 2866 4180 hic
2911 4126 3183 4181 laudetur
3211 4128 3546 4201 Onesimus,
3579 4148 3768 4204 quan-

2123 4220 2248 4270 tum
2281 4214 2597 4286 profecisse
2637 4214 2912 4270 dicatur:
2964 4232 3098 4271 cum
3153 4215 3237 4271 ita
3283 4218 3652 4290 recipiendus
3683 4227 3775 4279 est

2125 4309 2189 4359 ut
2218 4303 2533 4376 Apostolus
2563 4308 2620 4358 et
2651 4302 2735 4358 sic
2767 4304 2894 4373 ejus
2927 4303 3201 4360 dominus
3242 4310 3311 4360 ut
3350 4307 3514 4363 Pauli
3566 4310 3775 4369 debeat

2125 4394 2456 4449 desiderare
2478 4392 2859 4447 consortium.
2884 4392 3132 4449 Breviter
3154 4396 3308 4466 quod
3332 4396 3473 4451 dicit
3505 4397 3617 4454 tale
3646 4406 3735 4457 est
3758 4418 3772 4457 :

2127 4483 2185 4539 Si
2219 4499 2309 4538 me
2342 4481 2428 4538 vis
2460 4482 2671 4537 habere
2700 4488 3050 4549 consortem,
3076 4482 3288 4539 habeto
3319 4490 3374 4539 et
3404 4485 3772 4561 Onesimum,

2126 4587 2300 4643 quem
2319 4587 2424 4642 ego
2442 4575 2868 4635 consortem,et
2885 4570 3071 4626 filium
3093 4588 3311 4641 meum,
3327 4579 3384 4628 et
3406 4574 3629 4632 viscera
3645 4594 3779 4634 mea

2131 4660 2347 4716 habeo;
2368 4676 2541 4732 quem
2565 4659 2612 4714 si
2641 4676 2752 4714 non
2777 4661 3126 4733 susceperis,
3145 4678 3249 4718 nec
3273 4663 3485 4721 habere
3504 4665 3782 4737 volueris,

2133 4753 2190 4803 et
2221 4749 2345 4819 ipse
2376 4748 2656 4819 intelligis
2686 4748 2841 4820 quod
2876 4765 2967 4804 me
2998 4750 3211 4806 habere
3242 4768 3358 4808 non
3390 4754 3604 4826 possis.

2205 4838 2390 4906 (Vers.
2427 4838 2537 4907 18.)
2592 4860 2618 4887 ‹‹
2654 4837 2710 4892 Si
2755 4842 2951 4894 autem
3001 4838 3227 4913 aliquid
3276 4843 3477 4899 nocuit
3524 4844 3651 4916 tibi,
3685 4850 3788 4902 aut

2135 4928 2325 4993 debet,
2360 4927 2467 4982 hoc
2500 4926 2643 4981 mihi
2678 4928 2922 4999 imputa.
2957 4949 2985 4978 »
3022 4929 3289 4986 Imitator
3323 4932 3549 4988 Domini
3581 4935 3700 5001 sui,
3730 4939 3788 4990 et

2136 5015 2431 5072 Christum
2480 5015 2540 5070 in
2591 5033 2652 5072 se
2699 5008 3032 5088 loquentem
3065 5017 3310 5087 habens,
3346 5036 3415 5077 ea
3436 5023 3605 5093 juxta
3634 5022 3786 5079 vires

2137 5122 2275 5161 suas
2308 5106 2478 5161 debet
2508 5105 2694 5161 facere
2726 5122 2854 5178 qua:
2885 5106 3171 5163 Christus.
3206 5109 3265 5165 Si
3307 5111 3461 5166 enim
3502 5110 3600 5166 ille
3629 5110 3789 5166 infir-

2139 5197 2373 5250 mitates
2421 5202 2653 5252 nostras
2685 5197 2953 5268 portavit,
2988 5202 3043 5253 et
3075 5196 3278 5270 plagas
3311 5204 3541 5255 nostras
3573 5198 3785 5269 doluit,

2130 5284 2293 5356 juste
2316 5284 2631 5356 Apostolus
2657 5302 2760 5358 pro
2782 5285 3057 5341 Onesimo
3088 5302 3150 5342 se
3173 5289 3433 5361 opponit,
3458 5293 3513 5345 et
3539 5289 3792 5361 spondet

2138 5446 2333 5521 Joseph
2381 5462 2510 5517 non,
2544 5455 2603 5502 ut
2649 5448 2817 5521 multi
2862 5452 3072 5521 putant,
3095 5448 3261 5519 juxta
3288 5448 3423 5521 LXX
3460 5448 3791 5521 Interpretes

2141 5519 2517 5589 (quibuscum
2550 5522 2746 5575 tamen
2781 5520 2874 5573 hic
2908 5519 3060 5590 facit)
3094 5520 3293 5587 viginti
3319 5522 3509 5576 aureis
3542 5519 3793 5580 venditus

2139 5594 2257 5718 ist;
2304 5591 2393 5646 sed
2433 5592 2602 5663 juxta
2650 5593 2973 5649 Hebraicam
3022 5593 3306 5646 veritatem
3352 5594 3549 5661 viginti
3590 5609 3791 5665 argen-

2164 5679 2265 5719 eis.

2214 5704 2481 5793 rVitiose
2525 5749 2706 5808 penes
2738 5733 3142 5793 Martianaeum
3174 5733 3573 5800 Philemonem.

3438 5868 3511 5933 21
