  <div class='ocr_page' id='page_1' title='image "/cluster/home/n/w/nwhite01/storage/ocr_20150623/26/umn.31951002477320a/329.png"; bbox 0 0 4310 6608; ppageno 0'>
   <div class='ocr_carea' id='block_1_1' title="bbox 548 440 660 499">
    <p class='ocr_par' dir='ltr' id='par_1_1' title="bbox 548 440 660 499">
     <span class='ocr_line' id='line_1_1' title="bbox 548 440 660 499; baseline 0 -1"><span class='ocrx_word' id='word_1_1' title='bbox 548 440 660 499; x_wconf 79' lang='grc'><strong>651</strong></span> 
     </span>
    </p>
   </div>
   <div class='ocr_carea' id='block_1_2' title="bbox 1707 438 2639 501">
    <p class='ocr_par' dir='ltr' id='par_1_2' title="bbox 1707 438 2639 501">
     <span class='ocr_line' id='line_1_2' title="bbox 1707 438 2639 501; baseline -0.001 -1"><span class='ocrx_word' id='word_1_2' title='bbox 1707 440 1771 500; x_wconf 84' lang='grc'><strong>8.</strong></span> <span class='ocrx_word' id='word_1_3' title='bbox 1819 438 2127 501; x_wconf 75' lang='lat' dir='ltr'><strong>EUSEBII</strong></span> <span class='ocrx_word' id='word_1_4' title='bbox 2165 438 2639 501; x_wconf 80' lang='lat' dir='ltr'><strong>HIERONYMI.</strong></span> 
     </span>
    </p>
   </div>
   <div class='ocr_carea' id='block_1_3' title="bbox 551 568 3963 643">
    <p class='ocr_par' dir='ltr' id='par_1_3' title="bbox 551 568 3963 643">
     <span class='ocr_line' id='line_1_3' title="bbox 551 568 3963 643; baseline 0 -18"><span class='ocrx_word' id='word_1_5' title='bbox 551 588 685 643; x_wconf 69' lang='lat' dir='ltr'><strong>quas</strong></span> <span class='ocrx_word' id='word_1_6' title='bbox 716 569 819 627; x_wconf 91' lang='lat' dir='ltr'><strong>ille</strong></span> <span class='ocrx_word' id='word_1_7' title='bbox 848 570 1117 626; x_wconf 81' lang='lat' dir='ltr'><strong>debebat.</strong></span> <span class='ocrx_word' id='word_1_8' title='bbox 1151 570 1226 625; x_wconf 89' lang='lat' dir='ltr'><strong>Ut</strong></span> <span class='ocrx_word' id='word_1_9' title='bbox 1254 574 1450 626; x_wconf 88' lang='lat' dir='ltr'><strong>autem</strong></span> <span class='ocrx_word' id='word_1_10' title='bbox 1484 588 1661 643; x_wconf 83' lang='lat' dir='ltr'><strong>supra</strong></span> <span class='ocrx_word' id='word_1_11' title='bbox 1696 571 1979 638; x_wconf 81' lang='lat' dir='ltr'><strong>diximus,</strong></span> <span class='ocrx_word' id='word_1_12' title='bbox 2013 577 2204 628; x_wconf 90' lang='lat' dir='ltr'><strong>totum</strong></span> <span class='ocrx_word' id='word_1_13' title='bbox 2235 573 2291 640; x_wconf 79' lang='grc' dir='ltr'><strong>Α</strong></span> <span class='ocrx_word' id='word_1_14' title='bbox 2319 572 2590 641; x_wconf 90' lang='lat' dir='ltr'><strong>volueris,</strong></span> <span class='ocrx_word' id='word_1_15' title='bbox 2622 575 2773 629; x_wconf 91' lang='lat' dir='ltr'><strong>recte</strong></span> <span class='ocrx_word' id='word_1_16' title='bbox 2818 571 2981 628; x_wconf 92' lang='lat' dir='ltr'><strong>Pauli</strong></span> <span class='ocrx_word' id='word_1_17' title='bbox 3034 570 3094 626; x_wconf 92' lang='lat' dir='ltr'><strong>in</strong></span> <span class='ocrx_word' id='word_1_18' title='bbox 3142 570 3370 627; x_wconf 78' lang='lat' dir='ltr'><strong>Christo</strong></span> <span class='ocrx_word' id='word_1_19' title='bbox 3416 569 3639 628; x_wconf 76' lang='lat' dir='ltr'><strong>viscera</strong></span> <span class='ocrx_word' id='word_1_20' title='bbox 3686 568 3963 627; x_wconf 82' lang='lat' dir='ltr'><strong>dicentur</strong></span> 
     </span>
    </p>
   </div>
   <div class='ocr_carea' id='block_1_4' title="bbox 548 658 2194 733">
    <p class='ocr_par' dir='ltr' id='par_1_4' title="bbox 548 658 2194 733">
     <span class='ocr_line' id='line_1_4' title="bbox 548 658 2194 733; baseline 0 -17"><span class='ocrx_word' id='word_1_21' title='bbox 548 659 695 716; x_wconf 88' lang='lat' dir='ltr'><strong>illud</strong></span> <span class='ocrx_word' id='word_1_22' title='bbox 744 665 851 727; x_wconf 89' lang='lat' dir='ltr'><strong>est,</strong></span> <span class='ocrx_word' id='word_1_23' title='bbox 905 661 1058 730; x_wconf 92' lang='lat' dir='ltr'><strong>quod</strong></span> <span class='ocrx_word' id='word_1_24' title='bbox 1109 658 1369 715; x_wconf 88' lang='lat' dir='ltr'><strong>ablatum</strong></span> <span class='ocrx_word' id='word_1_25' title='bbox 1420 664 1594 729; x_wconf 88' lang='lat' dir='ltr'><strong>furto,</strong></span> <span class='ocrx_word' id='word_1_26' title='bbox 1647 666 1701 717; x_wconf 89' lang='lat' dir='ltr'><strong>et</strong></span> <span class='ocrx_word' id='word_1_27' title='bbox 1748 677 1851 733; x_wconf 89' lang='lat' dir='ltr'><strong>per</strong></span> <span class='ocrx_word' id='word_1_28' title='bbox 1900 660 2194 717; x_wconf 82' lang='lat' dir='ltr'><strong>luxuriam</strong></span> 
     </span>
    </p>
   </div>
   <div class='ocr_carea' id='block_1_5' title="bbox 551 749 2197 823">
    <p class='ocr_par' dir='ltr' id='par_1_5' title="bbox 551 749 2197 823">
     <span class='ocr_line' id='line_1_5' title="bbox 551 749 2197 823; baseline 0 -18"><span class='ocrx_word' id='word_1_29' title='bbox 551 749 869 823; x_wconf 90' lang='lat' dir='ltr'><strong>perditum,</strong></span> <span class='ocrx_word' id='word_1_30' title='bbox 922 767 1038 805; x_wconf 90' lang='lat' dir='ltr'><strong>non</strong></span> <span class='ocrx_word' id='word_1_31' title='bbox 1089 754 1312 821; x_wconf 79' lang='lat' dir='ltr'><strong>poterat</strong></span> <span class='ocrx_word' id='word_1_32' title='bbox 1364 751 1629 807; x_wconf 86' lang='lat' dir='ltr'><strong>absolvi:</strong></span> <span class='ocrx_word' id='word_1_33' title='bbox 1686 752 1839 823; x_wconf 91' lang='lat' dir='ltr'><strong>quod</strong></span> <span class='ocrx_word' id='word_1_34' title='bbox 1893 750 2197 805; x_wconf 90' lang='lat' dir='ltr'><strong>Philemon</strong></span> 
     </span>
    </p>
   </div>
   <div class='ocr_carea' id='block_1_6' title="bbox 551 839 2197 912">
    <p class='ocr_par' dir='ltr' id='par_1_6' title="bbox 551 839 2197 912">
     <span class='ocr_line' id='line_1_6' title="bbox 551 839 2197 912; baseline 0 -18"><span class='ocrx_word' id='word_1_35' title='bbox 551 839 758 911; x_wconf 81' lang='lat' dir='ltr'><strong>grandi</strong></span> <span class='ocrx_word' id='word_1_36' title='bbox 793 839 977 910; x_wconf 91' lang='lat' dir='ltr'><strong>pretio</strong></span> <span class='ocrx_word' id='word_1_37' title='bbox 1012 840 1294 910; x_wconf 79' lang='lat' dir='ltr'><strong>pensabat</strong></span> <span class='ocrx_word' id='word_1_38' title='bbox 1320 840 1433 911; x_wconf 77' lang='grc' dir='ltr'><strong>[ΑΙ.</strong></span> <span class='ocrx_word' id='word_1_39' title='bbox 1460 840 1896 912; x_wconf 75' lang='lat' dir='ltr'><strong>compensabat]</strong></span> <span class='ocrx_word' id='word_1_40' title='bbox 1920 840 2060 895; x_wconf 91' lang='lat' dir='ltr'><strong>dum</strong></span> <span class='ocrx_word' id='word_1_41' title='bbox 2094 855 2197 911; x_wconf 91' lang='lat' dir='ltr'><strong>pro</strong></span> 
     </span>
    </p>
   </div>
   <div class='ocr_carea' id='block_1_7' title="bbox 553 927 2198 1001">
    <p class='ocr_par' dir='ltr' id='par_1_7' title="bbox 553 927 2198 1001">
     <span class='ocr_line' id='line_1_7' title="bbox 553 927 2198 1001; baseline -0.001 -17"><span class='ocrx_word' id='word_1_42' title='bbox 553 944 719 984; x_wconf 88' lang='lat' dir='ltr'><strong>servo</strong></span> <span class='ocrx_word' id='word_1_43' title='bbox 785 927 1051 1001; x_wconf 87' lang='lat' dir='ltr'><strong>fugitivo,</strong></span> <span class='ocrx_word' id='word_1_44' title='bbox 1101 936 1158 983; x_wconf 89' lang='lat' dir='ltr'><strong>et</strong></span> <span class='ocrx_word' id='word_1_45' title='bbox 1224 930 1471 1000; x_wconf 89' lang='lat' dir='ltr'><strong>pecunia</strong></span> <span class='ocrx_word' id='word_1_46' title='bbox 1536 930 1788 1001; x_wconf 91' lang='lat' dir='ltr'><strong>perdita,</strong></span> <span class='ocrx_word' id='word_1_47' title='bbox 1837 934 1893 984; x_wconf 90' lang='lat' dir='ltr'><strong>et</strong></span> <span class='ocrx_word' id='word_1_48' title='bbox 1958 929 2198 984; x_wconf 76' lang='lat' dir='ltr'><strong>fratrem</strong></span> 
     </span>
    </p>
   </div>
   <div class='ocr_carea' id='block_1_8' title="bbox 555 1017 2199 1089">
    <p class='ocr_par' dir='ltr' id='par_1_8' title="bbox 555 1017 2199 1089">
     <span class='ocr_line' id='line_1_8' title="bbox 555 1017 2199 1089; baseline -0.001 -17"><span class='ocrx_word' id='word_1_49' title='bbox 555 1017 994 1083; x_wconf 90' lang='lat' dir='ltr'><strong>charissimum,</strong></span> <span class='ocrx_word' id='word_1_50' title='bbox 1018 1022 1073 1072; x_wconf 91' lang='lat' dir='ltr'><strong>et</strong></span> <span class='ocrx_word' id='word_1_51' title='bbox 1102 1020 1336 1072; x_wconf 79' lang='lat' dir='ltr'><strong>fratrem</strong></span> <span class='ocrx_word' id='word_1_52' title='bbox 1368 1019 1648 1089; x_wconf 83' lang='lat' dir='ltr'><strong>reciperet</strong></span> <span class='ocrx_word' id='word_1_53' title='bbox 1676 1024 1977 1083; x_wconf 68' lang='lat' dir='ltr'><strong>aeternum,</strong></span> <span class='ocrx_word' id='word_1_54' title='bbox 2012 1022 2069 1073; x_wconf 91' lang='lat' dir='ltr'><strong>et</strong></span> <span class='ocrx_word' id='word_1_55' title='bbox 2099 1033 2199 1089; x_wconf 90' lang='lat' dir='ltr'><strong>per</strong></span> 
     </span>
    </p>
   </div>
   <div class='ocr_carea' id='block_1_9' title="bbox 555 1106 1841 1178">
    <p class='ocr_par' dir='ltr' id='par_1_9' title="bbox 555 1106 1841 1178">
     <span class='ocr_line' id='line_1_9' title="bbox 555 1106 1841 1178; baseline -0.001 -16"><span class='ocrx_word' id='word_1_56' title='bbox 555 1123 688 1162; x_wconf 89' lang='lat' dir='ltr'><strong>eum</strong></span> <span class='ocrx_word' id='word_1_57' title='bbox 724 1106 836 1162; x_wconf 82' lang='lat' dir='ltr'><strong>sibi</strong></span> <span class='ocrx_word' id='word_1_58' title='bbox 867 1106 1212 1178; x_wconf 85' lang='lat' dir='ltr'><strong>Apostolum</strong></span> <span class='ocrx_word' id='word_1_59' title='bbox 1248 1108 1458 1160; x_wconf 86' lang='lat' dir='ltr'><strong>faceret</strong></span> <span class='ocrx_word' id='word_1_60' title='bbox 1498 1108 1841 1162; x_wconf 82' lang='lat' dir='ltr'><strong>debitorem.</strong></span> 
     </span>
    </p>
   </div>
   <div class='ocr_carea' id='block_1_10' title="bbox 628 1195 2197 1267">
    <p class='ocr_par' dir='ltr' id='par_1_10' title="bbox 628 1195 2197 1267">
     <span class='ocr_line' id='line_1_10' title="bbox 628 1195 2197 1267; baseline 0 -18"><span class='ocrx_word' id='word_1_61' title='bbox 628 1196 816 1267; x_wconf 87' lang='lat' dir='ltr'><strong>(Vers.</strong></span> <span class='ocrx_word' id='word_1_62' title='bbox 852 1195 961 1266; x_wconf 87' lang='grc'><strong>19.)</strong></span> <span class='ocrx_word' id='word_1_63' title='bbox 997 1217 1023 1243; x_wconf 86' lang='grc'><strong>‹‹</strong></span> <span class='ocrx_word' id='word_1_64' title='bbox 1059 1196 1171 1265; x_wconf 82' lang='lat' dir='ltr'><strong>Ego</strong></span> <span class='ocrx_word' id='word_1_65' title='bbox 1203 1196 1420 1249; x_wconf 85' lang='lat' dir='ltr'>Paulus</span> <span class='ocrx_word' id='word_1_66' title='bbox 1450 1196 1658 1266; x_wconf 84' lang='lat' dir='ltr'><strong>scripsi</strong></span> <span class='ocrx_word' id='word_1_67' title='bbox 1690 1213 1867 1251; x_wconf 90' lang='lat' dir='ltr'><strong>manu</strong></span> <span class='ocrx_word' id='word_1_68' title='bbox 1901 1212 2050 1251; x_wconf 90' lang='lat' dir='ltr'><strong>mea.</strong></span> <span class='ocrx_word' id='word_1_69' title='bbox 2084 1200 2197 1266; x_wconf 92' lang='lat' dir='ltr'><strong>Ego</strong></span> 
     </span>
    </p>
   </div>
   <div class='ocr_carea' id='block_1_11' title="bbox 556 1282 2197 1356">
    <p class='ocr_par' dir='ltr' id='par_1_11' title="bbox 556 1282 2197 1356">
     <span class='ocr_line' id='line_1_11' title="bbox 556 1282 2197 1356; baseline -0.003 -16"><span class='ocrx_word' id='word_1_70' title='bbox 556 1286 820 1349; x_wconf 83' lang='lat' dir='ltr'><strong>reddam,</strong></span> <span class='ocrx_word' id='word_1_71' title='bbox 853 1289 919 1339; x_wconf 90' lang='lat' dir='ltr'><strong>ut</strong></span> <span class='ocrx_word' id='word_1_72' title='bbox 950 1300 1061 1338; x_wconf 91' lang='lat' dir='ltr'><strong>non</strong></span> <span class='ocrx_word' id='word_1_73' title='bbox 1097 1283 1285 1339; x_wconf 87' lang='lat' dir='ltr'><strong>dicam</strong></span> <span class='ocrx_word' id='word_1_74' title='bbox 1317 1284 1445 1349; x_wconf 88' lang='lat' dir='ltr'><strong>tibi,</strong></span> <span class='ocrx_word' id='word_1_75' title='bbox 1479 1284 1618 1355; x_wconf 87' lang='lat' dir='ltr'><strong>quia</strong></span> <span class='ocrx_word' id='word_1_76' title='bbox 1658 1290 1716 1339; x_wconf 91' lang='lat' dir='ltr'><strong>et</strong></span> <span class='ocrx_word' id='word_1_77' title='bbox 1744 1284 1942 1356; x_wconf 90' lang='lat' dir='ltr'><strong>ipsum</strong></span> <span class='ocrx_word' id='word_1_78' title='bbox 1968 1288 2022 1339; x_wconf 89' lang='lat' dir='ltr'><strong>te</strong></span> <span class='ocrx_word' id='word_1_79' title='bbox 2051 1282 2197 1338; x_wconf 91' lang='lat' dir='ltr'><strong>mihi</strong></span> 
     </span>
    </p>
   </div>
   <div class='ocr_carea' id='block_1_12' title="bbox 557 1372 2198 1435">
    <p class='ocr_par' dir='ltr' id='par_1_12' title="bbox 557 1372 2198 1435">
     <span class='ocr_line' id='line_1_12' title="bbox 557 1372 2198 1435; baseline -0.002 -6"><span class='ocrx_word' id='word_1_80' title='bbox 557 1374 753 1429; x_wconf 87' lang='lat' dir='ltr'><strong>debes.</strong></span> <span class='ocrx_word' id='word_1_81' title='bbox 789 1395 816 1422; x_wconf 84' lang='lat'>»</span> <span class='ocrx_word' id='word_1_82' title='bbox 850 1373 1009 1435; x_wconf 89' lang='lat' dir='ltr'><strong>Quod</strong></span> <span class='ocrx_word' id='word_1_83' title='bbox 1046 1373 1186 1427; x_wconf 90' lang='lat' dir='ltr'><strong>dicit</strong></span> <span class='ocrx_word' id='word_1_84' title='bbox 1216 1372 1329 1427; x_wconf 86' lang='lat' dir='ltr'><strong>tale</strong></span> <span class='ocrx_word' id='word_1_85' title='bbox 1359 1377 1482 1428; x_wconf 89' lang='lat' dir='ltr'><strong>est:</strong></span> <span class='ocrx_word' id='word_1_86' title='bbox 1516 1374 1679 1435; x_wconf 91' lang='lat' dir='ltr'><strong>Quod</strong></span> <span class='ocrx_word' id='word_1_87' title='bbox 1702 1374 2014 1429; x_wconf 88' lang='lat' dir='ltr'><strong>Onesimus</strong></span> <span class='ocrx_word' id='word_1_88' title='bbox 2046 1373 2198 1427; x_wconf 90' lang='lat' dir='ltr'><strong>furto</strong></span> 
     </span>
    </p>
   </div>
   <div class='ocr_carea' id='block_1_13' title="bbox 555 1461 2198 1534">
    <p class='ocr_par' dir='ltr' id='par_1_13' title="bbox 555 1461 2198 1534">
     <span class='ocr_line' id='line_1_13' title="bbox 555 1461 2198 1534; baseline -0.001 -17"><span class='ocrx_word' id='word_1_89' title='bbox 555 1461 766 1534; x_wconf 82' lang='lat' dir='ltr'><strong>rapuit,</strong></span> <span class='ocrx_word' id='word_1_90' title='bbox 802 1477 906 1531; x_wconf 86' lang='lat' dir='ltr'><strong>ego</strong></span> <span class='ocrx_word' id='word_1_91' title='bbox 938 1477 1029 1515; x_wconf 90' lang='lat' dir='ltr'><strong>me</strong></span> <span class='ocrx_word' id='word_1_92' title='bbox 1058 1462 1315 1532; x_wconf 87' lang='lat' dir='ltr'><strong>spondeo</strong></span> <span class='ocrx_word' id='word_1_93' title='bbox 1350 1462 1715 1517; x_wconf 89' lang='lat' dir='ltr'><strong>redditurum</strong></span> <span class='ocrx_word' id='word_1_94' title='bbox 1751 1480 1764 1517; x_wconf 91' lang='lat'><strong>:</strong></span> <span class='ocrx_word' id='word_1_95' title='bbox 1821 1464 1993 1532; x_wconf 88' lang='lat' dir='ltr'><strong>cujus</strong></span> <span class='ocrx_word' id='word_1_96' title='bbox 2024 1477 2198 1533; x_wconf 90' lang='lat' dir='ltr'><strong>spon-</strong></span> 
     </span>
    </p>
   </div>
   <div class='ocr_carea' id='block_1_14' title="bbox 553 1549 2196 1622">
    <p class='ocr_par' dir='ltr' id='par_1_14' title="bbox 553 1549 2196 1622">
     <span class='ocr_line' id='line_1_14' title="bbox 553 1549 2196 1622; baseline 0.001 -17"><span class='ocrx_word' id='word_1_97' title='bbox 553 1550 757 1619; x_wconf 87' lang='lat' dir='ltr'><strong>sionis,</strong></span> <span class='ocrx_word' id='word_1_98' title='bbox 793 1549 1046 1620; x_wconf 86' lang='lat' dir='ltr'><strong>Epistola</strong></span> <span class='ocrx_word' id='word_1_99' title='bbox 1091 1549 1213 1603; x_wconf 69' lang='lat' dir='ltr'><strong>hanc</strong></span> <span class='ocrx_word' id='word_1_100' title='bbox 1244 1556 1301 1604; x_wconf 90' lang='lat' dir='ltr'><strong>et</strong></span> <span class='ocrx_word' id='word_1_101' title='bbox 1333 1568 1544 1605; x_wconf 87' lang='lat' dir='ltr'><strong>manus</strong></span> <span class='ocrx_word' id='word_1_102' title='bbox 1576 1552 1768 1606; x_wconf 82' lang='lat' dir='ltr'><strong>testis&#39;</strong></span> <span class='ocrx_word' id='word_1_103' title='bbox 1784 1556 1873 1605; x_wconf 90' lang='lat' dir='ltr'><strong>est</strong></span> <span class='ocrx_word' id='word_1_104' title='bbox 1917 1550 2151 1622; x_wconf 88' lang='lat' dir='ltr'><strong>propria</strong></span> <span class='ocrx_word' id='word_1_105' title='bbox 2183 1567 2196 1606; x_wconf 90' lang='lat'><strong>:</strong></span> 
     </span>
    </p>
   </div>
   <div class='ocr_carea' id='block_1_15' title="bbox 555 1639 2200 1712">
    <p class='ocr_par' dir='ltr' id='par_1_15' title="bbox 555 1639 2200 1712">
     <span class='ocr_line' id='line_1_15' title="bbox 555 1639 2200 1712; baseline 0.001 -19"><span class='ocrx_word' id='word_1_106' title='bbox 555 1657 730 1712; x_wconf 88' lang='lat' dir='ltr'><strong>quam</strong></span> <span class='ocrx_word' id='word_1_107' title='bbox 764 1656 878 1694; x_wconf 92' lang='lat' dir='ltr'><strong>non</strong></span> <span class='ocrx_word' id='word_1_108' title='bbox 909 1639 1080 1694; x_wconf 91' lang='lat' dir='ltr'><strong>solito</strong></span> <span class='ocrx_word' id='word_1_109' title='bbox 1112 1656 1270 1695; x_wconf 89' lang='lat' dir='ltr'><strong>more</strong></span> <span class='ocrx_word' id='word_1_110' title='bbox 1301 1641 1535 1711; x_wconf 83' lang='lat' dir='ltr'><strong>dictavi,</strong></span> <span class='ocrx_word' id='word_1_111' title='bbox 1570 1642 1667 1695; x_wconf 92' lang='lat' dir='ltr'><strong>sed</strong></span> <span class='ocrx_word' id='word_1_112' title='bbox 1705 1658 1833 1696; x_wconf 90' lang='lat' dir='ltr'><strong>mea</strong></span> <span class='ocrx_word' id='word_1_113' title='bbox 1864 1657 2040 1695; x_wconf 89' lang='lat' dir='ltr'><strong>manu</strong></span> <span class='ocrx_word' id='word_1_114' title='bbox 2074 1639 2200 1711; x_wconf 88' lang='lat' dir='ltr'><strong>ipse</strong></span> 
     </span>
    </p>
   </div>
   <div class='ocr_carea' id='block_1_16' title="bbox 554 1726 2197 1800">
    <p class='ocr_par' dir='ltr' id='par_1_16' title="bbox 554 1726 2197 1800">
     <span class='ocr_line' id='line_1_16' title="bbox 554 1726 2197 1800; baseline -0.002 -16"><span class='ocrx_word' id='word_1_115' title='bbox 554 1727 896 1799; x_wconf 87' lang='lat' dir='ltr'><strong>conscripsi.</strong></span> <span class='ocrx_word' id='word_1_116' title='bbox 912 1728 1091 1783; x_wconf 82' lang='lat' dir='ltr'><strong>Crede</strong></span> <span class='ocrx_word' id='word_1_117' title='bbox 1109 1728 1288 1799; x_wconf 85' lang='lat' dir='ltr'><strong>igitur</strong></span> <span class='ocrx_word' id='word_1_118' title='bbox 1303 1728 1445 1783; x_wconf 91' lang='lat' dir='ltr'><strong>mihi</strong></span> <span class='ocrx_word' id='word_1_119' title='bbox 1470 1746 1571 1800; x_wconf 92' lang='lat' dir='ltr'><strong>pro</strong></span> <span class='ocrx_word' id='word_1_120' title='bbox 1584 1728 1856 1784; x_wconf 89' lang='lat' dir='ltr'><strong>Onesimo</strong></span> <span class='ocrx_word' id='word_1_121' title='bbox 1881 1726 2197 1800; x_wconf 87' lang='lat' dir='ltr'><strong>pollicenti.</strong></span> 
     </span>
    </p>
   </div>
   <div class='ocr_carea' id='block_1_17' title="bbox 552 1816 2200 1888">
    <p class='ocr_par' dir='ltr' id='par_1_17' title="bbox 552 1816 2200 1888">
     <span class='ocr_line' id='line_1_17' title="bbox 552 1816 2200 1888; baseline -0.001 -16"><span class='ocrx_word' id='word_1_122' title='bbox 552 1816 672 1872; x_wconf 88' lang='lat' dir='ltr'><strong>Hoc</strong></span> <span class='ocrx_word' id='word_1_123' title='bbox 704 1822 899 1871; x_wconf 89' lang='lat' dir='ltr'><strong>autem</strong></span> <span class='ocrx_word' id='word_1_124' title='bbox 931 1816 1057 1872; x_wconf 92' lang='lat' dir='ltr'><strong>dico</strong></span> <span class='ocrx_word' id='word_1_125' title='bbox 1088 1816 1257 1887; x_wconf 90' lang='lat' dir='ltr'><strong>quasi</strong></span> <span class='ocrx_word' id='word_1_126' title='bbox 1303 1818 1373 1872; x_wconf 90' lang='lat' dir='ltr'><strong>ad</strong></span> <span class='ocrx_word' id='word_1_127' title='bbox 1407 1822 1747 1872; x_wconf 85' lang='lat' dir='ltr'><strong>extraneum</strong></span> <span class='ocrx_word' id='word_1_128' title='bbox 1781 1817 2048 1888; x_wconf 89' lang='lat' dir='ltr'><strong>loquens.</strong></span> <span class='ocrx_word' id='word_1_129' title='bbox 2081 1817 2200 1872; x_wconf 72' lang='lat' dir='ltr'><strong>Ca3-</strong></span> 
     </span>
    </p>
   </div>
   <div class='ocr_carea' id='block_1_18' title="bbox 554 1905 2199 1977">
    <p class='ocr_par' dir='ltr' id='par_1_18' title="bbox 554 1905 2199 1977">
     <span class='ocr_line' id='line_1_18' title="bbox 554 1905 2199 1977; baseline -0.001 -16"><span class='ocrx_word' id='word_1_130' title='bbox 554 1909 748 1961; x_wconf 88' lang='lat' dir='ltr'><strong>terum</strong></span> <span class='ocrx_word' id='word_1_131' title='bbox 779 1905 828 1961; x_wconf 91' lang='lat' dir='ltr'><strong>si</strong></span> <span class='ocrx_word' id='word_1_132' title='bbox 860 1905 931 1959; x_wconf 92' lang='lat' dir='ltr'><strong>ad</strong></span> <span class='ocrx_word' id='word_1_133' title='bbox 954 1905 1058 1976; x_wconf 85' lang='lat' dir='ltr'><strong>jus</strong></span> <span class='ocrx_word' id='word_1_134' title='bbox 1089 1922 1286 1960; x_wconf 89' lang='lat' dir='ltr'><strong>meum</strong></span> <span class='ocrx_word' id='word_1_135' title='bbox 1321 1906 1573 1972; x_wconf 87' lang='lat' dir='ltr'><strong>redeam,</strong></span> <span class='ocrx_word' id='word_1_136' title='bbox 1603 1910 1841 1977; x_wconf 87' lang='lat' dir='ltr'><strong>propter</strong></span> <span class='ocrx_word' id='word_1_137' title='bbox 1870 1920 2199 1960; x_wconf 88' lang='lat' dir='ltr'><strong>sermonem</strong></span> 
     </span>
    </p>
   </div>
   <div class='ocr_carea' id='block_1_19' title="bbox 554 1994 2197 2067">
    <p class='ocr_par' dir='ltr' id='par_1_19' title="bbox 554 1994 2197 2067">
     <span class='ocr_line' id='line_1_19' title="bbox 554 1994 2197 2067; baseline 0 -17"><span class='ocrx_word' id='word_1_138' title='bbox 554 1994 791 2065; x_wconf 90' lang='lat' dir='ltr'><strong>Christi,</strong></span> <span class='ocrx_word' id='word_1_139' title='bbox 850 2011 1024 2065; x_wconf 90' lang='lat' dir='ltr'><strong>quem</strong></span> <span class='ocrx_word' id='word_1_140' title='bbox 1084 1994 1191 2049; x_wconf 88' lang='lat' dir='ltr'><strong>tibi</strong></span> <span class='ocrx_word' id='word_1_141' title='bbox 1248 1994 1657 2067; x_wconf 87' lang='lat' dir='ltr'><strong>evangelizavi,</strong></span> <span class='ocrx_word' id='word_1_142' title='bbox 1716 2000 1774 2050; x_wconf 91' lang='lat' dir='ltr'><strong>et</strong></span> <span class='ocrx_word' id='word_1_143' title='bbox 1831 1994 2197 2050; x_wconf 88' lang='lat' dir='ltr'><strong>Christianus</strong></span> 
     </span>
    </p>
   </div>
   <div class='ocr_carea' id='block_1_20' title="bbox 555 2083 2197 2155">
    <p class='ocr_par' dir='ltr' id='par_1_20' title="bbox 555 2083 2197 2155">
     <span class='ocr_line' id='line_1_20' title="bbox 555 2083 2197 2155; baseline -0.001 -14"><span class='ocrx_word' id='word_1_144' title='bbox 555 2085 794 2141; x_wconf 81' lang='lat' dir='ltr'><strong>eli‘ectus</strong></span> <span class='ocrx_word' id='word_1_145' title='bbox 841 2099 926 2152; x_wconf 89' lang='lat' dir='ltr'><strong>es,</strong></span> <span class='ocrx_word' id='word_1_146' title='bbox 957 2084 1209 2155; x_wconf 89' lang='lat' dir='ltr'><strong>teipsum</strong></span> <span class='ocrx_word' id='word_1_147' title='bbox 1257 2083 1401 2137; x_wconf 89' lang='lat' dir='ltr'><strong>mihi</strong></span> <span class='ocrx_word' id='word_1_148' title='bbox 1430 2085 1625 2138; x_wconf 87' lang='lat' dir='ltr'><strong>debes.</strong></span> <span class='ocrx_word' id='word_1_149' title='bbox 1660 2084 1822 2150; x_wconf 87' lang='lat' dir='ltr'><strong>Quod</strong></span> <span class='ocrx_word' id='word_1_150' title='bbox 1855 2083 1904 2138; x_wconf 90' lang='lat' dir='ltr'><strong>si</strong></span> <span class='ocrx_word' id='word_1_151' title='bbox 1936 2088 1997 2138; x_wconf 93' lang='lat' dir='ltr'><strong>tu</strong></span> <span class='ocrx_word' id='word_1_152' title='bbox 2031 2100 2197 2139; x_wconf 90' lang='lat' dir='ltr'><strong>meus</strong></span> 
     </span>
    </p>
   </div>
   <div class='ocr_carea' id='block_1_21' title="bbox 557 2171 2200 2245">
    <p class='ocr_par' dir='ltr' id='par_1_21' title="bbox 557 2171 2200 2245">
     <span class='ocr_line' id='line_1_21' title="bbox 557 2171 2200 2245; baseline -0.002 -15"><span class='ocrx_word' id='word_1_153' title='bbox 557 2190 639 2242; x_wconf 89' lang='lat' dir='ltr'><strong>es,</strong></span> <span class='ocrx_word' id='word_1_154' title='bbox 663 2178 719 2229; x_wconf 89' lang='lat' dir='ltr'><strong>et</strong></span> <span class='ocrx_word' id='word_1_155' title='bbox 750 2177 851 2228; x_wconf 88' lang='lat' dir='ltr'><strong>tua</strong></span> <span class='ocrx_word' id='word_1_156' title='bbox 879 2172 1074 2228; x_wconf 81' lang='lat' dir='ltr'><strong>omnia</strong></span> <span class='ocrx_word' id='word_1_157' title='bbox 1105 2189 1234 2227; x_wconf 84' lang='lat' dir='ltr'><strong>mea</strong></span> <span class='ocrx_word' id='word_1_158' title='bbox 1264 2180 1403 2227; x_wconf 86' lang='lat' dir='ltr'><strong>sunt</strong></span> <span class='ocrx_word' id='word_1_159' title='bbox 1434 2191 1445 2227; x_wconf 91' lang='lat'><strong>:</strong></span> <span class='ocrx_word' id='word_1_160' title='bbox 1477 2173 1785 2229; x_wconf 89' lang='lat' dir='ltr'><strong>Onesimus</strong></span> <span class='ocrx_word' id='word_1_161' title='bbox 1814 2189 2067 2245; x_wconf 90' lang='lat' dir='ltr'><strong>quoque,</strong></span> <span class='ocrx_word' id='word_1_162' title='bbox 2096 2171 2200 2244; x_wconf 87' lang='lat' dir='ltr'><strong>qui</strong></span> 
     </span>
    </p>
   </div>
   <div class='ocr_carea' id='block_1_22' title="bbox 556 2261 2194 2333">
    <p class='ocr_par' dir='ltr' id='par_1_22' title="bbox 556 2261 2194 2333">
     <span class='ocr_line' id='line_1_22' title="bbox 556 2261 2194 2333; baseline -0.001 -16"><span class='ocrx_word' id='word_1_163' title='bbox 556 2268 698 2319; x_wconf 90' lang='lat' dir='ltr'><strong>tuus</strong></span> <span class='ocrx_word' id='word_1_164' title='bbox 727 2266 835 2327; x_wconf 89' lang='lat' dir='ltr'><strong>est,</strong></span> <span class='ocrx_word' id='word_1_165' title='bbox 869 2278 1033 2317; x_wconf 89' lang='lat' dir='ltr'><strong>meus</strong></span> <span class='ocrx_word' id='word_1_166' title='bbox 1064 2268 1171 2317; x_wconf 92' lang='lat' dir='ltr'><strong>est.</strong></span> <span class='ocrx_word' id='word_1_167' title='bbox 1210 2266 1472 2317; x_wconf 84' lang='lat' dir='ltr'><strong>Poteram</strong></span> <span class='ocrx_word' id='word_1_168' title='bbox 1507 2262 1686 2333; x_wconf 85' lang='lat' dir='ltr'><strong>igitur</strong></span> <span class='ocrx_word' id='word_1_169' title='bbox 1716 2279 1781 2317; x_wconf 90' lang='lat' dir='ltr'>eo</span> <span class='ocrx_word' id='word_1_170' title='bbox 1814 2261 1898 2317; x_wconf 84' lang='lat' dir='ltr'><strong>uti</strong></span> <span class='ocrx_word' id='word_1_171' title='bbox 1927 2266 1992 2316; x_wconf 92' lang='lat' dir='ltr'><strong>ut</strong></span> <span class='ocrx_word' id='word_1_172' title='bbox 2023 2278 2152 2317; x_wconf 91' lang='lat' dir='ltr'><strong>meo</strong></span> <span class='ocrx_word' id='word_1_173' title='bbox 2181 2278 2194 2328; x_wconf 91' lang='lat'><strong>;</strong></span> 
     </span>
    </p>
   </div>
   <div class='ocr_carea' id='block_1_23' title="bbox 556 2350 2199 2422">
    <p class='ocr_par' dir='ltr' id='par_1_23' title="bbox 556 2350 2199 2422">
     <span class='ocr_line' id='line_1_23' title="bbox 556 2350 2199 2422; baseline 0 -15"><span class='ocrx_word' id='word_1_174' title='bbox 556 2351 658 2408; x_wconf 88' lang='lat' dir='ltr'><strong>sed</strong></span> <span class='ocrx_word' id='word_1_175' title='bbox 690 2350 971 2406; x_wconf 85' lang='lat' dir='ltr'><strong>voluntati</strong></span> <span class='ocrx_word' id='word_1_176' title='bbox 1022 2356 1132 2406; x_wconf 64' lang='lat' dir='ltr'><strong>tua:</strong></span> <span class='ocrx_word' id='word_1_177' title='bbox 1179 2350 1465 2422; x_wconf 89' lang='lat' dir='ltr'><strong>relinquo,</strong></span> <span class='ocrx_word' id='word_1_178' title='bbox 1504 2356 1568 2406; x_wconf 91' lang='lat' dir='ltr'><strong>ut</strong></span> <span class='ocrx_word' id='word_1_179' title='bbox 1615 2352 1937 2407; x_wconf 88' lang='lat' dir='ltr'><strong>mercedem</strong></span> <span class='ocrx_word' id='word_1_180' title='bbox 1981 2351 2199 2407; x_wconf 89' lang='lat' dir='ltr'><strong>habeas</strong></span> 
     </span>
    </p>
   </div>
   <div class='ocr_carea' id='block_1_24' title="bbox 556 2440 929 2511">
    <p class='ocr_par' dir='ltr' id='par_1_24' title="bbox 556 2440 929 2511">
     <span class='ocr_line' id='line_1_24' title="bbox 556 2440 929 2511; baseline -0.003 -16"><span class='ocrx_word' id='word_1_181' title='bbox 556 2440 929 2511; x_wconf 87' lang='lat' dir='ltr'><strong>ignoscendo.</strong></span> 
     </span>
    </p>
   </div>
   <div class='ocr_carea' id='block_1_25' title="bbox 629 2528 2191 2627">
    <p class='ocr_par' dir='ltr' id='par_1_25' title="bbox 629 2528 2191 2627">
     <span class='ocr_line' id='line_1_25' title="bbox 629 2528 2191 2627; baseline -0.002 -43"><span class='ocrx_word' id='word_1_182' title='bbox 629 2528 815 2600; x_wconf 91' lang='lat' dir='ltr'><strong>(Vers.</strong></span> <span class='ocrx_word' id='word_1_183' title='bbox 838 2528 952 2600; x_wconf 86' lang='lat'><strong>20.)</strong></span> <span class='ocrx_word' id='word_1_184' title='bbox 990 2550 1009 2577; x_wconf 76' lang='grc' dir='ltr'><strong><em>α</em></strong></span> <span class='ocrx_word' id='word_1_185' title='bbox 1038 2529 1144 2596; x_wconf 89' lang='lat' dir='ltr'><strong>Ita,</strong></span> <span class='ocrx_word' id='word_1_186' title='bbox 1170 2529 1367 2600; x_wconf 78' lang='lat' dir='ltr'><strong>frater,</strong></span> <span class='ocrx_word' id='word_1_187' title='bbox 1390 2547 1493 2601; x_wconf 90' lang='lat' dir='ltr'><strong>ego</strong></span> <span class='ocrx_word' id='word_1_188' title='bbox 1526 2534 1582 2627; x_wconf 55' lang='grc' dir='ltr'><strong>ιε)</strong></span> <span class='ocrx_word' id='word_1_189' title='bbox 1611 2531 1771 2585; x_wconf 90' lang='lat' dir='ltr'><strong>fruar</strong></span> <span class='ocrx_word' id='word_1_190' title='bbox 1801 2531 1858 2585; x_wconf 92' lang='lat' dir='ltr'><strong>in</strong></span> <span class='ocrx_word' id='word_1_191' title='bbox 1882 2530 2143 2586; x_wconf 87' lang='lat' dir='ltr'><strong>Domino.</strong></span> <span class='ocrx_word' id='word_1_192' title='bbox 2165 2549 2191 2581; x_wconf 70' lang='grc' dir='ltr'><strong><em>η</em></strong></span> 
     </span>
    </p>
   </div>
   <div class='ocr_carea' id='block_1_26' title="bbox 554 2617 2199 2692">
    <p class='ocr_par' dir='ltr' id='par_1_26' title="bbox 554 2617 2199 2692">
     <span class='ocr_line' id='line_1_26' title="bbox 554 2617 2199 2692; baseline 0.001 -19"><span class='ocrx_word' id='word_1_193' title='bbox 554 2617 974 2690; x_wconf 90' lang='lat' dir='ltr'><strong>Proprietatem</strong></span> <span class='ocrx_word' id='word_1_194' title='bbox 1007 2617 1260 2673; x_wconf 56' lang='lat' dir='ltr'><strong>Graecam</strong></span> <span class='ocrx_word' id='word_1_195' title='bbox 1294 2619 1533 2674; x_wconf 88' lang='lat' dir='ltr'><strong>Latinus</strong></span> <span class='ocrx_word' id='word_1_196' title='bbox 1566 2617 1757 2675; x_wconf 78' lang='lat' dir='ltr'><strong>sermo</strong></span> <span class='ocrx_word' id='word_1_197' title='bbox 1802 2637 1916 2675; x_wconf 91' lang='lat' dir='ltr'><strong>non</strong></span> <span class='ocrx_word' id='word_1_198' title='bbox 1950 2623 1965 2655; x_wconf 75' lang='grc'>³</span> <span class='ocrx_word' id='word_1_199' title='bbox 2018 2618 2199 2692; x_wconf 81' lang='lat' dir='ltr'><strong>expli-</strong></span> 
     </span>
    </p>
   </div>
   <div class='ocr_carea' id='block_1_27' title="bbox 554 2704 2199 2781">
    <p class='ocr_par' dir='ltr' id='par_1_27' title="bbox 554 2704 2199 2781">
     <span class='ocr_line' id='line_1_27' title="bbox 554 2704 2199 2781; baseline 0.001 -18"><span class='ocrx_word' id='word_1_200' title='bbox 554 2712 667 2764; x_wconf 89' lang='lat' dir='ltr'><strong>cat.</strong></span> <span class='ocrx_word' id='word_1_201' title='bbox 719 2708 880 2772; x_wconf 84' lang='lat' dir='ltr'><strong>Quod</strong></span> <span class='ocrx_word' id='word_1_202' title='bbox 934 2706 1089 2762; x_wconf 92' lang='lat' dir='ltr'><strong>enim</strong></span> <span class='ocrx_word' id='word_1_203' title='bbox 1142 2707 1242 2778; x_wconf 89' lang='lat' dir='ltr'><strong>ait,</strong></span> <span class='ocrx_word' id='word_1_204' title='bbox 1293 2706 1400 2776; x_wconf 78' lang='grc' dir='ltr'>ναὶ,</span> <span class='ocrx_word' id='word_1_205' title='bbox 1456 2704 1653 2781; x_wconf 67' lang='grc' dir='ltr'>ἀδελφέ</span> <span class='ocrx_word' id='word_1_206' title='bbox 1701 2726 1713 2763; x_wconf 86' lang='lat'><strong>:</strong></span> <span class='ocrx_word' id='word_1_207' title='bbox 1764 2707 1845 2761; x_wconf 77' lang='grc' dir='ltr'>ναὶ</span> <span class='ocrx_word' id='word_1_208' title='bbox 1902 2709 2199 2780; x_wconf 84' lang='lat' dir='ltr'><strong>quoddam</strong></span> 
     </span>
    </p>
   </div>
   <div class='ocr_carea' id='block_1_28' title="bbox 555 2795 2199 2868">
    <p class='ocr_par' dir='ltr' id='par_1_28' title="bbox 555 2795 2199 2868">
     <span class='ocr_line' id='line_1_28' title="bbox 555 2795 2199 2868; baseline 0.001 -16"><span class='ocrx_word' id='word_1_209' title='bbox 555 2796 726 2868; x_wconf 91' lang='lat' dir='ltr'><strong>quasi</strong></span> <span class='ocrx_word' id='word_1_210' title='bbox 755 2797 1091 2852; x_wconf 87' lang='lat' dir='ltr'><strong>adverbium</strong></span> <span class='ocrx_word' id='word_1_211' title='bbox 1127 2795 1483 2854; x_wconf 83' lang='lat' dir='ltr'><strong>blandientis</strong></span> <span class='ocrx_word' id='word_1_212' title='bbox 1511 2804 1618 2853; x_wconf 87' lang='lat' dir='ltr'><strong>est.</strong></span> <span class='ocrx_word' id='word_1_213' title='bbox 1650 2798 1765 2853; x_wconf 88' lang='lat' dir='ltr'><strong>Nos</strong></span> <span class='ocrx_word' id='word_1_214' title='bbox 1797 2803 1992 2853; x_wconf 88' lang='lat' dir='ltr'><strong>autem</strong></span> <span class='ocrx_word' id='word_1_215' title='bbox 2022 2798 2199 2853; x_wconf 91' lang='lat' dir='ltr'><strong>inter-</strong></span> 
     </span>
    </p>
   </div>
   <div class='ocr_carea' id='block_1_29' title="bbox 554 2887 2200 2958">
    <p class='ocr_par' dir='ltr' id='par_1_29' title="bbox 554 2887 2200 2958">
     <span class='ocr_line' id='line_1_29' title="bbox 554 2887 2200 2958; baseline 0.001 -17"><span class='ocrx_word' id='word_1_216' title='bbox 554 2890 871 2958; x_wconf 91' lang='lat' dir='ltr'><strong>pretantes,</strong></span> <span class='ocrx_word' id='word_1_217' title='bbox 906 2887 1007 2958; x_wconf 83' lang='lat' dir='ltr'><strong>ita,</strong></span> <span class='ocrx_word' id='word_1_218' title='bbox 1050 2889 1244 2957; x_wconf 83' lang='lat' dir='ltr'><strong>frater,</strong></span> <span class='ocrx_word' id='word_1_219' title='bbox 1286 2887 1561 2957; x_wconf 87' lang='lat' dir='ltr'><strong>aquatius</strong></span> <span class='ocrx_word' id='word_1_220' title='bbox 1610 2891 1665 2941; x_wconf 92' lang='lat' dir='ltr'><strong>et</strong></span> <span class='ocrx_word' id='word_1_221' title='bbox 1712 2887 1957 2943; x_wconf 89' lang='lat' dir='ltr'><strong>dilutius</strong></span> <span class='ocrx_word' id='word_1_222' title='bbox 2006 2887 2200 2943; x_wconf 92' lang='lat' dir='ltr'><strong>nescio</strong></span> 
     </span>
    </p>
   </div>
   <div class='ocr_carea' id='block_1_30' title="bbox 559 2973 2199 3048">
    <p class='ocr_par' dir='ltr' id='par_1_30' title="bbox 559 2973 2199 3048">
     <span class='ocr_line' id='line_1_30' title="bbox 559 2973 2199 3048; baseline 0.001 -19"><span class='ocrx_word' id='word_1_223' title='bbox 559 2974 701 3047; x_wconf 91' lang='lat' dir='ltr'><strong>quid</strong></span> <span class='ocrx_word' id='word_1_224' title='bbox 751 2973 938 3046; x_wconf 90' lang='lat' dir='ltr'><strong>magis</strong></span> <span class='ocrx_word' id='word_1_225' title='bbox 988 2975 1148 3029; x_wconf 91' lang='lat' dir='ltr'><strong>aliud</strong></span> <span class='ocrx_word' id='word_1_226' title='bbox 1202 2991 1380 3046; x_wconf 90' lang='lat' dir='ltr'><strong>quam</strong></span> <span class='ocrx_word' id='word_1_227' title='bbox 1430 2975 1489 3029; x_wconf 94' lang='lat' dir='ltr'><strong>id</strong></span> <span class='ocrx_word' id='word_1_228' title='bbox 1539 2976 1694 3045; x_wconf 89' lang='lat' dir='ltr'><strong>quod</strong></span> <span class='ocrx_word' id='word_1_229' title='bbox 1747 2981 1836 3031; x_wconf 89' lang='lat' dir='ltr'><strong>est</strong></span> <span class='ocrx_word' id='word_1_230' title='bbox 1891 2976 2199 3048; x_wconf 84' lang='lat' dir='ltr'><strong>scriptum,</strong></span> 
     </span>
    </p>
   </div>
   <div class='ocr_carea' id='block_1_31' title="bbox 560 3062 2200 3134">
    <p class='ocr_par' dir='ltr' id='par_1_31' title="bbox 560 3062 2200 3134">
     <span class='ocr_line' id='line_1_31' title="bbox 560 3062 2200 3134; baseline 0.001 -15"><span class='ocrx_word' id='word_1_231' title='bbox 560 3080 862 3119; x_wconf 88' lang='lat' dir='ltr'><strong>sonamus.</strong></span> <span class='ocrx_word' id='word_1_232' title='bbox 897 3062 1060 3118; x_wconf 90' lang='lat' dir='ltr'><strong>Sicut</strong></span> <span class='ocrx_word' id='word_1_233' title='bbox 1088 3063 1242 3118; x_wconf 86' lang='lat' dir='ltr'><strong>enim</strong></span> <span class='ocrx_word' id='word_1_234' title='bbox 1273 3078 1426 3118; x_wconf 59' lang='lat' dir='ltr'><strong>arma</strong></span> <span class='ocrx_word' id='word_1_235' title='bbox 1456 3064 1615 3134; x_wconf 70' lang='lat' dir='ltr'><strong>(nm)</strong></span> <span class='ocrx_word' id='word_1_236' title='bbox 1656 3063 1797 3119; x_wconf 89' lang='lat' dir='ltr'><strong>illud</strong></span> <span class='ocrx_word' id='word_1_237' title='bbox 1830 3066 2200 3131; x_wconf 83' lang='lat' dir='ltr'><strong>Hebraicum,</strong></span> 
     </span>
    </p>
   </div>
   <div class='ocr_carea' id='block_1_32' title="bbox 561 3152 2204 3226">
    <p class='ocr_par' dir='ltr' id='par_1_32' title="bbox 561 3152 2204 3226">
     <span class='ocr_line' id='line_1_32' title="bbox 561 3152 2204 3226; baseline 0.002 -19"><span class='ocrx_word' id='word_1_238' title='bbox 561 3169 666 3224; x_wconf 90' lang='lat' dir='ltr'><strong>pro</strong></span> <span class='ocrx_word' id='word_1_239' title='bbox 714 3168 829 3222; x_wconf 91' lang='lat' dir='ltr'><strong>quo</strong></span> <span class='ocrx_word' id='word_1_240' title='bbox 884 3152 1216 3221; x_wconf 81' lang='lat' dir='ltr'><strong>frequenter</strong></span> <span class='ocrx_word' id='word_1_241' title='bbox 1250 3153 1399 3207; x_wconf 75' lang='lat'><strong>760</strong></span> <span class='ocrx_word' id='word_1_242' title='bbox 1430 3152 1813 3224; x_wconf 87' lang='lat' dir='ltr'><strong>Septuaginta</strong></span> <span class='ocrx_word' id='word_1_243' title='bbox 1860 3154 2204 3226; x_wconf 88' lang='lat' dir='ltr'><strong>interpretes</strong></span> 
     </span>
    </p>
   </div>
   <div class='ocr_carea' id='block_1_33' title="bbox 565 3230 2200 3316">
    <p class='ocr_par' dir='ltr' id='par_1_33' title="bbox 565 3230 2200 3316">
     <span class='ocr_line' id='line_1_33' title="bbox 565 3230 2200 3316; baseline 0.005 -24"><span class='ocrx_word' id='word_1_244' title='bbox 565 3242 611 3293; x_wconf 80' lang='grc' dir='ltr'>ὦ</span> <span class='ocrx_word' id='word_1_245' title='bbox 642 3235 708 3308; x_wconf 78' lang='grc' dir='ltr'>δὴ</span> <span class='ocrx_word' id='word_1_246' title='bbox 741 3239 1190 3309; x_wconf 88' lang='lat' dir='ltr'><strong>transtulerunt,</strong></span> <span class='ocrx_word' id='word_1_247' title='bbox 1224 3240 1283 3295; x_wconf 86' lang='lat' dir='ltr'><strong>in</strong></span> <span class='ocrx_word' id='word_1_248' title='bbox 1314 3240 1515 3311; x_wconf 89' lang='lat' dir='ltr'><strong>lingua</strong></span> <span class='ocrx_word' id='word_1_249' title='bbox 1545 3258 1652 3296; x_wconf 88' lang='lat' dir='ltr'><strong>sua</strong></span> <span class='ocrx_word' id='word_1_250' title='bbox 1679 3242 1971 3313; x_wconf 78' lang='lat' dir='ltr'><strong>significat</strong></span> <span class='ocrx_word' id='word_1_251' title='bbox 2000 3230 2200 3316; x_wconf 84' lang='lat' dir='ltr'><strong>depre-</strong></span> 
     </span>
    </p>
   </div>
   <div class='ocr_carea' id='block_1_34' title="bbox 2307 658 3963 734">
    <p class='ocr_par' dir='ltr' id='par_1_34' title="bbox 2307 658 3963 734">
     <span class='ocr_line' id='line_1_34' title="bbox 2307 658 3963 734; baseline -0.001 -17"><span class='ocrx_word' id='word_1_252' title='bbox 2307 661 2643 728; x_wconf 87' lang='lat' dir='ltr'><strong>Onesimus,</strong></span> <span class='ocrx_word' id='word_1_253' title='bbox 2699 677 2873 734; x_wconf 90' lang='lat' dir='ltr'><strong>quem</strong></span> <span class='ocrx_word' id='word_1_254' title='bbox 2933 660 2990 715; x_wconf 91' lang='lat' dir='ltr'><strong>in</strong></span> <span class='ocrx_word' id='word_1_255' title='bbox 3050 659 3300 716; x_wconf 88' lang='lat' dir='ltr'><strong>vinculis</strong></span> <span class='ocrx_word' id='word_1_256' title='bbox 3355 659 3585 716; x_wconf 89' lang='lat' dir='ltr'><strong>Christo</strong></span> <span class='ocrx_word' id='word_1_257' title='bbox 3642 658 3963 733; x_wconf 82' lang='lat' dir='ltr'><strong>genuit.Si</strong></span> 
     </span>
    </p>
   </div>
   <div class='ocr_carea' id='block_1_35' title="bbox 2307 747 3959 822">
    <p class='ocr_par' dir='ltr' id='par_1_35' title="bbox 2307 747 3959 822">
     <span class='ocr_line' id='line_1_35' title="bbox 2307 747 3959 822; baseline 0 -16"><span class='ocrx_word' id='word_1_258' title='bbox 2307 751 2643 822; x_wconf 88' lang='lat' dir='ltr'><strong>posterius:</strong></span> <span class='ocrx_word' id='word_1_259' title='bbox 2700 751 2759 805; x_wconf 92' lang='lat' dir='ltr'><strong>in</strong></span> <span class='ocrx_word' id='word_1_260' title='bbox 2810 748 3040 806; x_wconf 90' lang='lat' dir='ltr'><strong>Christo</strong></span> <span class='ocrx_word' id='word_1_261' title='bbox 3094 749 3445 805; x_wconf 82' lang='lat' dir='ltr'><strong>reﬁciendos</strong></span> <span class='ocrx_word' id='word_1_262' title='bbox 3499 753 3590 805; x_wconf 89' lang='lat' dir='ltr'><strong>est</strong></span> <span class='ocrx_word' id='word_1_263' title='bbox 3642 747 3959 807; x_wconf 77' lang='lat' dir='ltr'><strong>Onesimus</strong></span> 
     </span>
    </p>
   </div>
   <div class='ocr_carea' id='block_1_36' title="bbox 2305 838 3965 910">
    <p class='ocr_par' dir='ltr' id='par_1_36' title="bbox 2305 838 3965 910">
     <span class='ocr_line' id='line_1_36' title="bbox 2305 838 3965 910; baseline 0 -16"><span class='ocrx_word' id='word_1_264' title='bbox 2305 857 2341 894; x_wconf 90' lang='lat' dir='ltr'><strong>a</strong></span> <span class='ocrx_word' id='word_1_265' title='bbox 2371 840 2728 905; x_wconf 86' lang='lat' dir='ltr'><strong>Philemone,</strong></span> <span class='ocrx_word' id='word_1_266' title='bbox 2754 840 2895 895; x_wconf 90' lang='lat' dir='ltr'><strong>dum</strong></span> <span class='ocrx_word' id='word_1_267' title='bbox 2926 840 3055 910; x_wconf 91' lang='lat' dir='ltr'><strong>ejus</strong></span> <span class='ocrx_word' id='word_1_268' title='bbox 3084 839 3144 893; x_wconf 90' lang='lat' dir='ltr'><strong>in</strong></span> <span class='ocrx_word' id='word_1_269' title='bbox 3173 838 3399 896; x_wconf 84' lang='lat' dir='ltr'><strong>Christo</strong></span> <span class='ocrx_word' id='word_1_270' title='bbox 3431 838 3803 895; x_wconf 82' lang='lat' dir='ltr'><strong>sermonibus</strong></span> <span class='ocrx_word' id='word_1_271' title='bbox 3836 853 3965 894; x_wconf 88' lang='lat' dir='ltr'><strong>eru-</strong></span> 
     </span>
    </p>
   </div>
   <div class='ocr_carea' id='block_1_37' title="bbox 2308 928 2485 983">
    <p class='ocr_par' dir='ltr' id='par_1_37' title="bbox 2308 928 2485 983">
     <span class='ocr_line' id='line_1_37' title="bbox 2308 928 2485 983; baseline 0 0"><span class='ocrx_word' id='word_1_272' title='bbox 2308 928 2485 983; x_wconf 88' lang='lat' dir='ltr'><strong>ditur.</strong></span> 
     </span>
    </p>
   </div>
   <div class='ocr_carea' id='block_1_38' title="bbox 2378 1015 3958 1089">
    <p class='ocr_par' dir='ltr' id='par_1_38' title="bbox 2378 1015 3958 1089">
     <span class='ocr_line' id='line_1_38' title="bbox 2378 1015 3958 1089; baseline 0.001 -19"><span class='ocrx_word' id='word_1_273' title='bbox 2378 1018 2562 1088; x_wconf 88' lang='lat' dir='ltr'><strong>(Vers.</strong></span> <span class='ocrx_word' id='word_1_274' title='bbox 2593 1018 2708 1089; x_wconf 82' lang='lat'><strong>21.)</strong></span> <span class='ocrx_word' id='word_1_275' title='bbox 2756 1040 2778 1067; x_wconf 70' lang='grc' dir='ltr'>α</span> <span class='ocrx_word' id='word_1_276' title='bbox 2814 1017 3121 1073; x_wconf 78' lang='lat' dir='ltr'><strong>Confidens</strong></span> <span class='ocrx_word' id='word_1_277' title='bbox 3151 1018 3222 1073; x_wconf 90' lang='lat' dir='ltr'><strong>de</strong></span> <span class='ocrx_word' id='word_1_278' title='bbox 3249 1016 3581 1073; x_wconf 90' lang='lat' dir='ltr'><strong>obedientia</strong></span> <span class='ocrx_word' id='word_1_279' title='bbox 3610 1020 3714 1072; x_wconf 87' lang='lat' dir='ltr'><strong>tua</strong></span> <span class='ocrx_word' id='word_1_280' title='bbox 3746 1015 3958 1088; x_wconf 77' lang='lat' dir='ltr'><strong>scripsi</strong></span> 
     </span>
    </p>
   </div>
   <div class='ocr_carea' id='block_1_39' title="bbox 2306 1104 3957 1178">
    <p class='ocr_par' dir='ltr' id='par_1_39' title="bbox 2306 1104 3957 1178">
     <span class='ocr_line' id='line_1_39' title="bbox 2306 1104 3957 1178; baseline -0.003 -17"><span class='ocrx_word' id='word_1_281' title='bbox 2306 1106 2413 1162; x_wconf 89' lang='lat' dir='ltr'><strong>tibi</strong></span> <span class='ocrx_word' id='word_1_282' title='bbox 2449 1125 2461 1162; x_wconf 90' lang='lat'><strong>:</strong></span> <span class='ocrx_word' id='word_1_283' title='bbox 2512 1107 2706 1163; x_wconf 90' lang='lat' dir='ltr'><strong>sciens</strong></span> <span class='ocrx_word' id='word_1_284' title='bbox 2735 1106 3013 1178; x_wconf 89' lang='lat' dir='ltr'><strong>quoniam</strong></span> <span class='ocrx_word' id='word_1_285' title='bbox 3046 1123 3225 1178; x_wconf 88' lang='lat' dir='ltr'><strong>super</strong></span> <span class='ocrx_word' id='word_1_286' title='bbox 3252 1105 3309 1161; x_wconf 92' lang='lat' dir='ltr'><strong>id</strong></span> <span class='ocrx_word' id='word_1_287' title='bbox 3341 1106 3495 1178; x_wconf 91' lang='lat' dir='ltr'><strong>quod</strong></span> <span class='ocrx_word' id='word_1_288' title='bbox 3525 1105 3656 1162; x_wconf 90' lang='lat' dir='ltr'><strong>dico</strong></span> <span class='ocrx_word' id='word_1_289' title='bbox 3687 1104 3886 1161; x_wconf 86' lang='lat' dir='ltr'><strong>facies.</strong></span> <span class='ocrx_word' id='word_1_290' title='bbox 3925 1124 3957 1156; x_wconf 77' lang='grc' dir='ltr'><strong>ι)</strong></span> 
     </span>
    </p>
   </div>
   <div class='ocr_carea' id='block_1_40' title="bbox 2306 1193 3956 1268">
    <p class='ocr_par' dir='ltr' id='par_1_40' title="bbox 2306 1193 3956 1268">
     <span class='ocr_line' id='line_1_40' title="bbox 2306 1193 3956 1268; baseline 0.001 -19"><span class='ocrx_word' id='word_1_291' title='bbox 2306 1195 2414 1259; x_wconf 88' lang='lat' dir='ltr'><strong>Qui</strong></span> <span class='ocrx_word' id='word_1_292' title='bbox 2447 1196 2747 1266; x_wconf 83' lang='lat' dir='ltr'><strong>praesumit</strong></span> <span class='ocrx_word' id='word_1_293' title='bbox 2773 1196 2842 1251; x_wconf 90' lang='lat' dir='ltr'><strong>de</strong></span> <span class='ocrx_word' id='word_1_294' title='bbox 2871 1211 2938 1251; x_wconf 87' lang='lat' dir='ltr'><strong>eo</strong></span> <span class='ocrx_word' id='word_1_295' title='bbox 2969 1212 3143 1267; x_wconf 89' lang='lat' dir='ltr'><strong>quem</strong></span> <span class='ocrx_word' id='word_1_296' title='bbox 3177 1199 3486 1268; x_wconf 86' lang='lat' dir='ltr'><strong>rogaturus</strong></span> <span class='ocrx_word' id='word_1_297' title='bbox 3515 1199 3622 1265; x_wconf 90' lang='lat' dir='ltr'><strong>est,</strong></span> <span class='ocrx_word' id='word_1_298' title='bbox 3651 1193 3781 1266; x_wconf 83' lang='lat' dir='ltr'><strong>ipsa</strong></span> <span class='ocrx_word' id='word_1_299' title='bbox 3811 1210 3956 1267; x_wconf 91' lang='lat' dir='ltr'><strong>quo-</strong></span> 
     </span>
    </p>
   </div>
   <div class='ocr_carea' id='block_1_41' title="bbox 2306 1282 3959 1357">
    <p class='ocr_par' dir='ltr' id='par_1_41' title="bbox 2306 1282 3959 1357">
     <span class='ocr_line' id='line_1_41' title="bbox 2306 1282 3959 1357; baseline -0.001 -18"><span class='ocrx_word' id='word_1_300' title='bbox 2306 1284 2621 1340; x_wconf 89' lang='lat' dir='ltr'><strong>dammodo</strong></span> <span class='ocrx_word' id='word_1_301' title='bbox 2668 1285 3125 1357; x_wconf 72' lang='lat' dir='ltr'><strong>praesumptione</strong></span> <span class='ocrx_word' id='word_1_302' title='bbox 3164 1284 3527 1357; x_wconf 59' lang='lat' dir='ltr'><strong>praejudicat,</strong></span> <span class='ocrx_word' id='word_1_303' title='bbox 3558 1300 3631 1339; x_wconf 91' lang='lat' dir='ltr'><strong>ne</strong></span> <span class='ocrx_word' id='word_1_304' title='bbox 3659 1282 3713 1338; x_wconf 89' lang='lat' dir='ltr'><strong>ei</strong></span> <span class='ocrx_word' id='word_1_305' title='bbox 3746 1297 3959 1355; x_wconf 82' lang='lat' dir='ltr'><strong>negare</strong></span> 
     </span>
    </p>
   </div>
   <div class='ocr_carea' id='block_1_42' title="bbox 2308 1370 3948 1445">
    <p class='ocr_par' dir='ltr' id='par_1_42' title="bbox 2308 1370 3948 1445">
     <span class='ocr_line' id='line_1_42' title="bbox 2308 1370 3948 1445; baseline 0 -18"><span class='ocrx_word' id='word_1_306' title='bbox 2308 1373 2480 1429; x_wconf 83' lang='lat' dir='ltr'><strong>liceat</strong></span> <span class='ocrx_word' id='word_1_307' title='bbox 2510 1374 2663 1445; x_wconf 90' lang='lat' dir='ltr'><strong>quod</strong></span> <span class='ocrx_word' id='word_1_308' title='bbox 2714 1378 2969 1445; x_wconf 89' lang='lat' dir='ltr'><strong>rogatur.</strong></span> <span class='ocrx_word' id='word_1_309' title='bbox 3004 1377 3180 1429; x_wconf 88' lang='lat' dir='ltr'><strong>Porro</strong></span> <span class='ocrx_word' id='word_1_310' title='bbox 3211 1373 3259 1428; x_wconf 89' lang='lat' dir='ltr'><strong>si</strong></span> <span class='ocrx_word' id='word_1_311' title='bbox 3291 1372 3404 1429; x_wconf 88' lang='lat' dir='ltr'><strong>scit</strong></span> <span class='ocrx_word' id='word_1_312' title='bbox 3434 1371 3530 1428; x_wconf 89' lang='lat' dir='ltr'><strong>ille</strong></span> <span class='ocrx_word' id='word_1_313' title='bbox 3558 1371 3657 1444; x_wconf 91' lang='lat' dir='ltr'><strong>qui</strong></span> <span class='ocrx_word' id='word_1_314' title='bbox 3689 1370 3948 1444; x_wconf 78' lang='lat' dir='ltr'><strong>postulat</strong></span> 
     </span>
    </p>
   </div>
   <div class='ocr_carea' id='block_1_43' title="bbox 2308 1459 3957 1534">
    <p class='ocr_par' dir='ltr' id='par_1_43' title="bbox 2308 1459 3957 1534">
     <span class='ocr_line' id='line_1_43' title="bbox 2308 1459 3957 1534; baseline 0.001 -18"><span class='ocrx_word' id='word_1_315' title='bbox 2308 1462 2623 1533; x_wconf 90' lang='lat' dir='ltr'><strong>plusquam</strong></span> <span class='ocrx_word' id='word_1_316' title='bbox 2676 1462 2921 1534; x_wconf 87' lang='lat' dir='ltr'><strong>rogavit,</strong></span> <span class='ocrx_word' id='word_1_317' title='bbox 2967 1466 3235 1534; x_wconf 84' lang='lat' dir='ltr'><strong>rogatum</strong></span> <span class='ocrx_word' id='word_1_318' title='bbox 3285 1477 3414 1517; x_wconf 91' lang='lat' dir='ltr'><strong>esse</strong></span> <span class='ocrx_word' id='word_1_319' title='bbox 3464 1460 3775 1515; x_wconf 89' lang='lat' dir='ltr'><strong>futurum:</strong></span> <span class='ocrx_word' id='word_1_320' title='bbox 3827 1459 3957 1517; x_wconf 87' lang='lat' dir='ltr'><strong>ideo</strong></span> 
     </span>
    </p>
   </div>
   <div class='ocr_carea' id='block_1_44' title="bbox 2309 1549 3960 1624">
    <p class='ocr_par' dir='ltr' id='par_1_44' title="bbox 2309 1549 3960 1624">
     <span class='ocr_line' id='line_1_44' title="bbox 2309 1549 3960 1624; baseline -0.001 -19"><span class='ocrx_word' id='word_1_321' title='bbox 2309 1551 2539 1606; x_wconf 89' lang='lat' dir='ltr'><strong>minora</strong></span> <span class='ocrx_word' id='word_1_322' title='bbox 2588 1551 2750 1624; x_wconf 89' lang='lat' dir='ltr'><strong>petit,</strong></span> <span class='ocrx_word' id='word_1_323' title='bbox 2796 1555 2863 1605; x_wconf 89' lang='lat' dir='ltr'><strong>ut</strong></span> <span class='ocrx_word' id='word_1_324' title='bbox 2909 1551 3120 1607; x_wconf 89' lang='lat' dir='ltr'><strong>habeat</strong></span> <span class='ocrx_word' id='word_1_325' title='bbox 3165 1554 3406 1623; x_wconf 89' lang='lat' dir='ltr'><strong>rogatus</strong></span> <span class='ocrx_word' id='word_1_326' title='bbox 3453 1549 3865 1616; x_wconf 88' lang='lat' dir='ltr'><strong>voluntariam,</strong></span> <span class='ocrx_word' id='word_1_327' title='bbox 3897 1553 3960 1606; x_wconf 88' lang='lat' dir='ltr'><strong>et</strong></span> 
     </span>
    </p>
   </div>
   <div class='ocr_carea' id='block_1_45' title="bbox 2309 1635 3962 1712">
    <p class='ocr_par' dir='ltr' id='par_1_45' title="bbox 2309 1635 3962 1712">
     <span class='ocr_line' id='line_1_45' title="bbox 2309 1635 3962 1712; baseline -0.002 -17"><span class='ocrx_word' id='word_1_328' title='bbox 2309 1640 2593 1711; x_wconf 88' lang='lat' dir='ltr'><strong>majorem</strong></span> <span class='ocrx_word' id='word_1_329' title='bbox 2649 1638 3021 1712; x_wconf 69' lang='lat' dir='ltr'><strong>praestatione</strong></span> <span class='ocrx_word' id='word_1_330' title='bbox 3071 1639 3421 1694; x_wconf 89' lang='lat' dir='ltr'><strong>mercedem.</strong></span> <span class='ocrx_word' id='word_1_331' title='bbox 3452 1637 3505 1693; x_wconf 90' lang='lat' dir='ltr'><strong>Si</strong></span> <span class='ocrx_word' id='word_1_332' title='bbox 3538 1641 3735 1694; x_wconf 86' lang='lat' dir='ltr'><strong>autem</strong></span> <span class='ocrx_word' id='word_1_333' title='bbox 3770 1635 3962 1693; x_wconf 75' lang='lat' dir='ltr'><strong>Phile-</strong></span> 
     </span>
    </p>
   </div>
   <div class='ocr_carea' id='block_1_46' title="bbox 2310 1726 3957 1799">
    <p class='ocr_par' dir='ltr' id='par_1_46' title="bbox 2310 1726 3957 1799">
     <span class='ocr_line' id='line_1_46' title="bbox 2310 1726 3957 1799; baseline -0.001 -16"><span class='ocrx_word' id='word_1_334' title='bbox 2310 1745 2445 1783; x_wconf 92' lang='lat' dir='ltr'><strong>mon</strong></span> <span class='ocrx_word' id='word_1_335' title='bbox 2503 1728 2624 1783; x_wconf 65' lang='lat' dir='ltr'><strong>hzec</strong></span> <span class='ocrx_word' id='word_1_336' title='bbox 2671 1728 2743 1783; x_wconf 91' lang='lat' dir='ltr'><strong>ad</strong></span> <span class='ocrx_word' id='word_1_337' title='bbox 2795 1727 3051 1784; x_wconf 90' lang='lat' dir='ltr'><strong>hominis</strong></span> <span class='ocrx_word' id='word_1_338' title='bbox 3100 1731 3454 1799; x_wconf 65' lang='lat' dir='ltr'><strong>praeceptum</strong></span> <span class='ocrx_word' id='word_1_339' title='bbox 3502 1726 3685 1783; x_wconf 84' lang='lat' dir='ltr'><strong>facit:</strong></span> <span class='ocrx_word' id='word_1_340' title='bbox 3739 1730 3957 1799; x_wconf 79' lang='lat' dir='ltr'><strong>quanta</strong></span> 
     </span>
    </p>
   </div>
   <div class='ocr_carea' id='block_1_47' title="bbox 2310 1814 3956 1889">
    <p class='ocr_par' dir='ltr' id='par_1_47' title="bbox 2310 1814 3956 1889">
     <span class='ocr_line' id='line_1_47' title="bbox 2310 1814 3956 1889; baseline -0.001 -17"><span class='ocrx_word' id='word_1_341' title='bbox 2310 1817 2498 1889; x_wconf 88' lang='lat' dir='ltr'><strong>magis</strong></span> <span class='ocrx_word' id='word_1_342' title='bbox 2558 1817 2731 1873; x_wconf 86' lang='lat' dir='ltr'><strong>faciet</strong></span> <span class='ocrx_word' id='word_1_343' title='bbox 2788 1817 2859 1872; x_wconf 93' lang='lat' dir='ltr'><strong>ob</strong></span> <span class='ocrx_word' id='word_1_344' title='bbox 2913 1815 3287 1872; x_wconf 89' lang='lat' dir='ltr'><strong>dilectionem</strong></span> <span class='ocrx_word' id='word_1_345' title='bbox 3333 1815 3483 1872; x_wconf 84' lang='lat' dir='ltr'><strong>Dei?</strong></span> <span class='ocrx_word' id='word_1_346' title='bbox 3531 1814 3696 1871; x_wconf 88' lang='lat' dir='ltr'><strong>Unde</strong></span> <span class='ocrx_word' id='word_1_347' title='bbox 3750 1814 3956 1871; x_wconf 87' lang='lat' dir='ltr'><strong>merito</strong></span> 
     </span>
    </p>
   </div>
   <div class='ocr_carea' id='block_1_48' title="bbox 2308 1904 3956 1979">
    <p class='ocr_par' dir='ltr' id='par_1_48' title="bbox 2308 1904 3956 1979">
     <span class='ocr_line' id='line_1_48' title="bbox 2308 1904 3956 1979; baseline -0.001 -18"><span class='ocrx_word' id='word_1_348' title='bbox 2308 1905 2572 1979; x_wconf 81' lang='lat' dir='ltr'><strong>Apostoli</strong></span> <span class='ocrx_word' id='word_1_349' title='bbox 2603 1921 2737 1961; x_wconf 88' lang='lat' dir='ltr'><strong>voce</strong></span> <span class='ocrx_word' id='word_1_350' title='bbox 2766 1904 3041 1961; x_wconf 88' lang='lat' dir='ltr'><strong>laudatur</strong></span> <span class='ocrx_word' id='word_1_351' title='bbox 3072 1923 3085 1961; x_wconf 89' lang='lat'><strong>:</strong></span> <span class='ocrx_word' id='word_1_352' title='bbox 3130 1905 3283 1978; x_wconf 91' lang='lat' dir='ltr'><strong>quod</strong></span> <span class='ocrx_word' id='word_1_353' title='bbox 3315 1904 3595 1961; x_wconf 87' lang='lat' dir='ltr'><strong>mandata</strong></span> <span class='ocrx_word' id='word_1_354' title='bbox 3622 1904 3752 1976; x_wconf 84' lang='lat' dir='ltr'><strong>ejus</strong></span> <span class='ocrx_word' id='word_1_355' title='bbox 3781 1918 3956 1976; x_wconf 82' lang='lat' dir='ltr'><strong>opere</strong></span> 
     </span>
    </p>
   </div>
   <div class='ocr_carea' id='block_1_49' title="bbox 2310 1993 3955 2067">
    <p class='ocr_par' dir='ltr' id='par_1_49' title="bbox 2310 1993 3955 2067">
     <span class='ocr_line' id='line_1_49' title="bbox 2310 1993 3955 2067; baseline -0.001 -16"><span class='ocrx_word' id='word_1_356' title='bbox 2310 2000 2633 2067; x_wconf 68' lang='lat' dir='ltr'><strong>praevertet,</strong></span> <span class='ocrx_word' id='word_1_357' title='bbox 2684 2000 2741 2051; x_wconf 87' lang='lat' dir='ltr'><strong>et</strong></span> <span class='ocrx_word' id='word_1_358' title='bbox 2793 1994 2978 2067; x_wconf 88' lang='lat' dir='ltr'><strong>possit</strong></span> <span class='ocrx_word' id='word_1_359' title='bbox 3022 1993 3261 2051; x_wconf 89' lang='lat' dir='ltr'><strong>dicere:</strong></span> <span class='ocrx_word' id='word_1_360' title='bbox 3318 1994 3638 2051; x_wconf 72' lang='lat' dir='ltr'><strong>Voluntaria</strong></span> <span class='ocrx_word' id='word_1_361' title='bbox 3684 1995 3796 2050; x_wconf 71' lang='lat' dir='ltr'><strong>oris</strong></span> <span class='ocrx_word' id='word_1_362' title='bbox 3842 1993 3955 2049; x_wconf 79' lang='lat' dir='ltr'><strong>mei</strong></span> 
     </span>
    </p>
   </div>
   <div class='ocr_carea' id='block_1_50' title="bbox 2304 2082 3955 2157">
    <p class='ocr_par' dir='ltr' id='par_1_50' title="bbox 2304 2082 3955 2157">
     <span class='ocr_line' id='line_1_50' title="bbox 2304 2082 3955 2157; baseline -0.001 -16"><span class='ocrx_word' id='word_1_363' title='bbox 2304 2086 2677 2157; x_wconf 77' lang='lat' dir='ltr'><strong>complaceant</strong></span> <span class='ocrx_word' id='word_1_364' title='bbox 2705 2086 2825 2154; x_wconf 79' lang='lat' dir='ltr'><strong>tibi,</strong></span> <span class='ocrx_word' id='word_1_365' title='bbox 2858 2085 3081 2140; x_wconf 72' lang='lat' dir='ltr'><strong>Domine</strong></span> <span class='ocrx_word' id='word_1_366' title='bbox 3109 2084 3221 2155; x_wconf 77' lang='lat' dir='ltr'><strong>(Ps.</strong></span> <span class='ocrx_word' id='word_1_367' title='bbox 3253 2101 3446 2151; x_wconf 82' lang='lat' dir='ltr'><strong>cxvm,</strong></span> <span class='ocrx_word' id='word_1_368' title='bbox 3482 2083 3605 2156; x_wconf 84' lang='grc'><strong>108)</strong></span> <span class='ocrx_word' id='word_1_369' title='bbox 3637 2100 3650 2138; x_wconf 89' lang='lat'><strong>:</strong></span> <span class='ocrx_word' id='word_1_370' title='bbox 3701 2082 3955 2154; x_wconf 84' lang='lat' dir='ltr'><strong>plusque</strong></span> 
     </span>
    </p>
   </div>
   <div class='ocr_carea' id='block_1_51' title="bbox 2248 2172 3949 2247">
    <p class='ocr_par' dir='ltr' id='par_1_51' title="bbox 2248 2172 3949 2247">
     <span class='ocr_line' id='line_1_51' title="bbox 2248 2172 3949 2247; baseline -0.002 -17"><span class='ocrx_word' id='word_1_371' title='bbox 2248 2212 2255 2219; x_wconf 59' lang='grc' dir='ltr'>ι</span> <span class='ocrx_word' id='word_1_372' title='bbox 2307 2175 2529 2231; x_wconf 89' lang='lat' dir='ltr'><strong>faciens</strong></span> <span class='ocrx_word' id='word_1_373' title='bbox 2578 2190 2755 2246; x_wconf 89' lang='lat' dir='ltr'><strong>quam</strong></span> <span class='ocrx_word' id='word_1_374' title='bbox 2806 2179 3158 2247; x_wconf 62' lang='lat' dir='ltr'><strong>praeceptum</strong></span> <span class='ocrx_word' id='word_1_375' title='bbox 3200 2178 3309 2241; x_wconf 91' lang='lat' dir='ltr'><strong>est,</strong></span> <span class='ocrx_word' id='word_1_376' title='bbox 3338 2174 3531 2229; x_wconf 88' lang='lat' dir='ltr'><strong>vincat</strong></span> <span class='ocrx_word' id='word_1_377' title='bbox 3560 2187 3659 2230; x_wconf 88' lang='lat' dir='ltr'><strong>eos</strong></span> <span class='ocrx_word' id='word_1_378' title='bbox 3688 2172 3790 2245; x_wconf 89' lang='lat' dir='ltr'><strong>qui</strong></span> <span class='ocrx_word' id='word_1_379' title='bbox 3818 2176 3949 2227; x_wconf 90' lang='lat' dir='ltr'><strong>tan-</strong></span> 
     </span>
    </p>
   </div>
   <div class='ocr_carea' id='block_1_52' title="bbox 2308 2261 3948 2335">
    <p class='ocr_par' dir='ltr' id='par_1_52' title="bbox 2308 2261 3948 2335">
     <span class='ocr_line' id='line_1_52' title="bbox 2308 2261 3948 2335; baseline -0.001 -17"><span class='ocrx_word' id='word_1_380' title='bbox 2308 2264 2615 2319; x_wconf 91' lang='lat' dir='ltr'><strong>tummodo</strong></span> <span class='ocrx_word' id='word_1_381' title='bbox 2645 2262 2930 2335; x_wconf 89' lang='lat' dir='ltr'><strong>imperata</strong></span> <span class='ocrx_word' id='word_1_382' title='bbox 2967 2263 3247 2333; x_wconf 88' lang='lat' dir='ltr'><strong>fecerunt,</strong></span> <span class='ocrx_word' id='word_1_383' title='bbox 3280 2268 3337 2318; x_wconf 90' lang='lat' dir='ltr'><strong>et</strong></span> <span class='ocrx_word' id='word_1_384' title='bbox 3377 2262 3664 2334; x_wconf 88' lang='lat' dir='ltr'><strong>jubentur</strong></span> <span class='ocrx_word' id='word_1_385' title='bbox 3711 2261 3901 2318; x_wconf 82' lang='lat' dir='ltr'><strong>dicere</strong></span> <span class='ocrx_word' id='word_1_386' title='bbox 3933 2277 3948 2317; x_wconf 93' lang='lat'><strong>:</strong></span> 
     </span>
    </p>
   </div>
   <div class='ocr_carea' id='block_1_53' title="bbox 2306 2350 3943 2423">
    <p class='ocr_par' dir='ltr' id='par_1_53' title="bbox 2306 2350 3943 2423">
     <span class='ocr_line' id='line_1_53' title="bbox 2306 2350 3943 2423; baseline -0.002 -15"><span class='ocrx_word' id='word_1_387' title='bbox 2306 2352 2466 2408; x_wconf 82' lang='lat' dir='ltr'><strong>Servi</strong></span> <span class='ocrx_word' id='word_1_388' title='bbox 2513 2353 2738 2409; x_wconf 77' lang='lat' dir='ltr'><strong>inutiles</strong></span> <span class='ocrx_word' id='word_1_389' title='bbox 2782 2368 2998 2417; x_wconf 74' lang='lat' dir='ltr'><strong>sumus,</strong></span> <span class='ocrx_word' id='word_1_390' title='bbox 3030 2353 3177 2421; x_wconf 86' lang='lat' dir='ltr'><strong>quod</strong></span> <span class='ocrx_word' id='word_1_391' title='bbox 3227 2350 3513 2406; x_wconf 72' lang='lat' dir='ltr'><strong>debuimus</strong></span> <span class='ocrx_word' id='word_1_392' title='bbox 3562 2353 3762 2423; x_wconf 82' lang='lat' dir='ltr'><strong>facere,</strong></span> <span class='ocrx_word' id='word_1_393' title='bbox 3798 2350 3943 2405; x_wconf 73' lang='grc' dir='ltr'><strong>τοι</strong></span> 
     </span>
    </p>
   </div>
   <div class='ocr_carea' id='block_1_54' title="bbox 2306 2439 3953 2514">
    <p class='ocr_par' dir='ltr' id='par_1_54' title="bbox 2306 2439 3953 2514">
     <span class='ocr_line' id='line_1_54' title="bbox 2306 2439 3953 2514; baseline -0.001 -17"><span class='ocrx_word' id='word_1_394' title='bbox 2306 2443 2537 2514; x_wconf 78' lang='lat' dir='ltr'><strong>fecimus</strong></span> <span class='ocrx_word' id='word_1_395' title='bbox 2566 2442 2717 2513; x_wconf 87' lang='lat' dir='ltr'><strong>(Luc.</strong></span> <span class='ocrx_word' id='word_1_396' title='bbox 2739 2458 2878 2512; x_wconf 80' lang='lat' dir='ltr'><strong>xvu,</strong></span> <span class='ocrx_word' id='word_1_397' title='bbox 2906 2441 3014 2511; x_wconf 91' lang='grc'><strong>10).</strong></span> <span class='ocrx_word' id='word_1_398' title='bbox 3039 2439 3359 2513; x_wconf 87' lang='lat' dir='ltr'><strong>Virginitas</strong></span> <span class='ocrx_word' id='word_1_399' title='bbox 3384 2456 3618 2512; x_wconf 89' lang='lat' dir='ltr'><strong>quoque</strong></span> <span class='ocrx_word' id='word_1_400' title='bbox 3646 2442 3953 2512; x_wconf 83' lang='lat' dir='ltr'><strong>propterea</strong></span> 
     </span>
    </p>
   </div>
   <div class='ocr_carea' id='block_1_55' title="bbox 2309 2526 3955 2603">
    <p class='ocr_par' dir='ltr' id='par_1_55' title="bbox 2309 2526 3955 2603">
     <span class='ocr_line' id='line_1_55' title="bbox 2309 2526 3955 2603; baseline -0.004 -16"><span class='ocrx_word' id='word_1_401' title='bbox 2309 2531 2517 2603; x_wconf 88' lang='lat' dir='ltr'><strong>majori</strong></span> <span class='ocrx_word' id='word_1_402' title='bbox 2548 2531 2785 2603; x_wconf 69' lang='lat' dir='ltr'><strong>praemio</strong></span> <span class='ocrx_word' id='word_1_403' title='bbox 2807 2533 3121 2586; x_wconf 89' lang='lat' dir='ltr'><strong>coronatur</strong></span> <span class='ocrx_word' id='word_1_404' title='bbox 3145 2545 3157 2586; x_wconf 92' lang='lat'><strong>:</strong></span> <span class='ocrx_word' id='word_1_405' title='bbox 3182 2528 3321 2601; x_wconf 91' lang='lat' dir='ltr'><strong>quia</strong></span> <span class='ocrx_word' id='word_1_406' title='bbox 3346 2532 3699 2601; x_wconf 68' lang='lat' dir='ltr'><strong>praeceptum</strong></span> <span class='ocrx_word' id='word_1_407' title='bbox 3721 2526 3955 2584; x_wconf 83' lang='lat' dir='ltr'><strong>Domini</strong></span> 
     </span>
    </p>
   </div>
   <div class='ocr_carea' id='block_1_56' title="bbox 2310 2616 3955 2691">
    <p class='ocr_par' dir='ltr' id='par_1_56' title="bbox 2310 2616 3955 2691">
     <span class='ocr_line' id='line_1_56' title="bbox 2310 2616 3955 2691; baseline -0.001 -16"><span class='ocrx_word' id='word_1_408' title='bbox 2310 2638 2424 2677; x_wconf 90' lang='lat' dir='ltr'><strong>non</strong></span> <span class='ocrx_word' id='word_1_409' title='bbox 2453 2620 2648 2686; x_wconf 87' lang='lat' dir='ltr'><strong>habet,</strong></span> <span class='ocrx_word' id='word_1_410' title='bbox 2672 2624 2728 2675; x_wconf 91' lang='lat' dir='ltr'><strong>et</strong></span> <span class='ocrx_word' id='word_1_411' title='bbox 2748 2618 2903 2675; x_wconf 90' lang='lat' dir='ltr'><strong>ultra</strong></span> <span class='ocrx_word' id='word_1_412' title='bbox 2923 2618 3213 2691; x_wconf 89' lang='lat' dir='ltr'><strong>imperata</strong></span> <span class='ocrx_word' id='word_1_413' title='bbox 3233 2634 3295 2675; x_wconf 90' lang='lat' dir='ltr'><strong>se</strong></span> <span class='ocrx_word' id='word_1_414' title='bbox 3317 2617 3504 2674; x_wconf 91' lang='lat' dir='ltr'><strong>tendit</strong></span> <span class='ocrx_word' id='word_1_415' title='bbox 3522 2618 3573 2690; x_wconf 88' lang='grc'><strong>(1</strong></span> <span class='ocrx_word' id='word_1_416' title='bbox 3585 2616 3706 2675; x_wconf 80' lang='lat' dir='ltr'><strong>Cor.</strong></span> <span class='ocrx_word' id='word_1_417' title='bbox 3724 2634 3822 2684; x_wconf 87' lang='lat' dir='ltr'><strong>vn,</strong></span> <span class='ocrx_word' id='word_1_418' title='bbox 3838 2618 3955 2688; x_wconf 90' lang='lat'><strong>25).</strong></span> 
     </span>
    </p>
   </div>
   <div class='ocr_carea' id='block_1_57' title="bbox 2380 2706 3958 2781">
    <p class='ocr_par' dir='ltr' id='par_1_57' title="bbox 2380 2706 3958 2781">
     <span class='ocr_line' id='line_1_57' title="bbox 2380 2706 3958 2781; baseline 0.001 -18"><span class='ocrx_word' id='word_1_419' title='bbox 2380 2710 2566 2781; x_wconf 89' lang='lat' dir='ltr'><strong>(Vers.</strong></span> <span class='ocrx_word' id='word_1_420' title='bbox 2591 2710 2707 2779; x_wconf 78' lang='lat'><strong>22.)</strong></span> <span class='ocrx_word' id='word_1_421' title='bbox 2739 2732 2764 2759; x_wconf 88' lang='grc'><strong>‹‹</strong></span> <span class='ocrx_word' id='word_1_422' title='bbox 2790 2707 2976 2765; x_wconf 90' lang='lat' dir='ltr'><strong>Simul</strong></span> <span class='ocrx_word' id='word_1_423' title='bbox 3026 2712 3220 2764; x_wconf 90' lang='lat' dir='ltr'><strong>autem</strong></span> <span class='ocrx_word' id='word_1_424' title='bbox 3249 2712 3306 2763; x_wconf 90' lang='lat' dir='ltr'><strong>et</strong></span> <span class='ocrx_word' id='word_1_425' title='bbox 3350 2722 3611 2780; x_wconf 71' lang='lat' dir='ltr'><strong>praapara</strong></span> <span class='ocrx_word' id='word_1_426' title='bbox 3649 2706 3794 2763; x_wconf 87' lang='lat' dir='ltr'><strong>mihi</strong></span> <span class='ocrx_word' id='word_1_427' title='bbox 3819 2706 3958 2764; x_wconf 84' lang='lat' dir='ltr'><strong>hos-</strong></span> 
     </span>
    </p>
   </div>
   <div class='ocr_carea' id='block_1_58' title="bbox 2311 2795 3955 2872">
    <p class='ocr_par' dir='ltr' id='par_1_58' title="bbox 2311 2795 3955 2872">
     <span class='ocr_line' id='line_1_58' title="bbox 2311 2795 3955 2872; baseline -0.002 -17"><span class='ocrx_word' id='word_1_428' title='bbox 2311 2800 2542 2872; x_wconf 82' lang='lat' dir='ltr'><strong>pitium.</strong></span> <span class='ocrx_word' id='word_1_429' title='bbox 2580 2821 2607 2848; x_wconf 80' lang='lat' dir='ltr'><strong>n</strong></span> <span class='ocrx_word' id='word_1_430' title='bbox 2652 2799 2776 2854; x_wconf 90' lang='lat' dir='ltr'><strong>Non</strong></span> <span class='ocrx_word' id='word_1_431' title='bbox 2809 2802 2948 2869; x_wconf 88' lang='lat' dir='ltr'><strong>puto</strong></span> <span class='ocrx_word' id='word_1_432' title='bbox 2978 2803 3100 2854; x_wconf 89' lang='lat' dir='ltr'><strong>tam</strong></span> <span class='ocrx_word' id='word_1_433' title='bbox 3131 2797 3369 2853; x_wconf 90' lang='lat' dir='ltr'><strong>divitem</strong></span> <span class='ocrx_word' id='word_1_434' title='bbox 3401 2797 3581 2853; x_wconf 83' lang='lat' dir='ltr'><strong>fuisse</strong></span> <span class='ocrx_word' id='word_1_435' title='bbox 3608 2795 3955 2870; x_wconf 88' lang='lat' dir='ltr'><strong>Apostolum</strong></span> 
     </span>
    </p>
   </div>
   <div class='ocr_carea' id='block_1_59' title="bbox 2311 2887 3960 2959">
    <p class='ocr_par' dir='ltr' id='par_1_59' title="bbox 2311 2887 3960 2959">
     <span class='ocr_line' id='line_1_59' title="bbox 2311 2887 3960 2959; baseline -0.003 -14"><span class='ocrx_word' id='word_1_436' title='bbox 2311 2894 2369 2946; x_wconf 91' lang='lat' dir='ltr'><strong>et</strong></span> <span class='ocrx_word' id='word_1_437' title='bbox 2395 2890 2576 2945; x_wconf 91' lang='lat' dir='ltr'><strong>tantis</strong></span> <span class='ocrx_word' id='word_1_438' title='bbox 2624 2887 2870 2943; x_wconf 84' lang='lat' dir='ltr'><strong>sarcinis</strong></span> <span class='ocrx_word' id='word_1_439' title='bbox 2918 2891 3291 2959; x_wconf 88' lang='lat' dir='ltr'><strong>occupatum,</strong></span> <span class='ocrx_word' id='word_1_440' title='bbox 3324 2890 3389 2942; x_wconf 93' lang='lat' dir='ltr'><strong>ut</strong></span> <span class='ocrx_word' id='word_1_441' title='bbox 3416 2889 3733 2959; x_wconf 67' lang='lat' dir='ltr'><strong>preparato</strong></span> <span class='ocrx_word' id='word_1_442' title='bbox 3762 2887 3960 2958; x_wconf 80' lang='lat' dir='ltr'><strong>egeret</strong></span> 
     </span>
    </p>
   </div>
   <div class='ocr_carea' id='block_1_60' title="bbox 2312 2974 3957 3049">
    <p class='ocr_par' dir='ltr' id='par_1_60' title="bbox 2312 2974 3957 3049">
     <span class='ocr_line' id='line_1_60' title="bbox 2312 2974 3957 3049; baseline -0.002 -15"><span class='ocrx_word' id='word_1_443' title='bbox 2312 2977 2566 3049; x_wconf 90' lang='lat' dir='ltr'><strong>hospitio</strong></span> <span class='ocrx_word' id='word_1_444' title='bbox 2596 2978 2637 3043; x_wconf 78' lang='lat'><strong>3,</strong></span> <span class='ocrx_word' id='word_1_445' title='bbox 2695 2981 2751 3032; x_wconf 91' lang='lat' dir='ltr'><strong>et</strong></span> <span class='ocrx_word' id='word_1_446' title='bbox 2802 2993 2917 3032; x_wconf 90' lang='lat' dir='ltr'><strong>non</strong></span> <span class='ocrx_word' id='word_1_447' title='bbox 2966 2993 3085 3032; x_wconf 89' lang='lat' dir='ltr'><strong>una</strong></span> <span class='ocrx_word' id='word_1_448' title='bbox 3128 2980 3437 3032; x_wconf 89' lang='lat' dir='ltr'><strong>contentus</strong></span> <span class='ocrx_word' id='word_1_449' title='bbox 3489 2974 3720 3047; x_wconf 87' lang='lat' dir='ltr'><strong>cellula,</strong></span> <span class='ocrx_word' id='word_1_450' title='bbox 3752 2974 3957 3031; x_wconf 85' lang='lat' dir='ltr'><strong>breves</strong></span> 
     </span>
    </p>
   </div>
   <div class='ocr_carea' id='block_1_61' title="bbox 2314 3062 3952 3139">
    <p class='ocr_par' dir='ltr' id='par_1_61' title="bbox 2314 3062 3952 3139">
     <span class='ocr_line' id='line_1_61' title="bbox 2314 3062 3952 3139; baseline -0.001 -17"><span class='ocrx_word' id='word_1_451' title='bbox 2314 3067 2571 3139; x_wconf 90' lang='lat' dir='ltr'><strong>corporis</strong></span> <span class='ocrx_word' id='word_1_452' title='bbox 2602 3066 2694 3122; x_wconf 91' lang='lat' dir='ltr'><strong>sui</strong></span> <span class='ocrx_word' id='word_1_453' title='bbox 2718 3066 2904 3138; x_wconf 89' lang='lat' dir='ltr'><strong>spatio</strong></span> <span class='ocrx_word' id='word_1_454' title='bbox 2930 3066 3104 3136; x_wconf 69' lang='lat' dir='ltr'><strong>(edes,</strong></span> <span class='ocrx_word' id='word_1_455' title='bbox 3127 3064 3526 3137; x_wconf 87' lang='lat' dir='ltr'><strong>amplissimas</strong></span> <span class='ocrx_word' id='word_1_456' title='bbox 3557 3062 3952 3120; x_wconf 81' lang='lat' dir='ltr'><strong>existimaret:</strong></span> 
     </span>
    </p>
   </div>
   <div class='ocr_carea' id='block_1_62' title="bbox 2315 3152 3954 3227">
    <p class='ocr_par' dir='ltr' id='par_1_62' title="bbox 2315 3152 3954 3227">
     <span class='ocr_line' id='line_1_62' title="bbox 2315 3152 3954 3227; baseline -0.002 -15"><span class='ocrx_word' id='word_1_457' title='bbox 2315 3158 2414 3213; x_wconf 88' lang='lat' dir='ltr'><strong>sed</strong></span> <span class='ocrx_word' id='word_1_458' title='bbox 2465 3160 2530 3211; x_wconf 91' lang='lat' dir='ltr'><strong>ut</strong></span> <span class='ocrx_word' id='word_1_459' title='bbox 2573 3156 2714 3211; x_wconf 90' lang='lat' dir='ltr'><strong>dum</strong></span> <span class='ocrx_word' id='word_1_460' title='bbox 2746 3172 2881 3211; x_wconf 90' lang='lat' dir='ltr'><strong>eum</strong></span> <span class='ocrx_word' id='word_1_461' title='bbox 2912 3158 3206 3227; x_wconf 84' lang='lat' dir='ltr'><strong>exspectat</strong></span> <span class='ocrx_word' id='word_1_462' title='bbox 3236 3154 3343 3225; x_wconf 83' lang='grc' dir='ltr'><strong>[Αι.</strong></span> <span class='ocrx_word' id='word_1_463' title='bbox 3376 3153 3621 3226; x_wconf 87' lang='lat' dir='ltr'><strong>spectat]</strong></span> <span class='ocrx_word' id='word_1_464' title='bbox 3652 3152 3954 3209; x_wconf 85' lang='lat' dir='ltr'><strong>Philemon</strong></span> 
     </span>
    </p>
   </div>
   <div class='ocr_carea' id='block_1_63' title="bbox 2317 3243 3955 3316">
    <p class='ocr_par' dir='ltr' id='par_1_63' title="bbox 2317 3243 3955 3316">
     <span class='ocr_line' id='line_1_63' title="bbox 2317 3243 3955 3316; baseline -0.003 -15"><span class='ocrx_word' id='word_1_465' title='bbox 2317 3246 2388 3301; x_wconf 90' lang='lat' dir='ltr'><strong>ad</strong></span> <span class='ocrx_word' id='word_1_466' title='bbox 2439 3262 2500 3301; x_wconf 90' lang='lat' dir='ltr'><strong>se</strong></span> <span class='ocrx_word' id='word_1_467' title='bbox 2550 3261 2677 3301; x_wconf 91' lang='lat' dir='ltr'><strong>esse</strong></span> <span class='ocrx_word' id='word_1_468' title='bbox 2722 3250 3056 3313; x_wconf 90' lang='lat' dir='ltr'><strong>venturum,</strong></span> <span class='ocrx_word' id='word_1_469' title='bbox 3089 3243 3279 3316; x_wconf 88' lang='lat' dir='ltr'><strong>magis</strong></span> <span class='ocrx_word' id='word_1_470' title='bbox 3327 3244 3499 3299; x_wconf 88' lang='lat' dir='ltr'><strong>taciat</strong></span> <span class='ocrx_word' id='word_1_471' title='bbox 3527 3243 3683 3315; x_wconf 92' lang='lat' dir='ltr'><strong>quod</strong></span> <span class='ocrx_word' id='word_1_472' title='bbox 3716 3245 3955 3314; x_wconf 88' lang='lat' dir='ltr'><strong>rogatus</strong></span> 
     </span>
    </p>
   </div>
   <div class='ocr_carea' id='block_1_64' title="bbox 564 3316 3955 3405">
    <p class='ocr_par' dir='ltr' id='par_1_64' title="bbox 564 3316 3955 3405">
     <span class='ocr_line' id='line_1_64' title="bbox 564 3316 3955 3405; baseline -0.001 -16"><span class='ocrx_word' id='word_1_473' title='bbox 564 3333 752 3390; x_wconf 85' lang='lat' dir='ltr'><strong>cautis</strong></span> <span class='ocrx_word' id='word_1_474' title='bbox 800 3333 1068 3388; x_wconf 77' lang='lat' dir='ltr'><strong>affectum</strong></span> <span class='ocrx_word' id='word_1_475' title='bbox 1103 3348 1115 3385; x_wconf 95' lang='lat'><strong>:</strong></span> <span class='ocrx_word' id='word_1_476' title='bbox 1172 3333 1322 3386; x_wconf 90' lang='lat' dir='ltr'><strong>unde</strong></span> <span class='ocrx_word' id='word_1_477' title='bbox 1363 3348 1787 3402; x_wconf 90' lang='lat' dir='ltr'><strong>nonnunquam</strong></span> <span class='ocrx_word' id='word_1_478' title='bbox 1819 3333 2205 3400; x_wconf 76' lang='lat' dir='ltr'><strong>Symmachus</strong></span> <span class='ocrx_word' id='word_1_479' title='bbox 2236 3316 2278 3383; x_wconf 67' lang='grc' dir='ltr'><strong>(ἶ</strong></span> <span class='ocrx_word' id='word_1_480' title='bbox 2317 3339 2423 3392; x_wconf 86' lang='lat' dir='ltr'><strong>est.</strong></span> <span class='ocrx_word' id='word_1_481' title='bbox 2458 3335 2514 3391; x_wconf 93' lang='lat' dir='ltr'><strong>Si</strong></span> <span class='ocrx_word' id='word_1_482' title='bbox 2549 3339 2744 3390; x_wconf 90' lang='lat' dir='ltr'><strong>autem</strong></span> <span class='ocrx_word' id='word_1_483' title='bbox 2776 3334 2885 3390; x_wconf 81' lang='lat' dir='ltr'><strong>hoc</strong></span> <span class='ocrx_word' id='word_1_484' title='bbox 2917 3351 3031 3389; x_wconf 92' lang='lat' dir='ltr'><strong>non</strong></span> <span class='ocrx_word' id='word_1_485' title='bbox 3063 3332 3507 3405; x_wconf 78' lang='lat' dir='ltr'><strong>dispensatoris,</strong></span> <span class='ocrx_word' id='word_1_486' title='bbox 3530 3332 3630 3388; x_wconf 88' lang='lat' dir='ltr'><strong>sed</strong></span> <span class='ocrx_word' id='word_1_487' title='bbox 3660 3347 3792 3388; x_wconf 88' lang='lat' dir='ltr'><strong>vere</strong></span> <span class='ocrx_word' id='word_1_488' title='bbox 3821 3329 3955 3403; x_wconf 90' lang='lat' dir='ltr'><strong>quis</strong></span> 
     </span>
    </p>
   </div>
   <div class='ocr_carea' id='block_1_65' title="bbox 562 3417 3951 3496">
    <p class='ocr_par' dir='ltr' id='par_1_65' title="bbox 562 3417 3951 3496">
     <span class='ocr_line' id='line_1_65' title="bbox 562 3417 3951 3496; baseline -0.001 -17"><span class='ocrx_word' id='word_1_489' title='bbox 562 3439 667 3496; x_wconf 90' lang='lat' dir='ltr'><strong>pro</strong></span> <span class='ocrx_word' id='word_1_490' title='bbox 713 3440 886 3489; x_wconf 77' lang='lat' dir='ltr'><strong>ANNA,</strong></span> <span class='ocrx_word' id='word_1_491' title='bbox 934 3417 1149 3492; x_wconf 69' lang='grc' dir='ltr'><strong>δέομαι,</strong></span> <span class='ocrx_word' id='word_1_492' title='bbox 1182 3420 1289 3475; x_wconf 91' lang='lat' dir='ltr'><strong>hoc</strong></span> <span class='ocrx_word' id='word_1_493' title='bbox 1320 3424 1427 3490; x_wconf 88' lang='lat' dir='ltr'><strong>est,</strong></span> <span class='ocrx_word' id='word_1_494' title='bbox 1460 3421 1693 3485; x_wconf 78' lang='lat' dir='ltr'><strong>obsecro,</strong></span> <span class='ocrx_word' id='word_1_495' title='bbox 1726 3421 2028 3476; x_wconf 89' lang='lat' dir='ltr'><strong>transtulit</strong></span> <span class='ocrx_word' id='word_1_496' title='bbox 2059 3439 2071 3477; x_wconf 90' lang='lat'><strong>:</strong></span> <span class='ocrx_word' id='word_1_497' title='bbox 2125 3423 2208 3478; x_wconf 89' lang='lat' dir='ltr'><strong>ita</strong></span> <span class='ocrx_word' id='word_1_498' title='bbox 2316 3425 2611 3481; x_wconf 86' lang='lat' dir='ltr'><strong>existimat</strong></span> <span class='ocrx_word' id='word_1_499' title='bbox 2654 3424 3029 3496; x_wconf 90' lang='lat' dir='ltr'><strong>imperatum,</strong></span> <span class='ocrx_word' id='word_1_500' title='bbox 3062 3427 3128 3478; x_wconf 92' lang='lat' dir='ltr'><strong>ut</strong></span> <span class='ocrx_word' id='word_1_501' title='bbox 3158 3422 3268 3478; x_wconf 92' lang='lat' dir='ltr'><strong>sibi</strong></span> <span class='ocrx_word' id='word_1_502' title='bbox 3299 3421 3621 3493; x_wconf 88' lang='lat' dir='ltr'><strong>hospitium</strong></span> <span class='ocrx_word' id='word_1_503' title='bbox 3650 3423 3951 3493; x_wconf 63' lang='lat' dir='ltr'><strong>praeparet,</strong></span> 
     </span>
    </p>
   </div>
   <div class='ocr_carea' id='block_1_66' title="bbox 556 3509 2203 3584">
    <p class='ocr_par' dir='ltr' id='par_1_66' title="bbox 556 3509 2203 3584">
     <span class='ocr_line' id='line_1_66' title="bbox 556 3509 2203 3584; baseline -0.002 -14"><span class='ocrx_word' id='word_1_504' title='bbox 556 3518 616 3570; x_wconf 88' lang='lat' dir='ltr'><strong>et</strong></span> <span class='ocrx_word' id='word_1_505' title='bbox 644 3530 751 3570; x_wconf 91' lang='lat' dir='ltr'><strong>nos</strong></span> <span class='ocrx_word' id='word_1_506' title='bbox 771 3512 1037 3568; x_wconf 90' lang='lat' dir='ltr'><strong>eamdem</strong></span> <span class='ocrx_word' id='word_1_507' title='bbox 1060 3510 1117 3565; x_wconf 91' lang='lat' dir='ltr'><strong>in</strong></span> <span class='ocrx_word' id='word_1_508' title='bbox 1141 3510 1336 3566; x_wconf 62' lang='lat' dir='ltr'><strong>Graeca</strong></span> <span class='ocrx_word' id='word_1_509' title='bbox 1356 3509 1559 3581; x_wconf 86' lang='lat' dir='ltr'><strong>lingua</strong></span> <span class='ocrx_word' id='word_1_510' title='bbox 1580 3509 1693 3564; x_wconf 90' lang='lat' dir='ltr'><strong>vim</strong></span> <span class='ocrx_word' id='word_1_511' title='bbox 1723 3511 2003 3582; x_wconf 89' lang='lat' dir='ltr'><strong>patimur,</strong></span> <span class='ocrx_word' id='word_1_512' title='bbox 2028 3529 2203 3584; x_wconf 88' lang='lat' dir='ltr'><strong>quam</strong></span> 
     </span>
    </p>
   </div>
   <div class='ocr_carea' id='block_1_67' title="bbox 2314 3511 3955 3588">
    <p class='ocr_par' dir='ltr' id='par_1_67' title="bbox 2314 3511 3955 3588">
     <span class='ocr_line' id='line_1_67' title="bbox 2314 3511 3955 3588; baseline -0.004 -18"><span class='ocrx_word' id='word_1_513' title='bbox 2314 3515 2575 3588; x_wconf 89' lang='lat' dir='ltr'><strong>apostolo</strong></span> <span class='ocrx_word' id='word_1_514' title='bbox 2625 3514 2813 3586; x_wconf 89' lang='lat' dir='ltr'><strong>magis</strong></span> <span class='ocrx_word' id='word_1_515' title='bbox 2843 3530 3021 3585; x_wconf 91' lang='lat' dir='ltr'><strong>quam</strong></span> <span class='ocrx_word' id='word_1_516' title='bbox 3053 3511 3230 3568; x_wconf 90' lang='lat' dir='ltr'><strong>Paulo</strong></span> <span class='ocrx_word' id='word_1_517' title='bbox 3268 3511 3592 3583; x_wconf 88' lang='lat' dir='ltr'><strong>hospitium</strong></span> <span class='ocrx_word' id='word_1_518' title='bbox 3624 3524 3955 3582; x_wconf 64' lang='lat' dir='ltr'><strong>praeparau-</strong></span> 
     </span>
    </p>
   </div>
   <div class='ocr_carea' id='block_1_68' title="bbox 556 3598 3953 3673">
    <p class='ocr_par' dir='ltr' id='par_1_68' title="bbox 556 3598 3953 3673">
     <span class='ocr_line' id='line_1_68' title="bbox 556 3598 3953 3673; baseline -0.001 -15"><span class='ocrx_word' id='word_1_519' title='bbox 556 3602 737 3658; x_wconf 73' lang='lat' dir='ltr'><strong>Graaci</strong></span> <span class='ocrx_word' id='word_1_520' title='bbox 769 3601 1065 3673; x_wconf 84' lang='lat' dir='ltr'><strong>sustinent</strong></span> <span class='ocrx_word' id='word_1_521' title='bbox 1094 3600 1150 3655; x_wconf 91' lang='lat' dir='ltr'><strong>in</strong></span> <span class='ocrx_word' id='word_1_522' title='bbox 1177 3599 1432 3654; x_wconf 71' lang='lat' dir='ltr'><strong>Hebraea.</strong></span> <span class='ocrx_word' id='word_1_523' title='bbox 1458 3600 1620 3666; x_wconf 75' lang='lat' dir='ltr'><strong>Quod</strong></span> <span class='ocrx_word' id='word_1_524' title='bbox 1646 3603 1840 3655; x_wconf 90' lang='lat' dir='ltr'><strong>autem</strong></span> <span class='ocrx_word' id='word_1_525' title='bbox 1869 3600 1952 3656; x_wconf 87' lang='lat' dir='ltr'><strong>ait</strong></span> <span class='ocrx_word' id='word_1_526' title='bbox 1980 3619 1992 3657; x_wconf 90' lang='lat'><strong>:</strong></span> <span class='ocrx_word' id='word_1_527' title='bbox 2022 3602 2132 3670; x_wconf 87' lang='lat' dir='ltr'><strong>Ego</strong></span> <span class='ocrx_word' id='word_1_528' title='bbox 2157 3610 2205 3658; x_wconf 80' lang='lat' dir='ltr'><strong>te</strong></span> <span class='ocrx_word' id='word_1_529' title='bbox 2313 3606 2453 3660; x_wconf 91' lang='lat' dir='ltr'><strong>dum</strong></span> <span class='ocrx_word' id='word_1_530' title='bbox 2505 3607 2611 3659; x_wconf 91' lang='lat' dir='ltr'><strong>est.</strong></span> <span class='ocrx_word' id='word_1_531' title='bbox 2644 3602 2940 3658; x_wconf 90' lang='lat' dir='ltr'><strong>Venturus</strong></span> <span class='ocrx_word' id='word_1_532' title='bbox 2982 3602 3054 3657; x_wconf 92' lang='lat' dir='ltr'><strong>ad</strong></span> <span class='ocrx_word' id='word_1_533' title='bbox 3086 3617 3292 3657; x_wconf 86' lang='lat' dir='ltr'><strong>novam</strong></span> <span class='ocrx_word' id='word_1_534' title='bbox 3327 3599 3645 3667; x_wconf 89' lang='lat' dir='ltr'><strong>civitatem,</strong></span> <span class='ocrx_word' id='word_1_535' title='bbox 3675 3598 3953 3671; x_wconf 64' lang='lat' dir='ltr'><strong>pradica-</strong></span> 
     </span>
    </p>
   </div>
   <div class='ocr_carea' id='block_1_69' title="bbox 553 3687 2203 3763">
    <p class='ocr_par' dir='ltr' id='par_1_69' title="bbox 553 3687 2203 3763">
     <span class='ocr_line' id='line_1_69' title="bbox 553 3687 2203 3763; baseline 0.002 -19"><span class='ocrx_word' id='word_1_536' title='bbox 553 3694 720 3763; x_wconf 80' lang='lat' dir='ltr'><strong>[ruar</strong></span> <span class='ocrx_word' id='word_1_537' title='bbox 748 3693 808 3744; x_wconf 75' lang='lat' dir='ltr'><strong>in</strong></span> <span class='ocrx_word' id='word_1_538' title='bbox 836 3690 1081 3758; x_wconf 80' lang='lat' dir='ltr'><strong>Domino,</strong></span> <span class='ocrx_word' id='word_1_539' title='bbox 1115 3687 1271 3743; x_wconf 90' lang='lat' dir='ltr'><strong>aliud</strong></span> <span class='ocrx_word' id='word_1_540' title='bbox 1307 3688 1490 3743; x_wconf 90' lang='lat' dir='ltr'><strong>multo</strong></span> <span class='ocrx_word' id='word_1_541' title='bbox 1521 3688 1870 3760; x_wconf 90' lang='lat' dir='ltr'><strong>intelligitur</strong></span> <span class='ocrx_word' id='word_1_542' title='bbox 1894 3708 2068 3762; x_wconf 89' lang='lat' dir='ltr'><strong>quam</strong></span> <span class='ocrx_word' id='word_1_543' title='bbox 2101 3709 2203 3763; x_wconf 89' lang='lat' dir='ltr'><strong>pu-</strong></span> 
     </span>
    </p>
   </div>
   <div class='ocr_carea' id='block_1_70' title="bbox 552 3777 2199 3849">
    <p class='ocr_par' dir='ltr' id='par_1_70' title="bbox 552 3777 2199 3849">
     <span class='ocr_line' id='line_1_70' title="bbox 552 3777 2199 3849; baseline 0.001 -15"><span class='ocrx_word' id='word_1_544' title='bbox 552 3784 731 3835; x_wconf 87' lang='lat' dir='ltr'><strong>tatur.</strong></span> <span class='ocrx_word' id='word_1_545' title='bbox 763 3777 1078 3849; x_wconf 87' lang='lat' dir='ltr'><strong>Apostolus</strong></span> <span class='ocrx_word' id='word_1_546' title='bbox 1127 3794 1240 3831; x_wconf 91' lang='lat' dir='ltr'><strong>non</strong></span> <span class='ocrx_word' id='word_1_547' title='bbox 1274 3778 1487 3831; x_wconf 84' lang='lat' dir='ltr'><strong>fruitur</strong></span> <span class='ocrx_word' id='word_1_548' title='bbox 1516 3777 1629 3832; x_wconf 89' lang='lat' dir='ltr'><strong>nisi</strong></span> <span class='ocrx_word' id='word_1_549' title='bbox 1662 3794 1728 3832; x_wconf 92' lang='lat' dir='ltr'><strong>eo</strong></span> <span class='ocrx_word' id='word_1_550' title='bbox 1761 3778 1858 3849; x_wconf 92' lang='lat' dir='ltr'><strong>qui</strong></span> <span class='ocrx_word' id='word_1_551' title='bbox 1895 3778 2109 3836; x_wconf 90' lang='lat' dir='ltr'><strong>multas</strong></span> <span class='ocrx_word' id='word_1_552' title='bbox 2140 3781 2199 3836; x_wconf 90' lang='lat' dir='ltr'><strong>in</strong></span> 
     </span>
    </p>
   </div>
   <div class='ocr_carea' id='block_1_71' title="bbox 551 3865 2197 3941">
    <p class='ocr_par' dir='ltr' id='par_1_71' title="bbox 551 3865 2197 3941">
     <span class='ocr_line' id='line_1_71' title="bbox 551 3865 2197 3941; baseline 0.001 -17"><span class='ocrx_word' id='word_1_553' title='bbox 551 3883 616 3925; x_wconf 87' lang='lat' dir='ltr'><strong>se</strong></span> <span class='ocrx_word' id='word_1_554' title='bbox 662 3867 837 3923; x_wconf 86' lang='lat' dir='ltr'><strong>habet</strong></span> <span class='ocrx_word' id='word_1_555' title='bbox 885 3865 1374 3936; x_wconf 89' lang='lat' dir='ltr'><strong>concinentesque</strong></span> <span class='ocrx_word' id='word_1_556' title='bbox 1420 3866 1689 3933; x_wconf 86' lang='lat' dir='ltr'><strong>virtutes,</strong></span> <span class='ocrx_word' id='word_1_557' title='bbox 1722 3873 1778 3922; x_wconf 86' lang='lat' dir='ltr'><strong>et</strong></span> <span class='ocrx_word' id='word_1_558' title='bbox 1806 3872 1993 3923; x_wconf 89' lang='lat' dir='ltr'><strong>totum</strong></span> <span class='ocrx_word' id='word_1_559' title='bbox 2043 3871 2197 3941; x_wconf 92' lang='lat' dir='ltr'><strong>quod</strong></span> 
     </span>
    </p>
   </div>
   <div class='ocr_carea' id='block_1_72' title="bbox 551 3954 2200 4030">
    <p class='ocr_par' dir='ltr' id='par_1_72' title="bbox 551 3954 2200 4030">
     <span class='ocr_line' id='line_1_72' title="bbox 551 3954 2200 4030; baseline 0.001 -18"><span class='ocrx_word' id='word_1_560' title='bbox 551 3955 820 4013; x_wconf 89' lang='lat' dir='ltr'><strong>Christus</strong></span> <span class='ocrx_word' id='word_1_561' title='bbox 851 3955 1065 4011; x_wconf 89' lang='lat' dir='ltr'><strong>dicitur</strong></span> <span class='ocrx_word' id='word_1_562' title='bbox 1092 3956 1112 3988; x_wconf 72' lang='grc'>³</span> <span class='ocrx_word' id='word_1_563' title='bbox 1140 3971 1244 4025; x_wconf 86' lang='lat' dir='ltr'><strong>pro</strong></span> <span class='ocrx_word' id='word_1_564' title='bbox 1275 3954 1550 4010; x_wconf 90' lang='lat' dir='ltr'><strong>varietate</strong></span> <span class='ocrx_word' id='word_1_565' title='bbox 1582 3971 1892 4011; x_wconf 89' lang='lat' dir='ltr'><strong>causarum</strong></span> <span class='ocrx_word' id='word_1_566' title='bbox 1930 3974 1942 4013; x_wconf 92' lang='lat'><strong>:</strong></span> <span class='ocrx_word' id='word_1_567' title='bbox 1977 3959 2200 4030; x_wconf 87' lang='lat' dir='ltr'><strong>sapien-</strong></span> 
     </span>
    </p>
   </div>
   <div class='ocr_carea' id='block_1_73' title="bbox 549 4044 2200 4115">
    <p class='ocr_par' dir='ltr' id='par_1_73' title="bbox 549 4044 2200 4115">
     <span class='ocr_line' id='line_1_73' title="bbox 549 4044 2200 4115; baseline 0.001 -14"><span class='ocrx_word' id='word_1_568' title='bbox 549 4045 693 4101; x_wconf 84' lang='lat' dir='ltr'><strong>tiam</strong></span> <span class='ocrx_word' id='word_1_569' title='bbox 724 4044 1008 4112; x_wconf 88' lang='lat' dir='ltr'><strong>videlicet,</strong></span> <span class='ocrx_word' id='word_1_570' title='bbox 1033 4044 1354 4115; x_wconf 84' lang='lat' dir='ltr'><strong>justitiam,</strong></span> <span class='ocrx_word' id='word_1_571' title='bbox 1388 4044 1828 4113; x_wconf 86' lang='lat' dir='ltr'><strong>continentiam,</strong></span> <span class='ocrx_word' id='word_1_572' title='bbox 1864 4053 2200 4103; x_wconf 90' lang='lat' dir='ltr'><strong>mansuetu-</strong></span> 
     </span>
    </p>
   </div>
   <div class='ocr_carea' id='block_1_74' title="bbox 548 4132 2199 4208">
    <p class='ocr_par' dir='ltr' id='par_1_74' title="bbox 548 4132 2199 4208">
     <span class='ocr_line' id='line_1_74' title="bbox 548 4132 2199 4208; baseline 0.002 -17"><span class='ocrx_word' id='word_1_573' title='bbox 548 4134 767 4204; x_wconf 89' lang='lat' dir='ltr'><strong>dinem,</strong></span> <span class='ocrx_word' id='word_1_574' title='bbox 800 4133 1271 4206; x_wconf 88' lang='lat' dir='ltr'><strong>temperantiam,</strong></span> <span class='ocrx_word' id='word_1_575' title='bbox 1299 4132 1628 4188; x_wconf 86' lang='lat' dir='ltr'><strong>castitatem</strong></span> <span class='ocrx_word' id='word_1_576' title='bbox 1655 4151 1667 4187; x_wconf 92' lang='lat'><strong>:</strong></span> <span class='ocrx_word' id='word_1_577' title='bbox 1703 4134 1809 4190; x_wconf 91' lang='lat' dir='ltr'><strong>has</strong></span> <span class='ocrx_word' id='word_1_578' title='bbox 1843 4136 2199 4208; x_wconf 82' lang='lat' dir='ltr'><strong>imprecetur</strong></span> 
     </span>
    </p>
   </div>
   <div class='ocr_carea' id='block_1_75' title="bbox 546 4223 2196 4298">
    <p class='ocr_par' dir='ltr' id='par_1_75' title="bbox 546 4223 2196 4298">
     <span class='ocr_line' id='line_1_75' title="bbox 546 4223 2196 4298; baseline 0.002 -19"><span class='ocrx_word' id='word_1_579' title='bbox 546 4225 875 4282; x_wconf 89' lang='lat' dir='ltr'><strong>Philemoni</strong></span> <span class='ocrx_word' id='word_1_580' title='bbox 915 4243 927 4280; x_wconf 93' lang='lat'><strong>:</strong></span> <span class='ocrx_word' id='word_1_581' title='bbox 979 4230 1044 4279; x_wconf 88' lang='lat' dir='ltr'><strong>ut</strong></span> <span class='ocrx_word' id='word_1_582' title='bbox 1089 4241 1221 4278; x_wconf 91' lang='lat' dir='ltr'><strong>cum</strong></span> <span class='ocrx_word' id='word_1_583' title='bbox 1254 4223 1345 4278; x_wconf 90' lang='lat' dir='ltr'><strong>his</strong></span> <span class='ocrx_word' id='word_1_584' title='bbox 1377 4223 1780 4293; x_wconf 87' lang='lat' dir='ltr'><strong>abundaverit,</strong></span> <span class='ocrx_word' id='word_1_585' title='bbox 1810 4224 1935 4297; x_wconf 90' lang='lat' dir='ltr'><strong>ipse</strong></span> <span class='ocrx_word' id='word_1_586' title='bbox 1966 4243 2031 4281; x_wconf 90' lang='lat' dir='ltr'><strong>eo</strong></span> <span class='ocrx_word' id='word_1_587' title='bbox 2066 4244 2196 4298; x_wconf 90' lang='lat' dir='ltr'><strong>per-</strong></span> 
     </span>
    </p>
   </div>
   <div class='ocr_carea' id='block_1_76' title="bbox 545 4311 2192 4388">
    <p class='ocr_par' dir='ltr' id='par_1_76' title="bbox 545 4311 2192 4388">
     <span class='ocr_line' id='line_1_76' title="bbox 545 4311 2192 4388; baseline 0 -19"><span class='ocrx_word' id='word_1_588' title='bbox 545 4315 750 4371; x_wconf 85' lang='lat' dir='ltr'><strong>fruens</strong></span> <span class='ocrx_word' id='word_1_589' title='bbox 772 4314 1104 4386; x_wconf 90' lang='lat' dir='ltr'><strong>impleatur.</strong></span> <span class='ocrx_word' id='word_1_590' title='bbox 1129 4313 1199 4366; x_wconf 83' lang='lat' dir='ltr'><strong>Et</strong></span> <span class='ocrx_word' id='word_1_591' title='bbox 1219 4328 1289 4366; x_wconf 92' lang='lat' dir='ltr'><strong>ne</strong></span> <span class='ocrx_word' id='word_1_592' title='bbox 1316 4317 1481 4383; x_wconf 90' lang='lat' dir='ltr'><strong>putes</strong></span> <span class='ocrx_word' id='word_1_593' title='bbox 1506 4311 1665 4367; x_wconf 89' lang='lat' dir='ltr'><strong>illam</strong></span> <span class='ocrx_word' id='word_1_594' title='bbox 1698 4313 2033 4369; x_wconf 89' lang='lat' dir='ltr'><strong>fruitionem</strong></span> <span class='ocrx_word' id='word_1_595' title='bbox 2057 4315 2192 4388; x_wconf 91' lang='lat' dir='ltr'><strong>dici,</strong></span> 
     </span>
    </p>
   </div>
   <div class='ocr_carea' id='block_1_77' title="bbox 545 4400 2191 4475">
    <p class='ocr_par' dir='ltr' id='par_1_77' title="bbox 545 4400 2191 4475">
     <span class='ocr_line' id='line_1_77' title="bbox 545 4400 2191 4475; baseline 0 -16"><span class='ocrx_word' id='word_1_596' title='bbox 545 4419 663 4475; x_wconf 90' lang='lat' dir='ltr'><strong>qua</strong></span> <span class='ocrx_word' id='word_1_597' title='bbox 708 4420 815 4458; x_wconf 89' lang='lat' dir='ltr'><strong>nos</strong></span> <span class='ocrx_word' id='word_1_598' title='bbox 865 4419 1017 4473; x_wconf 77' lang='lat' dir='ltr'><strong>saepe</strong></span> <span class='ocrx_word' id='word_1_599' title='bbox 1062 4400 1245 4456; x_wconf 90' lang='lat' dir='ltr'><strong>nostri</strong></span> <span class='ocrx_word' id='word_1_600' title='bbox 1287 4400 1436 4455; x_wconf 91' lang='lat' dir='ltr'><strong>inter</strong></span> <span class='ocrx_word' id='word_1_601' title='bbox 1466 4417 1571 4455; x_wconf 92' lang='lat' dir='ltr'><strong>nos</strong></span> <span class='ocrx_word' id='word_1_602' title='bbox 1604 4402 1913 4471; x_wconf 68' lang='lat' dir='ltr'><strong>praesentia</strong></span> <span class='ocrx_word' id='word_1_603' title='bbox 1943 4401 2191 4460; x_wconf 88' lang='lat' dir='ltr'><strong>delecta-</strong></span> 
     </span>
    </p>
   </div>
   <div class='ocr_carea' id='block_1_78' title="bbox 2314 3687 3950 3762">
    <p class='ocr_par' dir='ltr' id='par_1_78' title="bbox 2314 3687 3950 3762">
     <span class='ocr_line' id='line_1_78' title="bbox 2314 3687 3950 3762; baseline -0.005 -13"><span class='ocrx_word' id='word_1_604' title='bbox 2314 3699 2480 3749; x_wconf 89' lang='lat' dir='ltr'><strong>turus</strong></span> <span class='ocrx_word' id='word_1_605' title='bbox 2527 3692 2901 3757; x_wconf 83' lang='lat' dir='ltr'><strong>Crucilixum,</strong></span> <span class='ocrx_word' id='word_1_606' title='bbox 2934 3696 2991 3747; x_wconf 92' lang='lat' dir='ltr'><strong>et</strong></span> <span class='ocrx_word' id='word_1_607' title='bbox 3026 3691 3290 3747; x_wconf 88' lang='lat' dir='ltr'><strong>inaudita</strong></span> <span class='ocrx_word' id='word_1_608' title='bbox 3317 3690 3595 3762; x_wconf 74' lang='lat' dir='ltr'><strong>dogmata</strong></span> <span class='ocrx_word' id='word_1_609' title='bbox 3623 3687 3950 3756; x_wconf 87' lang='lat' dir='ltr'><strong>delaturus,</strong></span> 
     </span>
    </p>
   </div>
   <div class='ocr_carea' id='block_1_79' title="bbox 2311 3779 3951 3851">
    <p class='ocr_par' dir='ltr' id='par_1_79' title="bbox 2311 3779 3951 3851">
     <span class='ocr_line' id='line_1_79' title="bbox 2311 3779 3951 3851; baseline -0.003 -14"><span class='ocrx_word' id='word_1_610' title='bbox 2311 3782 2534 3839; x_wconf 86' lang='lat' dir='ltr'><strong>sciebat</strong></span> <span class='ocrx_word' id='word_1_611' title='bbox 2585 3781 2656 3836; x_wconf 90' lang='lat' dir='ltr'><strong>ad</strong></span> <span class='ocrx_word' id='word_1_612' title='bbox 2709 3796 2772 3836; x_wconf 90' lang='lat' dir='ltr'><strong>se</strong></span> <span class='ocrx_word' id='word_1_613' title='bbox 2819 3779 3107 3851; x_wconf 87' lang='lat' dir='ltr'><strong>plurimos</strong></span> <span class='ocrx_word' id='word_1_614' title='bbox 3154 3794 3579 3837; x_wconf 85' lang='lat' dir='ltr'><strong>concursuros:</strong></span> <span class='ocrx_word' id='word_1_615' title='bbox 3627 3781 3686 3833; x_wconf 92' lang='lat' dir='ltr'><strong>et</strong></span> <span class='ocrx_word' id='word_1_616' title='bbox 3715 3790 3951 3833; x_wconf 86' lang='lat' dir='ltr'><strong>necesse</strong></span> 
     </span>
    </p>
   </div>
   <div class='ocr_carea' id='block_1_80' title="bbox 2308 3863 3947 3944">
    <p class='ocr_par' dir='ltr' id='par_1_80' title="bbox 2308 3863 3947 3944">
     <span class='ocr_line' id='line_1_80' title="bbox 2308 3863 3947 3944; baseline -0.004 -15"><span class='ocrx_word' id='word_1_617' title='bbox 2308 3878 2432 3929; x_wconf 88' lang='lat' dir='ltr'><strong>erat</strong></span> <span class='ocrx_word' id='word_1_618' title='bbox 2461 3863 2741 3944; x_wconf 77' lang='lat' dir='ltr'><strong>primum,</strong></span> <span class='ocrx_word' id='word_1_619' title='bbox 2764 3874 2829 3925; x_wconf 91' lang='lat' dir='ltr'><strong>ut</strong></span> <span class='ocrx_word' id='word_1_620' title='bbox 2860 3870 3071 3925; x_wconf 89' lang='lat' dir='ltr'><strong>domus</strong></span> <span class='ocrx_word' id='word_1_621' title='bbox 3102 3868 3156 3923; x_wconf 90' lang='lat' dir='ltr'><strong>in</strong></span> <span class='ocrx_word' id='word_1_622' title='bbox 3190 3867 3398 3924; x_wconf 90' lang='lat' dir='ltr'><strong>celebri</strong></span> <span class='ocrx_word' id='word_1_623' title='bbox 3427 3871 3580 3923; x_wconf 88' lang='lat' dir='ltr'><strong>esset</strong></span> <span class='ocrx_word' id='word_1_624' title='bbox 3606 3865 3773 3923; x_wconf 89' lang='lat' dir='ltr'><strong>urbis</strong></span> <span class='ocrx_word' id='word_1_625' title='bbox 3802 3864 3947 3938; x_wconf 91' lang='lat' dir='ltr'><strong>loco,</strong></span> 
     </span>
    </p>
   </div>
   <div class='ocr_carea' id='block_1_81' title="bbox 2309 3953 3950 4033">
    <p class='ocr_par' dir='ltr' id='par_1_81' title="bbox 2309 3953 3950 4033">
     <span class='ocr_line' id='line_1_81' title="bbox 2309 3953 3950 4033; baseline -0.004 -16"><span class='ocrx_word' id='word_1_626' title='bbox 2309 3962 2379 4017; x_wconf 91' lang='lat' dir='ltr'><strong>ad</strong></span> <span class='ocrx_word' id='word_1_627' title='bbox 2433 3977 2612 4033; x_wconf 87' lang='lat' dir='ltr'><strong>quam</strong></span> <span class='ocrx_word' id='word_1_628' title='bbox 2658 3957 2824 4014; x_wconf 89' lang='lat' dir='ltr'><strong>facile</strong></span> <span class='ocrx_word' id='word_1_629' title='bbox 2862 3958 3287 4014; x_wconf 89' lang='lat' dir='ltr'><strong>conveniretur.</strong></span> <span class='ocrx_word' id='word_1_630' title='bbox 3320 3956 3558 4025; x_wconf 90' lang='lat' dir='ltr'><strong>Deinde,</strong></span> <span class='ocrx_word' id='word_1_631' title='bbox 3592 3961 3656 4013; x_wconf 91' lang='lat' dir='ltr'><strong>ut</strong></span> <span class='ocrx_word' id='word_1_632' title='bbox 3684 3956 3758 4012; x_wconf 92' lang='lat' dir='ltr'><strong>ab</strong></span> <span class='ocrx_word' id='word_1_633' title='bbox 3789 3953 3950 4011; x_wconf 87' lang='lat' dir='ltr'><strong>omni</strong></span> 
     </span>
    </p>
   </div>
   <div class='ocr_carea' id='block_1_82' title="bbox 2306 4044 3948 4122">
    <p class='ocr_par' dir='ltr' id='par_1_82' title="bbox 2306 4044 3948 4122">
     <span class='ocr_line' id='line_1_82' title="bbox 2306 4044 3948 4122; baseline -0.004 -17"><span class='ocrx_word' id='word_1_634' title='bbox 2306 4050 2386 4105; x_wconf 92' lang='lat' dir='ltr'><strong>im</strong></span> <span class='ocrx_word' id='word_1_635' title='bbox 2396 4048 2811 4122; x_wconf 89' lang='lat' dir='ltr'><strong>portunitatate</strong></span> <span class='ocrx_word' id='word_1_636' title='bbox 2832 4064 3014 4103; x_wconf 87' lang='lat' dir='ltr'><strong>vacua</strong></span> <span class='ocrx_word' id='word_1_637' title='bbox 3036 4065 3049 4104; x_wconf 93' lang='lat'><strong>:</strong></span> <span class='ocrx_word' id='word_1_638' title='bbox 3075 4052 3139 4103; x_wconf 93' lang='lat' dir='ltr'><strong>ut</strong></span> <span class='ocrx_word' id='word_1_639' title='bbox 3160 4046 3377 4120; x_wconf 88' lang='lat' dir='ltr'><strong>ampla,</strong></span> <span class='ocrx_word' id='word_1_640' title='bbox 3401 4063 3527 4119; x_wconf 64' lang='lat' dir='ltr'><strong>quae</strong></span> <span class='ocrx_word' id='word_1_641' title='bbox 3547 4044 3833 4118; x_wconf 88' lang='lat' dir='ltr'><strong>plurimos</strong></span> <span class='ocrx_word' id='word_1_642' title='bbox 3853 4060 3948 4100; x_wconf 81' lang='lat' dir='ltr'><strong>ca-</strong></span> 
     </span>
    </p>
   </div>
   <div class='ocr_carea' id='block_1_83' title="bbox 2308 4132 3946 4211">
    <p class='ocr_par' dir='ltr' id='par_1_83' title="bbox 2308 4132 3946 4211">
     <span class='ocr_line' id='line_1_83' title="bbox 2308 4132 3946 4211; baseline -0.002 -18"><span class='ocrx_word' id='word_1_643' title='bbox 2308 4142 2467 4211; x_wconf 91' lang='lat' dir='ltr'><strong>peret</strong></span> <span class='ocrx_word' id='word_1_644' title='bbox 2487 4136 2881 4193; x_wconf 90' lang='lat' dir='ltr'><strong>audientium:</strong></span> <span class='ocrx_word' id='word_1_645' title='bbox 2902 4153 2974 4192; x_wconf 92' lang='lat' dir='ltr'><strong>ne</strong></span> <span class='ocrx_word' id='word_1_646' title='bbox 2995 4135 3259 4208; x_wconf 82' lang='lat' dir='ltr'><strong>proxima</strong></span> <span class='ocrx_word' id='word_1_647' title='bbox 3280 4132 3745 4208; x_wconf 88' lang='lat' dir='ltr'><strong>spectaculorum</strong></span> <span class='ocrx_word' id='word_1_648' title='bbox 3771 4132 3946 4189; x_wconf 86' lang='lat' dir='ltr'><strong>locis:</strong></span> 
     </span>
    </p>
   </div>
   <div class='ocr_carea' id='block_1_84' title="bbox 2307 4221 3947 4299">
    <p class='ocr_par' dir='ltr' id='par_1_84' title="bbox 2307 4221 3947 4299">
     <span class='ocr_line' id='line_1_84' title="bbox 2307 4221 3947 4299; baseline -0.005 -15"><span class='ocrx_word' id='word_1_649' title='bbox 2307 4245 2378 4284; x_wconf 85' lang='lat' dir='ltr'><strong>ne</strong></span> <span class='ocrx_word' id='word_1_650' title='bbox 2408 4227 2564 4299; x_wconf 91' lang='lat' dir='ltr'><strong>turpi</strong></span> <span class='ocrx_word' id='word_1_651' title='bbox 2592 4225 2806 4282; x_wconf 90' lang='lat' dir='ltr'><strong>vicinia</strong></span> <span class='ocrx_word' id='word_1_652' title='bbox 2826 4223 3225 4282; x_wconf 88' lang='lat' dir='ltr'><strong>detestabilis:</strong></span> <span class='ocrx_word' id='word_1_653' title='bbox 3263 4228 3557 4297; x_wconf 89' lang='lat' dir='ltr'><strong>postremo</strong></span> <span class='ocrx_word' id='word_1_654' title='bbox 3588 4228 3654 4278; x_wconf 91' lang='lat' dir='ltr'><strong>ut</strong></span> <span class='ocrx_word' id='word_1_655' title='bbox 3683 4222 3742 4278; x_wconf 93' lang='lat' dir='ltr'><strong>in</strong></span> <span class='ocrx_word' id='word_1_656' title='bbox 3774 4221 3947 4294; x_wconf 89' lang='lat' dir='ltr'><strong>plano</strong></span> 
     </span>
    </p>
   </div>
   <div class='ocr_carea' id='block_1_85' title="bbox 2306 4311 3947 4389">
    <p class='ocr_par' dir='ltr' id='par_1_85' title="bbox 2306 4311 3947 4389">
     <span class='ocr_line' id='line_1_85' title="bbox 2306 4311 3947 4389; baseline -0.004 -16"><span class='ocrx_word' id='word_1_657' title='bbox 2306 4317 2497 4389; x_wconf 91' lang='lat' dir='ltr'><strong>potius</strong></span> <span class='ocrx_word' id='word_1_658' title='bbox 2525 4321 2681 4372; x_wconf 90' lang='lat' dir='ltr'><strong>esset</strong></span> <span class='ocrx_word' id='word_1_659' title='bbox 2706 4316 2819 4371; x_wconf 91' lang='lat' dir='ltr'><strong>sita</strong></span> <span class='ocrx_word' id='word_1_660' title='bbox 2850 4330 3026 4387; x_wconf 90' lang='lat' dir='ltr'><strong>quam</strong></span> <span class='ocrx_word' id='word_1_661' title='bbox 3058 4313 3117 4369; x_wconf 90' lang='lat' dir='ltr'><strong>in</strong></span> <span class='ocrx_word' id='word_1_662' title='bbox 3149 4313 3467 4371; x_wconf 75' lang='lat' dir='ltr'><strong>cm&#39;naculo.</strong></span> <span class='ocrx_word' id='word_1_663' title='bbox 3492 4314 3678 4379; x_wconf 90' lang='lat' dir='ltr'><strong>Quam</strong></span> <span class='ocrx_word' id='word_1_664' title='bbox 3706 4311 3778 4367; x_wconf 92' lang='lat' dir='ltr'><strong>ob</strong></span> <span class='ocrx_word' id='word_1_665' title='bbox 3805 4326 3947 4367; x_wconf 81' lang='lat' dir='ltr'><strong>cau-</strong></span> 
     </span>
    </p>
   </div>
   <div class='ocr_carea' id='block_1_86' title="bbox 2302 4401 3945 4463">
    <p class='ocr_par' dir='ltr' id='par_1_86' title="bbox 2302 4401 3945 4463">
     <span class='ocr_line' id='line_1_86' title="bbox 2302 4401 3945 4463; baseline -0.003 -2"><span class='ocrx_word' id='word_1_666' title='bbox 2302 4423 2431 4462; x_wconf 89' lang='lat' dir='ltr'><strong>sam</strong></span> <span class='ocrx_word' id='word_1_667' title='bbox 2460 4422 2595 4462; x_wconf 90' lang='lat' dir='ltr'><strong>eum</strong></span> <span class='ocrx_word' id='word_1_668' title='bbox 2624 4404 2895 4463; x_wconf 85' lang='lat' dir='ltr'><strong>existimo</strong></span> <span class='ocrx_word' id='word_1_669' title='bbox 2927 4404 3103 4460; x_wconf 90' lang='lat' dir='ltr'><strong>etiam</strong></span> <span class='ocrx_word' id='word_1_670' title='bbox 3139 4403 3333 4459; x_wconf 75' lang='lat' dir='ltr'><strong>Romae</strong></span> <span class='ocrx_word' id='word_1_671' title='bbox 3370 4402 3429 4458; x_wconf 90' lang='lat' dir='ltr'><strong>in</strong></span> <span class='ocrx_word' id='word_1_672' title='bbox 3461 4401 3747 4458; x_wconf 89' lang='lat' dir='ltr'><strong>conducto</strong></span> <span class='ocrx_word' id='word_1_673' title='bbox 3777 4415 3945 4456; x_wconf 87' lang='lat' dir='ltr'><strong>man-</strong></span> 
     </span>
    </p>
   </div>
   <div class='ocr_carea' id='block_1_87' title="bbox 544 4491 3941 4565">
    <p class='ocr_par' dir='ltr' id='par_1_87' title="bbox 544 4491 3941 4565">
     <span class='ocr_line' id='line_1_87' title="bbox 544 4491 3941 4565; baseline -0.001 -18"><span class='ocrx_word' id='word_1_674' title='bbox 544 4509 699 4557; x_wconf 91' lang='lat' dir='ltr'><strong>mur,</strong></span> <span class='ocrx_word' id='word_1_675' title='bbox 733 4492 976 4557; x_wconf 87' lang='lat' dir='ltr'><strong>addidit,</strong></span> <span class='ocrx_word' id='word_1_676' title='bbox 1012 4492 1071 4545; x_wconf 82' lang='lat' dir='ltr'><strong>in</strong></span> <span class='ocrx_word' id='word_1_677' title='bbox 1101 4491 1332 4545; x_wconf 81' lang='lat' dir='ltr'><strong>Domino</strong></span> <span class='ocrx_word' id='word_1_678' title='bbox 1364 4507 1382 4543; x_wconf 87' lang='lat'><strong>:</strong></span> <span class='ocrx_word' id='word_1_679' title='bbox 1438 4494 1501 4543; x_wconf 88' lang='lat' dir='ltr'><strong>ut</strong></span> <span class='ocrx_word' id='word_1_680' title='bbox 1548 4506 1617 4544; x_wconf 79' lang='lat' dir='ltr'><strong>ex</strong></span> <span class='ocrx_word' id='word_1_681' title='bbox 1664 4506 1728 4545; x_wconf 90' lang='lat' dir='ltr'><strong>eo</strong></span> <span class='ocrx_word' id='word_1_682' title='bbox 1776 4491 1930 4562; x_wconf 87' lang='lat' dir='ltr'><strong>quod</strong></span> <span class='ocrx_word' id='word_1_683' title='bbox 1962 4491 2192 4549; x_wconf 84' lang='lat' dir='ltr'><strong>Domini</strong></span> <span class='ocrx_word' id='word_1_684' title='bbox 2303 4496 2449 4551; x_wconf 90' lang='lat' dir='ltr'><strong>sisse</strong></span> <span class='ocrx_word' id='word_1_685' title='bbox 2499 4493 2799 4550; x_wconf 89' lang='lat' dir='ltr'><strong>biennium</strong></span> <span class='ocrx_word' id='word_1_686' title='bbox 2850 4494 2956 4565; x_wconf 82' lang='lat' dir='ltr'><strong>[AL</strong></span> <span class='ocrx_word' id='word_1_687' title='bbox 2990 4492 3267 4563; x_wconf 90' lang='lat' dir='ltr'><strong>biennio].</strong></span> <span class='ocrx_word' id='word_1_688' title='bbox 3301 4493 3417 4548; x_wconf 90' lang='lat' dir='ltr'><strong>Nec</strong></span> <span class='ocrx_word' id='word_1_689' title='bbox 3467 4507 3663 4564; x_wconf 87' lang='lat' dir='ltr'><strong>parva,</strong></span> <span class='ocrx_word' id='word_1_690' title='bbox 3695 4492 3759 4545; x_wconf 90' lang='lat' dir='ltr'><strong>ut</strong></span> <span class='ocrx_word' id='word_1_691' title='bbox 3786 4503 3941 4557; x_wconf 88' lang='lat' dir='ltr'><strong>reor,</strong></span> 
     </span>
    </p>
   </div>
   <div class='ocr_carea' id='block_1_88' title="bbox 542 4575 3944 4655">
    <p class='ocr_par' dir='ltr' id='par_1_88' title="bbox 542 4575 3944 4655">
     <span class='ocr_line' id='line_1_88' title="bbox 542 4575 3944 4655; baseline -0.001 -19"><span class='ocrx_word' id='word_1_692' title='bbox 542 4598 756 4636; x_wconf 90' lang='lat' dir='ltr'><strong>nomen</strong></span> <span class='ocrx_word' id='word_1_693' title='bbox 805 4581 1149 4651; x_wconf 86' lang='lat' dir='ltr'><strong>adjunctum</strong></span> <span class='ocrx_word' id='word_1_694' title='bbox 1199 4582 1308 4641; x_wconf 90' lang='lat' dir='ltr'><strong>est,</strong></span> <span class='ocrx_word' id='word_1_695' title='bbox 1342 4578 1782 4650; x_wconf 83' lang='lat' dir='ltr'><strong>intelligeretur,</strong></span> <span class='ocrx_word' id='word_1_696' title='bbox 1816 4586 1872 4635; x_wconf 89' lang='lat' dir='ltr'><strong>et</strong></span> <span class='ocrx_word' id='word_1_697' title='bbox 1913 4580 2027 4637; x_wconf 88' lang='lat' dir='ltr'><strong>alia</strong></span> <span class='ocrx_word' id='word_1_698' title='bbox 2064 4599 2192 4640; x_wconf 88' lang='lat' dir='ltr'><strong>esse</strong></span> <span class='ocrx_word' id='word_1_699' title='bbox 2301 4590 2426 4641; x_wconf 89' lang='lat' dir='ltr'><strong>erat</strong></span> <span class='ocrx_word' id='word_1_700' title='bbox 2455 4584 2706 4652; x_wconf 82' lang='lat' dir='ltr'><strong>mansio,</strong></span> <span class='ocrx_word' id='word_1_701' title='bbox 2737 4583 2810 4639; x_wconf 87' lang='lat' dir='ltr'><strong>ad</strong></span> <span class='ocrx_word' id='word_1_702' title='bbox 2842 4598 3021 4655; x_wconf 89' lang='lat' dir='ltr'><strong>quam</strong></span> <span class='ocrx_word' id='word_1_703' title='bbox 3059 4582 3399 4638; x_wconf 63' lang='lat' dir='ltr'><strong>Judmorum</strong></span> <span class='ocrx_word' id='word_1_704' title='bbox 3450 4579 3633 4636; x_wconf 74' lang='lat' dir='ltr'><strong>turbas</strong></span> <span class='ocrx_word' id='word_1_705' title='bbox 3684 4575 3944 4651; x_wconf 87' lang='lat' dir='ltr'><strong>quotidie</strong></span> 
     </span>
    </p>
   </div>
   <div class='ocr_carea' id='block_1_89' title="bbox 538 4668 2688 4756">
    <p class='ocr_par' dir='ltr' id='par_1_89' title="bbox 538 4668 2688 4756">
     <span class='ocr_line' id='line_1_89' title="bbox 538 4668 2688 4756; baseline 0.001 -32"><span class='ocrx_word' id='word_1_706' title='bbox 538 4670 758 4737; x_wconf 88' lang='lat' dir='ltr'><strong>fruitio,</strong></span> <span class='ocrx_word' id='word_1_707' title='bbox 794 4686 909 4740; x_wconf 88' lang='lat' dir='ltr'><strong>qua</strong></span> <span class='ocrx_word' id='word_1_708' title='bbox 938 4670 1071 4739; x_wconf 90' lang='lat' dir='ltr'><strong>quis</strong></span> <span class='ocrx_word' id='word_1_709' title='bbox 1103 4669 1323 4739; x_wconf 88' lang='lat' dir='ltr'><strong>absque</strong></span> <span class='ocrx_word' id='word_1_710' title='bbox 1356 4668 1600 4723; x_wconf 82' lang='lat' dir='ltr'><strong>Domino</strong></span> <span class='ocrx_word' id='word_1_711' title='bbox 1634 4669 1985 4741; x_wconf 87' lang='lat' dir='ltr'><strong>perfruatur.</strong></span> <span class='ocrx_word' id='word_1_712' title='bbox 2218 4692 2264 4756; x_wconf 72' lang='grc' dir='ltr'><strong>Ι)</strong></span> <span class='ocrx_word' id='word_1_713' title='bbox 2299 4673 2688 4729; x_wconf 86' lang='lat' dir='ltr'><strong>conﬂuebant.</strong></span> 
     </span>
    </p>
   </div>
   <div class='ocr_carea' id='block_1_90' title="bbox 609 4755 3939 4835">
    <p class='ocr_par' dir='ltr' id='par_1_90' title="bbox 609 4755 3939 4835">
     <span class='ocr_line' id='line_1_90' title="bbox 609 4755 3939 4835; baseline -0 -22"><span class='ocrx_word' id='word_1_714' title='bbox 609 4781 637 4808; x_wconf 86' lang='lat'>«</span> <span class='ocrx_word' id='word_1_715' title='bbox 672 4759 858 4813; x_wconf 77' lang='lat' dir='ltr'><strong>Refice</strong></span> <span class='ocrx_word' id='word_1_716' title='bbox 906 4762 1127 4812; x_wconf 77' lang='lat' dir='ltr'><strong>viscera</strong></span> <span class='ocrx_word' id='word_1_717' title='bbox 1180 4774 1307 4811; x_wconf 85' lang='lat' dir='ltr'><strong>mea</strong></span> <span class='ocrx_word' id='word_1_718' title='bbox 1359 4758 1417 4811; x_wconf 89' lang='lat' dir='ltr'><strong>in</strong></span> <span class='ocrx_word' id='word_1_719' title='bbox 1470 4758 1784 4813; x_wconf 76' lang='lat' dir='ltr'><strong>Christo.»</strong></span> <span class='ocrx_word' id='word_1_720' title='bbox 1837 4760 2000 4815; x_wconf 76' lang='lat' dir='ltr'><strong>Sicut</strong></span> <span class='ocrx_word' id='word_1_721' title='bbox 2059 4764 2184 4834; x_wconf 86' lang='lat' dir='ltr'><strong>ipse</strong></span> <span class='ocrx_word' id='word_1_722' title='bbox 2225 4755 2246 4756; x_wconf 28' lang='grc' dir='ltr'>ί</span> <span class='ocrx_word' id='word_1_723' title='bbox 2369 4768 2602 4835; x_wconf 80' lang='lat' dir='ltr'><strong>«Spero</strong></span> <span class='ocrx_word' id='word_1_724' title='bbox 2654 4761 2811 4817; x_wconf 89' lang='lat' dir='ltr'><strong>enim</strong></span> <span class='ocrx_word' id='word_1_725' title='bbox 2861 4777 2963 4834; x_wconf 90' lang='lat' dir='ltr'><strong>per</strong></span> <span class='ocrx_word' id='word_1_726' title='bbox 3014 4759 3306 4818; x_wconf 86' lang='lat' dir='ltr'><strong>orationes</strong></span> <span class='ocrx_word' id='word_1_727' title='bbox 3356 4764 3584 4817; x_wconf 84' lang='lat' dir='ltr'><strong>vestras</strong></span> <span class='ocrx_word' id='word_1_728' title='bbox 3613 4755 3816 4814; x_wconf 87' lang='lat' dir='ltr'><strong>donari</strong></span> <span class='ocrx_word' id='word_1_729' title='bbox 3845 4768 3939 4812; x_wconf 87' lang='lat' dir='ltr'><strong>me</strong></span> 
     </span>
    </p>
   </div>
   <div class='ocr_carea' id='block_1_91' title="bbox 533 4845 3943 4922">
    <p class='ocr_par' dir='ltr' id='par_1_91' title="bbox 533 4845 3943 4922">
     <span class='ocr_line' id='line_1_91' title="bbox 533 4845 3943 4922; baseline -0.001 -20"><span class='ocrx_word' id='word_1_730' title='bbox 533 4848 647 4903; x_wconf 89' lang='lat' dir='ltr'><strong>frui</strong></span> <span class='ocrx_word' id='word_1_731' title='bbox 701 4846 824 4902; x_wconf 90' lang='lat' dir='ltr'><strong>vult</strong></span> <span class='ocrx_word' id='word_1_732' title='bbox 861 4846 1198 4901; x_wconf 84' lang='lat' dir='ltr'><strong>Philemone</strong></span> <span class='ocrx_word' id='word_1_733' title='bbox 1233 4847 1287 4900; x_wconf 89' lang='lat' dir='ltr'><strong>in</strong></span> <span class='ocrx_word' id='word_1_734' title='bbox 1323 4846 1615 4901; x_wconf 84' lang='lat' dir='ltr'><strong>Domino:</strong></span> <span class='ocrx_word' id='word_1_735' title='bbox 1669 4847 1748 4901; x_wconf 86' lang='lat' dir='ltr'><strong>ita</strong></span> <span class='ocrx_word' id='word_1_736' title='bbox 1797 4850 2015 4905; x_wconf 87' lang='lat' dir='ltr'><strong>viscera</strong></span> <span class='ocrx_word' id='word_1_737' title='bbox 2070 4868 2179 4907; x_wconf 89' lang='lat' dir='ltr'><strong>sua</strong></span> <span class='ocrx_word' id='word_1_738' title='bbox 2287 4852 2537 4907; x_wconf 76' lang='lat' dir='ltr'><strong>vobis.»</strong></span> <span class='ocrx_word' id='word_1_739' title='bbox 2594 4850 2803 4906; x_wconf 87' lang='lat' dir='ltr'><strong>Filium</strong></span> <span class='ocrx_word' id='word_1_740' title='bbox 2858 4851 3035 4919; x_wconf 88' lang='lat' dir='ltr'><strong>Patri,</strong></span> <span class='ocrx_word' id='word_1_741' title='bbox 3069 4851 3227 4907; x_wconf 89' lang='lat' dir='ltr'><strong>Deus</strong></span> <span class='ocrx_word' id='word_1_742' title='bbox 3276 4854 3516 4922; x_wconf 89' lang='lat' dir='ltr'><strong>rogatus</strong></span> <span class='ocrx_word' id='word_1_743' title='bbox 3563 4845 3849 4919; x_wconf 82' lang='lat' dir='ltr'><strong>indulget,</strong></span> <span class='ocrx_word' id='word_1_744' title='bbox 3881 4847 3943 4901; x_wconf 81' lang='lat' dir='ltr'><strong>et</strong></span> 
     </span>
    </p>
   </div>
   <div class='ocr_carea' id='block_1_92' title="bbox 531 4933 3939 5012">
    <p class='ocr_par' dir='ltr' id='par_1_92' title="bbox 531 4933 3939 5012">
     <span class='ocr_line' id='line_1_92' title="bbox 531 4933 3939 5012; baseline -0.001 -19"><span class='ocrx_word' id='word_1_745' title='bbox 531 4937 1093 5007; x_wconf 83' lang='lat' dir='ltr'><strong>Onesimum,quem</strong></span> <span class='ocrx_word' id='word_1_746' title='bbox 1118 4942 1173 4991; x_wconf 90' lang='lat' dir='ltr'><strong>et</strong></span> <span class='ocrx_word' id='word_1_747' title='bbox 1198 4936 1467 5007; x_wconf 78' lang='lat' dir='ltr'><strong>superius</strong></span> <span class='ocrx_word' id='word_1_748' title='bbox 1492 4937 1693 4991; x_wconf 92' lang='lat' dir='ltr'><strong>eodem</strong></span> <span class='ocrx_word' id='word_1_749' title='bbox 1718 4938 1954 4993; x_wconf 89' lang='lat' dir='ltr'><strong>nomine</strong></span> <span class='ocrx_word' id='word_1_750' title='bbox 1984 4939 2177 5011; x_wconf 88' lang='lat' dir='ltr'><strong>appcl-</strong></span> <span class='ocrx_word' id='word_1_751' title='bbox 2289 4940 2464 4996; x_wconf 86' lang='lat' dir='ltr'><strong>frater</strong></span> <span class='ocrx_word' id='word_1_752' title='bbox 2520 4956 2672 5012; x_wconf 66' lang='lat' dir='ltr'><strong>saepe</strong></span> <span class='ocrx_word' id='word_1_753' title='bbox 2730 4940 2926 4997; x_wconf 89' lang='lat' dir='ltr'><strong>fratris</strong></span> <span class='ocrx_word' id='word_1_754' title='bbox 2982 4941 3243 4996; x_wconf 89' lang='lat' dir='ltr'><strong>oratione</strong></span> <span class='ocrx_word' id='word_1_755' title='bbox 3294 4943 3579 4995; x_wconf 85' lang='lat' dir='ltr'><strong>servatur.</strong></span> <span class='ocrx_word' id='word_1_756' title='bbox 3623 4933 3939 5008; x_wconf 77' lang='lat' dir='ltr'><strong>Apostolus</strong></span> 
     </span>
    </p>
   </div>
   <div class='ocr_carea' id='block_1_93' title="bbox 527 5023 3940 5101">
    <p class='ocr_par' dir='ltr' id='par_1_93' title="bbox 527 5023 3940 5101">
     <span class='ocr_line' id='line_1_93' title="bbox 527 5023 3940 5101; baseline -0.001 -18"><span class='ocrx_word' id='word_1_757' title='bbox 527 5027 687 5096; x_wconf 89' lang='lat' dir='ltr'><strong>lavit,</strong></span> <span class='ocrx_word' id='word_1_758' title='bbox 747 5026 901 5083; x_wconf 80' lang='lat' dir='ltr'><strong>refici</strong></span> <span class='ocrx_word' id='word_1_759' title='bbox 958 5026 1082 5081; x_wconf 89' lang='lat' dir='ltr'><strong>vult</strong></span> <span class='ocrx_word' id='word_1_760' title='bbox 1150 5043 1249 5097; x_wconf 88' lang='lat' dir='ltr'><strong>per</strong></span> <span class='ocrx_word' id='word_1_761' title='bbox 1317 5026 1730 5093; x_wconf 85' lang='lat' dir='ltr'><strong>Philemonem,</strong></span> <span class='ocrx_word' id='word_1_762' title='bbox 1781 5031 1838 5081; x_wconf 92' lang='lat' dir='ltr'><strong>et</strong></span> <span class='ocrx_word' id='word_1_763' title='bbox 1901 5028 2175 5100; x_wconf 86' lang='lat' dir='ltr'><strong>ambigue</strong></span> <span class='ocrx_word' id='word_1_764' title='bbox 2288 5036 2485 5085; x_wconf 90' lang='lat' dir='ltr'><strong>autem</strong></span> <span class='ocrx_word' id='word_1_765' title='bbox 2548 5031 2729 5086; x_wconf 86' lang='lat' dir='ltr'><strong>totius</strong></span> <span class='ocrx_word' id='word_1_766' title='bbox 2786 5029 3053 5085; x_wconf 73' lang='lat' dir='ltr'><strong>Ecclesiae</strong></span> <span class='ocrx_word' id='word_1_767' title='bbox 3130 5029 3404 5101; x_wconf 89' lang='lat' dir='ltr'><strong>precibus</strong></span> <span class='ocrx_word' id='word_1_768' title='bbox 3461 5024 3819 5091; x_wconf 87' lang='lat' dir='ltr'><strong>conceditur,</strong></span> <span class='ocrx_word' id='word_1_769' title='bbox 3862 5023 3940 5079; x_wconf 84' lang='lat' dir='ltr'><strong>ob</strong></span> 
     </span>
    </p>
   </div>
   <div class='ocr_carea' id='block_1_94' title="bbox 526 5114 3940 5191">
    <p class='ocr_par' dir='ltr' id='par_1_94' title="bbox 526 5114 3940 5191">
     <span class='ocr_line' id='line_1_94' title="bbox 526 5114 3940 5191; baseline -0.001 -18"><span class='ocrx_word' id='word_1_770' title='bbox 526 5117 751 5173; x_wconf 89' lang='lat' dir='ltr'><strong>dictum</strong></span> <span class='ocrx_word' id='word_1_771' title='bbox 783 5134 795 5185; x_wconf 91' lang='lat'><strong>;</strong></span> <span class='ocrx_word' id='word_1_772' title='bbox 837 5122 1035 5171; x_wconf 91' lang='lat' dir='ltr'><strong>utrum</strong></span> <span class='ocrx_word' id='word_1_773' title='bbox 1068 5116 1286 5170; x_wconf 84' lang='lat' dir='ltr'><strong>viscera</strong></span> <span class='ocrx_word' id='word_1_774' title='bbox 1318 5114 1477 5169; x_wconf 87' lang='lat' dir='ltr'><strong>Pauli</strong></span> <span class='ocrx_word' id='word_1_775' title='bbox 1512 5116 1566 5169; x_wconf 89' lang='lat' dir='ltr'><strong>iu</strong></span> <span class='ocrx_word' id='word_1_776' title='bbox 1599 5116 1830 5171; x_wconf 90' lang='lat' dir='ltr'><strong>Christo</strong></span> <span class='ocrx_word' id='word_1_777' title='bbox 1861 5118 2172 5174; x_wconf 85' lang='lat' dir='ltr'><strong>Onesimus</strong></span> <span class='ocrx_word' id='word_1_778' title='bbox 2282 5136 2488 5174; x_wconf 91' lang='lat' dir='ltr'><strong>eorum</strong></span> <span class='ocrx_word' id='word_1_779' title='bbox 2522 5120 2623 5191; x_wconf 91' lang='lat' dir='ltr'><strong>qui</strong></span> <span class='ocrx_word' id='word_1_780' title='bbox 2672 5136 2805 5174; x_wconf 90' lang='lat' dir='ltr'><strong>eum</strong></span> <span class='ocrx_word' id='word_1_781' title='bbox 2844 5118 3102 5175; x_wconf 90' lang='lat' dir='ltr'><strong>audituri</strong></span> <span class='ocrx_word' id='word_1_782' title='bbox 3149 5122 3289 5174; x_wconf 90' lang='lat' dir='ltr'><strong>sunt</strong></span> <span class='ocrx_word' id='word_1_783' title='bbox 3319 5116 3633 5173; x_wconf 89' lang='lat' dir='ltr'><strong>utilitatem</strong></span> <span class='ocrx_word' id='word_1_784' title='bbox 3662 5115 3803 5183; x_wconf 78' lang='lat' dir='ltr'><strong>(Act.</strong></span> <span class='ocrx_word' id='word_1_785' title='bbox 3835 5128 3940 5181; x_wconf 68' lang='grc' dir='ltr'><strong>ιιι,</strong></span> 
     </span>
    </p>
   </div>
   <div class='ocr_carea' id='block_1_95' title="bbox 526 5203 3935 5279">
    <p class='ocr_par' dir='ltr' id='par_1_95' title="bbox 526 5203 3935 5279">
     <span class='ocr_line' id='line_1_95' title="bbox 526 5203 3935 5279; baseline -0.001 -16"><span class='ocrx_word' id='word_1_786' title='bbox 526 5207 607 5263; x_wconf 89' lang='lat' dir='ltr'><strong>sit</strong></span> <span class='ocrx_word' id='word_1_787' title='bbox 640 5224 652 5262; x_wconf 92' lang='lat'><strong>:</strong></span> <span class='ocrx_word' id='word_1_788' title='bbox 705 5225 775 5262; x_wconf 87' lang='lat' dir='ltr'><strong>an</strong></span> <span class='ocrx_word' id='word_1_789' title='bbox 816 5207 1037 5262; x_wconf 89' lang='lat' dir='ltr'><strong>viscera</strong></span> <span class='ocrx_word' id='word_1_790' title='bbox 1066 5205 1230 5259; x_wconf 89' lang='lat' dir='ltr'><strong>Pauli</strong></span> <span class='ocrx_word' id='word_1_791' title='bbox 1262 5204 1575 5259; x_wconf 88' lang='lat' dir='ltr'><strong>Onesimus</strong></span> <span class='ocrx_word' id='word_1_792' title='bbox 1625 5222 1725 5276; x_wconf 87' lang='lat' dir='ltr'><strong>per</strong></span> <span class='ocrx_word' id='word_1_793' title='bbox 1772 5205 2169 5262; x_wconf 88' lang='lat' dir='ltr'><strong>Philemonem</strong></span> <span class='ocrx_word' id='word_1_794' title='bbox 2276 5209 2447 5275; x_wconf 83' lang='lat'><strong>5-15).</strong></span> <span class='ocrx_word' id='word_1_795' title='bbox 2482 5208 2547 5262; x_wconf 88' lang='lat' dir='ltr'><strong>Et</strong></span> <span class='ocrx_word' id='word_1_796' title='bbox 2576 5208 2684 5263; x_wconf 93' lang='lat' dir='ltr'><strong>hoc</strong></span> <span class='ocrx_word' id='word_1_797' title='bbox 2715 5208 2958 5279; x_wconf 90' lang='lat' dir='ltr'><strong>donum,</strong></span> <span class='ocrx_word' id='word_1_798' title='bbox 2999 5225 3114 5263; x_wconf 90' lang='lat' dir='ltr'><strong>non</strong></span> <span class='ocrx_word' id='word_1_799' title='bbox 3144 5213 3264 5263; x_wconf 87' lang='lat' dir='ltr'><strong>tam</strong></span> <span class='ocrx_word' id='word_1_800' title='bbox 3297 5207 3356 5261; x_wconf 94' lang='lat' dir='ltr'><strong>in</strong></span> <span class='ocrx_word' id='word_1_801' title='bbox 3386 5222 3521 5263; x_wconf 83' lang='lat' dir='ltr'><strong>eum</strong></span> <span class='ocrx_word' id='word_1_802' title='bbox 3553 5203 3770 5259; x_wconf 91' lang='lat' dir='ltr'><strong>dicitur</strong></span> <span class='ocrx_word' id='word_1_803' title='bbox 3801 5217 3935 5258; x_wconf 85' lang='lat' dir='ltr'><strong>esse</strong></span> 
     </span>
    </p>
   </div>
   <div class='ocr_carea' id='block_1_96' title="bbox 523 5292 3927 5370">
    <p class='ocr_par' dir='ltr' id='par_1_96' title="bbox 523 5292 3927 5370">
     <span class='ocr_line' id='line_1_96' title="bbox 523 5292 3927 5370; baseline -0.001 -19"><span class='ocrx_word' id='word_1_804' title='bbox 523 5297 584 5352; x_wconf 92' lang='lat' dir='ltr'><strong>in</strong></span> <span class='ocrx_word' id='word_1_805' title='bbox 638 5297 865 5353; x_wconf 91' lang='lat' dir='ltr'><strong>Christo</strong></span> <span class='ocrx_word' id='word_1_806' title='bbox 914 5296 1226 5350; x_wconf 78' lang='lat' dir='ltr'><strong>reﬁcienda</strong></span> <span class='ocrx_word' id='word_1_807' title='bbox 1282 5293 1416 5347; x_wconf 89' lang='lat' dir='ltr'><strong>sint.</strong></span> <span class='ocrx_word' id='word_1_808' title='bbox 1468 5294 1525 5347; x_wconf 77' lang='lat' dir='ltr'><strong>Si</strong></span> <span class='ocrx_word' id='word_1_809' title='bbox 1582 5293 1854 5365; x_wconf 89' lang='lat' dir='ltr'><strong>superius</strong></span> <span class='ocrx_word' id='word_1_810' title='bbox 1911 5295 2171 5367; x_wconf 86' lang='lat' dir='ltr'><strong>accipere</strong></span> <span class='ocrx_word' id='word_1_811' title='bbox 2276 5297 2653 5370; x_wconf 88' lang='lat' dir='ltr'><strong>quidefertur</strong></span> <span class='ocrx_word' id='word_1_812' title='bbox 2677 5298 2783 5366; x_wconf 83' lang='grc' dir='ltr'><strong>[ΑΙ.</strong></span> <span class='ocrx_word' id='word_1_813' title='bbox 2808 5295 3453 5369; x_wconf 75' lang='lat' dir='ltr'><strong>dill‘erturjamartyrio</strong></span> <span class='ocrx_word' id='word_1_814' title='bbox 3477 5295 3549 5350; x_wconf 89' lang='lat' dir='ltr'><strong>ad</strong></span> <span class='ocrx_word' id='word_1_815' title='bbox 3573 5292 3927 5362; x_wconf 80' lang='lat' dir='ltr'><strong>martyrium</strong></span> 
     </span>
    </p>
   </div>
   <div class='ocr_carea' id='block_1_97' title="bbox 2273 5453 3920 5526">
    <p class='ocr_par' dir='ltr' id='par_1_97' title="bbox 2273 5453 3920 5526">
     <span class='ocr_line' id='line_1_97' title="bbox 2273 5453 3920 5526; baseline -0.002 -13"><span class='ocrx_word' id='word_1_816' title='bbox 2273 5461 2433 5526; x_wconf 74' lang='lat' dir='ltr'><strong>tium,</strong></span> <span class='ocrx_word' id='word_1_817' title='bbox 2499 5457 2637 5513; x_wconf 68' lang='lat' dir='ltr'><strong>aedes</strong></span> <span class='ocrx_word' id='word_1_818' title='bbox 2703 5458 3073 5525; x_wconf 76' lang='lat' dir='ltr'><strong>amplissimas</strong></span> <span class='ocrx_word' id='word_1_819' title='bbox 3136 5458 3497 5512; x_wconf 72' lang='lat' dir='ltr'><strong>existimaret.</strong></span> <span class='ocrx_word' id='word_1_820' title='bbox 3558 5453 3920 5526; x_wconf 73' lang='lat' dir='ltr'><strong>Impressam</strong></span> 
     </span>
    </p>
   </div>
   <div class='ocr_carea' id='block_1_98' title="bbox 2274 5523 3922 5600">
    <p class='ocr_par' dir='ltr' id='par_1_98' title="bbox 2274 5523 3922 5600">
     <span class='ocr_line' id='line_1_98' title="bbox 2274 5523 3922 5600; baseline -0.004 -15"><span class='ocrx_word' id='word_1_821' title='bbox 2274 5523 2578 5585; x_wconf 89' lang='lat' dir='ltr'><strong>lectionem</strong></span> <span class='ocrx_word' id='word_1_822' title='bbox 2611 5523 2868 5583; x_wconf 87' lang='lat' dir='ltr'><strong>restituit</strong></span> <span class='ocrx_word' id='word_1_823' title='bbox 2890 5529 3249 5600; x_wconf 87' lang='lat' dir='ltr'><strong>jampridem</strong></span> <span class='ocrx_word' id='word_1_824' title='bbox 3281 5527 3595 5592; x_wconf 88' lang='lat' dir='ltr'><strong>Victorius,</strong></span> <span class='ocrx_word' id='word_1_825' title='bbox 3628 5523 3922 5600; x_wconf 59' lang='lat' dir='ltr'><strong>explicat-</strong></span> 
     </span>
    </p>
   </div>
   <div class='ocr_carea' id='block_1_99' title="bbox 2274 5595 3926 5672">
    <p class='ocr_par' dir='ltr' id='par_1_99' title="bbox 2274 5595 3926 5672">
     <span class='ocr_line' id='line_1_99' title="bbox 2274 5595 3926 5672; baseline -0.002 -16"><span class='ocrx_word' id='word_1_826' title='bbox 2274 5618 2386 5672; x_wconf 92' lang='lat' dir='ltr'><strong>que</strong></span> <span class='ocrx_word' id='word_1_827' title='bbox 2436 5602 2645 5672; x_wconf 12' lang='lat' dir='ltr'><strong>ita,7ut</strong></span> <span class='ocrx_word' id='word_1_828' title='bbox 2689 5595 3299 5656; x_wconf 41' lang='lat' dir='ltr'><strong>etiam—brevissimae</strong></span> <span class='ocrx_word' id='word_1_829' title='bbox 3352 5604 3408 5672; x_wconf 79' lang='lat' dir='ltr'><strong>et</strong></span> <span class='ocrx_word' id='word_1_830' title='bbox 3465 5595 3926 5672; x_wconf 80' lang='lat' dir='ltr'><strong>angustissimas</strong></span> 
     </span>
    </p>
   </div>
   <div class='ocr_carea' id='block_1_100' title="bbox 2272 5668 3925 5800">
    <p class='ocr_par' dir='ltr' id='par_1_100' title="bbox 2272 5668 3925 5800">
     <span class='ocr_line' id='line_1_100' title="bbox 2272 5668 3925 5800; baseline 0.002 -72"><span class='ocrx_word' id='word_1_831' title='bbox 2272 5668 2444 5756; x_wconf 64' lang='lat' dir='ltr'><strong>abdas,</strong></span> <span class='ocrx_word' id='word_1_832' title='bbox 2475 5670 2834 5800; x_wconf 54' lang='lat' dir='ltr'><strong>existimaret</strong></span> <span class='ocrx_word' id='word_1_833' title='bbox 2862 5673 3176 5747; x_wconf 86' lang='lat' dir='ltr'><strong>Apostolus</strong></span> <span class='ocrx_word' id='word_1_834' title='bbox 3222 5668 3624 5749; x_wconf 68' lang='lat' dir='ltr'><strong>amplissimas</strong></span> <span class='ocrx_word' id='word_1_835' title='bbox 3665 5668 3760 5729; x_wconf 86' lang='lat' dir='ltr'><strong>sui</strong></span> <span class='ocrx_word' id='word_1_836' title='bbox 3792 5683 3925 5731; x_wconf 84' lang='lat' dir='ltr'><strong>cor-</strong></span> 
     </span>
     <span class='ocr_line' id='line_1_101' title="bbox 2272 5758 2680 5800; baseline 0 0"><span class='ocrx_word' id='word_1_837' title='bbox 2272 5760 2433 5800; x_wconf 82' lang='lat' dir='ltr'><strong>noris</strong></span> <span class='ocrx_word' id='word_1_838' title='bbox 2462 5759 2571 5800; x_wconf 87' lang='lat' dir='ltr'><strong>sna</strong></span> <span class='ocrx_word' id='word_1_839' title='bbox 2602 5758 2680 5800; x_wconf 88' lang='grc' dir='ltr'><strong>ιο.</strong></span> 
     </span>
    </p>
   </div>
   <div class='ocr_carea' id='block_1_101' title="bbox 2271 5758 2680 5821">
    <p class='ocr_par' dir='ltr' id='par_1_101' title="bbox 2271 5758 2680 5821">
     <span class='ocr_line' id='line_1_102' title="bbox 2271 5758 2680 5821; baseline -0.002 -18"><span class='ocrx_word' id='word_1_840' title='bbox 2271 5760 2433 5821; x_wconf 80' lang='lat' dir='ltr'><strong>poris</strong></span> <span class='ocrx_word' id='word_1_841' title='bbox 2462 5758 2680 5820; x_wconf 79' lang='lat' dir='ltr'><strong>spatio.</strong></span> 
     </span>
    </p>
   </div>
   <div class='ocr_carea' id='block_1_102' title="bbox 597 5453 2168 5528">
    <p class='ocr_par' dir='ltr' id='par_1_102' title="bbox 597 5453 2168 5528">
     <span class='ocr_line' id='line_1_103' title="bbox 597 5453 2168 5528; baseline 0 -16"><span class='ocrx_word' id='word_1_842' title='bbox 597 5461 612 5493; x_wconf 85' lang='grc'>¹</span> <span class='ocrx_word' id='word_1_843' title='bbox 647 5456 905 5528; x_wconf 85' lang='lat' dir='ltr'><strong>Negandi</strong></span> <span class='ocrx_word' id='word_1_844' title='bbox 934 5456 1485 5527; x_wconf 68' lang='lat' dir='ltr'><strong>particulam,quan&#39;i</strong></span> <span class='ocrx_word' id='word_1_845' title='bbox 1512 5460 1727 5528; x_wconf 80' lang='lat' dir='ltr'><strong>temere</strong></span> <span class='ocrx_word' id='word_1_846' title='bbox 1744 5453 2007 5510; x_wconf 75' lang='lat' dir='ltr'><strong>Martiali.</strong></span> <span class='ocrx_word' id='word_1_847' title='bbox 2031 5473 2168 5527; x_wconf 69' lang='lat' dir='ltr'><strong>prae-</strong></span> 
     </span>
    </p>
   </div>
   <div class='ocr_carea' id='block_1_103' title="bbox 522 5526 2162 5599">
    <p class='ocr_par' dir='ltr' id='par_1_103' title="bbox 522 5526 2162 5599">
     <span class='ocr_line' id='line_1_104' title="bbox 522 5526 2162 5599; baseline -0.001 -15"><span class='ocrx_word' id='word_1_848' title='bbox 522 5526 793 5599; x_wconf 81' lang='lat' dir='ltr'><strong>termisit,</strong></span> <span class='ocrx_word' id='word_1_849' title='bbox 812 5526 991 5583; x_wconf 83' lang='lat' dir='ltr'><strong>nostri</strong></span> <span class='ocrx_word' id='word_1_850' title='bbox 1023 5526 1668 5599; x_wconf 17' lang='lat' dir='ltr'><strong>mss.velercsqnciediti</strong></span> <span class='ocrx_word' id='word_1_851' title='bbox 1693 5526 1818 5579; x_wconf 80' lang='lat' dir='ltr'><strong>libri</strong></span> <span class='ocrx_word' id='word_1_852' title='bbox 1841 5526 2162 5584; x_wconf 75' lang='lat' dir='ltr'><strong>sufficiunt.</strong></span> 
     </span>
    </p>
   </div>
   <div class='ocr_carea' id='block_1_104' title="bbox 591 5598 2015 5668">
    <p class='ocr_par' dir='ltr' id='par_1_104' title="bbox 591 5598 2015 5668">
     <span class='ocr_line' id='line_1_105' title="bbox 591 5598 2015 5668; baseline -0.001 -14"><span class='ocrx_word' id='word_1_853' title='bbox 591 5602 614 5634; x_wconf 77' lang='grc'>³</span> <span class='ocrx_word' id='word_1_854' title='bbox 647 5598 850 5655; x_wconf 86' lang='lat' dir='ltr'><strong>Maluit</strong></span> <span class='ocrx_word' id='word_1_855' title='bbox 880 5602 1033 5654; x_wconf 84' lang='lat' dir='ltr'><strong>idem</strong></span> <span class='ocrx_word' id='word_1_856' title='bbox 1065 5600 1357 5662; x_wconf 66' lang='lat' dir='ltr'><strong>Martium,</strong></span> <span class='ocrx_word' id='word_1_857' title='bbox 1390 5598 1530 5668; x_wconf 80' lang='lat' dir='ltr'><strong>quod</strong></span> <span class='ocrx_word' id='word_1_858' title='bbox 1560 5599 1763 5653; x_wconf 71' lang='lat' dir='ltr'><strong>Christi</strong></span> <span class='ocrx_word' id='word_1_859' title='bbox 1789 5600 2015 5654; x_wconf 71' lang='lat' dir='ltr'><strong>dicitur.</strong></span> 
     </span>
    </p>
   </div>
   <div class='ocr_carea' id='block_1_105' title="bbox 590 5668 2161 5743">
    <p class='ocr_par' dir='ltr' id='par_1_105' title="bbox 590 5668 2161 5743">
     <span class='ocr_line' id='line_1_106' title="bbox 590 5668 2161 5743; baseline 0.002 -17"><span class='ocrx_word' id='word_1_860' title='bbox 590 5670 613 5704; x_wconf 82' lang='grc'>³</span> <span class='ocrx_word' id='word_1_861' title='bbox 643 5670 793 5726; x_wconf 86' lang='lat' dir='ltr'><strong>Olim</strong></span> <span class='ocrx_word' id='word_1_862' title='bbox 824 5676 967 5735; x_wconf 89' lang='lat' dir='ltr'><strong>erat,</strong></span> <span class='ocrx_word' id='word_1_863' title='bbox 999 5674 1060 5724; x_wconf 79' lang='lat' dir='ltr'><strong>ut</strong></span> <span class='ocrx_word' id='word_1_864' title='bbox 1101 5672 1171 5726; x_wconf 85' lang='lat' dir='ltr'><strong>de</strong></span> <span class='ocrx_word' id='word_1_865' title='bbox 1209 5668 1568 5743; x_wconf 64' lang='lat' dir='ltr'><strong>praeparando</strong></span> <span class='ocrx_word' id='word_1_866' title='bbox 1608 5678 1796 5739; x_wconf 78' lang='lat' dir='ltr'><strong>ageret</strong></span> <span class='ocrx_word' id='word_1_867' title='bbox 1828 5672 2077 5743; x_wconf 80' lang='lat' dir='ltr'><strong>hospitio,</strong></span> <span class='ocrx_word' id='word_1_868' title='bbox 2109 5677 2161 5729; x_wconf 75' lang='lat' dir='ltr'><strong>et</strong></span> 
     </span>
    </p>
   </div>
   <div class='ocr_carea' id='block_1_106' title="bbox 516 5742 2159 5819">
    <p class='ocr_par' dir='ltr' id='par_1_106' title="bbox 516 5742 2159 5819">
     <span class='ocr_line' id='line_1_107' title="bbox 516 5742 2159 5819; baseline 0 -17"><span class='ocrx_word' id='word_1_869' title='bbox 516 5756 625 5810; x_wconf 74' lang='lat' dir='ltr'><strong>non</strong></span> <span class='ocrx_word' id='word_1_870' title='bbox 675 5758 788 5801; x_wconf 82' lang='lat' dir='ltr'><strong>una</strong></span> <span class='ocrx_word' id='word_1_871' title='bbox 830 5746 1110 5800; x_wconf 77' lang='lat' dir='ltr'><strong>contentus</strong></span> <span class='ocrx_word' id='word_1_872' title='bbox 1154 5743 1372 5816; x_wconf 84' lang='lat' dir='ltr'><strong>cellula,</strong></span> <span class='ocrx_word' id='word_1_873' title='bbox 1417 5742 1573 5799; x_wconf 85' lang='lat' dir='ltr'><strong>breve</strong></span> <span class='ocrx_word' id='word_1_874' title='bbox 1620 5743 1860 5816; x_wconf 70' lang='lat' dir='ltr'><strong>corporis</strong></span> <span class='ocrx_word' id='word_1_875' title='bbox 1908 5744 1999 5801; x_wconf 70' lang='lat' dir='ltr'><strong>sui</strong></span> <span class='ocrx_word' id='word_1_876' title='bbox 2037 5760 2159 5819; x_wconf 81' lang='lat' dir='ltr'><strong>spa-</strong></span> 
     </span>
    </p>
   </div>
  </div>
