4310 6626
376 448 500 511 653

1257 449 1775 512 COMMENTAR.
1823 452 1899 511 IN
1945 449 2195 510 EPIST.
2243 450 2347 510 AD
2390 449 2938 510 PHILEMONEM.

3681 449 3804 513 654

385 583 766 655 praeparatus,
799 595 972 652 quam
1007 579 1065 634 in
1099 595 1199 635 eos
1230 580 1300 635 ad
1335 597 1483 651 quos
1511 582 1826 653 Apostolus
1860 580 2040 637 mitti-
2073 581 2126 648 Α
2160 580 2422 636 indicant
2469 597 2646 651 quam
2686 580 3100 637 Tharsensem.
3134 581 3290 648 Quod
3328 580 3375 636 si
3409 580 3491 637 ita
3519 585 3625 651 est,
3662 597 3801 653 pos-

384 674 502 726 tur.
537 670 700 735 Quod
733 675 929 726 autem
977 668 1180 724 crebro
1215 667 1431 724 Paulus
1472 670 1529 725 in
1589 687 1818 726 carcere
1852 670 2043 738 fuerit,

389 764 446 816 et
471 760 542 817 de
569 757 815 814 vinculis
844 757 1128 813 liberatus
1183 758 1281 824 sit,
1315 758 1440 829 ipse
1472 760 1527 814 in
1563 760 1675 816 alio
1707 759 1833 816 loco
1866 759 2044 814 dicit:

390 852 461 906 In
493 848 802 906 carceribus
842 847 1187 921 frequenter,
1211 848 1281 917 (II
1313 848 1433 905 Cor.
1467 866 1542 918 x1,
1574 850 1686 921 25),
1729 850 1798 904 de
1830 849 2048 921 quibus

394 953 821 1008 nonnunquam
853 935 1087 990 Domini
1117 936 1562 1003 auxilii,crebro
1594 938 1738 1009 ipsis
1777 953 2046 1009 persecu-

394 1025 620 1081 toribus
675 1023 817 1079 nihil
851 1023 1097 1095 dignum
1152 1025 1211 1079 in
1259 1042 1324 1080 eo
1377 1032 1562 1081 morte
1616 1026 2049 1082 invenientibus

396 1113 820 1169 dimittebatur.
854 1113 1115 1168 Necdum
1166 1113 1321 1168 enim
1372 1131 1547 1185 super
1596 1114 1831 1169 nomine
1885 1113 2048 1168 Chri-

395 1204 585 1259 stiano
653 1200 1170 1258 senatusconsulta
1237 1208 1653 1272 praecesserant

395 1290 795 1347 Christianum
825 1289 1178 1362 sanguinem
1200 1290 1447 1345 Neronis
1475 1290 1708 1362 gladius
1732 1292 2047 1346 dedicaret.

397 1380 511 1436 Sed
544 1398 647 1454 pro
678 1380 934 1435 novitate
968 1378 1423 1451 praedicationis,
1447 1379 1565 1434 sive
1595 1397 1629 1435 a
1657 1380 1874 1435 Judaeis
1906 1379 2051 1434 invi-

398 1469 699 1537 dentibus,
724 1469 844 1524 sive
866 1468 938 1523 ab
965 1466 1058 1523 his
1080 1466 1180 1539 qui
1203 1484 1310 1522 sua
1331 1467 1607 1523 videbant
1631 1468 1787 1524 idola
1809 1468 2050 1536 destrui,

403 1558 474 1614 ad
508 1558 763 1614 furorem
796 1554 1030 1630 populis
1062 1556 1388 1627 concitatis,
1424 1557 1588 1612 missi
1630 1556 1687 1612 in
1739 1574 2049 1625 carcerem,

404 1663 642 1703 rursum
686 1646 910 1717 impetu
950 1650 1007 1701 et
1039 1645 1231 1699 furore
1263 1645 1550 1716 deposito,
1591 1647 1739 1703 762
1771 1645 2052 1702 laxaban-

404 1741 518 1792 tur.
552 1736 622 1791 Et
658 1733 767 1791 hoc
807 1734 890 1790 ita
918 1749 1047 1789 esse
1081 1738 1148 1789 ut
1178 1733 1451 1806 dicimus,
1484 1734 1880 1806 apostolorum
1913 1740 2056 1790 Acta

403 1828 719 1894 testantur,
744 1824 804 1879 in
826 1822 1041 1896 quibus
1064 1827 1121 1879 et
1141 1822 1298 1878 Felix
1326 1822 1589 1896 loquitur
1610 1826 1681 1879 ad
1704 1825 2015 1897 Agrippam
2038 1843 2054 1879 :

406 1913 670 1987 potuisse
700 1911 919 1969 dimitti
950 1911 1222 1982 Paulum,
1256 1913 1305 1969 si
1338 1930 1455 1968 non
1488 1912 1844 1986 appellasset
1872 1918 2056 1970 Cassa-

406 2020 529 2060 rem
562 2004 697 2076 (Act.
731 2019 883 2066 xxvr,
915 2003 1030 2071 32).
1064 2006 1130 2057 Et
1159 2002 1297 2074 quia
1328 2001 1551 2057 nullam
1592 2003 1877 2058 invenerit
1920 2018 2054 2058 cau-

404 2107 531 2147 sam
564 2095 772 2163 praeter
803 2090 1155 2162 quaestiones
1186 2090 1474 2161 quasdam
1507 2091 1578 2146 de
1610 2091 1885 2164 religione
1922 2108 2054 2164 pro-

408 2180 559 2252 pria,
592 2183 650 2234 et
677 2180 749 2234 de
777 2180 1029 2250 quodam
1061 2178 1223 2247 Jesu,
1246 2196 1421 2250 quem
1453 2183 1670 2236 Paulus
1702 2180 1890 2237 vivere
1920 2198 2061 2253 prte-

406 2269 643 2325 dicabat
690 2268 847 2340 (Ibid.
882 2269 1056 2340 1-31).
1108 2274 1188 2322 Ex
1240 2285 1355 2340 quo
1405 2269 1953 2340 animadvertimus,
2004 2271 2062 2324 et

410 2376 444 2414 a
472 2357 695 2414 czeteris
735 2357 1041 2429 judicibus
1085 2356 1359 2413 similiter
1386 2374 1485 2413 eos
1518 2358 1779 2431 potuisse
1816 2358 2058 2425 dimitti,

411 2446 471 2502 id
522 2451 727 2521 agente
761 2446 1021 2515 Domino,
1057 2451 1121 2501 ut
1166 2450 1288 2502 toto
1337 2448 1477 2503 orbe
1528 2464 1675 2504 nova
1726 2446 2059 2520 praedicatio

414 2534 921 2592 disseminaretur.

488 2623 670 2696 (Vers.
702 2625 793 2696 23,
812 2625 925 2695 23).
961 2648 989 2675 «
1012 2623 1241 2681 Salutat
1271 2628 1328 2681 te
1358 2625 1660 2698 Epaphras
1690 2626 2067 2698 concaptivus

426 2730 593 2771 meus
659 2715 719 2768 in
777 2713 1008 2770 Christo
1075 2713 1215 2769 Jesu
1268 2730 1281 2768 :
1344 2715 1594 2785 Marcus,
1666 2714 2065 2781 Aristarchus,

425 2803 659 2875 Demus,
720 2804 905 2859 Lucas
962 2808 1365 2875 cooperatores
1422 2804 1553 2860 mei.
1590 2824 1618 2853 »
1679 2804 1740 2858 Id
1801 2804 1955 2876 quod
2009 2803 2067 2858 in

426 2892 712 2967 principio
774 2893 1144 2957 dicebamus,
1213 2892 1493 2965 quoniam
1560 2894 1631 2947 ad
1699 2892 2070 2949 Colossenses

427 2981 685 3054 Epistula
720 2981 924 3039 eodem
975 2982 1032 3037 in
1080 2986 1363 3054 tempore,
1395 2987 1452 3043 et
1482 2998 1585 3054 per
1612 2983 1886 3037 eumdem
1918 2986 2072 3038 esset

427 3071 645 3145 scripta
690 3071 957 3143 bajulum
1000 3070 1351 3138 litterarum,
1386 3088 1502 3143 quo
1550 3071 1621 3126 ad
1672 3070 2070 3127 Philemonem

427 3177 660 3233 quoque
689 3162 977 3233 scriptum
1007 3164 1116 3233 est,
1148 3160 1322 3216 etiam
1354 3177 1557 3216 eorum
1598 3160 1698 3231 qui
1750 3159 2074 3215 salutantes

428 3250 790 3306 inducuntur
840 3250 1077 3306 nomina
1122 3250 1349 3307 docent.
1407 3250 1553 3307 Nam
1603 3255 1659 3304 et
1703 3248 1761 3304 in
1814 3250 1943 3321 ipsa
1994 3248 2074 3304 ita

2158 687 2365 725 sumus
2386 673 2443 724 et
2463 669 2793 740 Epaphram
2818 668 2911 723 illo
2940 676 3199 741 tempore
3224 675 3459 742 captum
3487 669 3799 743 suspicari,

2160 776 2273 829 quo
2307 762 2511 829 captus
2542 763 2630 813 est
2665 757 2880 813 Paulus
2914 775 2925 812 :
2959 762 3014 812 et
3046 775 3178 812 cum
3213 759 3554 829 parentibus
3586 759 3710 814 suis
3743 758 3802 814 in

2158 847 2410 903 Colossis
2471 848 2612 902 urbe
2679 846 2829 901 Asiae
2895 845 3264 917 collocatum,
3323 847 3536 903 Christi
3603 853 3805 919 postea

2159 936 2412 1008 recipere
2441 952 2789 992 sermonem.
2832 936 2980 990 763
3015 935 3175 991 Unde
3207 937 3277 990 ad
3308 935 3704 1002 Colossenses,
3740 942 3806 993 ut

2160 1042 2338 1096 supra
2396 1026 2675 1091 diximus,
2728 1025 3050 1080 scribitur:
3104 1025 3323 1081 Salutat
3375 1042 3467 1081 vos
3521 1026 3805 1097 Epaphras

2159 1117 2259 1185 qui
2307 1119 2387 1169 est
2440 1132 2508 1169 ex
2554 1115 2721 1181 vobis,
2771 1130 2955 1169 servus
3012 1113 3238 1182 Christi,
3283 1131 3495 1186 semper
3538 1116 3805 1172 sollicitus

1715 1220 1728 1258 :
1799 1203 2049 1259 necdum
2154 1220 2257 1275 pro
2308 1204 2452 1258 vobis
2502 1205 2561 1258 in
2610 1203 2959 1258 orationibus
3007 1204 3233 1273 (Coloss.
3270 1222 3343 1272 ιν,
3378 1204 3486 1275 12).
3519 1204 3636 1259 Hoc
3664 1205 3712 1260 si
3746 1221 3809 1261 se

2162 1293 2244 1347 ita
2272 1291 2506 1357 habeat,
2538 1297 2594 1347 et
2625 1291 3003 1348 Aristarchus
3036 1292 3132 1363 qui
3167 1293 3544 1364 concaptivus
3574 1296 3703 1364 ejus
3748 1294 3808 1349 in

2162 1382 2363 1436 eadem
2399 1380 2657 1451 Epistula
2700 1381 2918 1435 dicitur
2950 1384 2991 1449 ί,
3045 1381 3115 1434 ad
3169 1381 3433 1435 eamdem
3488 1381 3814 1453 intelligen-

2162 1470 2303 1525 tiam
2357 1470 2677 1525 deducetur
2709 1487 2721 1524 :
2775 1469 2886 1525 nisi
2929 1470 3075 1525 forte
3106 1470 3472 1525 reconditum
3506 1469 3725 1541 aliquid
3757 1474 3816 1526 et

2164 1564 2481 1625 sacratum,
2516 1564 2578 1613 ut
2625 1558 2866 1630 quidam
2900 1563 3130 1630 putant,
3166 1558 3223 1613 in
3257 1558 3430 1614 verbo
3461 1559 3814 1631 captivitatis

2165 1650 2495 1704 ostenditur
2541 1648 2656 1718 [Αἰ.
2701 1648 3002 1719 ostendit],
3055 1648 3208 1719 quod
3269 1648 3421 1718 capti
3484 1647 3702 1720 pariter
3757 1652 3817 1704 et

2163 1737 2363 1807 vincti,
2397 1737 2454 1791 in
2504 1736 2711 1792 vallem
2765 1737 2915 1792 hanc
2964 1736 3201 1792 adducti
3232 1736 3342 1808 [Δὶ.
3386 1736 3646 1807 deducti]
3698 1736 3819 1793 sint

2164 1825 2577 1898 lacrymarum.
2600 1826 2760 1891 Quod
2785 1824 2835 1881 si
2858 1830 3134 1881 neutrum
3161 1825 3457 1898 recipitur,
3482 1841 3550 1881 ex
3570 1841 3635 1881 eo
3658 1826 3815 1898 quod

2167 1915 2260 1970 hic
2292 1915 2553 1971 additum
2588 1920 2677 1971 est
2724 1916 2783 1969 in
2830 1915 3048 1971 Christo
3090 1916 3236 1983 Iesu,
3272 1931 3590 1987 possumus
3621 1915 3816 1986 suspi-

2167 2006 2286 2060 cari
2316 2006 2517 2061 eadem
2549 2021 2684 2059 eum
2716 2008 2910 2060 Roma)
2944 2021 3046 2076 pro
3077 2004 3307 2060 Christo
3352 2002 3586 2059 vincula
3636 2003 3819 2060 susti-

2169 2093 2368 2149 nuisse
2423 2110 2548 2164 quae
2598 2092 2885 2159 Paulum;
2938 2099 2995 2148 et
3044 2097 3108 2148 ut
3154 2092 3415 2147 vinctum
3467 2092 3704 2163 Christi,
3739 2092 3822 2147 ita

2170 2181 2462 2254 captivum
2496 2198 2728 2253 quoque
2760 2183 2887 2253 ejus
2919 2182 3177 2254 potuisse
3208 2180 3344 2237 dici.
3378 2185 3496 2236 Aut
3532 2186 3686 2237 certe
3716 2180 3821 2249 ita,

2173 2271 2326 2343 quod
2359 2270 2571 2326 nobilis
2593 2274 2649 2325 et
2676 2270 2803 2342 ipse
2833 2271 2909 2325 sit
2940 2271 2995 2325 in
3029 2269 3330 2342 apostolis,
3360 2274 3427 2325 ut
3455 2269 3822 2326 Andronicus

2172 2365 2228 2415 et
2254 2358 2431 2430 Julia,
2463 2360 2533 2414 de
2564 2359 2779 2431 quibus
2822 2360 2893 2415 ad
2936 2360 3228 2415 Romanos
3277 2357 3555 2415 scribitur
3587 2376 3599 2415 :
3650 2359 3820 2415 Salu-

2174 2452 2282 2504 tate
2311 2449 2697 2520 Andronicum,
2730 2457 2781 2505 et
2825 2449 3034 2505 Iuliam
3076 2451 3353 2517 cognatos,
3386 2452 3437 2503 et
3483 2449 3825 2521 concaptivos

2174 2554 2341 2604 meos,
2374 2540 2470 2609 qui
2511 2548 2639 2593 sunt
2682 2538 2896 2594 nobiles
2941 2541 3002 2593 in
3041 2537 3327 2609 apostolis,
3361 2540 3459 2608 qui
3494 2546 3547 2593 et
3576 2546 3709 2593 ante
3740 2552 3827 2595 me

2176 2632 2401 2699 fuerunt
2457 2630 2517 2683 in
2576 2627 2787 2682 Christo
2839 2629 2968 2683 Jesu
3024 2628 3197 2699 (Rom.
3259 2643 3373 2692 xw,
3429 2627 3507 2697 7).
3570 2626 3698 2682 Haec
3754 2625 3828 2682 de

2178 2716 2468 2789 Epaphra.
2500 2717 2780 2771 Czeterum
2833 2720 3236 2787 cooperatores
3285 2714 3575 2786 Evangelii
3616 2719 3674 2770 et
3701 2714 3826 2770 vin-

2180 2805 2448 2861 culorum
2498 2822 2762 2875 suorum,
2795 2822 2926 2860 cum
2974 2805 3047 2860 ad
3085 2803 3484 2860 Philemonem
3517 2802 3827 2876 epistolam

2182 2895 2477 2965 scriberet,
2539 2896 2797 2976 Marcum
2855 2893 3038 2966 ponit,
3094 2910 3270 2965 quem
3337 2903 3477 2964 puto
3535 2892 3828 2964 Evangelii

2183 2984 2563 3051 conditorem,
2598 2988 2653 3039 et
2684 2982 3086 3039 Aristarchum
3136 2983 3304 3054 cujus
3355 2998 3534 3053 supra
3584 2981 3830 3038 fecimus

2182 3072 2562 3137 mentionem,
2597 3077 2653 3127 et
2685 3074 2943 3135 Demam,
2978 3072 3048 3127 de
3092 3088 3207 3143 quo
3239 3070 3297 3125 in
3331 3068 3445 3125 alio
3479 3069 3601 3126 loco
3633 3070 3830 3143 queri-

2184 3167 2325 3217 tur:
2376 3163 2571 3218 Demas
2616 3179 2701 3218 me
2745 3162 3058 3232 dereliquit,
3093 3160 3330 3231 diligens
3371 3176 3620 3232 praesens
3662 3176 3831 3216 saecu-

2114 3320 2119 3323 Δ
2184 3253 2316 3319 tum,
2370 3255 2424 3306 et
2479 3252 2620 3308 abiit
2675 3251 3106 3306 Thessalonicam
3164 3249 3237 3321 (II
3295 3251 3424 3305 Tim.
3487 3267 3563 3316 IV,
3619 3251 3697 3322 9).
3758 3250 3828 3306 Et

427 3339 751 3396 scribitur:
810 3361 837 3389 α
870 3340 1100 3395 Salutat
1140 3356 1244 3396 vos
1283 3338 1657 3395 Aristarchus
1696 3338 2071 3411 concaptivus
2103 3325 2145 3393 C
2184 3341 2399 3396 Lucam
2450 3340 2764 3406 medicum,
2798 3340 2898 3411 qui
2951 3338 3326 3410 Evangelium
3372 3343 3430 3393 et
3467 3344 3647 3395 Actus
3675 3340 3826 3411 Apo-

429 3444 619 3495 meus,
663 3432 721 3484 et
766 3431 1013 3494 Marcus,
1062 3428 1450 3483 consobrinus
1502 3429 1801 3498 Barnabas,
1833 3432 1890 3484 et
1935 3432 2076 3500 Epa-

431 3520 633 3593 phras,
667 3517 767 3590 qui
798 3534 866 3573 ex
896 3517 1059 3572 vobis
1088 3533 1289 3573 servus
1320 3517 1531 3573 Christi
1561 3540 1590 3567 ››
1619 3517 1842 3590 (Coloss.
1876 3535 1951 3584 1v,
1988 3516 2076 3583 10,

435 3609 562 3679 12);
597 3610 653 3662 et
683 3606 856 3678 paulo
888 3605 1134 3662 inferius
1166 3622 1179 3661 :
1238 3630 1260 3657 ι
1294 3606 1520 3662 Salutat
1548 3623 1650 3663 vos
1678 3607 1861 3662 Lucas
1893 3606 2075 3663 medi-

434 3714 539 3753 cus
588 3695 995 3767 charissimus,
1028 3700 1085 3752 et
1114 3700 1360 3764 Demas;
1413 3701 1470 3752 et
1517 3696 1693 3752 dicite
1738 3696 2028 3769 Archippo
2065 3713 2077 3751 :

437 3787 584 3842 Vide
607 3784 998 3841 ministerium
1025 3785 1181 3856 quod
1205 3784 1476 3858 accepisti
1499 3784 1557 3840 in
1576 3786 1839 3852 Domino,
1856 3790 1918 3841 ut
1938 3786 2082 3840 illud

438 3874 738 3948 impleas»
772 3873 930 3943 (Ibid.
959 3874 1044 3942 14,
1076 3874 1162 3936 17)
1190 3899 1203 3940 ;
1235 3879 1331 3929 et:
1368 3895 1395 3924 «
1429 3874 1713 3930 Memores
1745 3880 1926 3931 estote
1957 3875 2084 3930 vin-

442 3964 710 4020 culorum
751 3979 1015 4020 meorum
1052 3984 1079 4011 »
1128 3962 1286 4034 (Ibid.
1324 3964 1431 4033 18).
1462 3964 1517 4019 Si
1550 3968 1749 4020 autem
1780 3981 1846 4020 ex
1878 3982 1943 4021 eo
1975 3963 2085 4022 ali-

445 4054 579 4125 quis
607 4069 720 4108 non
753 4054 920 4124 putat
948 4051 1164 4123 pariter
1192 4052 1462 4125 scriptas,
1496 4055 1652 4126 quod
1683 4055 1754 4109 ad
1788 4055 2089 4111 Colosscn-

446 4159 540 4198 ses
596 4157 783 4215 pauca
842 4141 962 4196 sint
1018 4141 1257 4198 nomina
1314 4159 1441 4214 qua:
1504 4144 1598 4199 hic
1656 4161 1771 4199 non
1832 4145 2092 4200 ferantur

451 4231 747 4303 ascripta:
799 4230 945 4287 sciat
991 4247 1105 4286 non
1157 4247 1362 4287 omnes
1411 4233 1688 4289 omnibus
1731 4238 1834 4289 aut
1872 4234 2092 4289 amicos

444 4335 601 4389 esse,
635 4324 737 4375 aut
764 4325 952 4392 notos,
986 4324 1044 4376 et
1071 4320 1229 4376 aliud
1275 4337 1405 4377 esse
1454 4322 1737 4393 privatam
1787 4324 1856 4378 ad
1908 4339 2092 4378 unum

454 4408 774 4480 hominem,
799 4409 954 4466 aliud
990 4409 1286 4482 publicam
1317 4410 1388 4466 ad
1422 4412 1755 4468 universam
1780 4412 2094 4468 Ecclesium

454 4498 760 4571 epistolam
842 4500 986 4556 ﬁeri.
1064 4500 1285 4555 Salutat
1363 4509 1442 4570 te,
1524 4500 1746 4573 inquit,
1818 4504 2099 4575 Epaphras

452 4590 798 4661 concaptivus
826 4606 979 4645 meus
1010 4591 1072 4645 in
1093 4590 1309 4647 Christo
1328 4594 1481 4647 Iesu.
1507 4591 1649 4656 Quis
1678 4590 1756 4646 sit
1779 4591 2100 4663 Epaphras,

2184 3429 2468 3486 stolorum
2496 3429 2767 3485 Ecclesiis
2788 3428 3224 3498 derelinquens,
3249 3426 3544 3498 quomodo
3568 3427 3830 3498 Apostoli

2186 3519 2257 3575 de
2325 3518 2714 3590 piscatoribus
2780 3517 3067 3588 piscium,
3137 3516 3456 3587 piscatores
3522 3515 3830 3571 hominum

2189 3608 2322 3663 facti
2353 3612 2491 3663 sunt
2520 3606 2729 3677 (Matth.
2761 3623 2833 3674 1v,
2871 3607 2997 3674 19):
3030 3605 3111 3660 ita
3141 3605 3211 3660 de
3241 3605 3468 3690 medico
3499 3621 3836 3676 corporum,

2191 3697 2248 3752 in
2283 3696 2575 3752 medicum
2625 3701 2713 3751 est
2759 3712 2961 3750 versus
3004 3694 3357 3761 animarum,
3389 3695 3461 3749 de
3508 3710 3622 3766 quo
3671 3698 3729 3750 et
3776 3693 3839 3749 in

2193 3786 2305 3842 alio
2361 3785 2535 3843 loco:
2587 3785 2727 3850 Misi,
2777 3784 2990 3856 inquit,
3039 3801 3165 3840 cum
3219 3783 3322 3839 illo
3376 3784 3636 3854 fratrem,
3689 3784 3844 3856 cujus

2196 3878 2315 3931 laus
2361 3884 2441 3931 est
2488 3878 2547 3930 in
2594 3873 2891 3945 Evangelia
2936 3889 3037 3941 per
3086 3889 3270 3928 omnes
3318 3873 3585 3929 Ecclesias
3614 3874 3685 3943 (II
3714 3872 3841 3929 Cor.

2196 3984 2317 4032 VIII,
2369 3966 2502 4038 18):
2555 3966 2725 4034 cujus
2781 3963 2929 4019 liber
2987 3964 3451 4034 quotiescunque
3509 3961 3725 4034 legitur
3780 3960 3843 4017 in

2197 4054 2493 4121 Ecclesiis,
2526 4054 2697 4109 toties
2728 4054 2856 4122 ejus
2886 4052 3177 4107 medicina
3222 4068 3336 4105 non
3382 4055 3591 4107 cessat.

2273 4143 2456 4215 (Vers.
2489 4143 2604 4213 25.)
2661 4165 2687 4191 ‹‹
2719 4141 2917 4196 Gratia
2945 4140 3175 4196 Domini
3226 4139 3407 4195 nostri
3457 4139 3595 4195 Jesu
3627 4138 3844 4195 Christi

2202 4249 2335 4288 cum
2367 4230 2575 4303 spiritu
2611 4236 2819 4286 vestro.
2853 4251 2879 4278 »
2927 4229 3092 4284 Sicut
3121 4246 3154 4284 a
3184 4228 3421 4283 meliore
3453 4234 3616 4298 parte
3656 4226 3845 4283 homi-

2204 4321 2297 4377 nis
2364 4320 2579 4392 capite,
2640 4322 2983 4375 numeratur
3048 4317 3298 4390 populus
3352 4317 3555 4384 lsrael,
3619 4316 3849 4375 dicente

2206 4411 2525 4482 Scriptura,
2560 4408 2882 4464 secundum
2934 4408 3125 4480 capita
3168 4407 3318 4462 704
3349 4423 3549 4463 eorum
3584 4407 3771 4479 (Num.
3804 4424 3849 4474 1,

2211 4501 2297 4571 18)
2332 4518 2344 4555 :
2398 4500 2480 4555 ita
2524 4501 2577 4554 in
2615 4504 2730 4554 toto
2761 4498 2997 4570 quidem
3029 4496 3287 4563 homine,
3322 4500 3377 4551 et
3408 4496 3466 4550 in
3498 4496 3658 4553 omni
3689 4500 3853 4569 parte

2211 4593 2569 4654 sanctorum,
2603 4588 2787 4658 gratia
2836 4592 2926 4643 est
2979 4586 3205 4643 Domini
3232 4587 3371 4641 Jesu
3406 4586 3642 4641 Christi.
3679 4586 3791 4643 Sed
3822 4603 3858 4643 ο.

457 4678 834 4751 concaptivus
900 4678 1085 4746 Pauli,
1142 4678 1317 4735 talem
1391 4679 1649 4735 fabulam
1716 4681 2051 4752 accepimus
2085 4697 2097 4736 :
2134 4699 2178 4764 D
2213 4678 2417 4748 majori
2451 4683 2507 4732 et
2539 4676 2757 4732 meliori
2794 4680 2978 4748 parte,
3014 4677 3069 4731 id
3106 4680 3213 4745 est,
3248 4676 3480 4748 spiritu,
3516 4692 3618 4747 per
3647 4692 3859 4749 synec-

455 4769 635 4824 Aiunt
680 4772 952 4840 parentes
1002 4767 1250 4841 apostoli
1296 4767 1457 4824 Pauli
1490 4768 1561 4825 de
1592 4768 1840 4824 Giscalis
1872 4769 2106 4841 regione
2216 4766 2437 4822 dochen
2489 4765 2559 4819 de
2612 4770 2730 4819 toto
2786 4764 3023 4821 homine
3081 4765 3341 4820 dicitur:
3395 4766 3582 4821 Gratia
3641 4764 3865 4822 Domini

458 4858 641 4914 fuisse
687 4858 896 4913 ludam
930 4875 944 4914 :
995 4862 1053 4913 et
1094 4874 1214 4929 eos,
1248 4874 1382 4913 cum
1412 4861 1529 4913 tota
1563 4858 1862 4930 provincia
1894 4858 2105 4913 Roma-

2216 4856 2392 4911 nostri
2413 4857 2541 4911 Iesu
2564 4855 2767 4909 Christi
2794 4871 2917 4909 cum
2946 4856 3157 4926 spiritu
3178 4857 3372 4910 vestro.
3398 4855 3540 4910 Cum
3579 4858 3774 4911 autem
3806 4852 3866 4908 in

459 4964 537 5004 na
564 4950 892 5003 vastaretur
932 4964 1133 5015 manu,
1166 4952 1224 5003 et
1269 4948 1745 5020 dispergerentur
1793 4948 1850 5003 in
1906 4949 2107 5004 orbem
2219 4945 2429 5018 spiritu
2462 4944 2651 5016 gratia
2674 4943 3076 5011 fuerit,totum
3104 4944 3240 5000 facit
3270 4944 3565 5000 hominem
3599 4943 3871 5015 spiritua-

460 5037 565 5109 [Αἱ.
599 5036 754 5104 orbe]
789 5036 996 5107 Judazi,
1029 5036 1088 5092 in
1122 5037 1412 5093 Tharsum
1448 5037 1650 5093 urbem
1682 5037 1894 5093 Ciliciae
1929 5035 2110 5092 fuisse
2218 5035 2332 5091 lem
2360 5050 2371 5088 :
2401 5038 2463 5088 ut
2485 5038 2541 5089 et
2575 5050 2706 5089 caro
2738 5033 2949 5106 spiritu
2984 5034 3221 5100 serviat,
3243 5039 3300 5089 et
3322 5033 3517 5088 anima
3545 5049 3656 5087 non
3682 5032 3876 5087 vinca-

464 5124 783 5181 translatos
806 5142 820 5179 :
854 5130 1163 5198 parentum
1190 5126 1583 5182 conditionem
1608 5125 2111 5183 adolescentulum
2221 5129 2365 5180 tura
2390 5140 2562 5178 carne
2580 5130 2637 5178 et
2656 5123 2889 5178 redacta
2905 5123 3085 5179 simul
3111 5125 3167 5178 in
3193 5123 3583 5179 substantiam
3603 5119 3876 5192 spiritua-

464 5212 714 5270 Paulum
760 5220 1049 5271 secutum.
1083 5216 1151 5270 Et
1198 5216 1281 5271 sic
1330 5233 1503 5288 posse
1549 5220 1705 5272 stare
1758 5215 1904 5271 illud
1956 5215 2111 5288 quod
2221 5213 2677 5277 lem,adhzereat
2710 5213 2991 5282 Domino;
3025 5212 3162 5285 quia
3192 5211 3289 5284 qui
3323 5211 3579 5266 adhaeret
3600 5208 3874 5276 Domino,

467 5304 539 5360 de
570 5302 785 5376 seipse
814 5309 1106 5360 testatur:
1159 5305 1377 5362 Hebraei
1403 5309 1550 5373 sunt,
1583 5308 1633 5360 et
1661 5321 1799 5375 ego;
1847 5307 2116 5361 Israelita:
2224 5320 2380 5359 unus
2438 5302 2679 5374 spiritus
2737 5306 2825 5356 est
2881 5303 2952 5373 (Il
3003 5302 3123 5359 Cor.
3179 5318 3256 5365 vx,
3315 5300 3401 5369 17)
3463 5300 3880 5370 Interpretatur

467 5401 614 5461 sunt,
664 5396 714 5449 et
763 5409 903 5464 ego;
947 5410 1130 5450 semen
1174 5394 1412 5451 Abrahae
1458 5402 1606 5461 sunt,
1638 5397 1688 5450 et
1737 5410 1833 5463 ego
1881 5394 1955 5466 (II
1991 5394 2112 5449 Cor.
2228 5398 2421 5448 autem
2490 5391 2817 5447 secundum
2880 5391 3116 5447 Judaeos
3185 5391 3294 5463 (At.
3364 5386 3662 5458 Hebraeos]
3728 5386 3880 5442 Pau-

468 5498 545 5552 xi,
601 5485 731 5557 2‘2).«
771 5483 843 5539 Et
891 5500 1128 5540 rursum
1186 5484 1371 5540 alibi:
1426 5484 1678 5540 Hebraeus
1735 5500 1808 5539 ex
1863 5484 2117 5541 Hebrmis
2229 5482 2343 5552 lus,
2429 5482 2777 5537 admirabilis
2797 5498 2816 5543 ;
2892 5480 3252 5547 Timotheus,
3314 5475 3630 5546 beneﬁcus;
3688 5474 3882 5533 Phile-

467 5574 734 5647 (Philipp.
761 5591 845 5643 In,
868 5573 923 5647 5)
950 5592 961 5631 :
986 5578 1269 5631 etemtera
1293 5590 1419 5647 quis
1441 5572 1610 5629 illum
1637 5572 1905 5630 Judaeum
1928 5572 2118 5646 magis
2230 5588 2388 5640 mon,
2422 5572 2564 5627 mire
2616 5569 2866 5640 donatus,
2903 5570 3022 5626 sive
3071 5585 3126 5624 os
3171 5568 3355 5640 panis,
3390 5565 3461 5622 ab
3508 5582 3628 5637 ore,
3660 5583 3777 5625 non
3809 5564 3885 5623 ab

546 5759 560 5795 ¹
593 5755 760 5816 Hunc
790 5770 1024 5833 quoque
1052 5752 1246 5814 locum
1276 5752 1623 5832 Oregeniani
1654 5754 1951 5833 dogmatis
1982 5757 2221 5815 accusat
2252 5750 2523 5826 Ruﬁnus,
2555 5769 2730 5827 quem
2762 5749 2998 5823 videsis,
3030 5746 3430 5807 Invectivarum
3477 5746 3580 5807 lib.
3613 5763 3655 5829 ι,
3705 5764 3764 5809 u.
3795 5745 3895 5833 40,
