4310 6616
509 462 627 525 655

2002 462 2420 524 APPENDIX.

3797 464 3921 543 656

510 612 678 663 osse;
729 595 969 667 Apphia,
1000 596 1303 662 continens,
1337 600 1439 651 aut
1482 595 1706 651 libertas
1729 611 1748 657 ,ο
1798 596 2148 669 Archippus,
2180 596 2236 661 Α
2267 597 2401 651 deat
2454 594 2790 652 testimonio
2846 609 2974 660 suo,
3025 606 3129 648 nec
3178 608 3293 649 non
3344 593 3396 651 ei
3442 592 3551 668 [AL
3583 594 3767 670 eum],
3817 599 3916 655 cui

510 684 788 755 longitudo
815 687 1033 756 operis;
1065 685 1400 749 Onesimus,
1433 685 1759 756 respondens
1780 704 1802 747 ;
1833 684 2154 757 Epaphras,

504 774 778 846 frugifer,
807 779 861 828 et
891 775 1100 845 videns,
1135 774 1253 829 sive
1294 790 1635 829 succrescens
1654 792 1675 835 ;
1705 777 1953 840 Marcus,
1984 774 2157 828 subli-

508 865 614 918 mis
641 863 898 919 mandato
918 882 937 925 ,·
968 863 1359 927 Aristarchus,
1392 879 1546 917 mons
1595 865 1779 935 operis
1825 863 2155 932 amplioris;

515 957 743 1020 Demas,
770 953 976 1014 silens;
1029 953 1235 1019 Lucas,
1270 954 1387 1019 ipse
1414 968 1761 1021 consurgens.
1796 954 1930 1016 Quae
1965 951 2012 1006 si
2046 968 2154 1006 no-

511 1041 673 1098 mina
699 1043 862 1113 juxta
890 1035 1424 1112 interpretationem
1453 1057 1618 1095 suam
1650 1040 1952 1094 volueritis
1984 1040 2153 1095 intel-

507 1129 708 1203 ligere,
741 1147 857 1185 non
890 1135 977 1185 est
1007 1129 1241 1184 difﬁcile
1273 1129 1677 1184 admirabilem
1710 1134 1886 1200 atque
1936 1130 2153 1184 beneﬁ-

508 1235 640 1274 cum
700 1218 989 1290 praecipue
1045 1219 1115 1272 ad
1184 1234 1317 1272 eum
1385 1217 1656 1283 scribere,
1719 1216 1809 1271 cui
1880 1217 2154 1273 universa

507 1324 783 1364 concessa
813 1308 933 1363 sint
961 1308 1099 1363 vitia
1128 1312 1142 1342 ι
1188 1312 1243 1361 et
1275 1324 1339 1362 os
1370 1308 1496 1377 ejus
1529 1311 1724 1377 pateat
1756 1307 1825 1361 ad
1861 1306 2148 1363 cmlestem

506 1415 739 1469 panem.
776 1398 989 1454 Deinde
1034 1398 1105 1453 ad
1152 1398 1569 1465 continentem,
1604 1402 1657 1452 et
1692 1396 1963 1466 liberam,
1997 1402 2053 1453 et
2084 1399 2151 1453 ad

504 1485 932 1558 longitudinem
992 1486 1231 1558 operis:
1285 1487 1439 1557 quod
1504 1504 1807 1557 nunquam
1861 1505 1893 1542 a
1952 1492 2152 1542 sancto

498 1573 696 1631 labore
725 1576 992 1631 desistat.
1021 1575 1284 1631 Scribere
1308 1581 1501 1630 autem
1538 1592 1639 1647 pro
1672 1593 1736 1629 eo
1773 1575 1873 1648 qui
1908 1593 2149 1647 respon-

573 1718 589 1752 ¹
621 1718 746 1774 1)υο
776 1718 1141 1775 Cisterciens.
1178 1734 1345 1783 mss.,
1378 1733 1628 1773 concessa
1656 1719 1770 1773 sint
1800 1719 2019 1774 vincere
2046 1717 2202 1773 vitia.

1358 1859 3272 1888 ΞΜ

2268 684 2599 756 specialiter
2628 681 2887 755 Epistola
2915 680 3241 750 dedicatur,
3272 682 3515 739 salutari
3545 684 3617 740 ab
3650 686 3915 753 ubertate

2267 778 2584 829 crescente.
2618 773 2683 827 Et
2712 788 2847 827 eum
2879 771 2984 842 [Αἰ.
3019 773 3107 840 eo]
3142 770 3241 842 qui
3274 771 3462 829 factus
3491 773 3569 829 sit
3597 791 3701 846 per
3749 793 3915 833 man-

2266 863 2401 917 data
2450 862 2780 928 sublimior,
2812 860 3031 933 illoque
3082 861 3182 933 qui
3227 878 3330 934 per
3378 864 3605 935 majora
3651 881 3828 938 opera
3854 868 3915 924 in

2266 956 2523 1007 montem
2576 966 2762 1022 usque
2805 950 3176 1021 succreverit,
3209 950 3281 1006 ab
3313 967 3379 1007 eo
3410 968 3644 1026 quoque
3676 955 3776 1028 qui
3809 973 3911 1029 po-

2266 1040 2384 1095 suit
2416 1039 2745 1096 custodiam
2777 1038 2861 1093 ori
2893 1054 3020 1110 suo,
3053 1043 3110 1094 et
3138 1040 3359 1095 ostium
3390 1042 3685 1098 munitum
3742 1043 3913 1102 labiis

2264 1128 2388 1183 suis
2449 1129 2618 1197 (Psal.
2670 1144 2794 1191 exc,
2846 1129 2953 1195 3):
3000 1127 3100 1199 qui
3153 1128 3369 1184 idcirco
3427 1130 3670 1187 forsitan
3729 1132 3912 1199 siluit,

2265 1218 2401 1289 quia
2445 1218 2515 1273 ad
2569 1217 2861 1273 medicum
2896 1216 3243 1289 Apostolum
3292 1218 3703 1292 dereliquerat.
3738 1222 3807 1277 Et
3836 1222 3911 1278 ad

2263 1310 2587 1362 extremum
2612 1306 2684 1362 ab
2705 1322 2769 1362 eo
2793 1306 2891 1378 qui
2916 1322 3019 1377 per
3041 1322 3102 1360 se
3122 1305 3247 1378 ipse
3272 1323 3632 1382 consurgens
3652 1311 3914 1383 quotidie

2264 1402 2566 1468 augeatur,
2592 1411 3020 1467 processusque
3046 1395 3258 1452 habeat
3285 1414 3299 1451 :
3328 1398 3471 1453 dum
3495 1399 3624 1470 ejus
3652 1399 3911 1474 Evange-

2263 1484 2339 1540 lio
2371 1485 2529 1540 orbis
2560 1483 2855 1555 impletur,
2880 1488 2935 1539 et
2966 1485 3135 1541 toties
3167 1486 3394 1557 crescit,
3420 1487 3647 1560 quoties
3672 1489 3912 1548 auditus

2264 1578 2321 1629 et
2352 1572 2535 1629 lectus
2577 1574 2844 1629 aediﬁcat.

1459 2040 2965 2261 APPENDIX

1791 2370 1886 2425 AD
1927 2369 2193 2427 TOMUM
2235 2371 2607 2428 SEPTIMUM

858 2542 1541 2677 OPEBUM
1637 2540 1749 2675 S.
1848 2541 2485 2672 EUSEBll
2584 2537 3524 2673 IIIERONYMI

2003 2781 2400 2823 COMPLECTENB

656 2934 1556 3032 COMMENTARIUS
1617 2934 1729 3017 IN
1787 2929 1994 3019 JOB
2053 2929 2190 3018 ET
2260 2929 2963 3021 BREVIARIUM
3019 2932 3133 3019 IN
3190 2934 3731 3030 PSALMOS.

1229 3216 2107 3314 COMMENTABII
2177 3216 2307 3310 ΙΝ
2378 3214 2856 3312 LIBRUM
2924 3216 3176 3312 JOB.

1488 3398 1938 3469 (Commentarios
1976 3396 2035 3450 in
2073 3396 2194 3463 Job,
2227 3410 2356 3467 quos
2384 3395 2559 3451 editor
2591 3395 2906 3451 Veronensis

638 3494 1046 3557 commentariis
1076 3494 1135 3547 in
1164 3490 1396 3562 majores
1420 3487 1727 3559 pmphetas,
1762 3488 1894 3542 tomi
1922 3486 2106 3556 quinti
2132 3485 2443 3556 ampliandi
2468 3501 2655 3556 causa,
2686 3485 3066 3555 subiunxerat,
3098 3503 3219 3554 nos,
3249 3504 3320 3545 ne
3347 3494 3524 3548 tomus
3551 3501 3736 3552 noster

912 3588 1113 3655 justam
1139 3595 1454 3636 mensuram
1482 3576 1779 3647 excederet,
1811 3577 1934 3647 huc,
1967 3574 2217 3632 ordinem
2252 3574 2530 3629 Biblicum
2565 3574 2792 3631 aliunde
2817 3578 3007 3645 secuti,
3041 3578 3472 3653 transtulimus.)

1976 3728 2280 3790 PROLOG
2295 3730 2412 3790 US.

555 3983 686 4050 Job,
747 3978 848 4052 qui
914 3976 1120 4043 dolens,
1183 3971 1271 4028 vel
1337 3988 1570 4043 magnus
1614 3971 1625 4005 ¹
1690 3969 2129 4041 interpretatur,
2160 3977 2208 4042 Β
2244 3967 2462 4035 Latino,
2495 3967 2592 4022 Dei
2635 3968 2749 4023 mei
2794 3983 2997 4025 aurum
3046 3974 3237 4039 sonat,
3272 3970 3514 4044 Baldad,
3542 3978 3886 4049 praecipuus,

484 4074 734 4147 ﬁguram
781 4066 991 4123 Christi
1043 4062 1312 4137 portavit.
1346 4060 1529 4116 Amici
1561 4076 1693 4115 vero
1723 4059 1851 4128 ejus
1883 4058 2131 4147 ﬁguram

480 4146 886 4217 haereticorum
947 4158 1165 4220 tenent,
1227 4152 1349 4224 qui,
1410 4150 1518 4205 sub
1588 4148 1823 4211 nomine
1889 4146 2127 4214 Christi,

479 4250 777 4308 Christum
829 4244 1240 4316 blasphemant
1287 4245 1343 4295 et
1390 4240 1780 4310 impugnant;
1819 4235 1939 4290 Eliu
1971 4252 2127 4302 vero,

477 4346 536 4398 et
562 4339 795 4395 Baalam
828 4336 936 4407 [Αἰ.
972 4332 1236 4401 Baldad],
1282 4335 1484 4401 typum
1520 4329 1836 4399 praeferunt
1867 4324 2126 4397 philoso-

472 4429 748 4503 phorum,
783 4425 922 4497 quia
949 4424 1105 4494 foris,
1143 4420 1197 4475 id
1231 4424 1339 4483 est,
1362 4422 1525 4472 extra
1558 4416 1731 4471 ﬁdem
1765 4414 1960 4486 positi,
1983 4414 2125 4503 insi-

476 4502 713 4572 diantur
752 4513 1022 4569 Ecclesiae
1073 4510 1189 4565 Dei.
1226 4507 1326 4563 lsti
1375 4506 1529 4561 enim
1582 4503 1838 4576 pretiosa
1888 4502 2129 4558 nomina

474 4606 584 4662 sibi
646 4606 976 4673 imponunt,
1033 4598 1199 4671 quasi
1265 4596 1377 4667 ipsi
1435 4595 1554 4649 sint
1611 4609 1820 4648 aurum
1884 4590 2003 4657 Dei,
2036 4591 2126 4647 vel

473 4692 751 4767 praecipui
827 4688 1223 4761 speculatores
1298 4687 1445 4755 ejus.
1515 4682 1750 4754 Eliphaz
1826 4680 1985 4737 enim
2054 4680 2122 4735 in

2241 4060 2472 4121 vetusta,
2531 4055 2639 4128 [ΑΙ.
2673 4061 2931 4128 vetustas]
2980 4071 3203 4117 secreta.
3253 4060 3501 4135 Sophar,
3553 4066 3886 4138 speculator,

2240 4145 2328 4202 vel
2360 4145 2591 4203 buccina
2617 4147 2659 4202 ².
2711 4146 2798 4202 Illi
2852 4148 3008 4204 enim
3050 4148 3187 4205 elati
3219 4167 3322 4223 pro
3351 4166 3417 4208 eo
3448 4153 3603 4226 quod
3634 4170 3739 4227 per
3784 4172 3886 4211 na-

2239 4239 2383 4290 turae
2438 4234 2677 4303 bonum,
2711 4236 2908 4309 aliqua
2951 4237 3247 4310 sapienter
3284 4241 3698 4316 praedicabant,
3730 4244 3885 4318 apud

2240 4342 2301 4380 se
2352 4324 2686 4394 jactitantes
2743 4326 3133 4396 severitatem,
3194 4344 3328 4384 cum
3387 4335 3707 4389 assertores
3764 4333 3886 4390 sint

2240 4413 2565 4483 mendacii;
2635 4414 2775 4487 quia
2840 4415 2911 4471 de
2976 4415 3225 4488 Christo,
3287 4435 3400 4473 non
3471 4423 3537 4475 ut
3592 4419 3882 4477 divinitati

2237 4504 2385 4573 ejus,
2419 4504 2519 4559 sed
2571 4507 2635 4559 ut
2683 4504 2946 4577 ipsorum
3000 4504 3287 4578 impietati
3337 4508 3632 4580 competit,
3662 4507 3745 4565 sic
3793 4492 3881 4566 lo-

2236 4598 2519 4664 quuntur.

546 4838 561 4871 ¹
598 4837 746 4906 Lege
793 4833 1052 4898 omnino,
1101 4846 1333 4899 magnus
1382 4832 1438 4883 et
1490 4827 1602 4881 vid.
1648 4826 1749 4880 lib.
1804 4824 2119 4880 Nominum
2227 4831 2373 4906 ptas.
2408 4824 2645 4906 Baldad,
2676 4830 2913 4906 vetustas
2955 4827 3090 4906 sola.
3125 4827 3389 4906 Sophar,
3430 4829 3671 4906 spech
3715 4829 3878 4887 dmi.

472 4908 884 5038 coluiib’dgnﬁ.
918 4974 1099 5030 lexico
1150 4974 1317 5029 Nom.
1374 4996 1399 5020 ‹‹
1439 4970 1692 5043 Eliphaz,
1729 4971 1831 5024 Dei
1878 4978 2118 5025 conteru-

2229 4900 2405 5024 ρᾳᾶίιὲ,
2437 4899 2519 4953 vel
2571 4900 2961 4970 speculatorem
2997 4899 3292 4972 dissipans,
3323 4899 3881 4975 sive—speculatorem

2229 4986 2286 5024 vl
2328 4985 2355 5023 e
2394 4984 2445 5024 0.
2479 4990 2507 5019 »

2228 4984 2445 5025 viaeoo.
2479 4990 2507 5019 »

1282 5243 1860 5332 INCIPIUNT
1922 5242 2425 5341 EDISSEle
2484 5240 3069 5329 CAPITULA.

1125 5502 1355 5560 CAPUT
1398 5502 1438 5558 Ι.

2141 5502 2182 5567 C
2222 5499 2407 5557 sessio
2433 5501 2562 5571 ejus
2584 5505 2808 5573 septem
2832 5499 3016 5555 millia
3036 5499 3324 5569 ovium,et
3341 5500 3453 5559 tria
3475 5499 3664 5559 millia
3684 5514 3874 5559 came-

531 5624 557 5650 ‹‹
588 5598 689 5653 Vir
709 5604 830 5654 erat
852 5598 907 5652 in
932 5603 1086 5652 terra
1106 5595 1248 5661 Huz,
1269 5592 1504 5649 nomine
1520 5592 1650 5646 Job.
1668 5588 1735 5646 Et
1760 5594 1882 5646 erat
1903 5589 1989 5644 vir
2014 5586 2107 5644 ille
2219 5591 2447 5646 lorum:
2476 5590 2800 5661 quingenta
2825 5591 3218 5664 quoquejuga
3240 5592 3482 5659 bonum,
3506 5594 3564 5647 et
3583 5589 3873 5664 quingen-

456 5687 773 5760 simplexet
791 5691 982 5742 rectus
999 5703 1062 5741 ac
1083 5684 1480 5740 limenslieum
1495 5685 1567 5745 ,et
1586 5680 1859 5735 recedens
1878 5696 1909 5733 a
1928 5677 2100 5734 malo.

454 5777 706 5855 Natique
728 5783 869 5834 sunt
888 5777 941 5833 ei
966 5779 1191 5850 septem
1217 5772 1341 5843 filii,
1358 5776 1414 5827 et
1434 5775 1552 5827 tres
1581 5769 1731 5827 ﬁlim.
1757 5772 1823 5825 Et
1844 5768 1954 5825 fuit
1974 5784 2103 5842 pos-

2220 5686 2289 5736 tas
2324 5679 2499 5734 asinae
2555 5695 2620 5733 ac
2666 5676 2887 5733 familia
2919 5680 3106 5735 multa
3138 5680 3335 5738 nimis.
3370 5680 3622 5754 Eratque
3650 5679 3740 5736 vir
3768 5678 3871 5738 ille

2214 5784 2467 5843 magnus
2495 5768 2651 5825 inter
2679 5782 2882 5827 omnes
2910 5767 3251 5831 Orientales.
3284 5770 3352 5830 Et
3377 5768 3541 5833 ibant
3570 5768 3676 5832 ﬁlii
3705 5769 3869 5858 ejus,
