4310 6578
393 451 511 523 637

1533 456 2049 522 COMMENTAB.
2097 453 2176 515 IN
2222 455 2361 517 ,ΙοΒ
2407 455 2573 518 CAP.
2622 455 2671 517 Ῑ.

3692 451 3811 519 658

394 600 453 677 et
481 595 732 657 faciebat
760 591 1017 655 convivia
1041 610 1144 670 per
1172 593 1398 666 domos,
1422 593 1833 669 unusquisque
1864 594 1923 651 in
1953 594 2048 651 die
2077 589 2125 656 A
2160 591 2317 646 venit
2343 592 2415 647 ad
2446 592 2554 647 Job
2587 593 2683 665 qui
2718 593 2934 648 diceret
2981 610 2992 648 :
3046 593 3223 650 Boves
3254 592 3517 665 arebant,
3548 595 3606 650 et
3630 590 3808 650 asinae

397 704 526 746 suo.
561 693 629 745 Et
681 688 978 744 mittentes
1031 686 1319 743 vocabant
1346 689 1468 743 tres
1520 702 1749 742 sorores
1780 703 1939 758 suas,
1984 690 2050 743 ut

398 780 770 836 comederent
829 782 887 836 et
951 777 1217 834 biberent
1282 793 1414 834 cum
1484 778 1588 834 eis.
1669 779 1931 850 Cumque
1986 777 2047 833 in

397 868 595 927 orbem
646 867 998 924 transissent
1025 867 1149 924 dies
1197 866 1464 935 convivii,
1514 867 1783 925 mittebat
1828 868 1900 924 ad
1948 884 2049 925 eos

396 958 529 1020 Job.
560 961 617 1014 et
653 958 1058 1015 sanctiﬁcahat
1090 956 1224 1015 illos
1256 973 1270 1013 :
1305 974 1783 1031 consurgensque
1812 957 2048 1014 dilucu-

396 1043 476 1114 lo,
511 1066 539 1095 ι»
581 1050 688 1102 etc.
743 1047 869 1102 Hux
916 1053 973 1103 et
1020 1047 1138 1101 Buz
1185 1045 1288 1101 filii
1328 1046 1567 1103 fuerunt
1592 1046 1820 1102 Nachor
1848 1046 2048 1103 fratris

400 1133 667 1202 Abrahm,
701 1134 805 1190 ﬁlii
837 1134 1075 1192 Melchaa
1106 1136 1326 1191 sororis
1356 1135 1533 1204 Saree,
1563 1136 1634 1191 de
1665 1137 1835 1208 cujus
1865 1136 2048 1208 stirpe

393 1224 501 1281 Job
529 1223 854 1281 descendit.
870 1223 997 1279 Non
1029 1223 1182 1281 sicut
1210 1223 1450 1297 quidam
1482 1222 1628 1279 falso
1650 1224 2044 1296 suspicantur,

396 1313 470 1369 de
497 1327 713 1387 genere
741 1329 875 1368 eum
933 1312 1114 1369 fuisse
1144 1314 1296 1369 Esau
1349 1312 1527 1383 (Hier.
1562 1312 1748 1381 Quaest
1776 1315 1835 1373 in
1865 1313 2041 1384 Gen).

394 1400 543 1458 Nam
575 1399 812 1473 Eliphaz
861 1402 1124 1458 nascitur
1151 1402 1223 1457 de
1272 1402 1395 1457 Ada
1452 1416 1630 1457 uxore
1660 1402 1832 1468 Esau,
1867 1405 1924 1457 et
1952 1417 2045 1456 re-

394 1489 595 1563 gnavit
623 1491 683 1547 in
715 1491 999 1559 Theman,
1032 1491 1187 1547 unde
1234 1490 1410 1546 etiam
1449 1489 1824 1546 Themanites
1855 1491 2046 1546 dictus

396 1580 507 1634 est.
533 1576 821 1646 Theman,
854 1579 1129 1645 Idumma,
1161 1578 1289 1635 Seir
1319 1579 1586 1646 Daroma,
1617 1579 1854 1651 Zebora,
1889 1578 2046 1651 regio

397 1665 510 1721 fuit
555 1667 728 1722 Esau.
772 1666 1065 1724 Habitavit
1120 1670 1315 1724 autem
1353 1668 1465 1724 Job
1517 1668 1605 1723 vir
1670 1684 1921 1741 magnus
1986 1669 2046 1722 in

395 1758 552 1811 terra
590 1755 735 1824 Huz,
775 1771 901 1828 quae
940 1755 1360 1830 interpretatur
1421 1758 1798 1815 eonsiliatrix.
1849 1759 1958 1813 Sed
1991 1761 2049 1813 et

393 1841 673 1910 Blcbana,
743 1845 845 1918 qui
922 1845 1340 1919 interpretatur
1399 1849 1637 1919 possesio
1693 1849 1812 1914 Dei,
1881 1851 2049 1919 pater

2156 686 2553 758 pascebantur
2598 686 2769 756 juxta
2824 702 2943 756 eos,
3004 690 3060 741 et
3099 685 3397 741 irruerunt
3422 684 3627 752 Sabaei,
3657 683 3806 741 tule-

2156 781 2413 849 runtque
2475 775 2690 843 omnia,
2725 778 2781 831 et
2836 791 3047 847 pueros
3097 778 3512 845 percusserunt
3548 773 3742 845 gladio
3789 790 3803 830 :

2156 871 2213 923 et
2252 866 2408 922 evasi
2447 882 2552 938 ego
2610 864 2793 935 solus,
2844 869 2908 919 ut
2964 865 3295 919 nuntiarem
3353 864 3480 919 tibi.
3540 864 3804 934 Cumque

2157 954 2350 1011 adhuc
2378 954 2475 1010 ille
2506 954 2861 1026 loqueretur,
2902 953 3060 1009 venit
3111 953 3276 1022 alter,
3337 957 3395 1009 et
3422 952 3567 1008 dixit
3598 970 3610 1008 :
3646 953 3806 1024 Ignis

2156 1044 2257 1101 Dei
2290 1044 2497 1099 cecidit
2524 1061 2555 1100 e
2607 1043 2750 1099 coelo
2795 1049 2851 1099 et
2896 1047 3082 1100 tactas
3129 1061 3260 1099 oves
3310 1060 3638 1116 puerosque
3667 1060 3809 1100 con-

2156 1133 2413 1204 sumpsit
2444 1150 2456 1187 :
2492 1138 2547 1189 et
2577 1133 2751 1203 effugi
2811 1134 2993 1200 solus,
3048 1137 3110 1188 ut
3163 1134 3498 1189 nuntiarem
3531 1133 3661 1189 tibi.
3691 1133 3806 1189 Sed

2157 1222 2350 1278 adhuc
2379 1222 2479 1278 illo
2508 1222 2780 1294 loquente
2809 1223 2966 1278 venit
2997 1222 3168 1290 alius,
3201 1227 3257 1277 et
3285 1223 3429 1277 dixit
3483 1240 3494 1278 :
3556 1221 3809 1279 Chaldaei

2158 1313 2419 1368 fecerunt
2450 1318 2568 1368 tres
2626 1318 2872 1379 turmas,
2920 1316 2977 1367 et
3032 1312 3372 1368 invaserunt
3439 1312 3712 1383 camelos,
3754 1316 3813 1368 et

2155 1402 2417 1458 tulerunt
2450 1419 2579 1470 eos,
2614 1419 2837 1458 necnon
2897 1418 3111 1475 pueros
3141 1407 3559 1474 percusserunt
3590 1402 3807 1474 gladio,

2156 1496 2215 1547 et
2245 1508 2350 1564 ego
2382 1492 2503 1563 fugi
2534 1491 2696 1548 solus
2729 1496 2793 1547 ut
2834 1491 3168 1547 nuntiarem
3200 1492 3327 1547 tibi.
3379 1490 3585 1548 Adhuc
3613 1490 3813 1563 loque-

2156 1580 2333 1636 batur
2361 1580 2478 1646 ille,
2512 1585 2568 1636 et
2624 1596 2754 1635 ecce
2810 1580 2961 1636 alius
3014 1580 3272 1645 intravit,
3312 1584 3369 1635 et
3425 1580 3613 1636 dixit:
3647 1578 3812 1637 Filiis

2155 1669 2274 1725 tuis
2303 1673 2361 1725 et
2404 1669 2637 1725 filiabus
2684 1670 3075 1737 vescentibus,
3110 1674 3166 1724 et
3216 1668 3552 1725 bibentibus
3606 1668 3809 1724 vinum

2156 1758 2216 1813 in
2247 1758 2422 1814 domo
2475 1758 2673 1814 fratris
2731 1758 2821 1815 sui
2872 1759 3262 1830 primogeniti,
3314 1763 3549 1831 repente
3601 1761 3811 1815 ventus

2155 1847 2468 1904 vehemens
2514 1847 2687 1903 irruit
2745 1865 2777 1904 a
2837 1849 3068 1920 regione
3134 1848 3344 1904 deserti
3395 1854 3454 1903 et
3511 1846 3811 1903 concussit

392 1933 756 2031 sanctissimi
785 1934 1425 2031 Samuelisprophetas,
1473 1937 1563 1993 vir
1604 1954 1759 1993 unus
1788 1935 2044 2009 appella-
2078 1965 2126 2031 B
2157 1940 2409 2009 quatuor
2458 1937 2708 2010 angulos
2747 1937 2986 2003 domus,
3040 1955 3168 2010 quae
3208 1954 3485 1993 corruens
3516 1935 3812 2010 oppressit

391 2024 492 2078 tur
524 2037 538 2078 :
568 2039 684 2079 non
713 2024 872 2080 enim
902 2041 1006 2096 per
1048 2024 1278 2082 diversa
1307 2025 1542 2083 mobilis
1591 2032 1765 2097 atque
1796 2025 2043 2081 instabi-

390 2108 468 2167 lis
498 2110 814 2179 ferebatur,
839 2113 942 2169 sed
968 2113 1176 2171 firmus
1228 2118 1404 2187 atque
1450 2114 1836 2172 inconcussus
1866 2116 2048 2187 persi-

394 2201 579 2267 stens,
608 2201 697 2257 vir
716 2217 880 2261 unus
908 2205 1033 2259 erat
1064 2220 1077 2257 :
1110 2207 1168 2260 et
1204 2203 1419 2260 idcirco
1451 2204 1510 2260 in
1543 2208 1742 2261 monte
1771 2204 2051 2277 Ephraim

392 2288 689 2363 fructi/ero
711 2291 1143 2348 morabatur.ln
1162 2292 1281 2349 alta
1300 2293 1522 2350 scilicet
1541 2293 2052 2366 comtemplatione

396 2377 701 2450 virtutum,
758 2385 826 2436 ut
877 2398 912 2437 a
967 2381 1145 2439 nullis
1175 2382 1617 2453 subjacentibus
1659 2388 1717 2439 et
1747 2382 2056 2439 circumla-

396 2467 697 2524 trantibus
726 2468 1001 2526 vitiorum
1033 2470 1696 2543 agitationibus,mentis
1718 2473 1846 2544 ejus
1868 2471 2050 2528 subli-

396 2555 573 2612 mitas
627 2555 987 2629 dijiceretur,
1016 2560 1105 2616 vel
1136 2559 1334 2617 unitas
1380 2561 1767 2617 scinderetur.
1802 2560 2054 2617 Proinde

401 2643 498 2701 hic
525 2645 615 2701 vir
636 2663 889 2719 magnus
917 2652 1095 2721 atque
1113 2664 1384 2722 egregius
1398 2650 1596 2715 Job,in
1618 2653 1774 2707 terra
1803 2650 1926 2706 Huz
1958 2650 2056 2706 ha-

401 2733 630 2791 bitasse
660 2735 1021 2809 perhibetur,
1055 2754 1182 2810 quas
1217 2739 1570 2795 consiliatria:
1616 2738 2050 2811 interpretatur.

400 2823 529 2880 Non
559 2824 717 2881 enim
747 2829 904 2882 terra
932 2826 1126 2884 carnis
1161 2828 1310 2899 ejus,
1345 2829 1609 2884 animum
1662 2828 1851 2900 ipsius
1881 2844 2054 2900 supe-

396 2912 591 2981 rabat,
627 2915 732 2971 sed
755 2914 1104 2988 imperantis
1134 2914 1317 2972 animi
1349 2915 1590 2973 consilio
1623 2920 1837 2973 cuncta
1882 2918 2055 2973 facie-

394 3001 539 3059 bat:
578 3004 734 3060 unde
764 3008 822 3061 et
878 3004 1006 3079 ipse
1064 3006 1146 3062 ait
1179 3024 1194 3062 :
1225 3008 1420 3078 Pepigi
1473 3006 1659 3081 faedus
1715 3023 1838 3062 cum
1886 3008 2057 3061 oculis

395 3091 537 3148 mei:
564 3095 626 3147 ut
652 3109 766 3150 non
797 3097 1091 3166 cogitarem
1118 3095 1342 3168 quidem
1370 3094 1435 3152 de
1484 3097 1698 3165 virgine
1728 3096 1871 3167 (Job.
1903 3112 2057 3152 xxxi.

399 3180 477 3252 1).
548 3181 669 3239 Hoc
737 3199 874 3257 ergo
939 3183 1253 3241 consilium
1329 3188 1388 3241 et
1452 3189 1686 3257 pactum
1730 3185 2059 3257 quondam

399 3268 514 3327 sibi
571 3269 828 3328 invicem
862 3272 1142 3342 inierunt,
1174 3273 1350 3331 homo
1396 3274 1524 3346 ejus
1553 3273 1798 3330 interior
1825 3276 1883 3329 et
1912 3278 2063 3329 exte‘

2157 2027 2372 2082 liberos
2404 2030 2559 2092 tuos,
2592 2032 2649 2082 et
2704 2027 2917 2082 mortui
2951 2033 3108 2097 sunt,
3168 2032 3224 2082 et
3254 2026 3431 2100 effugi
3486 2043 3591 2099 ego
3624 2025 3811 2095 solus,

2160 2120 2225 2171 ut
2256 2115 2591 2171 nuntiarem
2622 2116 2748 2171 tibi.
2786 2140 2806 2168 ›
2871 2120 2980 2172 Pro
3013 2115 3150 2172 filiis
3190 2116 3336 2183 suis,
3370 2133 3516 2188 quos
3546 2116 3627 2171 ita
3656 2131 3814 2185 rege-

2160 2206 2281 2272 bat,
2313 2208 2377 2260 ut
2405 2222 2520 2260 non
2550 2209 2670 2261 tam
2703 2223 2806 2277 pro
2837 2206 3219 2277 praesentibus
3246 2205 3814 2277 criminibus,'quam

2160 2310 2266 2366 pro
2331 2292 2572 2349 occultis
2629 2293 2688 2349 in
2746 2295 2917 2350 corde
2982 2294 3255 2366 peccatis,
3320 2311 3450 2366 quae
3506 2294 3815 2350 hominum

2162 2399 2396 2455 quoque
2427 2382 2624 2455 fugere
2665 2383 2933 2439 notitiam
2966 2388 3236 2455 possunt,
3289 2383 3545 2441 divinam
3603 2382 3815 2439 cleme-

2161 2471 2306 2527 tiam
2339 2471 2596 2527 assiduis
2627 2472 2928 2529 sacrificiis
2977 2472 3651 2544 exoraret.Privilegium
3681 2484 3815 2527 vero

2162 2560 2443 2617 ofi‘erendi
2482 2560 2914 2633 primogenitis,
2944 2561 3033 2617 vel
3066 2562 3318 2618 maxime
3375 2560 3612 2633 regibus
3642 2560 3813 2616 debe-

2164 2650 2337 2706 batur
2383 2666 2396 2706 :
2451 2666 2554 2721 pro
2624 2650 2965 2706 excellentia
3020 2649 3289 2707 videlicet
3346 2649 3665 2722 sapientiae,
3725 2648 3817 2705 vel

2164 2739 2470 2795 nobilitate
2502 2741 2751 2812 generis.
2788 2741 2856 2795 Et
2885 2740 3019 2811 quia
3049 2744 3253 2812 typum
3286 2739 3499 2796 Christi
3523 2739 3633 2795 Job
3664 2738 3815 2795 ferre

2164 2828 2443 2895 diximus,
2472 2828 2777 2885 videamus
2808 2846 2963 2884 nunc
2994 2829 3135 2901 quid
3168 2834 3324 2885 terra
3344 2829 3466 2884 Huz
3496 2828 3556 2883 in
3587 2827 3816 2884 Christo

2166 2916 2475 2990 significet.
2511 2920 2746 2973 Terram
2778 2918 2950 2987 hanc,
2985 2923 3360 2990 assumptum
3390 2935 3593 2974 verum
3622 2917 3815 2974 homi-

2167 3023 2299 3063 nem
2349 3024 2417 3062 ex
2474 3007 2656 3063 Maria
2684 3007 3088 3075 intelligimus,
3143 3025 3269 3079 quze
3329 3008 3458 3063 ideo
3515 3006 3658 3063 Filio
3717 3008 3817 3063 Dei

2168 3100 2505 3153 assumente
2534 3114 2684 3168 eam,
2718 3096 3077 3152 consiliatrix
3108 3097 3338 3167 dicitur,
3364 3098 3516 3169 quod
3551 3113 3654 3169 per
3681 3096 3826 3153 divi-

2170 3184 2414 3241 nitatem
2448 3186 2806 3242 assumentis
2836 3184 3107 3241 habitant
3134 3185 3193 3240 in
3228 3202 3294 3241 ea
3326 3184 3585 3242 thesauri
3615 3185 3822 3242 divinae

2173 3274 2473 3347 sapientiae
2513 3280 2570 3330 et
2620 3274 2873 3331 scientiae
2930 3274 3301 3341 absconditi;
3364 3291 3536 3346 quam
3596 3274 3711 3330 sibi
3740 3273 3825 3331 ita

398 3358 556 3429 rior;
593 3364 661 3416 ut
690 3364 868 3429 terra,
901 3362 958 3417 id
999 3366 1106 3431 est,
1139 3378 1276 3419 cara
1320 3363 1469 3434 ejus,
1525 3362 1848 3419 obediendo
1900 3363 2063 3419 fieret
2093 3336 2136 3403 Ο
2174 3363 2547 3420 indissolubii
2628 3364 2986 3419 connexione
3062 3363 3382 3433 conjunxit,
3440 3367 3505 3418 ut
3560 3363 3685 3435 ipse
3762 3363 3821 3418 in

400 3447 769 3505 consiliatrix
798 3449 1137 3524 spiritui,ne
1158 3450 1219 3506 in
1252 3468 1320 3508 ea
1337 3451 1738 3507 dominaretur
1758 3451 2056 3523 iniquitas.

399 3535 471 3591 Et
506 3536 645 3608 quia
674 3537 782 3604 vir,
820 3538 995 3609 juxta
1021 3538 1283 3595 divinum
1344 3538 1773 3607 testimonium,
1812 3540 2063 3614 simplex

398 3630 549 3704 erat,
613 3626 891 3684 habitans
958 3629 1018 3684 in
1086 3628 1315 3686 domo:
1359 3633 1613 3703 quatuor
1650 3629 1742 3685 his
1810 3628 2063 3701 pollebat

393 3714 742 3783 virtutibus,
780 3717 1116 3790 prudentia,
1143 3717 1400 3790 justitia,
1434 3718 1796 3787 fortitudine,
1838 3722 2057 3792 tempe-

393 3805 609 3862 rentia.

473 3895 802 3952 «Ofi‘erebat
823 3894 1162 3954 holocausta
1184 3913 1289 3970 per
1308 3896 1837 3970 singulos.Dicebat
1857 3898 2012 3954 enim
2041 3918 2055 3959 :

400 3982 485 4040 Ne
514 3984 661 4042 forte
690 3984 1058 4059 peccaverint
1089 3984 1195 4042 ﬁlii
1244 3985 1379 4058 mei,
1411 3991 1468 4042 et
1498 3985 1909 4043 maledixerint
1938 3987 2052 4043 Deo

405 4070 465 4128 in
498 4073 775 4131 cordibus
802 4074 946 4130 suis.
978 4074 1072 4131 Sic
1118 4075 1365 4132 faciebat
1392 4075 1501 4132 Job
1532 4074 1761 4131 cunctis
1817 4077 2044 4132 diebus.

407 4161 671 4241 Quadam
703 4167 898 4220 autem
931 4163 1025 4219 die
1056 4179 1190 4220 cum
1222 4164 1520 4220 venissent
1551 4163 1652 4219 filii
1684 4164 1785 4219 Dei
1816 4168 1881 4220 ut
1911 4164 2056 4221 assi—

413 4254 634 4311 sterent
649 4269 840 4309 coram
866 4252 1110 4309 Domino
1134 4269 1147 4308 :
1178 4252 1344 4308 affuit
1362 4254 1516 4309 inter
1534 4269 1633 4309 eos
1652 4252 1828 4309 etiam
1852 4254 2055 4310 Satan.

407 4341 513 4397 Cui
546 4340 689 4396 dixit
733 4340 1018 4398 Dominus
1051 4357 1066 4398 :
1099 4340 1262 4397 Unde
1290 4341 1453 4397 venis
1474 4342 1502 4396 ?
1531 4342 1639 4408 Qui
1671 4343 2053 4414 respondens,

406 4430 489 4489 ait
522 4447 534 4485 :
569 4429 917 4487 Circumvivi
940 4434 1179 4501 terram,
1216 4434 1273 4486 et
1298 4430 1695 4503 perambulavi
1722 4432 2058 4488 eam.Dixit-

400 4536 515 4594 que
558 4519 844 4576 Dominus
873 4520 944 4576 ad
978 4536 1113 4576 eum
1148 4536 1161 4574 :
1192 4519 1491 4592 Numquid
1536 4520 1919 4576 considerasti
1941 4539 2056 4578 ser-

396 4625 536 4666 vum
586 4624 787 4665 meum
813 4608 944 4677 Job,
979 4609 1136 4680 quod
1168 4624 1283 4664 non
1318 4608 1395 4665 sit
1423 4608 1474 4664 ei
1507 4608 1719 4664 similis
1749 4608 1809 4663 in
1851 4613 2005 4665 terra
2038 4628 2051 4666 :

2168 3452 2453 3508 Trinitate
2482 3470 2638 3507 unus
2670 3453 2745 3508 sit
2767 3452 2923 3507 filius
2956 3452 3073 3508 Dei.
3100 3453 3334 3522 Septem
3358 3468 3489 3507 vero
3513 3450 3617 3505 filii
3646 3450 3822 3523 septi-

2169 3543 2413 3598 formem
2472 3541 2724 3613 Spiritus
2781 3541 2965 3596 sancti
3039 3540 3334 3612 gratiam;
3376 3546 3434 3596 et
3483 3544 3602 3595 tres
3659 3539 3817 3606 ﬁlia,

2168 3630 2357 3704 legem
2389 3634 2446 3685 et
2476 3630 2926 3702 prophetiam,et
2954 3629 3330 3701 Evangelium
3355 3628 3522 3685 nobis
3547 3627 3820 3685 videntur

2168 3721 2521 3793 signiﬁcare.
2555 3720 2700 3776 Oves
2730 3719 2958 3792 plebem
2991 3718 3231 3785 Christi,
3273 3724 3509 3792 propter
3539 3720 3817 3775 innocen-

2166 3810 2332 3879 tiam,
2363 3827 2493 3881 quae
2522 3809 2581 3865 in
2640 3810 2933 3881 baptismo
2991 3809 3191 3863 sordes
3239 3812 3609 3880 peccatorum
3638 3808 3817 3881 depo-

2167 3900 2414 3967 suerint,
2447 3898 2731 3955 nominat.
2766 3901 2827 3954 In
2860 3897 3100 3953 camelis
3128 3914 3281 3963 vero,
3329 3898 3591 3970 gentium
3625 3900 3815 3970 pravi-

2167 3992 2367 4052 tatem,
2418 4005 2554 4043 cum
2594 3988 2871 4044 oneribus
2919 3987 3234 4042 criminum
3283 3991 3340 4041 et
3368 3987 3653 4043 tortuosis
3683 4003 3815 4044 sen-

2166 4076 2334 4132 sibus
2357 4078 2429 4132 ad
2461 4076 2758 4141 Christum
2810 4076 3165 4131 venientium
3198 4076 3472 4131 ostendit.
3507 4077 3812 4142 ln.bobus,

2166 4163 2266 4237 qui
2326 4164 2544 4219 munda
2572 4163 2852 4219 animalia
2881 4167 3038 4231 sunt,
3070 4162 3409 4217 Judmorum
3464 4163 3716 4235 plebem.
3752 4165 3813 4219 In

2165 4253 2349 4310 asinis
2380 4270 2513 4309 vero
2564 4253 2936 4309 immundum
2996 4268 3194 4323 pecus,
3227 4252 3489 4323 gentium
3530 4251 3816 4325 populum

2165 4342 2605 4399 demonstravit.
2640 4342 2802 4398 Unde
2855 4341 3035 4397 Isaias
3091 4341 3215 4396 ait;
3253 4341 3509 4411 Cognovit
3558 4342 3647 4397 bos
3690 4358 3816 4413 pos-

2163 4449 2428 4489 sessorem
2456 4448 2638 4503 suum,
2671 4436 2725 4487 et
2755 4434 2947 4488 asinus
2976 4446 3221 4502 prwsepc
3274 4430 3488 4487 domini
3541 4432 3632 4486 sui
3683 4435 3813 4499 (lsa.

2164 4540 2204 4590 ι,
2235 4525 2290 4593 3)
2323 4541 2335 4578 :
2366 4522 2587 4579 scilicet
2616 4523 2770 4593 quod
2805 4522 3167 4577 nativitatem
3208 4520 3424 4577 Christi
3455 4521 3514 4576 in
3545 4537 3720 4578 carne
3760 4525 3817 4578 et

2160 4611 2346 4666 Judaei
2379 4628 2447 4667 ex
2470 4614 2717 4682 parte,et
2746 4616 2945 4681 gentes
2971 4609 3313 4681 agnoverint
3345 4628 3357 4665 :
3393 4612 3450 4665 et
3479 4609 3539 4665 in
3571 4610 3816 4683 praesepi

396 4697 575 4756 homo
604 4696 875 4771 simplex,
907 4702 962 4753 et
994 4700 1213 4766 rectus,
1243 4715 1309 4754 ac
1339 4698 1557 4754 timens
1605 4702 1790 4754 Deum
1821 4703 1876 4753 et
1906 4715 2055 4755 rece—
2084 4714 2130 4779 D
2163 4698 2363 4755 altaris
2393 4699 2644 4764 Domini,
2702 4699 2869 4770 quasi
2930 4698 3151 4753 munda
3180 4698 3460 4754 animalia
3489 4714 3592 4772 per
3621 4699 3817 4772 Bapti-

395 4788 540 4857 dens
566 4804 602 4844 a
622 4786 778 4843 malo
797 4788 826 4841 ?
855 4786 959 4843 Cui
1004 4787 1363 4859 respondens
1401 4787 1689 4858 Satan,ait
1713 4803 1725 4840 :
1751 4786 2052 4861 Numquid

394 4877 618 4935 frustra
643 4875 756 4931 Job
780 4874 946 4931 timet
974 4879 1154 4932 Deum
1178 4876 1207 4928 ‘I
1233 4876 1436 4932 Nonno
1466 4879 1529 4931 tu
1564 4875 1791 4932 vallasti
1821 4892 1954 4932 eum
1987 4893 2051 4932 ac

393 4966 639 5023 domum
702 4964 833 5036 ejus
861 4963 1318 5037 universumque
1355 4964 1747 5021 substantiam
1789 4967 1917 5037 ejus
1949 4983 2052 5038 per

396 5053 771 5114 circumitum
802 5053 831 5109 7
861 5053 1149 5126 Operibus
1201 5070 1484 5110 manuum
1516 5055 1644 5126 ejus
1678 5054 2047 5121 benedixisti,

394 5148 453 5201 et
482 5141 779 5217 possessio
812 5144 941 5215 ejus
969 5143 1151 5200 crevit
1181 5144 1241 5198 in
1281 5148 1455 5199 terra.
1490 5143 1601 5200 Sed
1632 5145 1875 5200 extende
1905 5161 2047 5217 pau-

388 5232 580 5290 lulum
614 5248 856 5289 manum
880 5236 1068 5302 tuam,
1100 5237 1157 5289 et
1187 5237 1360 5305 tange
1383 5236 1596 5289 cuncta
1625 5249 1754 5305 qua:
1788 5233 2050 5305 possidet

388 5323 504 5381 nisi
534 5322 595 5379 in
627 5322 833 5379 faciem
862 5322 1228 5387 benedixerit
1250 5322 1381 5378 tibi.
1413 5321 1566 5378 Dixit
1595 5336 1732 5394 ergo
1762 5323 2047 5379 Dominus

390 5411 464 5469 ad
513 5412 691 5469 Satan
723 5428 738 5467 :
770 5412 915 5469 Ecce
945 5410 1217 5468 universa
1246 5428 1375 5484 quae
1413 5411 1612 5482 habet,
1644 5412 1702 5466 in
1738 5429 1915 5467 manu
1951 5419 2047 5467 tua

390 5506 534 5560 sunt
564 5520 578 5559 :
610 5505 840 5557 tantum
900 5502 960 5558 in
989 5517 1125 5557 eum
1174 5517 1247 5558 ne
1275 5501 1552 5557 extendas
1582 5517 1823 5556 manum
1857 5505 2042 5557 tuam.

388 5591 795 5666 Egressusque
822 5596 913 5647 est
941 5590 1119 5647 Satan
1149 5608 1183 5646 a
1213 5590 1358 5647 facie
1387 5590 1634 5646 Domini.
1669 5589 1813 5646 Cum
1848 5594 2044 5647 autem

390 5682 650 5754 quadam
672 5680 767 5737 die
787 5679 890 5736 filii
920 5684 978 5736 et
996 5678 1127 5735 filiae
1151 5679 1201 5751 ej
1211 5696 1279 5736 us
1299 5680 1670 5736 comederent
1707 5684 1764 5735 et
1784 5679 2048 5736 biberent

390 5767 598 5827 vinum
645 5768 706 5826 in
762 5768 938 5827 domo
986 5768 1185 5826 fratris
1235 5769 1326 5826 sui
1359 5769 1755 5844 primogeniti,
1798 5769 2044 5826 nuntius

2164 4804 2360 4844 smum
2419 4787 2768 4843 accesserint
2838 4804 2850 4841 :
2923 4789 3069 4843 forte
3110 4787 3180 4842 ad
3221 4787 3330 4843 hoc
3369 4789 3607 4861 respicit
3670 4788 3818 4845 illud

2163 4876 2455 4949 Evangelii
2491 4892 2503 4931 :
2536 4879 2737 4945 Iugum
2794 4880 2943 4931 enim
2998 4893 3182 4931 nasum
3237 4870 3425 4933 suave
3460 4882 3560 4949 est,
3599 4882 3653 4933 et
3680 4894 3818 4933 onus

2162 4984 2348 5022 meum
2406 4967 2515 5023 leve
2565 4966 2767 5037 iMatth.
2829 4984 2908 5031 x1,
2940 4967 3052 5038 30).
3102 4967 3162 5020 In
3188 4968 3355 5038 jugo,
3413 4967 3697 5022 Judaaos:
3754 4967 3814 5023 in

2160 5058 2349 5123 asino,
2409 5057 2479 5111 ad
2534 5073 2707 5126 quem
2741 5073 2891 5111 onus
2926 5055 3113 5127 magis
3164 5056 3433 5127 pertinet,
3493 5059 3717 5126 gentes,
3749 5060 3815 5111 ut

2159 5162 2337 5218 supra
2367 5144 2622 5201 diximus
2652 5144 3279 5217 signiﬁcavit.Magnus
3301 5144 3514 5199 dicitur
3543 5142 3812 5199 Christus

2158 5234 2311 5291 inter
2341 5251 2545 5291 omnes
2576 5234 2920 5303 Orientales,
2957 5234 3280 5290 secundum
3314 5232 3455 5287 illud
3503 5249 3515 5287 :
3563 5231 3729 5288 (huic
3760 5236 3811 5287 te

2156 5325 2297 5380 Deus
2353 5328 2481 5380 tuus
2541 5325 2657 5380 oleo
2713 5325 2922 5381 laetitia:
2950 5338 3070 5393 pne
3099 5323 3434 5377 consortibus
3464 5321 3574 5374 tuis
3634 5320 3807 5391 (Psal.

2154 5430 2303 5480 xmv,
2333 5413 2409 5484 8).
2443 5413 2736 5468 Numerus
2784 5428 2916 5467 vero
2973 5409 3315 5466 animalium
3376 5410 3430 5464 in
3473 5413 3694 5480 septem
3754 5413 3814 5467 et

2152 5502 2342 5557 tribus
2376 5502 2656 5568 millibus,
2690 5507 2864 5572 atque
2902 5500 2959 5554 in
3018 5499 3351 5571 quingentis
3401 5504 3667 5555 sacratus
3699 5505 3808 5556 est.

2154 5591 2300 5646 Nam
2334 5592 2744 5663 septem,juxta
2766 5588 3167 5644 auctoritatem
3200 5587 3658 5658 Scripturarum,
3693 5589 3809 5662 ple-

2154 5680 2481 5735 nitudinem
2514 5680 2829 5752 quamdam
2864 5676 3013 5731 sacri
3046 5675 3301 5747 mysterii
3335 5677 3670 5750 significant
3700 5696 3713 5734 :
3745 5684 3810 5735 ut

2152 5768 2253 5841 ibi,
2297 5774 2517 5841 septem
2559 5766 2822 5839 spiritus,
2868 5768 3088 5836 septem
3148 5765 3518 5836 candelabra,
3580 5772 3806 5843 septem
