4310 6570
480 448 598 514 659

1974 434 2396 520 APP‘ENDIX.

3772 452 3898 521 660

482 583 747 641 Ecclesiae
787 583 985 659 (Apoc.
1020 604 1058 643 ι.
1087 605 1163 656 1v,
1196 586 1283 658 11,
1337 591 1424 657 13,
1473 592 1581 664 16).
1638 595 1701 648 In
1750 592 1938 650 tribus
1990 610 2124 651 vero

2261 592 2659 660 iareditatem,
2693 596 2750 649 et
2801 591 2988 649 malos
3040 607 3075 648 a
3104 606 3281 664 regno
3312 589 3440 649 Filii
3491 589 3583 649 sui
3629 589 3893 651 seclusit.

483 674 748 732 millibus
782 694 794 731 :
829 677 1028 733 anima
1058 682 1113 733 et
1142 695 1352 749 corpus
1382 686 1440 737 ct
1469 682 1825 754 spiritus,vel
1851 685 2134 739 triformis

486 763 761 820 doctrinas
802 766 1065 831 scientia,
1098 766 1154 822 in
1181 769 1496 841 Scripturis
1528 774 1765 840 sanctis,
1794 774 1912 829 sive
1943 791 2133 828 saera-

484 859 753 910 mentum
806 855 985 911 beatas
1027 858 1328 913 Trinitatis
1379 865 1568 931 potest
1612 861 1857 934 intelligi
1893 880 1905 917 :
1936 880 2037 934 pro
2070 879 2135 919 eo

488 945 643 1017 quod
676 946 870 1000 omnis
901 945 1215 1002 multitudo
1272 950 1650 1015 credentium,
1698 951 1875 1006 trium
1908 952 2135 1008 dierum

485 1033 642 1090 viam
691 1034 1002 1091 ambulans
1059 1036 1249 1105 (Exod.
1318 1055 1402 1104 ιιι,
1455 1041 1563 1109 18),
1602 1041 1671 1094 ad
1725 1042 2135 1113 perfectionem

488 1123 829 1180 aternitatis
867 1125 1159 1181 desiderat
1185 1128 1501 1197 pervenire.
1531 1129 1841 1202 Quingenti
1870 1148 2003 1186 vero
2037 1130 2135 1203 qui

490 1212 562 1269 de
583 1213 843 1284 quinque
864 1220 1226 1286 consurgunt
1245 1216 1689 1288 quinquiplicati
1710 1219 2139 1291 quinquaginta

490 1301 752 1374 quinque
784 1302 1021 1370 faciunt,
1055 1305 1303 1374 peractis
1333 1304 1569 1362 lubricae
1625 1307 1809 1363 aetatis
1868 1308 2140 1377 fragilita-

490 1390 738 1458 tibus,in
760 1391 947 1446 virum
972 1393 1289 1463 perfectum
1319 1394 1623 1451 hominum
1646 1399 1929 1454 transisse
1960 1398 2138 1471 signi-

491 1480 668 1535 ﬁcant
706 1480 919 1551 (Ephes.
952 1498 1025 1548 1v,
1088 1484 1195 1555 13),
1256 1489 1313 1537 et
1345 1501 1445 1555 per
1488 1486 1680 1541 decies
1729 1489 1938 1558 quinos
1969 1489 2139 1559 quin-

493 1568 775 1642 quaginta
804 1571 1165 1642 perveniunt,
1199 1572 1281 1627 ita
1316 1590 1418 1644 per
1464 1575 1653 1630 decies
1697 1577 2143 1649 quinquagenos

494 1659 567 1714 ad
613 1659 966 1731 quingentos
997 1663 1341 1717 ascendunt.
1383 1662 1660 1720 Similiter
1692 1665 2006 1720 Ecclesiam
2056 1671 2140 1722 to-

494 1751 638 1811 tam,
698 1765 825 1820 quae
885 1748 1220 1806 columnam
1279 1757 1336 1807 et
1394 1754 1825 1809 ﬁrmamentum
1883 1755 2143 1811 veritatis

495 1836 708 1892 Christi
766 1838 981 1910 ﬁgurat
1037 1840 1082 1910 (I
1115 1841 1247 1895 Tim.
1308 1859 1393 1910 ιιι,
1456 1842 1542 1913 15)
1601 1842 1714 1898 :in
1764 1860 1881 1914 qua
1935 1861 2145 1899 sensus

2321 703 2343 731 ι
2380 682 2441 736 In
2490 682 2766 738 omnibus
2815 682 2907 738 his
2937 699 3051 737 non
3102 682 3357 754 peccavit
3384 682 3490 738 Job
3540 680 3712 738 labiis
3742 681 3891 750 suis,

2246 787 2434 841 neque
2456 770 2703 826 stultum
2729 771 2866 841 quid
2904 775 3107 827 contra
3136 775 3314 827 Deum
3335 770 3567 827 locutus
3588 775 3696 827 est.
3715 794 3742 820 ››
3776 771 3894 828 Hoc

2245 860 2326 915 ait
2356 860 2494 931 quia
2524 859 2700 915 stulte
2728 860 2887 931 loqui
2938 876 3053 915 non
3086 860 3273 933 potuit
3316 860 3605 932 sapientia
3654 859 3841 916 Patris
3874 877 3889 916 :

2247 964 2435 1018 neque
2474 951 2774 1020 peccatum
2824 948 3190 1004 committere
3218 947 3634 1005 immaculatus
3665 954 3889 1022 Agnus.

2900 1092 3130 1148 CAPUT
3165 1092 3234 1148 Il.

2326 1239 2345 1266 ι
2381 1217 2617 1273 Factum
2647 1221 2736 1272 est
2775 1224 2969 1272 autem
3002 1232 3136 1272 cum
3189 1217 3443 1290 quadam
3476 1217 3569 1274 die
3599 1218 3896 1275 venissent

2249 1305 2355 1360 ﬁlii
2384 1305 2508 1376 Dei,
2532 1309 2589 1361 et
2618 1309 2840 1360 starent
2870 1321 3062 1360 coram
3088 1305 3330 1361 Domino
3350 1321 3364 1362 :
3386 1307 3643 1363 venisset
3663 1324 3896 1380 quoque

2251 1395 2426 1450 Satan
2479 1396 2629 1450 inler
2676 1411 2797 1462 eos,
2828 1400 2884 1450 et
2933 1400 3115 1450 staret
3163 1396 3221 1450 in
3277 1400 3596 1469 conspectu
3653 1398 3799 1469 ejus,
3832 1401 3897 1453 ut

2251 1485 2469 1539 diceret
2520 1485 2800 1540 Dominus
2831 1485 2900 1540 ad
2955 1486 3132 1541 Satan
3168 1503 3180 1540 :
3218 1484 3380 1541 Unde
3425 1484 3638 1541 venis?
3667 1486 3774 1552 Qui
3807 1502 3894 1541 re-

2254 1574 2551 1646 spondens
2584 1574 2702 1629 ait:
2757 1574 3067 1629 Circumivi
3119 1578 3357 1645 terram,
3391 1579 3450 1630 et
3496 1574 3894 1648 perambulavi

2253 1679 2402 1719 eam.
2438 1663 2502 1717 Et
2532 1663 2612 1717 ait
2645 1663 2922 1719 Dominus
2953 1664 3023 1717 ad
3056 1662 3233 1719 Satan
3261 1680 3273 1719 :
3303 1663 3601 1736 Numquid
3631 1664 3895 1720 conside-

2254 1751 2394 1806 rasti
2429 1767 2657 1806 servum
2709 1768 2905 1807 meum
2934 1752 3044 1808 Job
3081 1769 3093 1806 :
3129 1752 3281 1825 quod
3334 1769 3447 1808 non
3496 1753 3573 1808 sit
3602 1752 3652 1809 ei
3684 1752 3896 1809 similis

2252 1839 2310 1896 in
2345 1845 2496 1895 terra
2525 1856 2537 1894 :
2572 1842 2659 1895 vir
2705 1840 2952 1912 simplex
2998 1845 3055 1898 et
3085 1846 3296 1910 rectus,
3330 1858 3396 1898 ac
3443 1842 3659 1898 timens
3689 1843 3894 1910 Deum,

496 1927 706 1992 nostri,
738 1927 825 1983 vel
881 1928 1368 1999 puriﬁcationem,
1401 1931 1488 1986 vel
1516 1933 1918 1988 remissionem
1953 1951 2147 2006 pecca-
2177 1966 2222 2030 B
2255 1934 2311 1985 et
2341 1930 2666 1985 recedensa
2698 1928 2871 1996 malo,
2895 1935 2951 1985 et
2967 1930 3159 1986 adhuc
3176 1930 3433 1988 retinens
3461 1930 3853 1988 innocentiam
3880 1949 3895 1999 ;

495 2020 691 2074 torum
723 2016 1061 2089 accipiunt:
1094 2018 1232 2091 quia
1282 2020 1339 2075 in
1372 2020 1483 2076 isto
1535 2039 1779 2077 numero
1808 2039 1921 2078 non
1954 2022 2143 2079 solum
2177 2016 2221 2030 ¹’
2252 2020 2336 2074 Tu
2405 2023 2599 2073 autem
2669 2019 3035 2075 commovisti
3111 2036 3204 2075 me
3285 2021 3567 2076 adversus
3620 2036 3775 2090 eum,
3834 2024 3900 2076 ut

497 2106 770 2162 remissio
802 2111 1192 2178 peccatorum,
1242 2109 1341 2163 sed
1395 2109 1571 2164 etiam
1628 2111 1910 2167 adventus
1958 2113 2143 2167 sancti

498 2194 752 2268 Spiritus
781 2195 1129 2253 declaratur.
1164 2196 1293 2253 Filii
1324 2215 1455 2254 vero
1488 2199 1586 2254 Dei
1622 2215 1635 2253 :
1668 2199 1755 2255 vel
1814 2201 2027 2273 angeli,
2059 2201 2145 2257 vel

498 2284 688 2341 sancti
719 2283 1081 2357 intelligendi
1137 2291 1298 2353 sunt,
1330 2288 1433 2359 qui
1463 2289 1614 2343 dono
1664 2289 1861 2361 gratia:
1893 2291 2148 2362 Spiritus

497 2373 687 2430 sancti
724 2370 867 2441 Filii,
892 2373 992 2429 Dei
1018 2380 1316 2430 vocantur.
1356 2377 1507 2431 Inter
1537 2377 1644 2432 hos
1687 2395 1823 2450 ergo
1880 2379 2148 2435 diabolus

501 2464 692 2517 astare
728 2461 945 2517 dicitur
977 2478 989 2517 :
1023 2463 1160 2534 quia
1178 2480 1245 2519 ex
1267 2465 1650 2535 permissione
1683 2467 1778 2521 Dei
1804 2467 2148 2539 plerumque

498 2553 735 2608 sanctos
783 2552 959 2607 audet
1012 2556 1255 2608 tentare.
1289 2553 1551 2610 Miranda
1602 2556 1854 2611 ﬁliorum
1886 2556 1994 2612 Job
2026 2562 2146 2611 tam

446 2714 451 2719 ι
504 2639 762 2696 fraterna
791 2641 1138 2697 concordia!
1171 2642 1281 2699 Sed
1315 2642 1453 2714 quia
1480 2644 1588 2700 Job
1618 2649 1822 2717 typum
1854 2645 2147 2701 Christum

506 2734 742 2802 portare
772 2729 1140 2787 ostendimus
1199 2748 1211 2787 :
1273 2732 1379 2788 hos
1437 2732 1681 2789 inferius
1740 2750 1842 2806 per
1899 2735 2147 2806 ﬁguram

503 2823 727 2892 septem
747 2820 967 2892 gratias
1003 2821 1268 2876 Ecclesiae
1291 2837 1419 2878 esse
1448 2821 1824 2894 dicimus,qui
1858 2822 2149 2895 spirituali

509 2909 840 2981 funguntur
895 2915 1396 2966 sacramentorum
1430 2912 1711 2981 convivio,
1746 2912 1978 2984 Legem,
2012 2916 2148 2967 Pro-

507 2996 788 3070 phetiam,
823 3001 880 3053 et
910 2998 1216 3071 Evangelia
1242 3016 1262 3053 ξ
1295 3000 1464 3069 quasi
1496 3004 1613 3055 tres
1670 3017 1897 3056 sorores
1951 3017 2147 3056 secum

492 3084 796 3152 habentes,
831 3087 1159 3142 divinorum
1192 3087 1557 3159 eloquiorcm
1590 3089 1973 3161 intelligentia
1993 3090 2152 3161 dapi-

494 3176 607 3231 bus
638 3180 999 3231 saturantur.
1034 3176 1095 3231 In
1130 3176 1300 3231 ruina
1329 3194 1461 3233 vero
1493 3180 1725 3249 domus,
1759 3196 1883 3251 quae
1915 3195 2149 3252 oppres-

494 3263 573 3321 sit
600 3262 751 3318 ﬁlios
780 3263 889 3319 Job
923 3281 936 3332 ;
978 3264 1355 3336 antiquorum
1416 3266 1768 3340 principum,
1832 3285 2145 3339 regnorum

2254 2107 2574 2179 afﬂigerem
2606 2124 2738 2163 eum
2768 2108 3006 2163 frustra.
3040 2108 3144 2165 Cui
3175 2110 3537 2181 respondens
3566 2108 3743 2165 Satan
3776 2110 3896 2165 ait:

2257 2195 2467 2253 Pellem
2501 2214 2603 2269 pro
2631 2196 2799 2268 pelle,
2832 2202 2890 2252 et
2919 2200 3131 2253 cuncta
3172 2214 3300 2269 quae
3329 2198 3505 2254 habet
3532 2198 3707 2255 homo
3738 2198 3902 2254 dabit

2256 2303 2360 2360 pro
2402 2287 2598 2341 anima
2646 2304 2754 2343 sua
2786 2303 2798 2341 :
2833 2286 3091 2359 alioquin
3143 2288 3311 2343 mitte
3357 2303 3599 2343 manum
3631 2290 3814 2352 tuam,
3844 2291 3901 2344 et

2255 2380 2429 2448 tange
2459 2393 2524 2432 os
2572 2377 2698 2447 ejus
2746 2380 2803 2431 et
2832 2393 3090 2440 carnem,
3123 2380 3181 2431 et
3210 2380 3349 2431 tunc
3394 2376 3619 2432 videbis
3649 2377 3804 2449 quod
3836 2375 3897 2431 in

2256 2465 2462 2520 faciem
2488 2465 2791 2520 benedicat
2805 2464 2931 2520 tibi.
2957 2464 3109 2521 Dixit
3129 2482 3264 2538 ergo
3284 2465 3564 2522 Dominus
3585 2466 3656 2521 ad
3680 2464 3859 2521 Satan
3883 2483 3898 2521 :

2257 2556 2399 2609 Ecce
2429 2554 2487 2609 in
2520 2570 2697 2609 manu
2730 2557 2831 2609 tua
2860 2559 2949 2610 est
2974 2572 2986 2610 :
3016 2558 3417 2611 verumtamen
3450 2553 3707 2610 animam
3737 2552 3900 2611 illius

2257 2659 2441 2699 serva.
2483 2644 2768 2715 Egressus
2813 2647 2903 2699 est
2939 2643 3118 2715 igitur
3145 2644 3318 2699 Satan
3352 2660 3385 2699 a
3433 2642 3579 2699 facie
3624 2642 3849 2699 Domini
3882 2657 3896 2698 :

2257 2736 2315 2787 et
2361 2731 2650 2804 percussit
2698 2732 2806 2787 Job
2855 2731 3046 2787 ulcere
3094 2730 3352 2805 pessimo
3399 2748 3433 2787 a
3483 2730 3681 2803 planta
3735 2731 3901 2803 pedis

2258 2837 2445 2892 usque
2476 2821 2547 2875 ad
2578 2821 2849 2876 verticem
2882 2822 3009 2893 ejus
3042 2822 3172 2893 :qui
3206 2824 3357 2876 testa
3384 2820 3605 2876 saniem
3638 2819 3896 2886 radebat,

2259 2911 2469 2966 sedens
2499 2910 2558 2964 in
2605 2909 2993 2982 sterquilinio.
3028 2910 3182 2965 Dixit
3224 2913 3423 2966 autem
3453 2909 3537 2964 illi
3570 2926 3715 2965 uxor
3743 2926 3851 2965 sua
3883 2925 3899 2964 :

2258 2998 2465 3054 Adhuc
2494 3002 2558 3053 tu
2611 3015 2917 3069 permanes
2958 2997 3019 3053 in
3069 2997 3443 3071 simplicitate
3472 3003 3575 3054 tua
3601 2997 3631 3052 ?
3660 2997 3904 3054 benedic

2258 3088 2395 3155 Deo,
2429 3093 2486 3141 et
2533 3103 2778 3143 morere.
2812 3088 2917 3154 Qui
2973 3087 3054 3143 ait
3083 3089 3154 3143 ad
3183 3087 3343 3143 illam
3396 3104 3409 3142 :
3463 3088 3639 3153 Quasi
3691 3104 3807 3143 una
3831 3088 3904 3144 de

2259 3176 2456 3232 stultis
2488 3175 2832 3232 mulieribus
2866 3176 3061 3232 locuta
3087 3177 3247 3232 es.Si
3277 3178 3429 3232 bona
3445 3177 3813 3249 suscepimus
3833 3177 3907 3232 de

2258 3283 2436 3321 manu
2492 3266 2739 3333 Domini,
2773 3266 2926 3321 mala
2971 3281 3150 3338 quare
3200 3282 3316 3322 non
3366 3265 3810 3322 sustineamus?
3838 3265 3903 3322 In

492 3353 981 3426 persecutionem,
1060 3353 1145 3409 vel
1214 3355 1490 3410 saevitiam
1561 3338 1762 3412 contra
1826 3338 2144 3412 Ecclesium
2178 3338 2221 3405 C
2259 3355 2533 3412 omnibus
2581 3355 2675 3410 his
2727 3372 2839 3411 non
2874 3356 3133 3427 peccavit
3162 3354 3271 3411 Job
3321 3354 3495 3411 labiis
3544 3355 3687 3412 suis.
3720 3356 3906 3430 Igitur

499 3442 774 3498 ostendit.
806 3443 912 3509 Qui
954 3458 1085 3498 vero
1125 3442 1287 3499 solus
1337 3445 1661 3516 permansit
1717 3450 1781 3500 ut
1830 3448 2143 3512 nuntiaret,

494 3530 793 3587 ratitatem
870 3531 1133 3603 ipsorum
1191 3538 1628 3604 persecutorem
1683 3534 1916 3589 indicat.
1965 3535 2143 3590 Sabzei

495 3620 958 3691 inlerpretantur
985 3622 1188 3692 captivi
1221 3638 1231 3675 :
1267 3626 1322 3675 et
1352 3622 1602 3677 Chaldzei
1636 3626 1796 3695 quasi
1824 3624 2099 3680 (immania
2126 3643 2144 3679 :

490 3707 551 3764 hi
588 3724 793 3779 nempe
823 3708 1033 3779 captivi
1064 3710 1396 3764 daemonum
1426 3710 1777 3783 impugnant
1806 3712 2145 3767 Ecelesiam:

434 3818 437 3821 ·
492 3795 554 3853 hi
586 3813 700 3851 non
735 3796 925 3851 solum
959 3798 1056 3852 ubi
1113 3804 1381 3869 possunt,
1432 3799 1677 3870 abigunt
1722 3816 1927 3872 greges
1967 3799 2151 3855 domi-

496 3885 682 3951 nicos,
722 3900 923 3940 verum
967 3885 1141 3940 etiam
1193 3902 1292 3942 eos
1325 3886 1458 3960 igne
1491 3904 1619 3955 suo,
1655 3904 1829 3958 quem
1862 3888 1986 3944 caeli
2021 3905 2149 3944 esse

497 3974 883 4043 mentiuntur,
918 3974 1262 4040 haeresibus,
1292 3976 1379 4033 vel
1423 3976 1835 4049 supersitionis
1867 3978 2149 4049 pravitate

498 4068 873 4121 consumunt.
908 4063 1228 4120 Praesentia:
1259 4065 1433 4121 etiam
1467 4080 1712 4137 regnum
1746 4067 1901 4122 venti
1939 4067 2150 4123 violen-

495 4152 714 4209 tissimi
744 4152 1130 4209 similitudine
1184 4154 1444 4210 violentae
1475 4196 1487 4210 .
1524 4158 1777 4227 quatuor
1823 4155 2150 4228 Evangeliis

496 4240 656 4298 velut
685 4241 919 4315 angulis
950 4245 1379 4309 conﬁrmatam,
1414 4244 1631 4300 Christi
1663 4246 1906 4300 domum
1938 4261 2149 4300 concu-

496 4331 654 4386 tiunt
687 4349 700 4387 :
734 4336 799 4386 ut
825 4332 1088 4404 praedicti
1122 4338 1344 4404 septem
1378 4331 1568 4402 ﬁlii,et
1598 4338 1715 4388 tres
1748 4332 1880 4387 ﬁlia:
1915 4333 2152 4405 pariter,

497 4436 630 4477 cum
666 4420 795 4493 ipsa
824 4421 997 4476 domo
1026 4420 1334 4476 intereant.

567 4533 595 4559 «
633 4511 797 4565 Tunc
827 4511 1083 4565 surrexit
1110 4510 1242 4577 Job,
1277 4514 1333 4565 et
1362 4508 1536 4565 scidit
1563 4508 1914 4565 vestimenta
1949 4527 2075 4577 sua,
2100 4518 2157 4567 et

497 4604 670 4655 tonso
702 4598 911 4670 capite,
941 4615 1223 4654 corruens
1253 4598 1313 4653 in
1345 4599 1850 4666 terram,adoravit
1880 4603 1937 4655 et
1967 4599 2110 4655 dixit
2138 4617 2151 4655 ε

2255 3446 2557 3499 audientes
2588 3460 2679 3500 res
2726 3443 2899 3498 amici
2931 3444 3040 3499 Job
3091 3460 3263 3500 omne
3308 3444 3528 3500 malum
3560 3444 3716 3516 quod
3747 3444 3901 3499 acci-

2256 3533 2440 3589 disset
2484 3533 2555 3601 ei,
2606 3537 2890 3589 venerunt
2941 3532 3157 3605 singuli
3211 3533 3282 3588 de
3331 3533 3455 3589 loco
3505 3550 3632 3600 suo,
3667 3532 3904 3605 Eliphaz

2255 3622 2650 3693 'l‘hemanites,
2684 3627 2740 3677 et
2786 3621 3002 3677 Baldad
3053 3622 3265 3690 Suites,
3298 3626 3356 3677 et
3400 3622 3625 3694 Sophar
3654 3622 3903 3677 Naama-

2256 3711 2453 3766 thites.
2484 3711 2875 3766 Condixerant
2903 3711 3059 3766 enim
3094 3715 3156 3766 ut
3184 3712 3403 3783 pariter
3427 3711 3728 3766 venientes
3756 3710 3895 3765 visi-

2256 3804 2448 3855 tarent
2489 3816 2645 3872 eum,
2674 3804 2731 3855 et
2778 3800 3239 3855 consolarentur.
3272 3799 3534 3872 Cumque
3581 3800 3905 3856 elevassent

2259 3887 2460 3961 procul
2520 3888 2720 3944 oculos
2779 3904 2941 3956 suos,
2994 3905 3111 3944 non
3190 3892 3584 3963 cognoverunt
3646 3903 3803 3945 eum.
3869 3907 3897 3939 ιι

2259 3978 2384 4033 Νοιι
2429 3978 2581 4048 quod
2615 3978 2769 4033 Deus
2816 3977 3081 4049 ignoret;
3114 3978 3215 4033 sed
3269 3982 3333 4034 ut
3363 3994 3468 4034 nos
3519 3978 3723 4034 doceat
3765 3976 3906 4049 quid

2260 4067 2624 4139 responderit
2698 4071 2895 4135 Satan,
2973 4066 3071 4139 qui
3155 4067 3577 4140 interpretatur
3650 4066 3912 4124 adversa-

2260 4172 2398 4211 nm.

2335 4268 2361 4295 «
2395 4246 2465 4299 Et
2484 4244 2876 4301 exclamantes
2894 4244 3265 4318 ploraverunt
3282 4261 3294 4300 :
3312 4244 3631 4318 scissisque
3653 4244 3914 4301 vestibus
3968 4268 3975 4271 δ

2263 4337 2608 4406 sparserunt
2636 4334 2932 4407 pulverem
2965 4351 3142 4407 super
3179 4338 3355 4407 caput
3383 4350 3557 4390 suum
3586 4334 3647 4391 in
3676 4334 3908 4391 ccelum.

2263 4424 2331 4479 Et
2378 4422 2658 4479 sederunt
2705 4439 2837 4479 cum
2888 4439 2953 4479 eo
3003 4423 3064 4477 in
3112 4427 3269 4479 terra
3316 4427 3539 4495 septem
3584 4423 3810 4491 diebus,
3854 4425 3911 4479 et

2265 4516 2487 4583 septem
2541 4512 2830 4578 noctibus,
2865 4516 2923 4567 et
2971 4528 3142 4568 nemo
3173 4511 3523 4584 loquebatur
3565 4513 3617 4568 ei
3648 4512 3904 4569 verbum.

2264 4601 2554 4656 Videbant
2583 4602 2738 4656 enim
2779 4600 3040 4656 dolorem
3089 4617 3217 4657 esse
3246 4601 3668 4657 vehementem.
3701 4622 3728 4651 ιι
3761 4599 3904 4657 Nam

500 4686 708 4744 Nudus
740 4704 1012 4760 egressus
1039 4704 1171 4743 sum
1199 4687 1268 4743 de
1302 4692 1463 4743 utero
1497 4689 1700 4743 matris
1724 4694 1943 4759 meaz,et
1964 4690 2158 4745 nudus
2195 4711 2238 4776 Ι)
2270 4696 2326 4746 et
2356 4707 2560 4747 omnes
2608 4690 2859 4745 haeretici
2894 4689 3106 4745 Christi
3155 4690 3376 4746 amicos
3422 4706 3485 4746 se
3513 4706 3643 4747 esse
3672 4690 3908 4757 dicunt;

503 4779 760 4833 revertar
788 4775 948 4855 illuc.
984 4778 1264 4832 Dominus
1320 4777 1504 4843 dedit,
1555 4778 1833 4833 Dominus
1861 4778 2104 4834 abstulit
2145 4797 2157 4834 :

507 4865 662 4921 sicut
719 4866 961 4922 Domino
994 4865 1228 4938 placuit,
1259 4868 1336 4921 ita
1366 4868 1583 4921 factum
1626 4872 1716 4922 est
1773 4884 1784 4921 :
1847 4868 1921 4922 sit
1952 4886 2160 4925 nomen

510 4954 742 5011 Domini
802 4955 1194 5013 benedictum.
1257 4979 1284 5006 »
1344 4956 1605 5012 Surrexit
1670 4958 1739 5012 ad
1792 4957 2159 5014 tolerantiam

512 5045 828 5117 patientiae.
878 5049 1022 5101 Nam
1056 5051 1113 5101 et
1157 5046 1292 5113 Job,
1326 5047 1381 5101 id
1416 5051 1504 5102 est
1535 5045 1823 5113 Christus,
1856 5048 1926 5101 ad
1961 5065 2159 5119 pacem

512 5135 766 5191 dandam
850 5134 1119 5192 Ecclesim
1178 5136 1449 5203 surrexit,
1485 5141 1548 5189 ut
1578 5141 1807 5208 gestum
1877 5137 2166 5208 signiﬁcet

511 5223 799 5280 vindictae.
835 5225 1199 5281 Vestimenta
1230 5242 1360 5280 vero
1394 5224 1602 5280 scidit:
1631 5223 1825 5280 ﬁdeles
1856 5225 1927 5280 ab
1960 5225 2164 5279 inﬁde-

511 5311 669 5369 libus
725 5315 1039 5387 separavit.
1113 5313 1367 5370 Procidit
1404 5314 1463 5367 in
1504 5317 1741 5384 terram,
1784 5328 1916 5368 cum
1960 5330 2020 5368 se
2096 5314 2166 5369 de

512 5402 700 5459 forma
764 5404 865 5460 Dei
932 5421 1122 5475 usque
1183 5405 1255 5459 ad
1323 5402 1568 5457 formam
1635 5402 1782 5456 servi
1851 5400 2170 5457 exinanivit

513 5491 776 5562 (Philipp.
816 5510 896 5557 ιιι,
937 5495 992 5559 6,
1039 5495 1112 5561 7).
1158 5492 1363 5549 Nudus
1425 5507 1701 5562 egressus
1766 5495 1855 5545 est
1893 5491 1963 5546 de
2003 5496 2165 5546 utero

515 5579 724 5634 matris
753 5597 896 5647 suae,
928 5581 1089 5637 nulla
1117 5579 1386 5636 videlicet
1418 5579 1587 5634 sorde
1616 5577 1834 5649 peccati
1866 5578 2167 5649 originalis

519 5683 815 5739 aspersus.
888 5670 967 5723 Ex
1030 5686 1280 5742 persona
1337 5665 1593 5723 hominis
1633 5666 1712 5721 ait
1755 5684 1767 5721 :
1817 5685 1838 5713 σι
1882 5666 2165 5724 Dominus

523 5756 703 5824 dedit,
731 5761 786 5813 et
817 5759 1092 5814 Dominus
1124 5757 1388 5815 abstulit.
1424 5778 1451 5807 ››
1490 5756 1649 5812 Dedit
1680 5760 1843 5828 pater
1871 5756 2052 5813 bonos
2105 5757 2163 5814 in

2272 4779 2443 4850 cujus
2474 4795 2535 4834 se
2566 4778 2851 4850 sanguine
2896 4779 3227 4850 redemptos
3273 4777 3616 4850 gloriantur.
3644 4781 3710 4834 Et
3759 4781 3915 4851 post-

2272 4869 2511 4923 modum
2531 4867 2750 4922 inimici
2775 4868 3109 4924 efﬁciuntur
3127 4870 3275 4939 ejus,
3299 4869 3700 4941 impugnando
3719 4867 3917 4924 Eccle-
3962 4904 3967 4907 »

2272 4957 2420 5012 siam
2476 4973 2665 5011 suam.
2718 4958 2878 5022 Quod
2931 4962 3124 5012 autem
3177 4956 3438 5012 videntes
3486 4956 3716 5030 plagam
3766 4958 3915 5030 ejus,
3968 4970 3971 4971 '

2272 5046 2574 5102 sciderunt
2617 5046 2981 5117 vestimenta,
3016 5050 3072 5101 et
3101 5045 3389 5101 miserunt
3419 5044 3713 5118 pulverem
3740 5060 3924 5119 super

2273 5139 2448 5206 caput
2468 5152 2641 5189 suum
2669 5152 2681 5189 :
2702 5135 2830 5191 illos
2853 5135 3154 5190 haereticos
3179 5133 3598 5207 signiﬁcat,qui
3623 5134 3919 5191 Christum

2273 5224 2331 5279 in
2365 5222 2548 5296 gloria
2580 5224 2792 5280 cmlesti
2832 5225 3014 5280 Deum
3048 5224 3294 5278 credunt
3328 5240 3340 5278 :
3375 5224 3836 5281 incarnationem
3866 5228 3926 5281 et

2274 5314 2607 5386 passionem
2633 5329 2749 5367 non
2778 5313 3055 5368 credunt:
3077 5311 3178 5367 sed
3211 5312 3541 5384 opprobriis
3561 5316 3618 5369 et
3647 5311 3921 5369 humilia-

2273 5402 2430 5458 tione
2478 5402 2607 5474 ejus
2668 5402 2895 5469 otiensi,
2937 5402 2996 5456 in
3048 5400 3472 5472 blasphemiam
3526 5406 3921 5474 erumpentes,

2277 5492 2449 5547 ﬁdem
2483 5490 2783 5558 scindunt,
2808 5499 2979 5562 atque
3001 5507 3035 5545 a
3058 5489 3316 5561 corporis
3337 5491 3561 5548 unitate
3591 5492 3918 5547 discedunt.

2275 5582 2344 5635 Et
2376 5579 2670 5650 pulverem
2707 5579 3010 5635 mittentes
3043 5595 3220 5651 super
3248 5579 3439 5651 capita
3460 5596 3587 5647 sua,
3608 5584 3837 5636 terreno
3864 5584 3925 5636 et

2274 5657 2505 5724 inortno
2546 5684 2744 5736 sensu,
2778 5669 2953 5724 corda
2998 5685 3105 5725 sua
3133 5666 3406 5741 operiunt
3438 5672 3611 5741 atque
3637 5668 3916 5725 obruunt.

2274 5756 2446 5815 Omni
2504 5757 2678 5814 etiam
2724 5762 2982 5831 tempore
3039 5757 3164 5815 vitae
3211 5775 3352 5827 suae,
3411 5773 3539 5830 qua:
3585 5759 3645 5815 in
3695 5761 3917 5831 septem
