4310 6596
372 477 488 547 σαι

1480 480 1993 547 COMMENTAB.
2040 477 2118 541 lN
2160 479 2299 542 JOB
2344 478 2513 541 CAP.
2561 480 2666 542 ΙΙΙ.

3668 474 3789 549 663

377 614 587 693 diebus
619 626 687 675 ac
714 613 983 673 noctibus
1004 612 1337 673 continetur
1404 614 1716 689 indignum
1748 633 1814 672 os
1843 630 2019 671 suum
2050 613 2103 679 Α
2135 612 2625 687 praevaricationis
2663 612 2865 669 mortis
2897 630 3013 668 suae
3067 630 3199 671 cum
3248 612 3571 672 destatione
3600 612 3782 673 male-

377 705 744 764 eonfessione
790 705 1003 773 divina,
1046 710 1211 762 muta
1239 704 1603 763 inﬁdelitatis
1651 704 2024 769 improbitate
2134 704 2338 761 dicunt
2371 722 2382 760 :
2419 702 2517 775 qui
2551 720 2664 759 non
2717 704 3017 760 serviendo
3049 703 3226 769 vitiis,
3259 704 3546 760 suscitant
3576 708 3783 762 contra

376 796 792 861 condemnant,
826 799 884 851 et
931 796 1268 852 obstruetur
1296 812 1362 851 os
1411 794 1779 868 loquentium
1820 792 2024 865 iniqua
2132 810 2195 851 se
2224 794 2560 862 draconem,
2594 794 2981 849 fortissimum
3014 794 3235 849 scilicet
3264 794 3517 849 hostem.

377 885 555 956 (Psal.
585 901 721 954 Lxu,
753 885 862 955 12).

1016 974 1244 1031 CAPUT
1280 975 1379 1032 III.

445 1086 475 1116 «
540 1064 678 1127 Post
778 1062 903 1120 hac
1003 1064 1233 1136 aperuit
1330 1063 1439 1120 Job
1540 1081 1605 1120 os
1707 1079 1862 1133 sum,

372 1151 678 1210 maledixit
724 1152 842 1208 diei
892 1169 1019 1223 suo,
1069 1156 1128 1210 et
1171 1151 1403 1209 locutus
1448 1161 1536 1210 est
1584 1170 1598 1209 :
1648 1155 1852 1209 Pereat
1897 1151 2020 1208 dies

370 1241 431 1298 in
510 1259 629 1315 qua
699 1245 879 1299 natus
959 1259 1115 1309 sum,
1174 1248 1232 1299 et
1303 1259 1415 1299 nox
1485 1242 1545 1297 in
1604 1259 1723 1315 qua
1794 1241 2018 1297 dictum

368 1334 459 1389 est
487 1347 502 1387 :
534 1334 864 1403 Conceptus
893 1334 984 1387 est
1012 1331 1207 1388 homo.
1246 1331 1380 1388 Dies
1424 1330 1525 1387 illa
1549 1336 1808 1389 vertatur
1837 1331 1897 1386 in
1929 1335 2018 1386 te-

368 1420 603 1477 nebras.
623 1442 651 1471 ››
667 1424 809 1477 Post
831 1420 973 1491 haec,
988 1421 1143 1477 sicut
1163 1420 1244 1477 ait
1267 1421 1518 1494 scriptor
1537 1420 1719 1493 hujus
1740 1419 2015 1489 historias,

368 1525 544 1582 quem
587 1509 847 1584 Moysem
895 1526 1023 1566 esse
1053 1510 1232 1566 tradit
1281 1510 1499 1583 opinio,
1531 1510 1762 1584 aperuit
1809 1510 1919 1567 Job
1951 1527 2017 1566 os

367 1615 567 1667 suum,
620 1604 679 1655 et
725 1597 1028 1655 maledixit
1078 1598 1192 1655 diei
1241 1615 1349 1655 suo
1400 1600 1603 1656 dicens
1663 1617 1677 1656 :
1724 1622 1751 1649 ι(
1814 1602 2018 1655 Pereat

365 1686 492 1744 dies
518 1686 579 1743 in
613 1702 734 1759 qua
761 1693 935 1743 natus
966 1703 1121 1754 sum,
1148 1692 1205 1744 et
1228 1704 1343 1744 nox
1374 1687 1434 1743 in
1468 1705 1587 1760 qua
1615 1688 1839 1744 dictum
1878 1692 1968 1744 est
1998 1705 2012 1743 :

363 1774 693 1853 conceptus
749 1779 840 1831 est
892 1775 1088 1833 homo.
1142 1794 1170 1827 ιι
1234 1776 1345 1833 Job
1402 1777 1503 1848 qui
1553 1782 1760 1850 typum
1807 1776 2016 1833 habuit

361 1863 680 1920 Salvator-is
736 1864 799 1922 in
859 1880 944 1933 se,
1004 1864 1252 1922 humani
1307 1865 1536 1938 generis
1594 1866 2011 1923 mortalitatem

362 1952 594 2009 deﬂexit
649 1970 664 2009 :

719 1970 860 2050 quis.
905 1958 1144 2050 propter
1211 1960 1513 2050 peccatum
1572 1955 1817 2050 equei‘
1848 1957 2013 2027 justa
2043 1984 2092 2050 B

2205 907 2232 935 «ι
2266 884 2736 941 Obtenehrentur
2755 883 2937 940 stellae
2961 883 3208 953 caligine
3229 885 3376 952 ejus.
3395 906 3417 935 υ
3444 884 3778 940 Peccatores

2090 958 2373 1041 scilicet,
2424 974 2523 1045 qui
2573 974 2632 1030 in
2685 979 2871 1044 nocte,
2922 972 3117 1028 saeculi
3175 972 3396 1029 divitiis
3455 976 3511 1028 et
3559 971 3779 1029 honore

1964 1066 2023 1119 et
2130 1060 2328 1119 lucere
2374 1077 2436 1119 se
2482 1067 2710 1134 putant,
2764 1062 3039 1118 caecitatis
3079 1061 3328 1133 caligine
3374 1062 3775 1130 tenebrantur,

2130 1157 2187 1209 et
2214 1151 2419 1208 merito
2450 1168 2577 1220 suo,
2611 1151 2901 1223 Evangelii
2934 1151 3132 1207 lumen
3163 1168 3279 1206 non
3310 1151 3561 1208 videant.

2201 1262 2229 1290 α
2280 1241 2582 1312 Exspectat
2628 1239 2841 1306 lucem,
2891 1245 2949 1295 et
2994 1257 3109 1295 non
3159 1240 3372 1295 videat.
3424 1263 3452 1291 »
3501 1241 3615 1297 Nec
3664 1258 3779 1299 nox

2127 1328 2618 1401 praevaricationis
2649 1332 2706 1384 et
2729 1330 2955 1394 mortis,
2990 1329 3047 1383 in
3080 1345 3198 1400 qua
3228 1328 3498 1386 diabolus
3529 1347 3777 1403 regnum

2127 1421 2306 1487 tenet,
2361 1422 2552 1491 potest
2600 1418 2798 1473 lumen
2850 1418 3255 1488 Redemptoris
3307 1417 3519 1474 Christi
3568 1436 3778 1491 cogno-

2127 1522 2288 1564 scere
2311 1525 2325 1575 ;
2351 1524 2536 1576 neque
2578 1507 2659 1563 illi
2693 1507 2792 1579 qui
2825 1508 2883 1562 in
2909 1523 2977 1563 ea
3008 1511 3352 1574 nascuntur,
3377 1507 3489 1563 nisi
3512 1524 3641 1565 eam
3672 1524 3777 1582 per

2124 1596 2485 1668 baptismum
2520 1597 2703 1652 renati
2737 1597 3146 1653 destruxerint.

2197 1708 2225 1737 ‹‹
2259 1686 2374 1743 Nec
2394 1690 2586 1741 ortum
2610 1686 2908 1758 surgentis
2930 1704 3171 1742 aurora.
3196 1706 3221 1738 η
3260 1687 3770 1744 Resurreetionem

2121 1775 2335 1832 Christi
2389 1776 2777 1847 signiﬁcavit;
2812 1777 2986 1847 unde,
3019 1776 3078 1831 in
3138 1776 3385 1848 psalmo,
3417 1776 3616 1849 vigilia
3644 1794 3771 1835 ma-

2121 1862 2317 1919 tutina
2345 1863 2558 1919 dicitur
2589 1865 2759 1934 (Psal.
2794 1881 2980 1934 cxxxx,
3011 1866 3089 1935 6).

2195 1975 2222 2002 α
2258 1952 2404 2019 Quia
2443 1970 2559 2010 non
2610 1952 2899 2010 conclusit
2929 1954 3078 2009 ostia
3121 1954 3342 2009 ventris
3385 1955 3485 2026 qui
3518 1955 3771 2026 portavit

360 2040 671 2113 sententia,
704 2042 929 2099 homini
959 2042 1183 2099 inﬂicta
1211 2048 1318 2100 est.
1356 2065 1385 2094 «
1414 2043 1617 2101 Pereat
1646 2045 1773 2101 dies
1804 2044 1863 2100 in
1895 2060 2013 2117 qua
2043 2040 2089 2050 “’
2124 2057 2216 2097 me
2248 2058 2260 2097 :
2298 2059 2403 2099 nec
2441 2042 2681 2099 abstulit
2731 2044 2888 2099 mala
2935 2044 3006 2099 ab
3039 2042 3221 2099 oculis
3251 2045 3397 2113 ejus.
3432 2045 3622 2109 Quare
3650 2062 3770 2102 non

362 2134 541 2188 natus
578 2147 735 2188 sum.
770 2152 799 2181 »
830 2132 1050 2188 Redeat
1098 2148 1198 2205 per
1229 2132 1526 2190 Christum
1575 2134 2007 2200 immortalitas,

360 2235 539 2292 quam
568 2220 758 2276 Adam
789 2225 954 2277 reatu
986 2221 1476 2293 praevaricationis
1502 2223 1722 2295 amisit,
1754 2228 1812 2280 et
1840 2224 2012 2281 abeat

360 2324 520 2365 mors
568 2326 603 2365 a
651 2325 765 2377 me,
799 2326 977 2382 quam
1026 2309 1142 2365 alio
1196 2310 1577 2383 delinquente
1623 2313 1909 2369 contraxi.
1942 2314 2011 2369 Et

355 2396 642 2455 Jeremias
676 2414 689 2452 :
723 2398 1018 2456 Maledicta
1064 2398 1179 2456 dies
1226 2400 1285 2454 in
1312 2415 1422 2471 qua
1448 2410 1615 2456 natus
1640 2417 1764 2457 sum
1787 2402 2006 2469 (Jerem.

353 2503 447 2557 xx,
481 2487 591 2558 14).
627 2486 792 2543 Unde
843 2486 990 2543 nulli
1039 2487 1289 2543 dubium
1342 2492 1451 2555 est,
1485 2489 1641 2561 quod
1689 2489 1753 2545 hi
1803 2506 2009 2546 omnes

354 2576 886 2649 praevaricationem
910 2576 1048 2633 Adae
1073 2576 2007 2652 detestentur.8piritualiterergo

355 2665 481 2723 dies
510 2682 645 2722 cum
690 2682 799 2722 sua
849 2669 1041 2734 nocte,
1071 2665 1342 2723 diabolus
1389 2671 1446 2723 et
1496 2667 1823 2725 mortalitas
1874 2685 2007 2740 pos-

356 2757 502 2812 sunt
549 2753 797 2827 intelligi
834 2773 848 2809 :
882 2771 999 2810 non
1050 2753 1187 2826 quia
1235 2754 1362 2812 dies
1391 2755 1487 2825 sit,
1522 2758 1622 2812 sed
1670 2757 1807 2828 quia
1835 2758 2010 2814 fuerit

355 2844 591 2918 quando
620 2844 1006 2917 permanebat
1024 2860 1161 2899 cum
1192 2847 1379 2912 Deo,a
1408 2861 1524 2917 quo
1542 2846 1863 2902 recendens
1894 2848 2008 2903 fac-

353 2937 453 2990 tus
482 2936 572 2990 est
602 2949 737 3000 nox,
759 2932 848 2990 vel
878 2933 1015 3006 quia
1040 2932 1242 3006 impiis
1272 2950 1339 2990 ac
1362 2935 1783 3006 peccatoribus,
1808 2935 1867 2992 in
1900 2937 2008 2992 hac

356 3022 748 3096 prosperitate
800 3027 859 3080 et
904 3022 1183 3079 felicitate
1226 3024 1642 3096 gaudentibus,
1699 3025 1823 3082 dies
1879 3042 2008 3082 esse

353 3110 637 3170 videatur.
669 3111 834 3169 Unde
861 3111 1079 3169 dicitur
1109 3129 1123 3167 :

418 3222 449 3252 ιι
480 3200 794 3258 Auferetur
813 3202 886 3257 ab
908 3201 1110 3274 impiis
1136 3200 1237 3259 lux
1265 3218 1394 3258 sua.
1423 3202 1550 3259 Non
1582 3202 1841 3275 requirat
1870 3220 2004 3259 eum

346 3293 500 3347 Deus
532 3291 803 3364 desuper.
831 3314 853 3342 ι
888 3290 1007 3347 Hoc
1035 3293 1146 3358 est,
1171 3307 1243 3347 ne
1270 3291 1374 3349 fiat
1401 3292 1530 3364 ejus
1554 3293 1839 3349 memoria
1866 3297 1999 3350 ante

343 3384 530 3437 Deum
559 3379 622 3436 in
652 3380 895 3436 bonum.

418 3492 440 3520 ι
502 3470 575 3526 Et
619 3484 736 3525 non
786 3468 1115 3526 illustratur
1162 3469 1405 3527 lumine.
1471 3492 1492 3519 ι

337 3558 462 3627 Dei,
496 3558 580 3614 vel
615 3558 987 3632 panitentias.

406 3670 435 3699 «
468 3646 801 3705 Obscurent
843 3663 978 3704 eum
1031 3648 1287 3704 tenebm
1340 3653 1397 3704 et
1440 3649 1652 3706 umbra
1697 3649 1926 3707 mortis.
1959 3672 1988 3703 ››

321 3736 626 3805 Tenebras,
660 3742 899 3810 peccata
927 3742 1065 3794 sunt
1096 3742 1156 3795 et
1185 3737 1425 3795 invidia.

398 3849 427 3881 α
458 3825 716 3900 occupet
731 3843 867 3884 eum
895 3826 1170 3900 caligo,et
1194 3827 1523 3884 involvatur
1537 3827 1985 3885 amaritudine.»

328 3916 393 3973 ld
424 3920 534 3984 est,
565 3916 796 3973 cacitas
825 3915 1039 3974 cordis.

402 4027 431 4056 «
479 4005 719 4062 Noctem
769 4004 936 4061 illam
983 4005 1333 4062 tenebrosus
1382 4006 1555 4062 turbo
1605 4007 1920 4079 possideat.
1959 4030 1980 4057 ι

328 4093 476 4159 Quia
526 4095 600 4152 ad
649 4095 1109 4153 amaritudinem
1158 4101 1435 4167 provocat
1481 4101 1688 4163 Deum,
1730 4099 1884 4153 sicut
1929 4102 1986 4153 et

328 4184 522 4240 caeteri
554 4183 841 4241 satellites
869 4186 998 4255 ejus
1032 4202 1045 4241 :
1082 4186 1276 4242 furore
1297 4185 1395 4241 ira:
1427 4186 1526 4242 Dei
1558 4186 1981 4257 apprehensus,

330 4270 726 4330 circumdatur
756 4263 1033 4329 omnibus
1065 4273 1257 4339 malis,
1289 4279 1348 4331 et
1375 4274 1728 4332 involvatur.
1758 4281 1985 4334 Noctem

328 4360 489 4421 illam
532 4362 846 4419 tenebrosus
891 4364 1053 4419 turbo
1095 4364 1392 4435 possideat,
1437 4363 1495 4419 id
1547 4368 1657 4434 est,
1688 4364 1980 4437 diabolus,

329 4450 433 4524 qui
484 4450 639 4509 diem
700 4452 997 4509 fclicitatis
1051 4452 1276 4509 homini
1323 4452 1589 4524 abstulit,
1648 4459 1705 4509 et
1752 4459 1982 4511 noctem

329 4538 611 4614 inquiet.
639 4540 768 4597 vita;
794 4541 1168 4599 turbulentus
1194 4542 1428 4599 invexit.

394 4652 423 4683 κ
456 4629 583 4686 Non
645 4635 1024 4701 computetur
1079 4630 1139 4686 in
1198 4631 1409 4687 diebus
1466 4631 1626 4687 anni.
1691 4655 1718 4681 ι)

1558 3471 1994 3543 Recognitionis

1775 4638 1981 4688 Annus

2119 2129 2180 2185 in
2210 2129 2385 2187 vulva
2435 2135 2703 2187 mortuus
2736 2149 2864 2188 sum
2888 2132 2915 2187 ?
2946 2133 3134 2196 Quare
3184 2148 3459 2204 egressus
3506 2151 3575 2190 ex
3605 2137 3768 2190 utero

2120 2236 2234 2275 non
2294 2220 2492 2276 statim
2548 2221 2690 2291 perii
2750 2237 2762 2276 :
2816 2224 2928 2276 Cur
2984 2226 3257 2293 exceptus
3312 2222 3607 2293 genibus?
3655 2222 3770 2279 Cur

2117 2307 2370 2365 laetatus
2418 2309 2744 2365 uberibus?
2800 2332 2827 2359 »
2878 2310 2996 2364 Sub
3047 2327 3296 2382 persona
3342 2328 3470 2377 sua,
3522 2310 3770 2368 humani

2117 2398 2350 2470 generis
2381 2397 2607 2470 plangit
2631 2398 2897 2454 miserias
2931 2415 2942 2452 :
2977 2416 3159 2471 quare
3179 2398 3392 2454 iterum
3420 2400 3767 2468 moriturus,

2118 2485 2275 2542 mala
2322 2487 2496 2542 istius
2540 2486 2671 2542 vitae
2719 2487 3015 2559 patiatur:
3053 2505 3232 2559 quare
3282 2488 3590 2545 mortalem
3640 2489 3771 2563 ipsa

2118 2591 2276 2631 mors
2309 2592 2424 2632 non
2455 2576 2834 2632 exstinxerint
2863 2577 2919 2631 in
2953 2580 3115 2633 utero
3137 2578 3166 2631 ‘I

2194 2688 2214 2715 ι
2250 2666 2415 2721 Nunc
2445 2666 2601 2721 enim
2656 2666 2954 2723 dormiens
3003 2667 3261 2735 silerem,
3294 2673 3351 2723 et
3398 2685 3603 2725 somno
3635 2684 3765 2726 meo

2117 2755 2543 2826 requiescerem
2593 2772 2726 2810 cum
2782 2756 3019 2827 regibus
3068 2761 3123 2812 et
3178 2756 3519 2813 consulibus
3576 2764 3763 2824 terres,

2116 2844 2215 2914 qui
2248 2844 2538 2899 mditicant
2564 2844 2674 2900 sibi
2697 2844 3044 2901 solitudines
3067 2864 3078 2901 :
3100 2851 3200 2900 aut
3229 2862 3364 2901 eum
3396 2845 3764 2918 principibus

2115 2933 2217 3004 qui
2249 2933 2552 3005 possident
2578 2951 2809 3005 aurum,
2835 2940 2891 2989 et
2918 2934 3144 3006 replent
3168 2936 3374 2990 domos
3404 2952 3542 2991 suas
3564 2952 3768 3008 argen-

2114 3026 2193 3077 to.
2229 3044 2258 3072 »
2304 3022 2626 3094 Principes,
2660 3029 2718 3078 et
2765 3040 2947 3095 reges,
2980 3029 3037 3079 et
3086 3024 3381 3091 consules,
3412 3030 3471 3081 et
3499 3024 3558 3081 in
3591 3026 3639 3081 si
3674 3025 3763 3081 in-

2114 3111 2277 3167 ferno
2326 3111 2627 3184 squalores
2674 3117 2958 3168 tartareos
3008 3114 3345 3186 patiuntur;
3378 3131 3535 3171 nunc
3564 3120 3763 3171 tamen

2113 3199 2173 3255 in
2205 3202 2547 3273 corporibus
2578 3202 2705 3258 suis
2737 3208 3027 3259 tormenta
3076 3221 3194 3259 non
3225 3204 3508 3260 sentiunt.
3543 3205 3763 3262 Horum

2114 3295 2361 3346 mortem
2396 3291 2540 3347 mihi
2573 3292 2766 3348 venire
2797 3292 2905 3349 hac
2936 3293 3269 3349 conditione
3300 3294 3637 3351 voluissem.

2184 3401 2212 3429 «
2247 3384 2359 3435 Aut
2390 3379 2543 3436 sicut
2590 3382 2920 3437 abortivum
2970 3382 3381 3437 absconditum
3417 3400 3532 3438 non
3564 3385 3760 3440 subsi-

2104 3473 2337 3535 sterem,
2387 3468 2475 3524 vel
2532 3470 2631 3539 qui
2682 3470 2944 3541 concepti
2996 3488 3110 3525 non
3165 3470 3436 3527 viderunt
3480 3471 3693 3528 lucem.
3727 3496 3758 3525 ››

2100 3556 2294 3614 Variis
2327 3557 2518 3613 modis
2565 3565 2623 3614 et
2654 3559 2936 3630 exemplis
2988 3558 3151 3626 dicit,
3183 3560 3339 3630 quod
3372 3577 3575 3631 poenas
3606 3560 3751 3617 istas

2100 3646 2160 3702 in
2212 3648 2428 3719 quibus
2459 3652 2604 3712 erat,
2657 3665 2769 3703 non
2804 3648 3085 3703 debuerat
3139 3649 3278 3720 pati.
3315 3650 3503 3715 Quare
3550 3667 3663 3706 non
3695 3650 3756 3708 in

2099 3736 2269 3793 vulva
2292 3741 2559 3793 mortuus
2598 3754 2729 3792 sum
2753 3737 2780 3791 ?
2810 3738 2874 3792 Et
2896 3738 3170 3809 deinceps
3201 3739 3283 3794 ait
3314 3755 3326 3793 :
3365 3739 3531 3796 Nune
3561 3747 3758 3796 autem

2101 3826 2400 3883 dormiens
2423 3826 2678 3897 silerem,
2703 3832 2759 3882 et
2785 3844 2989 3883 somno
3014 3844 3140 3882 meo
3164 3829 3589 3899 requiescerem
3620 3846 3755 3888 cum

2102 3916 2341 3987 regibus
2372 3921 2430 3972 et
2457 3915 2823 3972 consulibus.
2860 3917 3026 3972 Forte
3057 3916 3391 3988 exemplum
3424 3922 3628 3975 contra
3656 3936 3755 3975 eos

2095 4010 2204 4075 est,
2240 4005 2339 4076 qui
2392 4006 2598 4060 dicunt
2644 4022 2757 4060 non
2810 4010 3262 4071 resurrecturus,
3294 4006 3406 4061 nisi
3458 4006 3755 4078 quijuxta

2095 4094 2360 4150 ordinem
2397 4093 2518 4148 nati
2556 4093 2791 4148 fuerint.
2825 4094 2884 4147 Si
2935 4093 3087 4149 enim
3122 4094 3382 4164 concepti
3416 4094 3753 4152 moriuntur

2094 4183 2154 4239 in
2186 4188 2369 4249 utero,
2406 4200 2641 4239 necesse
2662 4189 2772 4249 est,
2798 4183 2936 4253 quia
2958 4182 3067 4237 vivi
3091 4183 3343 4251 fuerint;
3372 4189 3429 4239 et
3458 4185 3747 4255 quidquid

2093 4272 2362 4343 moritur,
2406 4273 2561 4328 haud
2616 4272 2793 4327 dubie
2842 4271 2983 4343 quia
3034 4277 3316 4344 resurget.
3350 4277 3438 4328 Ita
3486 4273 3642 4345 quod
3684 4273 3745 4330 in

2093 4362 2378 4419 membris
2427 4362 2539 4417 fuit
2586 4367 2643 4417 et
2673 4360 2831 4426 vixit,
2865 4365 2920 4416 et
2968 4366 3177 4417 natura
3229 4361 3426 4417 minus
3475 4360 3745 4418 dederit:

2093 4451 2203 4508 hoc
2257 4451 2678 4508 resurrectione
2730 4450 2789 4505 in
2843 4449 3135 4521 integrum
3192 4450 3559 4522 reparabitur
3609 4467 3622 4506 :
3664 4450 3749 4507 sic

2094 4543 2249 4597 enim
2283 4540 2523 4597 humani
2558 4539 2788 4613 generis
2836 4539 3190 4595 instauratio
3222 4540 3281 4594 in
3316 4538 3529 4595 melius
3557 4543 3746 4596 totum

2093 4631 2311 4697 reddet,
2338 4631 2493 4702 quod
2528 4635 2740 4685 natura
2779 4629 3169 4684 fraudaverat.
3197 4628 3346 4684 Dicit
3375 4628 3548 4685 etiam
3582 4630 3749 4686 abor-

322 4717 592 4776 Christus
646 4718 1019 4792 intelligitur,
1053 4719 1154 4792 qui
1201 4720 1262 4776 in
1294 4736 1356 4775 se
1407 4725 1618 4776 cuncta
1663 4719 1902 4776 revolvit
1928 4726 2062 4796 θη]
2094 4721 2233 4786 tiva,
2293 4738 2419 4791 quae
2472 4721 2529 4774 in
2592 4726 2803 4774 natura
2860 4718 3121 4774 humana
3176 4720 3526 4790 dcgenerata
3583 4724 3745 4786 sunt,

324 4808 607 4865 continet.
640 4806 706 4863 In
736 4807 916 4879 hujus
961 4824 1099 4881 ergo
1130 4809 1341 4865 diebus
1394 4809 1554 4879 anni,
1589 4826 1703 4865 non
1736 4826 1982 4882 compu-

323 4898 480 4965 tetur
529 4895 849 4966 diabolus;
902 4898 962 4954 id
1018 4905 1127 4967 est,
1186 4902 1522 4955 sanctorum
1574 4916 1819 4956 numero
1867 4916 1982 4956 non

325 4986 742 5059 conjungatur.

400 5077 575 5132 «Nec
619 5080 965 5134 numeretur
1018 5076 1077 5132 in
1129 5077 1454 5134 mensibus.
1508 5100 1537 5128 »
1596 5081 1823 5134 Menses
1872 5078 1981 5134 hoc

324 5161 455 5221 loco
483 5168 720 5222 sanctos
769 5164 1069 5239 apostolos
1101 5171 1253 5223 recte
1306 5165 1717 5239 intelligimus,
1759 5167 1883 5239 qui,
1918 5171 1982 5223 ut

322 5249 484 5325 ligna
502 5253 779 5327 paradisi,
802 5254 1144 5329 spirituales
1167 5254 1435 5313 Ecclesiae
1460 5256 1713 5313 aderunt
1732 5256 1978 5313 fructus.

394 5365 425 5393 ‹‹
458 5342 547 5399 Sit
584 5359 699 5401 nox
728 5343 830 5400 illa
878 5344 1165 5411 solitaria,
1199 5363 1304 5402 nec
1333 5345 1506 5402 laude
1537 5345 1733 5417 digna.
1766 5370 1792 5397 ››
1828 5353 1978 5417 Apo-

325 5429 615 5489 stolorum
674 5432 904 5490 scilicet
952 5434 1386 5506 pradicatione,
1443 5434 1541 5490 ubi
1600 5434 1727 5490 dies
1775 5433 1982 5490 salutis

322 5521 692 5593 “noscitur,
739 5539 917 5595 quam
958 5523 1257 5582 Abraham
1307 5523 1473 5593 vidit,
1512 5529 1569 5580 et
1621 5523 1852 5581 laetatus
1895 5529 1985 5579 est

329 5609 509 5682 (locu.
541 5626 666 5683 vui,
695 5612 813 5684 56).

405 5721 435 5751 «ι
467 5699 815 5759 Maledicant
844 5700 897 5757 ei
951 5700 1052 5772 qui
1101 5701 1463 5759 maledicunt
1492 5703 1582 5758 dei
1618 5720 1630 5757 :
1671 5702 1769 5775 qui
1799 5703 1982 5775 parati

332 5793 477 5852 sunt
530 5790 817 5851 suscitare
872 5788 1237 5871 Leviathan.‘
1270 5813 1299 5842 ››
1357 5792 1553 5851 Sancti
1611 5791 1813 5865 utique
1870 5792 1984 5849 diei

2092 4827 2126 4865 a
2149 4808 2335 4881 pcenis
2358 4824 2486 4863 esse
2509 4808 2716 4875 aliena,
2741 4809 2840 4878 qui
2864 4808 2972 4863 sibi
2999 4808 3347 4864 solitudines
3367 4808 3745 4881 magisquam

2094 4899 2306 4955 domus
2352 4898 2660 4953 aediﬁcant.
2696 4898 2932 4952 Habitat
2960 4898 3116 4952 enim
3145 4897 3412 4954 diabolus
3456 4898 3515 4953 in
3545 4898 3744 4955 civita-

2094 4989 2255 5044 tibus
2286 4987 2586 5053 desolatis,
2612 4993 2668 5041 et
2693 4987 2748 5041 in
2772 4987 3047 5042 domibus
3069 4988 3337 5043 desertis.
3369 4988 3493 5043 Non
3520 4986 3742 5043 haben-

2092 5082 2180 5134 tes
2226 5077 2515 5149 hospitem
2551 5076 2754 5139 Deum,
2798 5082 2855 5131 et
2897 5076 3200 5148 possident
3243 5093 3474 5145 aurum,
3508 5080 3573 5130 ut
3603 5079 3741 5130 sunt

2091 5166 2447 5241 philosophi,
2470 5172 2526 5221 et
2548 5166 2643 5222 alii
2679 5167 2971 5238 sapientes
2999 5166 3175 5237 hujus
3206 5166 3431 5231 mundi,
3457 5164 3738 5236 fulgorem

2090 5257 2227 5315 hOni
2261 5256 2499 5328 ingenii,
2534 5256 3021 5328 splendoremque
3051 5255 3285 5326 eloquii.

2168 5369 2195 5395 ι(
2237 5345 2319 5401 lbi
2379 5346 2542 5417 impii
2604 5351 2976 5400 cessaverunt
3026 5364 3058 5400 υ.
3112 5343 3401 5399 tumultu.-
3445 5366 3472 5391 ››
3531 5340 3737 5398 Procul

2092 5436 2271 5491 dubio
2320 5431 2658 5489 in‘inferno.
2695 5436 2760 5488 lit
2813 5434 2963 5488 sicut
2993 5433 3372 5504 Soptuuginta
3424 5430 3737 5489 transtule-

2092 5530 2251 5590 runt,
2284 5525 2361 5580 ibi
2401 5545 2422 5573 α
2460 5524 2622 5596 impii
2668 5524 3063 5593 deposuerunt
3109 5524 3361 5576 furorem
3394 5525 3582 5594 tuum,
3618 5545 3646 5572 »
3681 5522 3737 5579 id

2092 5620 2200 5681 est,
2234 5615 2450 5687 typhus
2480 5618 2537 5668 et
2566 5613 2860 5683 superbia,
2884 5628 3015 5667 cum
3048 5609 3268 5665 smvitia
3299 5609 3357 5666 in
3391 5610 3500 5667 hoc
3529 5614 3740 5670 saeculo

2091 5703 2492 5776 gloriantium,
2527 5700 2835 5756 humiliata
2864 5700 3032 5752 estin
3068 5698 3309 5753 inferno.

2165 5817 2191 5842 ‹‹
2226 5794 2294 5847 Et
2339 5791 2419 5847 ibi
2467 5792 2865 5861 requieverunt
2919 5787 3051 5843 fessi
3104 5788 3323 5846 robore.
3362 5813 3389 5840 ››
3440 5791 3600 5849 sicut
3626 5790 3742 5849 alia
