4310 6574
529 435 647 503 663

532 678 673 737 pore
702 680 715 730 ;
752 684 778 711 ››
812 664 883 719 ab
937 662 1315 735 Oppressione
1362 664 1563 735 utique
1593 667 1650 718 et
1697 664 1953 736 miseria,
1985 664 2182 720 labore

535 752 715 810 etiam
744 752 917 809 istius
949 753 1153 807 mundi
1185 752 1435 807 liberati.

611 866 640 894 «
674 845 745 900 Et
797 843 1095 914 quondam
1141 842 1313 898 vincti
1351 842 1565 915 pariter
1622 844 1748 898 sine
1806 844 2090 900 molestia.
2155 867 2181 892 η

539 933 879 989 Vincientes
930 936 986 987 et
1036 932 1329 1003 quondam
1388 931 1609 986 vinctos
1659 932 1718 986 in
1770 933 1994 989 inferno
2043 933 2187 988 dicit

542 1022 761 1096 pariter
808 1020 1093 1087 habitare,
1127 1022 1250 1076 sine
1298 1020 1518 1089 injuria
1565 1026 1760 1076 tamen
1809 1027 1865 1077 et
1916 1022 2185 1078 molestia

537 1110 964 1167 vinculatorum
1001 1127 1013 1166 :
1050 1127 1164 1166 non
1212 1110 1294 1164 ita
1326 1113 1388 1165 ut
1420 1110 1552 1165 istic
1590 1110 1687 1165 ubi
1730 1116 1934 1182 praeter
1963 1128 2185 1183 poenas,

542 1200 875 1274 captivitate
905 1198 991 1255 vel
1042 1200 1318 1254 servitute
1366 1200 1532 1263 dura,
1565 1200 1809 1255 diversis
1847 1201 2022 1255 etiam
2055 1200 2187 1256 aliis

541 1287 997 1353 calamitatibus,
1048 1287 1317 1343 homines
1372 1287 1724 1359 obligantur,
1777 1289 2083 1343 dominatu
2133 1294 2189 1344 et

537 1377 829 1449 injustitia
857 1377 1216 1448 iniquorum.

612 1490 639 1517 ‹‹
673 1467 796 1521 Νοη
828 1466 1143 1521 audierunt
1170 1483 1368 1522 vocem
1402 1467 1701 1523 exactoris.
1744 1490 1769 1516 ››
1799 1469 1970 1524 Jussa
2002 1468 2187 1539 impe-

540 1555 797 1611 rantium
828 1555 915 1609 vel
949 1554 1148 1627 inique
1178 1555 1555 1627 exigentium,
1591 1572 1707 1610 non
1738 1561 2027 1612 verentur.

615 1667 643 1696 ‹‹
677 1644 894 1700 Parvus
924 1648 980 1700 et
1000 1660 1253 1717 magnus
1287 1644 1363 1698 ibi
1398 1650 1555 1715 sunt,
1579 1649 1636 1699 et
1666 1663 1865 1700 servus
1897 1652 1953 1701 et
1982 1647 2128 1700 liber
2158 1663 2191 1700 a

544 1734 784 1791 domino
816 1751 942 1789 suo.
969 1735 1157 1799 Quare
1186 1733 1403 1789 misero
1436 1733 1569 1788 data
1594 1738 1684 1789 est
1715 1734 1832 1803 lux,
1866 1739 1924 1789 et
1953 1735 2068 1790 vita
2099 1734 2191 1789 his

544 1823 606 1878 in
637 1822 1032 1877 amaritudine
1075 1821 1283 1876 animae
1315 1822 1501 1876 sunt?
1532 1823 1637 1887 Qui
1669 1828 2003 1894 exspectant
2036 1840 2189 1878 mor-

549 1914 695 1981 tem,
728 1914 785 1965 et
826 1927 940 1966 non
989 1910 1166 1977 venit,
1219 1910 1386 1982 quasi
1420 1912 1764 1966 eit‘odientes
1817 1912 2186 1967 thesaurum:
2226 1950 2270 2011 Β

546 1999 1787 2074 gaudentquevehementercuminvenerint
1801 2000 2189 2072 sepulcrum.»

547 2093 691 2145 Cum
725 2089 802 2145 sit
831 2105 988 2161 ergo,
1025 2093 1089 2144 ut
1116 2088 1302 2157 video,
1337 2090 1395 2144 in
1426 2090 1651 2145 inferno
1684 2090 2033 2162 aequalitatis
2066 2108 2192 2164 per-

456 2232 459 2235 .
548 2194 851 2245 Bonarum,
874 2183 933 2233 et
962 2177 1163 2235 nullus
1191 2180 1261 2233 de
1291 2179 1531 2234 alterius
1561 2180 1960 2235 dominatione
1990 2181 2194 2237 formi-

548 2268 686 2337 dat;
734 2284 837 2323 cur
885 2267 1028 2323 mihi
1078 2268 1291 2322 misero
1336 2269 1471 2323 data
1520 2275 1609 2325 est
1650 2268 1749 2324 lux
1792 2269 1924 2333 ista,
1975 2274 2032 2324 et
2077 2270 2196 2324 vita

548 2356 761 2414 similis
812 2357 898 2413 eis
952 2358 1049 2428 qui
1081 2357 1138 2411 in
1192 2358 1583 2413 amaritudine
1628 2359 1835 2413 animae
1887 2377 2004 2414 suae
2036 2362 2191 2426 sunt,

549 2462 682 2503 cum
712 2444 953 2501 meliora
972 2446 1090 2501 sint
1110 2446 1471 2501 infernorum
1491 2447 1805 2517 ergastula,
1822 2465 1995 2520 quam
2025 2449 2196 2504 istius

548 2535 754 2591 mundi
787 2534 1138 2591 miserabilis
1169 2536 1285 2591 vita
1314 2537 1668 2592 cruciatibus
1700 2537 1871 2609 plena
1903 2554 1915 2591 :
1952 2538 2045 2591 ubi
2081 2554 2195 2608 prae

551 2624 839 2699 angustiis
899 2623 1169 2680 homines
1217 2631 1463 2681 mortem
1524 2631 1811 2698 quaerunt,
1873 2632 1927 2682 et
1985 2643 2197 2698 magno

550 2713 862 2780 desiderio,
914 2720 980 2769 ut
1028 2714 1239 2779 veniat,
1285 2718 1609 2787 expectant.
1644 2715 1987 2787 Exemplum
2033 2732 2199 2787 egre-

551 2802 711 2877 gium
755 2802 1047 2874 adhibuit,
1090 2804 1291 2859 dicens
1324 2821 1336 2859 :
1372 2804 1545 2870 Quasi
1597 2805 1935 2861 eft‘odientes
1964 2805 2199 2860 thesau-

551 2909 706 2959 rum,
721 2892 859 2964 quia
872 2893 1151 2948 nimirum
1177 2893 1375 2964 utique
1392 2892 1780 2966 gratulantur,
1795 2911 1924 2949 cum
1942 2898 2201 2967 optatam

555 2981 667 3037 sibi
700 2980 1029 3036 invenerint
1056 2981 1442 3052 sepulturam.

629 3092 657 3120 ‹‹
684 3068 823 3125 Viro
854 3069 1024 3140 cujus
1055 3069 1399 3126 abscondita
1428 3076 1516 3125 est
1545 3071 1664 3125 vita
1690 3089 1701 3137 ;
1734 3076 1792 3126 et
1820 3072 2207 3128 circumdedit

555 3175 691 3215 eum
725 3163 875 3214 Deus
906 3158 1183 3213 tenebris.
1223 3181 1247 3206 »ι
1280 3159 1358 3214 De
1390 3176 1451 3215 se
1475 3160 1614 3214 dicit
1649 3178 1661 3214 :
1696 3161 1788 3215 Sic
1821 3161 2017 3232 itaque
2046 3161 2205 3216 ince-

556 3248 766 3304 debam
801 3247 859 3303 in
893 3248 1189 3303 mandatis
1221 3248 1342 3319 Dei,
1365 3250 1605 3305 credens
1629 3251 1782 3320 quod
1816 3250 1957 3305 mihi
1984 3252 2207 3306 fructus

2022 437 2440 502 APPENDIX.

531 572 709 631 habet
752 571 1094 641 translatio;
1132 595 1160 623 »
1200 574 1282 630 Ibi
1316 573 1721 646 requieverunt
1774 575 1998 648 fatigati
2053 593 2175 632 cor-
2207 574 2264 638 Α

2363 596 2391 622 ‹‹
2424 572 2626 630 Nonne
2657 572 2897 646 quievi?
2928 596 2957 625 »
2978 572 3179 629 Sciens
3202 587 3337 630 cum
3358 570 3612 630 surrexit
3628 570 3687 627 in
3711 571 3941 644 judicio

2291 662 2466 728 Deus,
2501 664 2655 736 quod
2709 665 2898 720 salvos
2946 664 3204 719 facturus
3234 663 3312 720 sit
3353 679 3556 719 omnes
3584 667 3941 735 mansuetos

2291 758 2457 809 terrae
2490 754 2670 824 (Psal.
2702 771 2864 825 Lxxv,
2902 755 3010 825 10).

2365 866 2392 892 ‹‹
2428 848 2492 896 Et
2520 843 2679 899 venit
2708 859 2885 915 super
2915 859 3007 899 me
3027 842 3375 916 indignatio.
3411 865 3439 892 »
3472 842 3938 915 Indignationem

2294 933 2403 987 hoc
2435 932 2558 988 loco
2587 932 2892 1004 plagarum
2919 932 3130 988 molem
3162 932 3323 1003 dicit,
3347 948 3524 1005 quam
3556 932 3732 988 refert
3760 948 3941 1001 super

2296 1038 2358 1077 se
2398 1021 2699 1089 cecidisse,
2731 1022 2902 1092 cujus
2950 1022 3202 1093 pondere
3231 1026 3288 1077 et
3334 1020 3636 1077 doloribus
3666 1036 3729 1075 se
3758 1021 3945 1093 gemit

2295 1111 2570 1166 obrutum
2609 1127 2621 1164 :
2658 1126 2790 1165 cum
2823 1111 2949 1182 ipse
3001 1114 3175 1175 esset,
3209 1115 3274 1165 ut
3319 1110 3592 1183 superius
3624 1110 3705 1165 ait
3728 1110 3863 1180 (Job.
3894 1126 3937 1177 ι,

2295 1200 2409 1269 21),
2439 1198 2659 1255 morbis
2690 1199 3014 1270 castigatus
3043 1218 3056 1269 ;
3090 1217 3238 1271 quas
3266 1216 3467 1272 poenas
3496 1200 3555 1255 in
3587 1214 3941 1271 consequen-

2296 1289 2476 1355 tibus,
2519 1289 2762 1361 sagittas
2810 1290 2924 1344 dici
2958 1306 2970 1345 :
3006 1290 3159 1345 sicut
3189 1289 3269 1344 ait
3298 1307 3311 1345 :
3340 1290 3567 1361 Sagitta
3618 1290 3842 1346 Domini
3881 1289 3947 1344 in

2296 1394 2382 1434 me
2408 1387 2532 1434 sunt
2565 1396 2582 1432 :
2614 1394 2848 1451 quarum
2898 1380 3210 1450 indignatio
3251 1379 3416 1435 ebibit
3460 1380 3717 1450 spiritum
3760 1393 3946 1434 meum

2299 1468 2433 1538 (Job.
2483 1484 2557 1537 v1,
2610 1469 2687 1538 4),
2736 1468 2874 1535 sive,
2910 1471 2973 1523 ut
3019 1468 3131 1523 alia
3172 1468 3481 1524 translatio
3529 1468 3721 1537 habet,
3770 1468 3947 1523 ebibit

2298 1558 2624 1628 sanguinem
2665 1573 2866 1613 meum.
2905 1558 2971 1613 Et
3019 1557 3251 1630 proprie
3280 1558 3503 1631 sagittae
3551 1572 3778 1613 vermes
3807 1572 3943 1629 pos-

2301 1650 2438 1701 sunt
2468 1645 2735 1719 intelligi,
2770 1647 2908 1719 quia
2938 1647 3011 1701 ab
3058 1647 3140 1702 eis
3171 1647 3642 1703 indesinentibus
3688 1646 3947 1702 stimulis

2301 1736 2670 1806 pungebatur
2718 1734 2871 1790 sicut
2916 1735 3039 1807 ipse
3086 1736 3194 1792 Job
3248 1735 3332 1791 ait
3380 1751 3393 1791 :
3442 1737 3507 1791 Et
3552 1737 3650 1807 qui
3700 1734 3943 1792 comede-

2300 1834 2451 1891 runt,
2483 1842 2591 1881 non
2640 1825 2939 1880 dormiunt.
2988 1826 3121 1894 (Job.
3156 1842 3286 1896 xxx,
3340 1827 3445 1896 17).
3478 1826 3633 1889 Quos
3676 1823 3946 1880 diabolus

2301 1916 2373 1970 ad
2406 1915 2829 1970 comedendum
2863 1931 2997 1970 eum
3032 1914 3284 1971 acriores
3303 1914 3569 1983 faciebat,
3589 1918 3646 1970 et
3668 1912 3753 1969 illi
3775 1912 3945 1985 quasi

2302 2003 2677 2074 indignantes
2698 2008 2753 2059 et
2783 2004 3100 2060 irascentes
3127 2004 3209 2059 ita
3238 2020 3471 2060 carnem
3495 2004 3625 2075 ejus
3655 2002 3950 2059 morsibus

2305 2093 2621 2158 fodiebant,
2683 2096 2748 2146 ut
2815 2091 2973 2147 velut
3027 2092 3251 2165 sagittae
3330 2092 3617 2148 viscerum
3671 2092 3950 2148 interiora

2306 2184 2694 2254 penetrarent.
2728 2180 2975 2252 Explicit
3006 2182 3105 2237 ubi
3133 2182 3242 2237 Job
3286 2181 3588 2238 maledixit
3615 2182 3769 2237 diem
3800 2180 3950 2236 nati-

2302 2270 2498 2327 vitatis
2527 2287 2665 2326 suae.

2943 2359 3173 2415 CAPUT
3216 2360 3307 2415 IV.

2378 2471 2404 2497 ‹‹
2441 2432 2823 2519 Respondeas
2851 2453 3046 2504 autem
3068 2449 3304 2521 Eliphaz
3324 2449 3723 2517 Themanites,
3755 2448 3900 2505 dixit
3932 2465 3949 2504 :

2305 2537 2356 2593 Si
2392 2538 2736 2609 coeperimus
2768 2537 2925 2610 loqui
2974 2538 3102 2608 tibi,
3136 2538 3377 2594 forsitan
3410 2537 3652 2595 moleste
3682 2538 3950 2610 accipies.

2307 2628 2415 2682 Sed
2466 2631 2811 2698 conceptum
2860 2644 3189 2683 sermonem
3222 2632 3416 2683 tenere
3466 2628 3597 2700 quis
3638 2628 3952 2700 poterit?»

2309 2717 2596 2787 Concepta
2626 2731 2763 2787 ergo
2793 2716 2969 2771 verba
3001 2716 3121 2771 edit
3147 2716 3206 2771 in
3240 2716 3514 2788 injuriam
3541 2716 3872 2788 faudientis,
3903 2720 3961 2772 et

2310 2805 2453 2861 dicit
2481 2805 2563 2859 ita
2599 2823 2611 2860 :

2386 2918 2411 2943 ‹‹
2448 2895 2587 2949 Ecce
2618 2894 2866 2950 docuisti
2921 2893 3160 2950 multos.
3198 2915 3225 2943 »
3259 2894 3318 2950 Id
3352 2900 3460 2961 est,
3493 2895 3966 2968 quamplurimas

2314 2982 2553 3039 solertia
2579 2986 2703 3049 tua,
2736 2988 2791 3038 et
2820 2983 3079 3039 bonitate
3110 2984 3182 3039 ab
3213 2985 3509 3041 erroribus
3540 2985 3840 3041 revocasti.

2389 3095 2416 3123 ‹‹
2451 3074 2521 3128 Et
2549 3089 2759 3128 manus
2791 3072 2980 3128 lassas
3030 3074 3341 3128 roborasti.
3375 3072 3728 3130 Vacillantes
3756 3074 3970 3130 conﬁr~

2318 3165 2625 3217 maverunt
2674 3178 2974 3217 sermones
3006 3161 3116 3229 tui,
3149 3166 3206 3216 et
3254 3179 3446 3234 genua
3491 3162 3802 3219 trementia
3831 3179 3970 3218 con-

2321 3250 2566 3306 fortasti.
2598 3250 2764 3307 Nunc
2794 3256 2989 3306 autem
3026 3250 3181 3305 venit
3212 3267 3389 3322 super
3418 3256 3473 3307 te
3504 3250 3695 3324 plaga,
3729 3255 3786 3307 et
3814 3251 3968 3307 defe-

547 3336 800 3410 justitiaa
855 3353 996 3391 meae
1047 3338 1462 3408 responderet;
1511 3340 1609 3394 sed
1660 3339 2070 3394 absconditum
2121 3344 2210 3395 est
2240 3321 2282 3387 C
2323 3340 2453 3396 cisti
2491 3358 2503 3395 :
2539 3340 2730 3411 tetigit
2773 3345 2848 3407 te,
2882 3346 2938 3393 et
2988 3321 3371 3397 conturbatus
3401 3357 3484 3397 es.
3508 3321 3631 3397 iUbi
3679 3345 3769 3397 est
3799 3340 3973 3397 timor

555 3425 835 3481 meritum
866 3426 995 3481 vitae
1026 3442 1186 3494 meae,
1220 3431 1278 3481 et
1328 3444 1430 3499 pro
1466 3427 1573 3484 hoc
1615 3445 1918 3500 poenarum
1952 3429 2209 3484 tenebris

553 3514 955 3571 circumdatus
1005 3532 1138 3571 sum
1174 3534 1187 3572 :
1222 3515 1301 3571 ita
1335 3521 1398 3571 ut
1440 3516 1582 3572 illud
1639 3519 1857 3573 bonum
1892 3517 2036 3572 mihi
2070 3519 2206 3574 sub-

551 3606 807 3659 tractum
839 3605 937 3670 sit,
969 3608 1026 3660 et
1046 3603 1155 3659 hoc
1188 3604 1408 3659 malum
1436 3605 1791 3677 appositum.
1819 3608 1978 3672 Quod
2011 3613 2208 3663 autem

552 3709 756 3765 pcnnas
829 3693 1203 3748 tenebrarum
1276 3694 1511 3749 nomine
1566 3696 1799 3761 dixerit,
1860 3696 1995 3751 audi
2067 3697 2207 3768 quid

554 3781 821 3853 sequitur
851 3798 865 3835 :

627 3892 655 3919 ‹‹
689 3874 1022 3941 Antequam
1078 3873 1383 3927 comedam
1439 3873 1692 3945 suspiro,
1727 3877 1782 3946 et
1828 3874 1994 3946 quasi
2036 3874 2208 3930 inun-

555 3959 763 4015 dantes
814 3975 1003 4030 aqum,
1060 3959 1143 4014 sic
1191 3960 1418 4032 rugitus
1468 3978 1655 4017 meus.
1692 3944 1741 4011 η’
1778 3944 1932 4018 Inter
1976 3970 2211 4020 caeteros

555 4048 875 4112 cruciatus,
928 4046 1104 4103 etiam
1164 4049 1315 4105 hanc
1373 4051 1423 4104 ei
1483 4050 1752 4106 diabolus
1810 4052 2209 4109 infirmitatem

554 4137 869 4208 inﬂixerat,
921 4154 1097 4209 quam
1155 4130 1556 4195 infirmitatem
1609 4140 1817 4195 medici
1867 4140 2212 4197 bolimiodes

554 4226 876 4300 appellant,
936 4244 1061 4299 quae
1117 4228 1431 4283 infirmitas
1483 4228 1655 4284 talem
1725 4229 1939 4285 habere
1998 4231 2212 4286 dicitur

556 4332 815 4388 pcenam,
851 4320 918 4372 ut
948 4321 1085 4372 ante
1116 4318 1308 4372 cibum
1342 4322 1683 4389 torqueatur
1702 4324 1975 4391 aegrotus,
2006 4325 2063 4374 et
2093 4322 2214 4376 sint

556 4404 610 4461 ei
644 4409 777 4476 post
826 4406 1019 4461 cibum
1078 4406 1478 4461 indesinentes
1526 4407 1775 4463 dolores.
1830 4408 1989 4463 Unde
2020 4410 2209 4465 dicit:

556 4495 739 4558 Quasi
769 4495 1128 4551 inundantes
1160 4512 1323 4566 aquae
1362 4496 1445 4549 sic
1479 4496 1705 4567 rugitus
1738 4514 1925 4553 meus.

638 4604 665 4632 (ι
696 4584 843 4641 Ouia
869 4584 1044 4638 timor
1076 4600 1248 4655 quem
1282 4584 1560 4639 timebam
1584 4587 1775 4641 evenit
1798 4588 1959 4643 mihi.
1986 4612 2011 4637 ››
2030 4589 2214 4646 Time-

562 4671 696 4763 bam
726 4671 1426 4763 enimpeccandoleedere
1445 4673 2214 4763 Deum,etneilleotfensus,
2253 4697 2295 4762 D
2329 4678 2509 4733 fuisse
2570 4678 2956 4749 periclitatum
3018 4678 3168 4749 (Gen.
3229 4696 3330 4748 x11,
3368 4680 3454 4751 13)
3503 4696 3516 4735 :

560 4759 713 4816 iram
757 4759 1000 4831 justitiaa
1031 4779 1151 4817 suae
1184 4762 1239 4816 in
1294 4779 1385 4817 me
1429 4769 1710 4819 exerceat.
1747 4765 1856 4820 Sed
1909 4766 2049 4837 quid
2084 4759 2216 4840 pro-1

563 4848 675 4906 fuit
730 4850 950 4906 cavisse
1007 4868 1040 4905 a
1095 4852 1365 4922 peccatis,
1421 4854 1896 4926 quandoquidem
1960 4861 2024 4910 ut
2081 4872 2214 4912 reus

564 4938 830 4996 omnium
864 4944 1233 5011 peccatorum
1268 4943 1634 4998 discrucior?
1664 4945 1940 5016 Sequitur
1972 4961 1983 5000 :

640 5050 667 5082 α
701 5030 769 5085 Et
799 5031 955 5101 quod
1004 5032 1246 5086 verebar
1276 5032 1508 5087 accidit.
1549 5055 1574 5081 ››
1605 5032 1747 5088 Aliis
1800 5034 1991 5088 verbis
2024 5034 2216 5106 ipsum

565 5119 795 5191 repetit,
829 5120 982 5192 quod
1043 5120 1313 5191 superius
1346 5120 1586 5176 dixerat.
1624 5122 1728 5177 Pro
1779 5123 2219 5179 conﬁrmatione

2318 3434 2481 3494 tuus,
2540 3428 2819 3483 fortitudo
2891 3433 3011 3497 tua,
3073 3430 3355 3502 patientia
3400 3434 3525 3499 tua,
3582 3435 3639 3486 et
3694 3430 3969 3503 perfectio

2318 3520 2545 3573 viarum
2594 3523 2827 3573 tuarum
2853 3518 2881 3573 ?
2910 3537 2936 3569 ιι
2976 3522 3093 3575 Ista
3121 3534 3257 3590 ergo
3289 3519 3348 3575 in
3397 3523 3664 3575 sanctum
3694 3520 3804 3575 Job
3835 3536 3968 3576 cum

2319 3606 2591 3663 irrisione
2639 3606 2960 3662 dicuntur:
2994 3612 3053 3663 et
3099 3609 3278 3664 istum
3329 3608 3549 3665 habent
3595 3625 3836 3665 sensum
3870 3625 3884 3663 :
3918 3609 3966 3665 si

2320 3696 2441 3751 haec
2473 3696 2711 3751 fecisses
2742 3712 2870 3767 quae
2904 3696 3043 3769 dixi,
3080 3713 3384 3768 nunquam
3417 3696 3476 3752 in
3508 3696 3631 3753 hinc
3659 3701 3780 3754 tam
3813 3697 3970 3754 mala

2321 3785 2391 3839 ad
2437 3783 2770 3856 exemplum
2820 3784 3159 3840 mortalium
3210 3786 3541 3856 incidisses,
3593 3786 3731 3858 quia
3789 3791 3967 3843 Deum

2322 3890 2516 3929 rerum
2577 3874 2843 3929 omnium
2922 3875 3281 3932 conditorem
3361 3877 3579 3934 bonum
3635 3877 3859 3934 scimus
3915 3880 3974 3933 et

2312 3964 2563 4035 justum.

2397 4075 2418 4101 σ
2457 4052 2805 4118 Recordare,
2859 4056 3100 4109 obsecro
3130 4060 3185 4109 te
3244 4072 3257 4110 :
3314 4054 3448 4127 quis
3495 4048 3655 4111 enim~
3711 4072 3972 4130 unquam

2321 4141 2601 4197 innocens
2629 4142 2821 4214 periit,
2846 4148 2948 4198 aut
2969 4144 3207 4215 quando
3247 4144 3384 4200 recti
3409 4143 3580 4200 deleti
3613 4146 3798 4202 sunt?
3827 4145 3974 4212 Quin

2323 4231 2517 4302 potius
2547 4232 2662 4285 vidi
2697 4248 2795 4286 eos
2828 4232 2927 4302 qui
2952 4238 3271 4304 operantur
3301 4232 3697 4303 iniquitatem,
3722 4239 3778 4290 et
3795 4234 3978 4290 semi-

2323 4325 2466 4375 nant
2497 4320 2747 4387 dolores,
2780 4325 2838 4376 et
2886 4327 3118 4377 metunt
3162 4340 3283 4391 eos,
3318 4322 3513 4378 ﬂlante
3562 4324 3698 4391 Deo,
3732 4324 3972 4396 perisse,

2322 4413 2381 4463 et
2411 4409 2623 4481 spiritu
2647 4409 2744 4465 irae
2772 4411 2899 4481 ejus
2923 4427 3050 4467 esse
3074 4418 3475 4484 consumptos.
3502 4433 3530 4462 »
3562 4414 3711 4485 Ergo
3738 4413 3972 4485 ignoras

2323 4498 2459 4553 Abel
2498 4499 2556 4553 in
2590 4499 2878 4571 principio
2912 4500 3279 4556 innocentem
3314 4502 3569 4556 occisum
3604 4501 3750 4573 (Gen.
3784 4516 3857 4565 ιν,
3889 4500 3967 4570 8),

2323 4592 2380 4643 et
2432 4589 2725 4644 Abraham
2779 4590 3171 4661 patriarcham
3219 4595 3459 4663 propter
3507 4605 3742 4646 uxorem
3797 4604 3962 4644 suam

3576 4684 3636 4736 et
3678 4679 3797 4735 hinc
3851 4694 3967 4734 non

2326 4767 2686 4836 discernens,
2722 4768 3071 4840 generaliter
3099 4769 3203 4825 das
3225 4770 3598 4837 sententiam,
3619 4774 3687 4825 ut
3711 4784 3843 4826 cum
3875 4767 3971 4825 alii

2327 4856 2634 4913 hominum
2688 4856 3055 4930 ﬂagellentur
3096 4875 3129 4913 a
3159 4858 3427 4925 Domino,
3461 4863 3528 4913 ut
3569 4859 3972 4925 emendentur,

2331 4946 2427 5000 alii
2479 4951 2544 5001 ut
2587 4948 2923 5018 probentur,
2958 4949 3030 5003 de
3078 4948 3293 5018 quibus
3338 4947 3447 5003 iste
3496 4953 3630 5004 est:
3684 4964 3790 5003 cur
3838 4947 3977 5004 huic

2332 5036 2494 5091 velut
2526 5053 2620 5090 reo
2654 5053 2883 5107 pmnam
2933 5037 3293 5109 exprobras?
3323 5036 3470 5103 Quin
3505 5037 3701 5110 potius
3747 5054 3846 5094 eos
3878 5036 3977 5109 qui

2337 5126 2732 5197 operabantur
2783 5126 3176 5198 iniquitatem,
3225 5128 3400 5182 ﬂante
3430 5127 3568 5197 Deo,
3621 5126 3840 5200 perisse
3873 5143 3885 5181 :
3918 5126 3977 5182 id

566 5208 704 5265 dicti
727 5208 990 5265 solentin
1008 5210 1324 5282 Scripturis
1347 5210 1719 5265 taliaiterari.
1745 5210 1869 5266 Non
1885 5217 2221 5281 arroganter
2270 5238 2275 5247 -
2328 5218 2437 5279 est,
2472 5219 2537 5270 ut
2565 5215 2782 5286 judicia
2818 5216 3108 5270 sententia
3154 5215 3312 5271 velut
3341 5221 3509 5272 vento
3539 5214 3977 5273 vehementissie

565 5297 687 5354 hac
716 5298 876 5369 dicit,
910 5302 974 5354 ut
1005 5298 1179 5354 faciat
1209 5299 1325 5354 Deo
1382 5300 1681 5371 injuriam,
1716 5300 1813 5354 sed
1850 5301 2216 5356 conscientiae

564 5387 771 5443 merito
801 5387 982 5444 libere
1011 5387 1289 5460 loquitur.

640 5477 899 5532 «Nonne
951 5477 1384 5534 dissimulavi?
1431 5500 1457 5527 ›ι
1520 5478 1641 5533 Non
1701 5478 1990 5534 reddendo
2051 5480 2214 5535 retri-

564 5562 884 5620 buentibus
918 5567 1056 5621 mihi
1097 5567 1247 5623 mala
1280 5568 1450 5640 (Psal.
1483 5585 1583 5635 vn,
1616 5570 1694 5634 3).

636 5675 664 5700 α
698 5652 900 5707 Nonne
930 5654 1117 5710 silui?
1151 5678 1178 5705 ››
1212 5656 1285 5711 Ut
1318 5674 1432 5711 non
1488 5656 1891 5728 delinquerem
1923 5657 1981 5711 in
2016 5657 2214 5730 lingua

566 5756 716 5807 mea,
751 5741 919 5813 posui
968 5743 1050 5799 osi
1085 5762 1212 5801 meo
1261 5745 1609 5802 custodiam.
1663 5746 1832 5816 (I’sal.
1866 5764 2101 5809 xxxvm.
2132 5750 2208 5819 2}.

2330 5319 2423 5358 mo
2456 5303 2721 5359 sublatos
2750 5321 2783 5359 a
2810 5320 2913 5376 spe
2944 5308 3168 5360 reterns:
3198 5305 3348 5360 vitae.

2402 5415 2427 5441 ‹‹
2463 5393 2713 5466 Rugitus
2742 5392 2948 5460 leonis,
2982 5397 3039 5448 et
3080 5409 3188 5448 vox
3229 5392 3442 5461 leaenae,
3475 5398 3533 5450 et
3578 5394 3780 5451 dentes
3810 5398 3973 5450 catu-

2323 5481 2517 5537 lorum
2549 5482 2783 5539 leonum
2835 5481 3067 5537 contriti
3115 5488 3273 5538 sunt.
3312 5507 3338 5532 ι)
3372 5485 3432 5539 In
3468 5484 3662 5557 rugitu
3696 5484 3887 5541 leaenis
3917 5488 3978 5540 et

2326 5587 2480 5633 voce,
2515 5571 2797 5627 saevitiam
2830 5571 3219 5642 depraedantis
3247 5572 3431 5627 voluit
3460 5572 3812 5646 significare.

2395 5682 2423 5708 ‹‹
2458 5659 2649 5732 Tigris
2680 5660 2870 5730 periit,
2903 5676 2969 5715 eo
3001 5661 3154 5731 quod
3189 5678 3304 5717 non
3334 5661 3576 5717 haberet
3604 5663 3882 5736 praedam,
3912 5666 3971 5717 et

2323 5750 2500 5805 catuli
2532 5749 2716 5805 leonis
2763 5749 3030 5823 dissipati
3081 5755 3239 5807 sunt.
3277 5752 3448 5809 Porro
3478 5753 3549 5809 ad
3597 5768 3693 5809 me
3740 5752 3963 5809 dictum
