4310 6584
385 449 506 516 666

387 593 478 646 est
505 590 744 648 verbum
777 589 1204 650 absconditum.
1269 617 1296 644 »

391 680 520 751 ejus
551 681 621 736 ad
680 680 1016 752 spoliandos
1073 682 1363 752 homines,
1398 687 1769 760 praadarnque
1823 705 1892 744 ex
1949 689 2032 745 eis

393 770 735 842 capiendam
768 771 1244 844 describit,cujus
1266 774 1439 831 etiam
1463 775 1636 832 catuli
1661 777 1884 834 similes
1905 780 2034 851 ejus

390 858 657 929 dissipati
691 863 916 914 suntet
947 859 1302 934 interempti.
1338 864 1400 919 In
1456 864 1570 920 alia
1624 867 1877 923 editione
1926 885 2032 940 pro

388 946 521 1019 tigri
547 947 984 1019 myrmicoleon,
1021 950 1076 1005 id
1109 956 1217 1018 est,
1282 952 1523 1008 formica
1573 958 1631 1009 et
1685 955 1794 1021 leo,
1855 973 2031 1028 quem

389 1050 495 1090 nos
525 1036 720 1092 verius
751 1038 1049 1094 diabolum
1083 1040 1444 1098 dixerimus:
1477 1043 1577 1114 qui
1623 1046 1854 1115 quando
1886 1063 2030 1116 prte-

387 1123 521 1179 dam
557 1126 697 1197 agit,
733 1128 804 1182 de
835 1128 1058 1185 sanctis
1086 1135 1369 1202 tanquam
1403 1132 1473 1186 de
1505 1133 1828 1204 majoribus
1857 1135 2033 1190 rebus

389 1217 453 1268 ut
482 1213 570 1270 lco
621 1214 927 1273 habendus
958 1223 1046 1274 est
1074 1235 1086 1272 :
1121 1220 1355 1291 quando
1384 1238 1517 1276 vero
1541 1223 1786 1278 minima
1827 1225 2034 1295 quaerit

385 1303 634 1370 auferre,
671 1306 912 1361 formica
944 1307 1228 1364 dicendus
1257 1315 1363 1364 est.
1425 1312 1490 1366 Et
1535 1313 1672 1383 quia
1719 1313 1870 1368 sicut
1918 1314 2032 1370 for-

387 1391 543 1446 mica
573 1409 756 1464 grana
785 1397 856 1450 de
913 1414 1066 1463 area,
1128 1399 1207 1454 ita
1264 1398 1358 1455 ille
1407 1401 1789 1473 cogitationes
1847 1403 2031 1458 bonas

388 1480 576 1534 aufert
600 1481 671 1537 de
702 1483 976 1540 cordibus
1008 1485 1334 1542 hominum.

461 1569 594 1624 «Et
649 1572 818 1642 quasi
879 1574 1085 1628 furtive
1140 1577 1398 1647 suscepit
1455 1578 1614 1632 auris
1674 1595 1800 1634 mea
1855 1595 2032 1636 venas

385 1658 611 1722 susurri
643 1660 787 1730 ejus.
825 1663 886 1717 In
921 1662 1158 1719 horrore
1185 1665 1426 1722 visionis
1448 1671 1762 1738 nocturnae,
1797 1669 2029 1740 quando

384 1745 532 1802 solet
562 1765 735 1820 sopor
765 1767 1050 1824 occupare
1083 1752 1351 1810 homines
1382 1772 1560 1828 pavor
1589 1760 1778 1813 tenuit
1826 1775 1938 1826 me,
1972 1764 2029 1814 et

379 1837 601 1891 tremor
642 1847 700 1894 et
755 1842 953 1896 omnia
1009 1859 1145 1898 ossa
1203 1859 1334 1899 mea
1386 1847 1694 1916 perterrita
1751 1851 1907 1902 sunt.
1965 1848 2029 1903 Et

383 1937 514 1978 cum
552 1926 796 1997 spiritus
830 1946 922 1984 me
944 1936 1226 2002 praesente
1276 1933 1572 2002 transiret,
1604 1935 2027 1991 inhorruerunt

382 2011 484 2082 pili
516 2016 710 2072 carnis
743 2035 906 2074 meae.
941 2019 1113 2076 Stetit
1147 2022 1413 2094 quidam,
1463 2027 1633 2097 cujus
1665 2043 1779 2081 non
1813 2044 2026 2098 cogno-

381 2107 616 2162 scebam
645 2106 895 2175 vultum,
919 2110 1112 2184 imago
1138 2129 1332 2169 coram
1363 2114 1549 2171 oculis
1580 2115 1812 2180 meis,et
1831 2133 2028 2172 vocem

385 2196 556 2268 quasi
587 2214 740 2251 aurae
771 2197 919 2253 lenis
951 2200 1144 2254 audivi
1179 2202 1474 2274 Numquid
1517 2203 1690 2260 homo
1727 2206 1822 2261 Dei
1871 2223 2027 2261 com-

387 2286 688 2360 paratione
737 2288 1163 2358 justiﬁcabitur
1212 2297 1363 2347 :aut
1419 2293 1631 2349 factore
1687 2311 1794 2350 suo
1828 2295 2032 2366 purior

384 2379 496 2432 erit
524 2376 613 2431 vir
641 2378 668 2432 ‘?
703 2399 730 2426 »
764 2377 822 2432 Id
855 2383 962 2446 est,
997 2378 1244 2436 latenter
1273 2381 1342 2436 ad
1402 2398 1604 2438 aurem
1665 2385 1856 2440 cordis
1892 2385 2025 2454 mei,

382 2465 569 2521 virtus
587 2467 889 2522 sententia:
910 2467 1067 2523 velut
1083 2471 1337 2540 quodam
1369 2471 1687 2542 spiramine
1710 2474 2031 2545 penetravit

459 2579 486 2604 ‹‹
519 2556 663 2612 Ecce
693 2555 792 2627 qui
827 2556 1086 2612 serviunt
1124 2558 1173 2614 ei
1229 2577 1343 2615 non
1393 2567 1532 2617 sunt
1588 2562 1847 2629 stabiles,
1882 2567 1940 2618 et
1969 2563 2026 2618 in

388 2643 612 2716 angelis
644 2645 770 2700 suis
801 2646 1016 2717 reperit
1046 2647 1411 2718 pravitatem.
1463 2650 1688 2713 Quanto
1749 2652 1938 2724 magis
1969 2652 2027 2707 hi

382 2735 483 2805 qui
513 2733 782 2790 habitant
839 2735 1044 2791 domos
1076 2735 1286 2792 luteas.
1316 2759 1343 2786 ν)
1377 2737 1602 2794 Dicitur
1632 2740 1870 2812 quidem
1905 2742 2028 2796 dia-

380 2822 536 2892 bolo,
567 2823 667 2896 qui
717 2823 1015 2895 quondam
1069 2819 1308 2882 sanctus
1366 2827 1567 2899 agelus
1619 2828 1747 2897 fuit,
1777 2831 1933 2902 quod
1969 2831 2026 2885 in

379 2912 620 2968 veritate
651 2928 764 2966 non
827 2912 1052 2968 steterit
1107 2914 1286 2985 (Joan.
1347 2933 1469 2979 vm,
1518 2917 1629 2988 44),
1685 2922 1743 2973 et
1797 2919 1870 2972 ab
1928 2919 2028 2975 illa

379 3000 744 3058 sublimitate
767 3001 1032 3074 angelica
1063 3003 1298 3075 propria
1353 3004 1653 3062 voluntate
1708 3006 2023 3063 deciderit:

376 3091 478 3147 sed
511 3094 706 3147 tamen
741 3107 856 3146 nou
889 3096 979 3149 est
1010 3093 1289 3149 continuo
1345 3096 1614 3166 generale
1642 3113 1656 3150 :
1693 3100 1758 3152 ut
1787 3097 1939 3153 sicut
1967 3098 2025 3153 in

380 3179 506 3246 illo,
541 3181 623 3236 ita
654 3185 712 3236 et
740 3181 796 3235 in
833 3182 1109 3238 omnibus
1141 3183 1330 3256 angeli
1370 3183 1700 3240 inveniatur
1750 3187 2026 3258 pravitas,

381 3287 507 3342 quae
541 3274 632 3326 est
663 3276 992 3341 peccatum.
1017 3271 1219 3335 Omnis
1252 3273 1408 3329 enim
1441 3278 1670 3345 natura,
1695 3275 1818 3332 sine
1849 3276 2026 3333 dubio

377 3364 592 3429 creata,
627 3376 808 3431 capax
837 3360 1058 3431 peccati
1089 3366 1180 3416 est
1212 3379 1226 3429 ;
1254 3367 1316 3416 ut
1377 3364 1650 3434 apparuit
1705 3365 1761 3420 in
1823 3366 2026 3438 angelo

376 3466 493 3521 quo
524 3448 641 3504 dixi
678 3465 692 3503 :
727 3449 868 3520 quia
897 3447 956 3503 in
988 3449 1229 3504 veritate
1252 3467 1366 3506 non
1398 3452 1557 3508 stetit
1585 3453 1768 3524 (Ibid)
1799 3459 2025 3511 :tamen

375 3555 481 3612 per
510 3538 731 3594 donum
757 3543 815 3594 et
845 3538 1093 3611 gratiam
1125 3540 1413 3596 Creatoris
1444 3541 1646 3606 sui,ita
1676 3543 1734 3598 in
1767 3561 2024 3600 amorem

376 3627 683 3684 charitatis
716 3627 874 3683 illius
906 3628 1361 3700 transierunt,ut
1383 3632 1506 3701 jam
1541 3648 1646 3686 nec
1682 3632 1860 3688 velint
1893 3650 2024 3705 pec-

376 3734 508 3775 care
539 3733 646 3772 nec
679 3717 930 3790 possint.

447 3829 475 3857 «
511 3806 618 3871 Qui
652 3811 950 3862 terrenum
1002 3806 1221 3863 habent
1285 3808 1753 3877 fundamentum,
1814 3828 2022 3869 consu-

376 3900 616 3952 mantur
645 3895 804 3952 velut
833 3913 866 3952 a
898 3896 1073 3952 tinea.
1109 3919 1136 3948 »
1172 3898 1228 3953 Si
1268 3898 1479 3955 domus
1509 3899 1680 3956 lutea:
1733 3906 1873 3958 sunt
1898 3919 2022 3958 cor-

374 4002 515 4058 pora
544 3990 748 4041 nostra
780 4001 793 4040 :
829 3985 1285 4042 fundamentum
1325 3988 1632 4044 domorum
1667 3995 2021 4060 nostrarum,

371 4076 548 4131 vitam
578 4074 730 4131 hanc
762 4075 1176 4146 temporariam
1208 4093 1357 4145 esse,
1408 4079 1765 4136 credendum
1796 4086 2026 4154 est,qua

372 4165 690 4231 subtracta,
725 4165 936 4221 domus
969 4164 1134 4221 lutea:
1168 4172 1348 4222 ruunt
1376 4167 1433 4222 in
1469 4173 1736 4224 mortem.

452 4275 472 4300 ι
509 4253 590 4308 De
623 4269 795 4308 mane
825 4271 1018 4327 usque
1051 4255 1122 4310 ad
1152 4271 1454 4327 vesperam
1515 4259 1911 4328 succidantur,
1970 4265 2027 4316 et

374 4341 514 4414 quia
544 4340 742 4397 nullus
773 4342 1072 4416 intelligit,
1107 4344 1167 4398 in
1221 4348 1502 4401 aeternum
1561 4347 1856 4418 peribunt.
1917 4349 2020 4416 Qui

371 4435 572 4488 autem
606 4430 816 4503 reliqui
849 4432 1430 4501 fuerint,auferentur
1446 4452 1513 4490 ex
1534 4436 1618 4491 eis
1655 4453 1666 4492 :
1702 4438 2026 4494 morientur

371 4525 572 4577 etnon
608 4520 666 4575 in
699 4521 1004 4593 sapientia.
1042 4545 1070 4571 ››
1137 4522 1198 4578 In
1258 4539 1373 4578 uno
1433 4523 1545 4593 die,
1605 4529 1787 4581 totam
1845 4526 2022 4582 vitam

371 4609 683 4666 hominum
739 4611 1086 4667 monstravit
1142 4629 1269 4684 quae
1311 4612 1370 4667 in
1433 4613 1652 4668 mundo
1708 4620 1927 4670 vernat.
1959 4617 2022 4672 In

371 4699 635 4772 parvulis
682 4700 848 4756 ﬂoret
876 4699 935 4756 in
970 4701 1290 4771 juvenibus
1346 4701 1718 4775 convalescit,
1749 4709 1805 4759 et
1860 4705 2022 4762 robo-
2051 4724 2098 4790 Β

372 4793 537 4845 ratur
567 4794 800 4844 matura
839 4794 1006 4846 aetate
1041 4806 1054 4846 :
1089 4790 1148 4846 in
1209 4791 1558 4858 senioribus,
1619 4797 1898 4865 tanquam
1962 4795 2018 4850 in

371 4878 680 4943 fructibus,
737 4878 786 4933 ei
846 4884 1206 4950 postremum
1269 4880 1325 4934 in
1373 4881 1667 4954 decrepita
1725 4887 2021 4939 senectute

369 4967 696 5035 conficitur,
732 4984 910 5040 quam
961 4967 1054 5024 hic
1102 4985 1402 5042 vesperam
1464 4969 1794 5043 appellavit.
1856 4972 2016 5028 Unde

369 5060 460 5111 est
488 5055 632 5112 illud
677 5057 735 5112 in
809 5057 1041 5114 Psalmo
1097 5075 1110 5114 :
1167 5060 1324 5115 Mane
1367 5061 1508 5115 sicut
1555 5061 1721 5117 herba
1768 5067 2015 5117 lranseat

366 5146 543 5214 (Psal.
578 5164 806 5213 Lxxx1x,
867 5149 943 5219 6),
1001 5153 1058 5204 et
1110 5148 1380 5220 reliqua:
1421 5149 1635 5205 decidit
1689 5151 1748 5206 in
1808 5159 2012 5208 morte.

365 5233 679 5291 induratur
709 5238 766 5292 in
799 5238 1096 5294 cadavere.

1021 5327 1253 5384 CAPUT
1285 5332 1352 5384 V.

433 5414 644 5472 «Voca
675 5433 812 5491 ergo
843 5418 894 5475 si
944 5422 1035 5474 est
1091 5417 1191 5489 qui
1248 5418 1352 5474 tibi
1411 5420 1778 5490 respondeat,
1838 5424 1897 5476 et
1941 5421 2012 5477 ad

363 5504 622 5578 aliquem
681 5511 1017 5564 sanctorum
1089 5512 1439 5564 convertere.
1499 5509 1702 5565 Virum
1763 5509 2010 5566 stultum

361 5594 638 5651 interficit
669 5596 995 5661 iracundia,
1027 5603 1084 5652 et
1140 5598 1448 5670 parvulum
1506 5599 1720 5654 occidit
1772 5599 2011 5656 invidia.

363 5685 484 5757 Ego
516 5685 633 5740 vidi
669 5687 917 5742 stultum
951 5686 1123 5742 ﬁrma
1180 5687 1392 5756 radice,
1449 5693 1501 5745 et
1564 5689 1834 5745 maledixi
1890 5690 2014 5763 pul-

367 5773 690 5831 chritudini
722 5776 850 5846 ejus
867 5775 1281 5847 statim.Longe
1307 5777 1448 5835 fient
1479 5777 1581 5832 filii
1613 5779 1741 5850 ejus
1772 5796 1806 5836 a
1827 5779 2014 5837 salute

1511 464 2022 528 COMMENTAR.
2068 464 2150 528 ΙΝ
2191 465 2331 529 JOB
2372 465 2545 528 CAP.
2591 465 2664 528 ν.

1355 596 1417 652 In
1481 598 1611 670 tigri
1667 598 2028 656 velocitatem
2057 601 2112 668 Α
2143 605 2200 658 et
2229 605 2601 658 conterentur
2629 601 2688 656 in
2721 603 2906 672 porta.
2949 601 3005 655 et
3043 615 3158 654 non
3215 595 3324 654 erit
3379 596 3480 669 qui
3535 600 3721 653 eruat.
3752 616 3779 648 η

3673 459 3795 525 666

2144 691 2400 748 Stultum
2434 691 2594 757 dicit,
2629 689 2728 762 qui
2763 690 2833 744 de
2865 688 2990 745 suis
3031 687 3255 744 meritis
3311 686 3613 760 gloriatur.
3675 685 3786 743 Sed

2141 781 2239 838 hic
2271 780 2767 853 pulchritudinem
2801 778 3037 834 nomine
3067 777 3224 833 falsae
3263 775 3558 832 felicitatis
3589 774 3786 848 appel-

2141 870 2224 926 lat
2259 889 2270 927 :
2305 888 2432 943 quae
2467 869 2866 926 maledicenda
2895 872 3004 932 est,
3040 871 3098 923 et
3128 866 3484 922 exsecranda
3513 869 3622 930 est,
3647 864 3787 934 quia

2142 977 2270 1016 eam
2303 959 2570 1033 sequitur
2597 959 2869 1015 interitus
2900 957 3318 1029 sempiternus.

2218 1067 2456 1139 «Cujus
2490 1082 2739 1122 messem
2771 1064 3077 1120 famelicus
3135 1063 3416 1132 comedet,
3476 1065 3533 1117 et
3587 1060 3783 1133 ipsum

2143 1155 2329 1227 rapiet
2359 1160 2642 1211 armatus:
2675 1159 2731 1210 et
2789 1154 2992 1208 bibent
3050 1153 3312 1208 sitientes
3371 1151 3604 1206 divitias
3659 1150 3788 1221 ejus

2142 1245 2297 1301 Nihil
2330 1246 2385 1299 in
2412 1250 2565 1300 terra
2596 1245 2722 1300 sine
2755 1259 2932 1298 causa
2961 1242 3056 1309 sit,
3089 1247 3146 1296 et
3177 1243 3247 1296 de
3276 1242 3455 1296 humo
3487 1257 3601 1295 non
3632 1256 3792 1310 egre-

2142 1335 2336 1390 dietur
2364 1334 2546 1390 dolor.
2589 1357 2608 1383 ι
2645 1334 2914 1397 Sitentes,
2948 1331 3221 1396 famelici,
3267 1334 3323 1385 et
3375 1330 3583 1385 armati
3618 1345 3629 1384 :
3665 1328 3788 1383 dia-

2141 1423 2312 1480 bolus
2341 1427 2398 1479 et
2428 1423 2519 1480 sui
2552 1425 2800 1494 possunt
2826 1420 3094 1493 intelligi,
3127 1417 3226 1492 qui
3260 1421 3605 1492 potestatem
3638 1417 3787 1473 acci-

2140 1513 2310 1585 piunt
2367 1530 2400 1568 a
2458 1513 2594 1580 Deo,
2646 1517 2711 1566 ut
2766 1514 2996 1567 vastant
3053 1509 3288 1581 iniquos
3329 1506 3460 1563 :vel
3519 1507 3786 1563 sitientes

2140 1601 2446 1657 hominum
2478 1605 2747 1666 mortem,
2782 1617 2954 1656 omne
3013 1597 3233 1654 scilicet
3281 1597 3500 1652 bonum
3561 1600 3786 1651 natura:

2139 1694 2195 1746 et
2224 1692 2378 1762 quod
2412 1691 2646 1746 nomine
2667 1688 2999 1744 divitiarum
3032 1689 3254 1743 dictum
3280 1691 3387 1752 est,
3415 1685 3488 1739 ab
3517 1684 3603 1741 eis
3629 1683 3786 1739 velut

2139 1780 2421 1835 haustum
2455 1781 2730 1853 poculum
2793 1775 3300 1835 absorbeturzvel
3349 1774 3618 1831 homines
3667 1773 3781 1829 ini-

2136 1869 2260 1940 qui,
2293 1869 2390 1940 qui
2427 1873 2702 1942 premunt
2731 1869 3047 1939 subjectos.

2061 1979 2106 2042 B
2214 1995 2238 2025 ιι
2274 1979 2455 2032 Homo
2485 1976 2748 2032 nascitur
2777 1977 2845 2032 ad
2879 1975 3137 2030 laborem
3169 1977 3226 2029 et
3247 1972 3369 2029 avis
3401 1972 3472 2028 ad
3494 1969 3776 2026 volatum.

2140 2065 2530 2129 Quamobrem
2563 2082 2667 2138 ego
2698 2066 3055 2138 deprecabor
3084 2063 3484 2127 Dominum,et
3505 2060 3573 2115 ad
3600 2061 3779 2116 Deum

2139 2171 2352 2225 ponam
2387 2154 2684 2226 eloquium
2717 2170 2936 2209 meum.
2973 2176 3000 2203 ››
3034 2153 3095 2206 Id
3128 2155 3237 2217 est,
3269 2150 3436 2206 labor
3481 2148 3779 2205 hominem

2140 2248 2337 2300 monet
2368 2245 2472 2315 [AL
2509 2244 2751 2315 manet],
2785 2243 2863 2299 ub
2895 2244 2966 2298 ab
2998 2241 3274 2298 omnibus
3315 2239 3470 2295 vitiis
3529 2237 3780 2310 castiga-

2138 2337 2233 2388 tus
2258 2333 2505 2391 incedat.

2209 2445 2237 2473 «
2273 2423 2380 2489 Qui
2413 2423 2549 2478 facit
2580 2439 2792 2496 magna
2823 2427 2880 2478 et
2909 2419 3334 2485 inscrutahilia,
3385 2423 3442 2474 et
3489 2415 3782 2473 mirabilia

2141 2505 2364 2584 absque
2397 2528 2662 2568 numero.
2713 2512 2818 2576 Qui
2868 2513 2967 2566 dat
3025 2509 3281 2583 pluviam
3335 2524 3511 2580 super
3574 2506 3780 2562 faciem

2138 2605 2323 2667 terrae,
2356 2606 2414 2657 et
2443 2602 2647 2674 irrigat
2677 2601 2846 2672 aquis
2881 2599 3166 2654 universa.
3196 2597 3304 2664 Qui
3335 2596 3501 2669 ponit
3527 2592 3784 2650 humiles

2139 2692 2198 2747 in
2235 2690 2506 2758 sublime,
2541 2694 2597 2746 et
2627 2695 2936 2745 maerentes
2986 2687 3157 2759 erigit
3212 2685 3510 2758 sospitate.
3559 2705 3588 2734 »
3623 2681 3695 2738 Ut
3723 2681 3783 2736 in

2139 2781 2281 2838 Filio
2312 2781 2410 2836 Dei
2444 2781 2619 2836 homo
2652 2779 2919 2836 Christus
2950 2779 3026 2834 sit
3063 2777 3237 2844 Deus,
3267 2781 3323 2830 et
3353 2791 3455 2847 per
3507 2789 3641 2828 eum
3672 2772 3782 2827 Ec-

2138 2870 2336 2926 clesia.

2211 2982 2241 3008 ‹‹
2272 2959 2378 3024 Qui
2413 2958 2665 3031 dissipat
2690 2957 3068 3031 cogitationes
3100 2953 3512 3028 malignorum,
3545 2968 3619 3007 ne
3647 2967 3782 3023 pos-

2138 3047 2215 3105 sit
2236 3047 2479 3120 implere
2509 3065 2725 3104 manus
2756 3063 2958 3103 eorum
2992 3045 3146 3118 quod
3181 3046 3475 3117 ceperant.
3514 3041 3780 3097 nJudzeo-

2138 3155 2270 3193 rum
2305 3136 2592 3207 videlicet,
2639 3137 2738 3208 qui
2798 3136 3092 3192 Christum
3156 3135 3508 3206 putaverunt
3564 3130 3782 3187 exstin-

2137 3243 2332 3300 guere,
2366 3233 2423 3281 et
2453 3243 2664 3282 nomen
2695 3227 2823 3298 ejus
2853 3223 3043 3281 delere
3069 3224 3141 3279 de
3173 3227 3340 3278 terra.
3403 3220 3504 3276 Vel
3534 3220 3591 3274 in
3624 3237 3784 3276 mar-

2137 3315 2365 3388 tyribus
2451 3317 2891 3388 persecutorum
2996 3311 3264 3368 Ecclesiae
3348 3309 3783 3366 adversantium

2139 3405 2448 3476 dissipavit
2479 3403 2879 3475 cogitationes,
2915 3401 3068 3456 sicut
3096 3397 3336 3454 Herodis
3358 3396 3416 3451 in
3466 3400 3635 3451 Petro
3665 3395 3784 3466 (Aet

2135 3511 2236 3562 xu,
2270 3495 2303 3548 3
2334 3493 2470 3565 seq.)
2500 3494 2570 3548 Et
2611 3492 2778 3547 aliter
2811 3509 2823 3546 :
2853 3489 2977 3546 Non
3009 3486 3252 3560 implent
3310 3501 3524 3541 manus
3577 3483 3780 3540 eorum

2136 3599 2251 3656 quo
2282 3582 2487 3638 volunt
2534 3581 2673 3654 quia
2705 3579 2802 3635 alii
2834 3595 3035 3636 eorum
3069 3577 3394 3632 liberantur
3421 3575 3490 3629 ad
3524 3577 3780 3645 tempus:

2137 3673 2234 3730 alii
2265 3689 2398 3729 vero
2430 3689 2532 3745 per
2555 3673 2806 3744 januam
2849 3669 3054 3725 mortis
3110 3666 3567 3722 introducuntur
3597 3663 3667 3720 ad
3697 3662 3780 3718 vi-

2135 3765 2254 3818 tam
2287 3767 2344 3818 et
2374 3762 2539 3834 istos,
2557 3765 2614 3817 et
2644 3760 2777 3816 illos
2809 3758 3058 3815 salvabit
3078 3754 3394 3813 Deus.Illos
3414 3757 3610 3826 aperte
3636 3751 3780 3809 libe-

2135 3853 2339 3920 rando,
2371 3851 2478 3907 hos
2510 3850 2732 3908 occulte
2763 3848 3115 3906 coronando.

2208 3982 2234 4010 ς.
2267 3959 2372 4022 Qui
2403 3957 2788 4030 apprehendit
2845 3955 3139 4028 sapientes
3197 3953 3256 4008 in
3313 3951 3528 4009 astutia
3557 3967 3780 4017 eorum,

2135 4053 2192 4104 et
2238 4048 2550 4103 consilium
2610 4061 2924 4119 pravorum
2981 4043 3248 4115 dissipat.
3313 4063 3341 4090 ››
3397 4039 3783 4112 Philosophos

2135 4135 2469 4207 scilicet,vel
2494 4136 2728 4191 Judaeos
2757 4133 3022 4189 doctrina
3044 4129 3394 4202 aspostolica
3413 4128 3782 4194 convincens,

2135 4230 2192 4281 et
2212 4226 2282 4282 ad
2317 4224 2566 4280 nihilum
2599 4239 2824 4280 errores
2855 4237 3056 4277 eorum
3090 4218 3378 4291 redigens.

2215 4357 2234 4382 σ
2278 4333 2384 4390 Per
2428 4333 2582 4387 diem
2643 4331 2943 4386 incurrent
2969 4328 3260 4383 tenebras.
3299 4348 3318 4374 ο
3373 4323 3507 4379 Dies
3553 4326 3676 4377 erat
3723 4321 3778 4376 in

2133 4423 2378 4488 Judazis,
2411 4423 2482 4477 de
2530 4438 2705 4493 regno
2765 4417 3109 4483 sacerdotio,
3166 4415 3312 4488 lege,
3371 4411 3546 4468 unius
3604 4411 3778 4466 etiam

2137 4512 2235 4568 Dei
2269 4511 2550 4584 religione
2583 4509 2973 4583 gloriantibus
3008 4525 3020 4562 ε
3054 4506 3154 4562 sed
3218 4521 3328 4559 non
3387 4503 3688 4558 credentes
3723 4500 3778 4555 in

2133 4600 2390 4668 Christo,
2424 4600 2699 4656 tenebras
2732 4597 2984 4670 perﬁdiae
3014 4595 3365 4652 inciderunt.

2206 4731 2233 4758 ‹‹
2266 4712 2332 4762 Et
2365 4707 2533 4778 quasi
2569 4707 2624 4762 in
2660 4710 2828 4760 nocte
2860 4704 2942 4760 sic
2975 4702 3297 4776 palpabunt
3337 4700 3395 4754 in
3441 4698 3708 4754 meridie.
3746 4717 3773 4750 ι»

2133 4797 2345 4868 Utique
2375 4794 2782 4868 prosperitatis
2822 4811 2960 4858 suae,
3021 4809 3148 4864 quae
3209 4806 3342 4846 cum
3401 4788 3572 4844 solito
3629 4787 3784 4843 circa

2133 4886 2330 4943 felices
2361 4884 2555 4940 saeculi
2583 4884 2762 4954 hujus
2795 4882 3102 4955 splendore
3159 4897 3318 4936 vanae
3375 4878 3594 4952 gloriae,
3649 4893 3776 4932 am-

2129 4976 2289 5050 plius
2324 4974 2516 5041 fuerit,
2549 4991 2666 5046 qua
2686 4989 2748 5028 se
2781 4973 2952 5045 longa
2982 4971 3300 5028 securitate
3333 4967 3592 5024 munitos
3614 4969 3778 5038 puta-

2128 5066 2270 5122 bant
2301 5080 2430 5120 eam
2466 5079 2654 5134 usque
2683 5063 2754 5118 ad
2788 5061 2975 5117 aztatis
3032 5078 3151 5116 suae
3208 5073 3506 5129 vesperam
3541 5070 3776 5126 posses.

2129 5172 2302 5210 suros
2339 5179 2352 5221 ς
2386 5153 2444 5208 in
2478 5151 2854 5208 tribulatione
2886 5151 3100 5217 subita,
3145 5165 3272 5220 quae
3324 5145 3509 5202 noctis
3540 5142 3776 5198 nomine

2127 5244 2282 5300 dicta
2311 5247 2422 5311 est,
2471 5247 2710 5315 stupore
2759 5241 2962 5311 nimio,
3024 5239 3079 5294 in
3138 5233 3427 5309 angustiis
3474 5229 3771 5300 coarctati,

2126 5333 2333 5390 mortis
2364 5332 2542 5389 etiam
2574 5331 2783 5388 timore
2837 5328 3114 5403 perculsi,
3175 5325 3411 5399 palpare
3466 5321 3764 5387 dicuntur,

2123 5422 2339 5496 perditi
2400 5422 2602 5493 utique
2659 5419 2926 5489 consilio,
2988 5418 3128 5491 quid
3181 5417 3433 5470 facerent
3489 5411 3768 5482 ignoran-

2121 5515 2230 5569 tes.

2196 5623 2224 5652 ‹‹
2254 5606 2430 5656 Porro
2461 5600 2687 5656 salvum
2721 5599 2892 5655 faciet
2937 5613 3184 5669 egenum
3239 5611 3270 5647 a
3302 5591 3494 5666 gladio
3524 5590 3643 5647 oris
3672 5606 3767 5647 eo-

2124 5708 2278 5762 rum,
2312 5695 2370 5746 et
2399 5691 2468 5745 de
2500 5707 2677 5745 manu
2714 5687 2948 5743 violenti
2980 5701 3314 5758 pauperem.
3352 5705 3379 5732 ››
3410 5680 3710 5739 Christum
3735 5698 3767 5737 a

2123 5780 2506 5854 blasphemiis
2535 5779 2891 5834 Judaeorum:
2915 5774 3054 5848 quia
3087 5773 3287 5847 lingua
3302 5788 3502 5830 eorum
3533 5770 3768 5844 gladius
