4310 6574
547 433 662 498 ωτ

2045 434 2463 499 APPENDIX.

548 576 757 628 acutus
787 571 899 628 fuit
927 570 1094 643 (Psal.
1131 588 1239 644 LVI,
1279 572 1357 644 5),
1421 571 1684 642 bicendO,
1744 569 2015 641 Cruciﬁae
2071 589 2196 628 eum
2224 573 2272 638 Δ
2307 578 2378 634 de
2408 578 2683 635 omnibus
2713 579 2933 636 sanctis
2960 579 3184 636 dictum
3214 579 3429 637 sentire
3449 580 3952 653 possumus,quod

550 662 730 734 (Joan,
754 679 872 728 nx,
901 664 958 728 6,
995 663 1101 735 15).

627 773 648 800 ο
673 753 742 807 Et
769 752 879 807 erit
907 768 1089 823 egeno
1120 769 1254 824 spes
1289 771 1301 808 :
1336 752 1619 826 iniquitas
1659 757 1852 807 autem
1893 751 2198 807 contrahet

553 855 618 897 es
649 858 844 897 suum.
883 842 1095 922 Beatus
1125 841 1300 898 homo
1341 844 1440 914 qui
1501 843 1814 914 corripitur
1869 860 1902 897 a
1933 844 2196 898 Domino.

556 931 1014 1003 lncrepationem
1045 949 1183 1004 ergo
1213 932 1443 988 Domini
1465 951 1535 989 ne
1561 934 1835 1004 reprobes
1867 951 1880 988 :
1915 933 2052 1005 quia
2075 934 2199 1006 ipse

555 1019 841 1091 vulnerat,
874 1026 930 1076 et
961 1022 1225 1077 medetur
1259 1039 1271 1076 :
1307 1023 1579 1094 percutit,
1612 1028 1669 1079 et
1709 1040 1920 1079 manus
1944 1025 2072 1093 ejus
2103 1041 2193 1079 sa-

557 1109 804 1166 nabunt.
841 1109 903 1165 ln
939 1127 1037 1166 sex
1076 1109 1556 1166 tribulationibus
1614 1111 1886 1167 liberabit
1940 1117 2014 1183 te,
2046 1118 2104 1168 et
2137 1114 2195 1168 in

557 1200 810 1271 septima
841 1216 955 1255 non
990 1204 1189 1271 tanget
1241 1205 1296 1254 te
1347 1199 1589 1256 malum.
1650 1205 1713 1255 In
1748 1203 1898 1256 fame
1953 1207 2116 1257 eruet
2143 1207 2199 1256 te

555 1289 627 1344 de
658 1294 861 1344 morte.
897 1312 917 1337 ι
966 1289 1435 1344 Resurrectionis
1493 1290 1708 1346 Christi
1767 1291 2040 1347 virtutem
2103 1310 2196 1346 os-

549 1378 756 1434 tendit.

623 1489 651 1516 ‹‹
681 1468 750 1522 Et
780 1468 836 1522 in
871 1467 1020 1523 bello
1053 1468 1124 1524 de
1157 1487 1334 1525 manu
1377 1470 1578 1542 gladii.
1641 1492 1667 1519 η
1727 1471 1836 1525 Sed
1871 1471 2197 1535 videamus.

553 1573 625 1612 ne
656 1557 799 1612 forte
830 1557 1090 1629 gladium
1125 1564 1426 1630 peccatum
1457 1560 1636 1625 dicat,
1677 1560 1965 1616 dimicans
1997 1566 2201 1617 contra

552 1645 809 1702 animam
844 1646 1125 1714 hominis,
1159 1653 1224 1702 ut
1253 1665 1380 1704 eam
1415 1650 1525 1704 sibi
1568 1651 2033 1722 acquiescentem
2068 1668 2198 1723 pro-

553 1739 797 1792 sternat.
832 1737 989 1801 Quod
1027 1742 1326 1808 peccatum
1359 1737 1538 1810 gladii
1591 1739 1825 1795 nomine
1855 1741 2070 1796 dicitur
2100 1758 2201 1813 per

553 1824 1009 1896 prophetam,ut
1047 1826 1128 1881 ait
1174 1843 1186 1881 :
1231 1827 1544 1898 Speculator
1597 1831 1652 1888 εἰ
1703 1830 1901 1885 viderit
1953 1830 2202 1901 gladium

551 1915 854 1969 venientem
883 1915 1095 1984 (Each.
1130 1933 1324 1981 xxxm,
1356 1918 1431 1986 6).

2229 1949 2277 2014 Β

2309 666 2463 724 ﬁlios
2488 668 2545 724 in
2579 669 2852 741 operibus
2883 669 3052 725 bonis
3081 669 3356 725 habeant.
3408 670 3508 725 Isti
3539 669 3683 726 tales
3715 669 3819 726 filii
3853 687 3950 727 co-

2307 759 2660 829 gitationum
2695 759 2916 815 semine
2947 759 3206 831 concepti
3240 761 3548 830 pariuntur
3573 761 3632 815 in
3665 777 3862 833 opera,
3894 765 3954 817 et

2308 849 2491 902 sancti
2526 849 2704 919 hujus
2753 849 3147 920 generationis
3205 849 3515 906 multidine
3570 850 3949 923 gloriantur:

2307 937 2583 1008 quoniam
2615 937 2832 993 talibus
2865 939 3053 1009 magis
3084 955 3257 1010 quam
3304 939 3638 996 carnalibus
3669 939 3805 996 ﬁliis
3836 941 3953 997 Deo

2308 1026 2535 1098 placere
2598 1027 2928 1083 voluerunt.
3014 1029 3208 1084 Potuit
3280 1045 3386 1100 ego
3455 1029 3711 1100 Eliphaz,
3778 1031 3950 1100 quasi

2308 1116 2620 1171 consilium
2656 1117 2804 1172 dans
2839 1117 2972 1182 Job,
3006 1117 3085 1172 ita
3141 1118 3332 1173 dicere
3365 1135 3376 1172 :
3404 1117 3463 1173 Si
3508 1135 3826 1174 conversus
3875 1119 3948 1174 ad

2308 1203 2491 1260 Deum
2525 1205 2726 1271 fueris,
2759 1206 2840 1260 ita
2869 1210 2933 1260 ut
2954 1210 3008 1260 te
3038 1211 3272 1261 tuorum
3295 1222 3535 1278 operum
3569 1207 3948 1279 antiquorum

2307 1294 2601 1365 pmniteat,
2634 1294 2821 1350 cordis
2869 1296 2954 1348 tui
3013 1295 3351 1360 virtutibus,
3406 1295 3566 1351 velut
3623 1297 3951 1352 seminibus

2308 1383 2655 1439 abundabis.
2694 1388 2768 1439 De
2816 1384 3032 1454 quibus
3082 1401 3256 1455 opera
3301 1385 3455 1440 bona
3500 1388 3779 1457 tanquam
3809 1402 3953 1440 san-

2307 1472 2525 1527 ctitatis
2557 1472 2707 1528 filios
2773 1472 2988 1544 poteris
3051 1489 3350 1544 procreare
3397 1473 3517 1529 :ita
3549 1479 3614 1530 ut
3645 1475 3951 1546 progenies

2309 1577 2550 1633 operum
2571 1567 2805 1617 tuorum
2823 1562 3183 1618 multitudini
3200 1563 3513 1618 herbarum
3536 1563 3946 1620 virescentium

2309 1656 2698 1723 comparetur,
2733 1668 2982 1723 quarum
3033 1653 3277 1712 radices,
3302 1651 3350 1708 si
3382 1669 3484 1724 spe
3515 1653 3676 1709 intus
3734 1652 3951 1709 habeas

2307 1740 2366 1795 in
2398 1741 2568 1796 corde
2616 1742 2855 1808 defixas,
2888 1746 3041 1798 terra
3091 1745 3192 1796 tua
3241 1741 3416 1797 ﬂores
3465 1758 3599 1797 cum
3657 1742 3948 1798 fructibus

2308 1829 2680 1901 germinabit.

2381 1942 2407 1967 ‹‹
2443 1918 2788 1990 lngredieris
2834 1919 2893 1973 in
2953 1919 3316 1975 abundantia
3373 1919 3737 1991 sepulcrum,
3795 1921 3949 1976 sicut

627 2025 655 2051 ‹‹
691 2005 736 2056 Δ
769 2002 994 2075 ﬂagello
1024 2002 1236 2076 linguae
1280 2006 1676 2074 absconderis,
1709 2012 1764 2063 et
1796 2025 1908 2064 non
1962 2009 2198 2065 timebis
2237 2002 2276 2014 “’
2308 2008 2491 2064 fertur
2539 2025 2782 2064 acervus
2813 2007 2986 2064 tritici
3020 2009 3078 2063 in
3136 2014 3397 2080 tempore
3445 2025 3572 2064 suo.
3609 2031 3638 2058 ››
3669 2011 3950 2064 Consum-

555 2089 946 2148 calamitatem
978 2109 1110 2148 cum
1165 2095 1405 2149 venerit.
1451 2117 1478 2143 »
1527 2096 1585 2150 Si
1645 2113 1958 2153 conversus
2020 2098 2197 2154 fueris

557 2179 630 2244 ad
661 2180 864 2236 Deum.
899 2180 1175 2238 interiora
1205 2187 1326 2254 tua,
1360 2183 1538 2257 gladii
1571 2187 1900 2256 verborum,
1957 2205 2059 2259 per
2088 2187 2196 2242 lin-

2308 2097 2483 2151 matis
2515 2098 2688 2152 annis
2721 2103 2998 2170 provecta
3030 2099 3240 2163 atatis,
3273 2099 3597 2170 plenusque
3627 2097 3856 2153 dierum
3889 2098 3947 2152 in

2308 2187 2606 2242 tumulum
2639 2188 2866 2258 positus
2901 2187 3248 2259 requiesces,
3284 2193 3349 2242 ut
3396 2188 3453 2241 in
3503 2192 3763 2258 tempore
3802 2187 3952 2258 justi

557 2283 729 2338 guam
755 2269 998 2340 jaculati
1031 2289 1144 2327 non
1197 2278 1523 2344 penetrant,
1583 2280 1640 2330 et
1697 2275 2080 2340 calamitates,
2114 2277 2198 2332 vel
2301 2276 2510 2346 judicii
2542 2277 2658 2339 Dei,
2691 2295 2725 2332 a
2755 2276 3028 2332 sordibus
3053 2281 3421 2348 peccatorum
3453 2276 3716 2331 minimis
3745 2282 3801 2330 et
3821 2275 3953 2331 levi-

557 2356 716 2416 mala
745 2376 872 2430 qua;
902 2377 933 2415 ι
969 2365 1079 2416 Deo
1123 2361 1456 2435 irrogantur
1503 2367 1925 2436 peccatoribus,
1977 2383 2090 2422 non
2135 2366 2201 2421 ti-

558 2447 765 2505 mebis.

627 2558 655 2584 ‹‹
683 2536 743 2593 In
776 2537 1045 2594 vastitate
1075 2545 1132 2595 et
1162 2540 1314 2597 fame
1363 2542 1601 2599 ridebis.
1663 2567 1690 2592 »
1743 2544 1999 2610 Ridebis,
2030 2544 2196 2611 dixit,

557 2641 661 2698 pro
691 2626 1033 2692 exsultabis,
1066 2633 1241 2702 atque
1271 2633 1576 2703 gaudebis.
1602 2638 1658 2688 et
1697 2633 1865 2690 laatus
1895 2633 2031 2704 eris,
2064 2651 2196 2689 cum

555 2713 702 2779 alios
731 2716 945 2774 videris
977 2719 1130 2774 fame
1161 2719 1315 2776 affici
1348 2721 1466 2778 sive
1524 2723 1814 2794 praesenti,
1870 2725 1990 2780 sive
2020 2724 2196 2780 etiam

554 2801 953 2861 intellectuali.

631 2915 660 2944 ‹‹
689 2893 760 2950 Et
791 2895 1008 2952 bestias
1037 2901 1201 2954 terra:
1231 2916 1344 2955 non
1401 2901 1766 2958 formidabis.
1806 2926 1825 2950 ιι
1862 2903 1992 2960 Haec
2025 2904 2198 2974 septi-

557 2987 1045 3056 maextremaque
1073 2987 1393 3044 tribulatio.
1456 2990 1656 3047 Bestiae
1712 2995 1898 3058 terrae,
1950 2999 2199 3065 possunt

557 3073 614 3125 et
643 3071 755 3127 ista
784 3072 1107 3130 animantia
1138 3093 1262 3147 quae
1294 3081 1434 3132 sunt
1479 3079 1604 3134 sine
1652 3081 1873 3136 ratione
1929 3081 2197 3154 intelligi,

557 3160 772 3233 quibus
801 3161 872 3216 ad
896 3162 1290 3222 devorandum
1323 3165 1592 3224 homines
1615 3169 1832 3225 dantur
1862 3169 1918 3224 in
1955 3175 2200 3243 potesta-

556 3256 674 3308 tem
709 3255 765 3308 et
805 3251 1075 3310 homines
1117 3255 1278 3320 mali,
1329 3255 1530 3313 bestias
1583 3257 1972 3332 appellantur,
2009 3277 2199 3316 mores

2310 2365 2421 2420 bus
2452 2370 2735 2438 purgatus
2765 2366 3079 2422 inveniaris
3113 2383 3126 2421 :
3158 2365 3317 2422 velut
3345 2365 3603 2420 triticum
3634 2365 3789 2436 quod
3820 2381 3952 2420 coa-

2309 2459 2574 2510 cervatur
2596 2455 2652 2509 in
2687 2472 2902 2510 aream.

2380 2568 2407 2594 ‹‹
2460 2545 2602 2600 Ecce
2650 2544 2758 2600 hoc
2809 2549 2873 2600 ut
2936 2544 3438 2616 investigavimus,
3487 2543 3572 2599 ita
3618 2550 3727 2610 est,
3795 2545 3948 2615 quod

2309 2633 2577 2688 auditum
2611 2638 2806 2690 mente
2831 2639 3140 2706 protracta.
3179 2653 3208 2682 ι»
3240 2633 3356 2688 Hoc
3396 2631 3556 2698 dicit,
3590 2648 3952 2704 quaecunque

2307 2740 2342 2778 ο.
2386 2739 2479 2777 me
2518 2722 2622 2778 tibi
2672 2724 2828 2779 dicta
2876 2729 3036 2789 sunt,
3105 2722 3418 2794 diligenter
3487 2720 3772 2794 investiga
3815 2737 3952 2776 vera

2309 2811 2558 2877 noveris,
2587 2827 2714 2883 quis
2764 2811 2875 2884 ipsi
2927 2813 2996 2868 ad
3047 2811 3514 2868 emendationem
3563 2815 3726 2866 tuam
3775 2810 3952 2866 debes

2307 2900 2480 2955 corde
2513 2899 2827 2972 percipere.

2942 2989 3178 3046 CAPUT
3209 2988 3303 3045 VI.

2378 3101 2406 3126 ‹‹
2440 3079 2817 3151 Respondens
2847 3082 3041 3134 autem
3073 3079 3182 3134 Job
3215 3077 3358 3134 dixit
3392 3094 3405 3132 :
3453 3077 3689 3133 Utinam
3731 3093 3949 3148 appen-

2307 3167 2587 3222 derentur
2617 3173 2850 3238 peccata
2882 3183 3010 3222 mea
3039 3168 3255 3240 quibus
3293 3166 3441 3222 iram
3475 3165 3682 3233 merui,
3715 3171 3771 3222 et
3799 3165 3954 3221 cala-

2315 3257 2509 3323 mitas,
2539 3274 2716 3330 quam
2751 3257 2958 3328 patior,
2992 3257 3050 3312 in
3082 3261 3299 3313 statera
3333 3274 3344 3311 :
3377 3255 3547 3327 quasi
3571 3271 3747 3311 arena
3775 3253 3956 3310 maris

557 3340 839 3398 habentes
868 3341 1091 3399 similes
1124 3343 1388 3401 moribus
1421 3320 1764 3416 bestiarum,
1826 3320 2026 3406 contra
2056 3365 2204 3421 quas
2235 3320 2278 3387 Ο
2317 3347 2439 3403 haec
2471 3320 2702 3419 gravior
2732 3320 3056 3418 appareret.
3098 3345 3261 3402 Unde
3297 3350 3355 3400 et
3383 3320 3561 3401 verba
3606 3361 3736 3400 mea
3765 3343 3962 3399 dolore

559 3447 856 3504 pugnasse
906 3449 967 3487 se
1015 3433 1230 3506 Ephesi
1281 3433 1424 3490 dicit
1481 3435 1800 3508 Apostolus
1860 3439 1902 3507 (l
1957 3439 2080 3494 Cor.
2113 3457 2206 3508 xv,

558 3522 824 3593 32).:Non
857 3522 1201 3578 formidabis
1231 3539 1389 3596 ergo,
1422 3524 1636 3596 inquit,
1669 3525 1776 3584 hoc
1797 3527 2040 3596 malum,
2073 3545 2206 3584 cum

561 3615 867 3683 correptus
925 3629 960 3668 a
1016 3612 1288 3679 Domino,
1336 3614 1490 3669 viam
1540 3615 1970 3674 emendationis
2027 3617 2209 3674 intra-

561 3715 732 3755 veris.

641 3810 668 3839 ι(
697 3789 804 3843 Sed
836 3805 969 3844 cum
1002 3789 1298 3861 lapidibus
1327 3791 1630 3865 regionum
1688 3798 2145 3866 pactumtuum.
2182 3819 2204 3848 1

565 3877 814 3950 Lapides
842 3895 945 3950 per
975 3878 1399 3950 metaphoram,
1427 3881 1696 3938 homines
1721 3883 1868 3938 dixit
1888 3882 2128 3938 stabiles
2158 3890 2214 3939 et

565 3967 922 4040 quietos,qui
954 3973 1092 4023 sunt
1113 3968 1312 4041 utique
1336 3969 1483 4041 justi
1516 3975 1572 4025 et
1603 3972 1789 4026 sancti
1819 3989 1830 4027 :
1865 3971 1920 4026 hi
1958 3989 2213 4044 namque

567 4056 626 4112 in
660 4057 898 4113 modum
934 4057 1193 4131 lapidum
1230 4059 1380 4114 firmi
1405 4059 1463 4114 in
1502 4065 1609 4115 Deo
1637 4065 1916 4133 sunt,per
1947 4062 2212 4133 regiones

564 4147 756 4203 varias
787 4148 1107 4203 constituti.
1150 4148 1292 4204 Cum
1328 4149 1418 4204 bis
1459 4148 1654 4222 itaque
1686 4149 1929 4206 habebis
1977 4157 2210 4223 pactum

569 4236 1228 4307 solidze,charitatis,'_ut
1257 4239 1327 4292 ab
1349 4239 1434 4293 eis
1465 4255 1770 4310 nunquam
1831 4245 1884 4294 tc
1913 4239 2213 4294 tribulatio

567 4327 755 4398 possit
786 4325 1053 4383 avellere.

636 4439 664 4466 «
699 4416 766 4471 Et
787 4416 984 4472 bestia;
1017 4421 1182 4470 terra:
1212 4415 1467 4487 pacificis
1496 4421 1666 4470 erunt
1699 4416 1825 4470 tibi.
1879 4437 1905 4466 »
1940 4416 2216 4473 Homines

565 4503 834 4560 videlicet
865 4505 1162 4576 quondam
1197 4504 1300 4559 teri
1334 4509 1390 4558 et
1421 4503 1580 4573 mali,
1616 4506 1672 4560 in
1736 4505 2094 4573 innocentia,
2153 4511 2217 4562 ut

570 4609 702 4650 oves
725 4593 910 4649 eii'ecti
947 4611 959 4661 ;
994 4609 1207 4648 nomen
1257 4598 1451 4649 tamen
1513 4594 1823 4667 pristinum
1875 4596 2214 4666 retinentes,

2318 3440 2457 3490 sunt
2486 3435 2677 3507 plena.
2714 3457 2741 3483 »
2776 3434 2978 3490 Dicitis
3013 3449 3104 3489 me
3148 3433 3398 3505 peccatis
3426 3431 3573 3488 meis
3618 3430 3965 3487 facientibus

2318 3523 2432 3581 ista
2457 3525 2573 3596 pati
2607 3542 2618 3579 :
2654 3527 2890 3596 propter
2919 3523 3074 3595 quod
3104 3521 3299 3582 velim.
3360 3525 3426 3576 ut
3479 3525 3718 3593 peccata
3765 3524 3972 3575 contra

2319 3614 2714 3671 calamitatem
2781 3613 2930 3668 hane
2985 3628 3162 3684 quam
3225 3610 3414 3684 patior
3465 3613 3870 3683 pensarentur,
3914 3614 3972 3662 et

2319 3705 2476 3760 illico
2502 3701 2945 3774 videretis,quia
2975 3701 3096 3757 haec
3126 3701 3256 3772 ipsa
3286 3698 3590 3756 calamitas
3619 3697 3778 3754 velut
3798 3714 3973 3753 arena

2323 3795 2502 3850 maris
2533 3809 2712 3864 supra
2741 3807 2958 3847 morum
3009 3794 3378 3860 peccatorum
3429 3789 3638 3846 merita
3689 3787 3972 3859 pondera-

2303 3882 2426 3940 'ret.

2397 3996 2424 4024 ‹‹
2451 3971 2596 4036 Quia
2625 3970 2852 4042 sagitta:
2883 3969 3110 4025 Domini
3144 3969 3204 4024 in
3249 3985 3343 4024 me
3396 3971 3554 4038 sunt,
3603 3983 3854 4038 quarum
3885 3965 3970 4021 in-

2321 4062 2580 4134 dignatio
2611 4061 2793 4116 ebibit
2825 4059 3096 4132 spiritum
3121 4075 3344 4125 meum,
3375 4063 3432 4113 et
3460 4062 3710 4113 terrores
3742 4055 3971 4112 Domini

2325 4151 2585 4206 militant
2616 4153 2819 4204 contra
2850 4164 2962 4204 me.
2997 4170 3025 4197 ››
3058 4147 3160 4204 Hic
3200 4151 3388 4220 potest
3433 4145 3640 4212 videri,
3673 4145 3830 4217 quod
3867 4161 3969 4200 su-

2322 4241 2522 4314 perius
2596 4237 2940 4311 sagittarum
2993 4237 3231 4293 nomine
3305 4251 3532 4292 vermes
3593 4234 3803 4290 dixerit
3851 4235 3972 4304 (Job

2324 4347 2410 4400 ιιι,
2441 4329 2532 4400 26)
2567 4345 2579 4383 :
2615 4345 2648 4384 a
2685 4327 2902 4398 quibus
2960 4332 3086 4382 tum
3128 4325 3528 4382 indesinenter
3582 4323 3970 4396 pungebatur,

2325 4435 2429 4474 nec
2459 4418 2616 4491 loqui
2651 4416 3102 4488 permittebatur
3135 4431 3147 4468 :
3182 4431 3296 4470 non
3329 4413 3483 4486 quod
3531 4429 3757 4469 vermes
3794 4411 3970 4466 talem

2325 4524 2570 4564 sensum
2625 4505 2963 4571 habuerint,
3017 4509 3084 4558 ut
3126 4503 3235 4560 hoc
3285 4503 3510 4575 judicio
3549 4503 3817 4564 facerent,
3866 4499 3969 4554 sed

2325 4598 2618 4671 permissu
2652 4596 2774 4663 Dei,
2827 4612 2861 4648 a
2912 4597 3194 4666 potestate
3234 4592 3585 4659 adversaria,
3627 4594 3687 4646 ut
3717 4587 3970 4645 acriores

569 4683 724 4739 sicut
780 4683 851 4737 de
907 4682 1177 4739 Mattbaao
1235 4683 1595 4756 evangelista
1647 4684 1861 4740 dicitur
1895 4686 2290 4762 :Matthaeusp
2319 4691 2538 4753 essent,
2573 4685 2746 4741 etiam
2781 4683 2924 4756 ipsis
2981 4681 3238 4739 motibus
3291 4682 3588 4755 agebant:
3638 4679 3789 4735 sicut
3813 4677 3970 4734 locu-

565 4773 912 4846 pubticamus
939 4773 1143 4844 (Matth.
1178 4791 1232 4840 x,
1264 4774 1338 4842 3).

646 4885 667 4910 α
720 4862 786 4916 Et
833 4862 983 4918 scies
1030 4863 1182 4933 quod
1251 4879 1451 4936 pacem
1512 4863 1723 4920 habeat
1769 4865 2211 4920 tabernaculum

569 4956 800 5008 tuum.»
822 4953 905 5007 Ab
936 4952 1066 5008 istis
1099 4952 1373 5008 omnibus
1406 4952 1623 5024 quibus
1653 4952 1814 5009 velut
1843 4953 1914 5008 ab
1945 4953 2216 5009 hostibus

571 5047 943 5116 expugnatur
964 5041 1429 5109 tabernaculum,
1476 5041 1562 5097 vel
1619 5041 1900 5098 habitatio
1948 5042 2067 5098 sive
2115 5044 2212 5098 do-

568 5149 701 5188 mus
730 5133 992 5205 corporis
1025 5133 1133 5188 tui.

643 5247 669 5272 «
707 5225 777 5280 Et
803 5223 1052 5279 visitans
1083 5223 1336 5294 speciem
1361 5226 1522 5276 tuam
1557 5239 1670 5276 non
1714 5221 2003 5292 peccabis.
2041 5245 2061 5272 »
2099 5225 2217 5276 Hoc

568 5312 711 5370 dicit
765 5314 808 5381 εξ
832 5311 1097 5369 Hominis
1145 5311 1232 5366 tui
1289 5310 1566 5382 speciem,
1635 5328 1668 5366 ο
1723 5311 1854 5377 Job,
1909 5314 1972 5364 ut
2018 5309 2218 5364 divina

569 5402 906 5459 visitatione
937 5402 1176 5476 dignam
1209 5399 1484 5455 exhibeas
1513 5405 1684 5472 peto:
1719 5417 1785 5454 ac
1814 5397 2216 5468 habitationis,

569 5497 627 5547 et
673 5491 995 5547 habitantis
1045 5491 1280 5547 nomine
1330 5495 1518 5546 totum
1565 5491 1860 5561 integrum
1917 5486 2214 5543 hominem

569 5579 842 5652 signavit.

641 5691 667 5718 α
702 5670 770 5723 Et
801 5669 948 5723 scies
980 5669 1255 5739 quoniam
1291 5666 1599 5740 multiplex
1643 5668 1753 5722 erit
1811 5681 2010 5721 semen
2042 5671 2210 5721 tuum

565 5765 624 5816 et
657 5758 964 5833 progenies
995 5765 1097 5816 tua
1126 5759 1295 5832 quasi
1329 5759 1512 5818 herba
1538 5763 1726 5816 terrae.
1764 5779 1791 5807 υ
1821 5756 2217 5830 Spiritualiter

2329 4781 2454 4843 stre,
2490 4792 2705 4830 musca:
2737 4778 2795 4828 et
2817 4789 2971 4828 ranae
3005 4772 3063 4826 in
3099 4776 3346 4843 IEgypto
3401 4771 3593 4842 (Exod.
3623 4786 3680 4825 x.
3714 4770 3814 4834 18;
3844 4781 3972 4833 vm,

2326 4866 2418 4932 24,
2450 4865 2527 4934 6).
2554 4861 2714 4926 Quod
2776 4865 2969 4916 autem
3029 4859 3222 4915 dixit:
3289 4861 3541 4914 Terrores
3596 4858 3816 4914 Domini
3867 4857 3978 4911 mi-

2330 4955 2494 5008 litant
2541 4955 2735 5006 contra
2782 4966 2890 5014 me,
2943 4953 3134 5020 potest
3182 4948 3306 5020 ipse
3348 4947 3619 5004 diabolus
3665 4963 3800 5003 cum
3851 4945 3976 5001 suis

2330 5040 2579 5112 intelligi
2610 5057 2622 5095 :
2656 5038 2756 5112 qui
2787 5037 3069 5094 adhibitis
3113 5037 3430 5102 cruciatus,
3480 5041 3544 5092 ut
3573 5036 3816 5092 caderet
3841 5035 3975 5099 Job,

2325 5136 2387 5186 et
2416 5134 2481 5185 ut
2511 5128 2906 5185 innocentiam
2928 5127 3425 5198 sanctitatemque
3468 5125 3784 5191 amitteret,
3813 5127 3977 5181 insu-

2327 5237 2430 5292 per
2458 5219 2780 5275 terroribus
2809 5217 3147 5273 minabatur
3180 5240 3195 5283 ;
3229 5216 3383 5287 quod
3413 5215 3592 5271 etiam
3643 5214 3813 5270 multi
3843 5231 3968 5286 per-

2329 5314 2647 5378 secutores,
2682 5307 2938 5363 ministri
2971 5305 3210 5372 diaboli,
3246 5304 3468 5361 sanctis
3505 5303 3864 5376 martyribus
3894 5303 3979 5358 fa-

2326 5415 2454 5454 cere
2483 5398 2821 5453 voluerunt.
2866 5394 3200 5454 Obsedcrunt
3253 5397 3315 5450 in
3370 5410 3506 5466 gyro
3559 5393 3981 5450 tabernaculum

2323 5506 2510 5545 meum
2539 5490 2674 5559 (Job.
2707 5504 2824 5556 xxx,
2859 5487 2969 5555 12).
3021 5485 3162 5540 Ecce
3206 5484 3300 5541 hic
3348 5483 3659 5541 manifeste
3700 5482 3978 5551 ostendit,

2321 5579 2480 5650 quod
2514 5576 2673 5632 velut
2702 5575 2899 5632 hostes
2930 5573 3272 5646 inimicique
3305 5572 3608 5640 diaboli,et
3637 5572 3728 5628 sui
3759 5572 3972 5629 acriter

2325 5666 2648 5722 militarent
2682 5683 2694 5719 :
2729 5664 2787 5719 bi
2819 5663 2974 5718 enim
3000 5663 3241 5736 maligni
3269 5663 3534 5736 spiritus,
3554 5662 3968 5719 diversomodo

2323 5756 2624 5830 accipiunt
2653 5757 2998 5826 potestatem
3035 5769 3048 5808 :
3080 5754 3152 5810 ad
3179 5753 3426 5810 aliorum
3460 5751 3700 5826 quidem
3724 5751 3968 5810 damna-
