4310 6570
292 462 412 529 669

1439 471 1954 535 ΟΟΜΜΕΝΤΑΠ.
2003 470 2080 533 ΙΝ
2124 471 2262 534 JOB
2309 473 2481 534 CAP.
2528 472 2630 536 VI.

3581 470 3704 534 6'10

293 598 538 672 tionem,
571 600 818 660 aliorum
848 617 981 659 vero
1012 605 1497 676 emendationem,
1551 606 1799 663 aliorum
1833 623 1939 662 au-
1969 605 2022 671 Α
2053 606 2356 674 fortitudo,
2414 605 2573 663 velut
2628 605 2914 681 lapidum,
2978 611 3044 663 ut
3106 605 3335 664 dolores
3392 621 3506 662 non
3564 622 3698 662 sen-

295 695 412 746 tem
446 693 844 763 probationem
873 711 886 749 :
919 694 1019 766 qui
1063 695 1134 750 de
1182 695 1304 752 suis
1337 697 1599 752 moribus
1647 696 1733 752 vel
1767 697 1939 752 mini-

297 782 494 847 sterio,
529 781 688 850 mali,
722 783 844 838 sive
873 789 1143 850 terrores,
1175 784 1262 841 vel
1295 787 1468 842 etiam
1499 785 1753 842 latrones
1787 804 1941 842 nun-

297 877 606 942 cupantur.
640 873 848 928 Omnia
879 874 1040 929 dedit
1069 875 1130 930 in
1177 876 1454 931 manibus
1483 893 1706 946 eorum,
1739 876 1795 930 id
1829 881 1940 944 est,

295 961 635 1032 praedonum
669 963 788 1028 (Job
829 979 868 1029 ι,
922 965 1032 1036 12).
1065 964 1276 1020 Omnia
1323 965 1523 1037 utique
1554 982 1682 1037 quae
1713 965 1940 1029 habuit,

295 1048 416 1106 sive
447 1048 600 1107 filios
642 1067 823 1118 meos,
875 1052 994 1108 sive
1043 1054 1476 1110 substantiam:
1527 1054 1680 1110 sicut
1725 1059 1782 1110 et
1822 1071 1940 1110 me-

293 1137 489 1210 ipsum
523 1140 684 1196 dedit
713 1142 862 1196 Deus
893 1141 951 1196 in
983 1141 1257 1198 manibus
1287 1142 1523 1208 diaboli,
1551 1143 1669 1198 sive
1699 1159 1941 1199 suorum

293 1226 632 1286 satellitum.

365 1341 394 1368 ‹‹
426 1319 723 1391 Numquid
751 1319 937 1392 rugiet
969 1337 1186 1394 onager
1207 1339 1338 1376 cum
1363 1321 1634 1377 habuerit
1650 1321 1897 1377 herbam
1925 1338 1937 1376 :

299 1415 400 1464 aut
421 1409 646 1482 mugiet
670 1410 774 1465 bos
799 1427 928 1464 cum
955 1415 1087 1465 ante
1107 1427 1364 1483 praesepe
1385 1410 1624 1481 plenum
1675 1411 1944 1467 steterit?

293 1499 457 1555 Sicut
487 1498 641 1554 enim
675 1498 774 1553 illa
804 1515 937 1554 cum
969 1499 1057 1554 vel
1090 1501 1392 1555 abundant
1431 1499 1683 1572 pabulis,
1717 1499 1938 1555 nullam

294 1589 465 1661 quasi
497 1587 866 1660 querelarum
916 1605 1111 1644 vocem
1145 1589 1440 1656 emittunt,
1493 1594 1556 1644 ut
1587 1589 1782 1660 pabuli
1817 1589 1941 1644 ino-

294 1681 452 1752 piam
485 1681 919 1749 protestentur;
971 1677 1150 1733 simili
1208 1679 1397 1744 modo,
1422 1677 1718 1749 inquiens,
1751 1681 1809 1732 et
1838 1693 1943 1749 ego

294 1769 343 1824 si
376 1784 576 1840 pacem
608 1773 664 1824 et
694 1769 950 1839 quietem
982 1766 1176 1839 potius
1205 1783 1384 1838 quam
1416 1766 1633 1821 bellum
1665 1765 1939 1821 haberem

294 1856 354 1912 in
387 1857 689 1923 membris,
721 1861 778 1912 et
825 1857 884 1911 in
917 1856 1114 1912 anima
1155 1872 1306 1927 mea,
1348 1854 1577 1910 nullum
1611 1870 1942 1910 sermonem

294 1962 560 2002 amarum
586 1961 930 2018 asperumve
962 1944 1300 2016 proferrem.

368 2057 396 2085 «
426 2040 543 2089 Aut
592 2035 802 2107 poterit
847 2034 1072 2090 comedi
1120 2033 1436 2100 insulsum,
1487 2033 1638 2104 quod
1695 2049 1809 2087 non
1855 2035 1945 2086 est

293 2125 414 2182 sale
445 2125 768 2180 conditum.
801 2145 830 2174 »
865 2123 1164 2188 Quomodo
1213 2121 1358 2177 ratio
1392 2139 1505 2176 non
1538 2121 1678 2176 sinit
1707 2124 1940 2175 natura-

290 2213 385 2283 lis,
419 2219 484 2269 ut
504 2213 828 2284 quidquam
857 2212 1149 2268 insulsum
1200 2211 1425 2268 comedi
1470 2211 1692 2282 possit:
1727 2209 1807 2264 ita
1837 2225 1942 2282 ego

291 2302 440 2359 nihil
475 2301 790 2368 insulsum,
840 2301 994 2357 nihil
1029 2300 1280 2358 stultum
1330 2304 1532 2354 contra
1562 2304 1762 2360 Deum.
1797 2297 1940 2353 nihil

293 2392 448 2463 quod
509 2409 623 2448 non
696 2392 826 2447 fidei
886 2390 1006 2447 sale
1078 2391 1381 2447 conditum
1451 2392 1624 2455 esset,
1670 2392 1942 2459 operatus

293 2497 447 2536 sum.

365 2593 393 2620 «
428 2572 542 2626 Aut
571 2574 762 2642 potest
783 2570 997 2642 aliquis
1028 2573 1285 2642 gustare,
1338 2568 1490 2640 quod
1521 2571 1822 2640 gustatum
1856 2567 1940 2622 af-

295 2661 406 2716 fert
436 2659 731 2715 mortem?
759 2659 978 2716 Animae
1017 2659 1175 2714 enim
1221 2658 1497 2714 esurienti
1537 2657 1710 2712 etiam
1743 2673 1942 2712 amara

294 2748 491 2804 dulcia
545 2765 673 2806 esse
723 2749 1012 2805 videntur.
1049 2770 1078 2799 »
1137 2748 1301 2804 Sicut
1348 2747 1504 2802 enim
1565 2762 1734 2802 nemo
1787 2763 1940 2802 mor-

292 2837 528 2895 tiferum
580 2838 812 2911 aliquod
864 2837 1136 2905 comedit,
1197 2843 1262 2892 ut
1311 2836 1439 2892 vita;
1488 2852 1606 2891 suae
1663 2835 1943 2890 inimicus

293 2928 408 2984 sit:
441 2927 524 2984 ita
545 2945 650 3002 ego
684 2933 987 2999 peccatum
1018 2927 1355 3000 contingere
1388 2925 1890 2999 pertimescebam.

364 3041 390 3066 ‹‹
425 3019 559 3083 Quae
589 3017 751 3089 prius
792 3016 1028 3072 nolebat
1072 3022 1309 3088 tangere
1359 3014 1556 3070 anima
1585 3030 1749 3070 mea:
1788 3028 1942 3067 nunc

291 3123 408 3179 pra
440 3109 710 3179 angustia
741 3106 852 3161 cibi
887 3105 1000 3162 mei
1033 3110 1189 3160 sunt.
1226 3129 1253 3153 ››
1278 3105 1395 3160 Hoc
1424 3109 1530 3171 est,
1564 3103 1756 3158 verbis
1786 3119 1942 3157 nunc

289 3200 494 3269 pastor
524 3194 767 3267 asperis,
820 3199 876 3250 et
922 3196 1159 3263 amaris,
1212 3211 1340 3266 quae
1386 3194 1530 3248 mihi
1573 3193 1942 3248 immensitas

290 3283 542 3358 pcsnalis
595 3288 915 3356 extorquet.
970 3285 1098 3339 Haec
1144 3283 1299 3338 enim
1352 3282 1632 3338 timebam
1677 3297 1804 3338 meo
1843 3299 1940 3337 ore

293 3349 656 3446 depromere,
709 3349 945 3445 quando
991 3374 1050 3428 in
1099 3373 1409 3429 sanctitate
1458 3375 1515 3427 et
1541 3371 1774 3442 justitia
1804 3388 1936 3427 eum
1971 3349 2014 3417 C

293 3479 436 3536 pace
469 3462 664 3534 quiete
714 3462 994 3517 vivebam.
1045 3462 1154 3517 Sed
1209 3466 1267 3517 et
1315 3461 1779 3533 praetereundum
1827 3477 1940 3516 non

291 3555 402 3620 est,
435 3551 576 3622 quia
605 3551 714 3606 hoc
743 3567 980 3623 quoque
1031 3551 1181 3606 inter
1225 3555 1462 3605 caeteras
1502 3567 1703 3622 poenas
1733 3567 1944 3621 passus

291 3641 370 3698 sit
397 3640 528 3712 Job,
581 3645 646 3694 ut
695 3641 869 3695 etiam
919 3639 1030 3695 cibi
1083 3639 1134 3695 ei
1186 3639 1343 3695 fetidi
1388 3639 1756 3695 viderentur:
1794 3639 1946 3696 sicut

290 3735 384 3787 est
431 3729 574 3786 odor
620 3728 826 3794 leonis,
878 3728 1072 3785 feralis
1119 3729 1341 3800 utique,
1373 3734 1431 3784 et
1474 3729 1721 3784 nimium
1753 3729 1940 3784 horri-

285 3819 440 3874 dus:
475 3819 575 3891 qui
626 3819 770 3875 odor
823 3835 958 3874 cum
1017 3820 1088 3874 de
1140 3820 1268 3891 ejus
1318 3819 1643 3876 visceribus
1673 3836 1940 3892 erumpe-

287 3912 396 3974 ret,
428 3923 570 3964 escae
602 3924 721 3964 sua;
772 3912 830 3962 et
872 3907 928 3962 id
980 3908 1304 3980 sepiebant,
1354 3908 1509 3980 quod
1549 3925 1792 3964 suarum
1824 3909 1942 3981 spi-

291 3996 735 4052 rabantinterna
793 3996 1064 4066 febrium.
1123 3998 1283 4062 Quod
1340 3997 1463 4067 ipse
1532 3999 1790 4052 ostendit
1841 3998 1942 4053 ubi

287 4085 466 4140 dicit:
525 4087 789 4142 inferiora
835 4103 958 4142 mea
1012 4085 1385 4161 eﬂ‘erbuerunt
1439 4088 1640 4159 absque
1687 4087 1805 4142 ulla
1859 4104 1942 4143 rc-

289 4174 418 4246 quis
446 4174 560 4244 (Job
616 4191 744 4242 xxx,
797 4176 929 4246 27):
991 4176 1048 4230 id
1103 4180 1211 4244 est,
1245 4176 1368 4247 jam
1430 4175 1666 4232 decocta
1724 4181 1864 4232 sunt
1889 4181 1946 4232 et

290 4262 634 4333 putrefacta.

367 4370 396 4399 ‹‹
428 4350 570 4416 Quis
599 4351 696 4406 det
725 4355 788 4407 ut
817 4351 1012 4409 veniat
1039 4351 1241 4425 petitio
1296 4367 1446 4424 mea,
1477 4357 1534 4408 et
1565 4355 1720 4426 quod
1750 4371 1946 4427 exspe-

295 4443 412 4509 cto,
445 4439 666 4495 tribuat
697 4441 840 4498 mihi
875 4447 1025 4499 Deus
1046 4441 1074 4496 ?
1107 4463 1134 4491 »
1165 4447 1295 4498 Haec
1322 4442 1466 4498 mihi
1499 4443 1576 4499 sit
1604 4445 1945 4514 consolatio,

292 4533 360 4584 ut
391 4529 566 4584 finem
598 4548 800 4604 poenae,
833 4530 921 4586 vel
963 4531 1326 4588 cruciatuum
1372 4548 1656 4601 meorum,
1692 4535 1951 4590 remedia

295 4617 504 4674 mortis
532 4621 853 4676 obtineam.

1972 1980 2020 2045 Β

2051 695 2214 751 tiam.

2121 808 2148 835 «
2180 787 2322 842 Ecce
2352 803 2465 841 non
2515 791 2604 842 est
2651 785 2932 842 auxilium
2985 785 3130 842 mihi
3161 786 3218 840 in
3269 801 3382 853 me,
3414 787 3471 840 et
3499 799 3698 840 neces-

2050 875 2189 932 sarii
2245 892 2479 950 quoque
2538 876 2650 931 mei
2710 881 3076 932 recesserunt
3110 893 3142 931 a
3199 891 3312 930 me.
3363 897 3390 925 »
3454 875 3599 930 Tam
3630 889 3698 929 ex

2051 982 2177 1032 sua,
2238 982 2413 1037 quam
2472 981 2541 1021 ex
2616 983 2865 1038 persona
2940 964 3177 1031 Christi,
3254 963 3536 1038 propheta
3591 963 3700 1019 hoc

2054 1053 2214 1110 dicit.

2129 1165 2157 1194 «
2213 1144 2320 1210 Qui
2373 1143 2525 1200 tollit
2599 1145 2672 1199 ab
2747 1144 2984 1200 inimico
3055 1160 3161 1199 suo
3215 1143 3700 1210 misericordiam,

2049 1233 2320 1290 timorem
2354 1233 2586 1289 Domini
2637 1232 3005 1304 derelinquit.
3053 1232 3280 1288 Fratres
3323 1231 3432 1287 mei
3465 1236 3697 1304 prseter-

2051 1322 2243 1378 ierunt
2282 1339 2412 1379 me:
2475 1323 2627 1379 sicut
2682 1326 2910 1378 torrens
2967 1322 3065 1395 qui
3125 1320 3338 1393 raptim
3391 1321 3606 1376 transit
3639 1321 3697 1376 in

2050 1411 2430 1468 convallibus.
2466 1436 2494 1462 ››
2529 1411 2919 1468 Misericordia
2956 1415 3063 1482 est,
3097 1411 3168 1466 ad
3202 1409 3470 1466 miserias
3495 1427 3696 1465 eorum

2051 1501 2152 1572 qui
2193 1501 2570 1568 tribulantur,
2622 1501 3030 1573 compatiendo
3084 1516 3327 1555 maerore
3376 1499 3568 1554 cordis
3600 1499 3700 1553 de-

2050 1591 2225 1660 ﬂecti,
2258 1591 2408 1646 hanc
2437 1607 2539 1646 vos
2569 1591 2710 1646 dum
2754 1590 2943 1646 amico
2974 1607 3088 1645 non
3138 1588 3499 1662 impenditis,
3532 1587 3703 1644 timo-

2050 1696 2171 1735 rem
2210 1680 2435 1735 Domini
2466 1679 2891 1751 derelinquitis.

2122 1792 2149 1818 ‹‹
2184 1769 2290 1834 Qui
2349 1768 2558 1824 timent
2612 1768 2904 1841 pruinam,
2967 1768 3147 1823 irruet
3199 1784 3377 1839 super
3427 1783 3526 1822 eos
3581 1766 3697 1821 nix.

2048 1861 2330 1930 Tempore
2363 1875 2477 1930 quo
2525 1858 2741 1913 fuerint
2769 1857 3065 1930 dissipati,
3115 1855 3411 1928 peribunt.
3447 1877 3474 1904 »
3507 1854 3696 1910 Time-

2049 1947 2182 2004 bam
2246 1952 2483 2018 peccata
2532 1946 2708 2002 etiam
2763 1946 3010 2001 minima
3065 1949 3417 2018 perpetrare,
3475 1960 3548 1998 ne
3597 1959 3700 2016 pro

2053 2036 2136 2090 eis
2195 2036 2292 2090 Dei
2351 2036 2407 2090 in
2489 2051 2582 2090 me
2642 2035 2784 2090 ultio
2855 2035 3188 2092 desaeviret:
3249 2038 3306 2089 et
3362 2049 3490 2088 ecce
3541 2023 3701 2088 nunc

2053 2124 2132 2178 ita
2190 2125 2421 2195 punior,
2481 2129 2762 2196 tanquam
2842 2123 3058 2179 scelera
3116 2123 3401 2178 immania
3455 2121 3700 2176 commi-

2052 2211 2250 2270 serim.

2125 2325 2153 2352 «
2189 2304 2254 2358 Et
2284 2308 2350 2358 ut
2381 2302 2750 2374 incaluerint,
2783 2303 3083 2359 solventur
3112 2303 3182 2358 de
3214 2301 3340 2357 loco
3371 2317 3498 2356 suo.
3532 2323 3558 2349 »
3592 2299 3698 2356 Ubi

2053 2392 2273 2448 fervere
2302 2396 2554 2466 cmperat
2600 2409 2811 2448 nomen
2862 2394 2990 2464 ejus
3020 2393 3077 2447 in
3131 2391 3382 2464 pepulis,
3413 2390 3472 2445 in
3505 2389 3700 2463 gloriae

2053 2499 2171 2537 suae
2223 2481 2349 2537 loco
2407 2499 2522 2537 non
2572 2482 2922 2554 comparuit,
2971 2479 3130 2538 velut
3179 2481 3279 2536 nix
3334 2497 3468 2535 cum
3512 2479 3700 2535 calore

2051 2569 2408 2627 dissolvitur.

2130 2681 2151 2709 α
2187 2661 2462 2716 Ιηνοὶιιῒω
2493 2665 2632 2716 sunt
2675 2661 2894 2716 semitae
2942 2675 3250 2733 gressuum
3295 2674 3535 2714 eorum:
3570 2675 3699 2713 am-

2051 2750 2342 2805 bulabunt
2369 2750 2428 2805 in
2459 2767 2732 2817 vacuum,
2767 2754 2824 2805 et
2854 2749 3148 2822 peribunt.
3179 2770 3207 2798 »
3242 2747 3494 2804 Semitas
3523 2745 3700 2802 virtu-

2052 2843 2140 2894 tes
2174 2838 2353 2894 animi
2385 2839 2551 2904 dixit,
2601 2839 2658 2893 in
2711 2839 2927 2911 quibus
2957 2844 3022 2893 ut
3070 2837 3184 2894 Deo
3232 2835 3502 2908 placeret,
3538 2835 3700 2891 omni

2051 2928 2247 2984 studio
2265 2929 2642 3001 gradiebatur
2667 2943 2680 2984 :
2703 2928 2811 2983 has
2834 2928 3074 2983 semitas
3124 2925 3429 2998 malisque:
3451 2924 3702 2997 patieba-

2051 3021 2150 3072 tur
2205 3016 2498 3073 involutas
2553 3021 2728 3088 atque
2787 3016 3104 3089 implicitas
3161 3031 3290 3072 esse
3346 3015 3506 3082 dicit,
3557 3015 3698 3069 dum

2051 3106 2221 3162 bonis
2319 3106 2448 3160 vita:
2535 3123 2673 3171 suae,
2754 3105 3179 3178 suppliciorum
3236 3103 3703 3161 admiscerentur

2051 3195 2225 3252 mala.

2128 3307 2155 3334 ‹‹
2185 3285 2559 3342 Considerate
2603 3284 2843 3340 semitas
2897 3282 3199 3340 Theman:
3249 3281 3462 3340 itinera
3488 3283 3697 3353 Sabba,

2053 3378 2111 3430 et
2157 3379 2454 3446 expectate
2507 3373 2824 3445 paulisper.
2882 3373 3118 3428 Confusi
3169 3377 3328 3437 sunt,
3388 3371 3525 3444 quia
3571 3387 3699 3444 spe-

2053 3463 2192 3519 ravi.
2244 3463 2543 3518 Venerunt
2586 3479 2820 3535 quoque
2865 3479 3052 3535 usque
3100 3461 3172 3516 ad
3222 3477 3333 3525 me,
3385 3466 3442 3514 et
3483 3460 3702 3532 pudore

2053 3552 2307 3625 cooperti
2366 3556 2586 3607 sunt.»
2643 3551 2704 3605 id
2737 3553 2844 3615 est,
2905 3549 3214 3605 intuemini
3273 3550 3344 3605 ad
3404 3548 3524 3604 haec
3577 3545 3702 3602 loca

2054 3659 2181 3714 qua:
2234 3641 2374 3709 dixi,
2425 3643 2481 3695 et
2530 3641 2656 3712 ipso
2706 3638 2936 3695 silentio
2989 3637 3353 3711 cognoscetis
3400 3653 3534 3693 vera
3578 3652 3702 3692 esse

2054 3749 2181 3805 qua:
2213 3729 2350 3787 dixi.
2384 3729 2674 3802 Respicite
2704 3729 2774 3786 ad
2805 3728 2927 3784 vias
2959 3728 3318 3784 diversorum
3351 3742 3700 3801 regnorum:

2053 3838 2156 3894 per
2184 3837 2332 3892 quas
2362 3821 2432 3875 ad
2468 3837 2560 3876 me
2589 3819 2852 3874 omnium
2885 3815 3150 3892 gentium
3195 3816 3531 3889 frequentia:
3565 3833 3703 3872 con-

2053 3910 2333 3974 ﬂuebant,
2367 3914 2422 3965 et
2469 3907 2739 3964 videbitis
2790 3924 2888 3964 eas
2939 3906 3194 3974 raritate,
3237 3906 3357 3963 imo
3388 3904 3705 3962 solitudine

2053 3999 2360 4055 hominum
2391 3998 2704 4054 desolatas.

2126 4111 2154 4137 «
2191 4089 2356 4144 Nunc
2387 4087 2616 4150 venitis,
2650 4091 2708 4141 et
2752 4085 2925 4141 modo
2953 4085 3216 4141 videntes
3247 4084 3480 4158 plagam
3513 4100 3705 4141 meam

2053 4176 2298 4232 timetis.
2348 4175 2645 4248 Numquid
2697 4175 2852 4228 dixi:
2907 4171 3122 4229 Afferte
3165 4172 3332 4243 mihi,
3379 4177 3436 4228 et
3465 4173 3536 4228 de
3566 4173 3703 4228 sub-

2055 4265 2273 4321 stantia
2321 4268 2511 4320 vestra
2559 4264 2767 4318 donate
2827 4261 2991 4327 mihi,
3055 4261 3137 4316 vel
3201 4260 3441 4318 liberate
3490 4277 3583 4317 me
3636 4261 3707 4316 de

2056 4369 2234 4410 manu
2269 4354 2478 4420 hostis,
2510 4358 2567 4408 et
2595 4353 2666 4408 de
2710 4369 2889 4407 manu
2938 4351 3310 4408 robustorum
3345 4351 3530 4406 eruite
3562 4365 3654 4406 me
3680 4351 3709 4405 ‘i‘

2057 4443 2268 4500 Docete
2293 4459 2408 4508 me,
2441 4447 2497 4497 et
2542 4459 2648 4515 ego
2698 4441 2919 4508 tacebo,
2973 4445 3029 4497 et
3077 4440 3126 4496 si
3173 4440 3311 4513 quid
3363 4441 3507 4496 forte
3541 4440 3705 4513 igno-

2058 4533 2202 4598 ravi,
2233 4533 2504 4588 instruite
2554 4549 2666 4587 me.
2720 4532 2908 4596 Quare
2955 4530 3288 4587 detraxistis
3335 4531 3710 4587 sermonibus

2056 4621 2337 4689 veritatis,
2371 4638 2502 4676 cum
2533 4638 2563 4677 e
2593 4622 2756 4677 vobis
2785 4619 2985 4676 nullus
3017 4619 3093 4676 sit
3121 4621 3219 4693 qui
3253 4624 3440 4693 possit
3468 4637 3712 4694 arguere

363 4729 393 4757 «
425 4708 494 4764 Et
523 4709 622 4781 qui
656 4709 851 4782 coepit,
884 4709 1006 4783 ipse
1030 4726 1122 4766 me
1150 4715 1431 4767 conterat.
1462 4711 1656 4768 Solvat
1685 4728 1948 4769 mamum
1979 4722 2028 4787 D
2060 4727 2154 4766 me
2174 4711 2202 4765 7
2235 4711 2319 4766 Ad
2354 4711 2779 4782 increpandum
2805 4714 3037 4766 tantum
3067 4709 3298 4781 eloquia
3322 4709 3708 4775 concinnatis,

294 4810 463 4851 suam
495 4801 554 4852 et
587 4797 856 4852 succidat
903 4813 1034 4866 me;
1087 4801 1145 4852 et
1173 4797 1292 4853 haec
1317 4798 1461 4854 mihi
1507 4799 1584 4855 sit
1611 4799 1950 4870 consolatio,

297 4888 363 4940 ut
391 4885 660 4960 afﬂigens
692 4903 784 4942 me
828 4886 1045 4953 dolore,
1081 4903 1194 4942 non
1249 4893 1486 4959 parcat:
1522 4904 1626 4944 nec
1658 4874 1950 4946 contradi-

291 4991 420 5030 cam
451 4977 824 5033 sermonibus
864 4977 1130 5034 sanctis?
1177 4977 1311 5041 Quae
1345 4983 1434 5034 est
1477 4979 1634 5034 enim
1667 4980 1948 5036 fortitudo

292 5070 516 5120 meant
572 5067 934 5123 sustineam:
997 5073 1096 5121 aut
1151 5067 1286 5139 quis
1345 5068 1478 5123 finis
1529 5085 1695 5124 meus
1751 5073 1816 5125 ut
1847 5085 1945 5142 pa-

289 5151 502 5210 tienter
529 5170 700 5227 agam
723 5156 752 5209 ?
784 5177 812 5206 υ
840 5157 1002 5212 Hane
1048 5155 1227 5229 igitur
1255 5162 1502 5213 mortem
1556 5158 1824 5230 potestati
1859 5160 1947 5212 di-

285 5239 436 5296 vina)
463 5242 575 5298 Job
609 5244 751 5299 solvi
781 5250 1042 5319 exoptat,
1075 5250 1140 5300 ut
1169 5245 1242 5301 ab
1282 5262 1349 5301 ea
1379 5247 1656 5302 decidens
1686 5248 1857 5302 cadat
1888 5248 1946 5304 in

285 5329 440 5386 hanc
491 5335 911 5406 temporariam
961 5340 1233 5403 mortem,
1285 5340 1580 5408 quatenus
1634 5342 1950 5408 praesentes

287 5433 494 5492 pmnas
512 5423 700 5495 possit
721 5425 963 5482 evadere
987 5441 1000 5479 :
1039 5439 1173 5480 cum
1207 5424 1364 5481 velut
1394 5427 1566 5482 arbor
1593 5425 1665 5482 de
1692 5425 1802 5482 hac
1832 5427 1954 5482 vita

290 5511 559 5568 succisus
593 5513 788 5570 fuerit.

363 5622 391 5648 ‹‹
424 5600 539 5656 Nec
596 5601 877 5660 fortitudo
928 5601 1213 5675 lapidem,
1277 5603 1555 5659 fortitudo
1613 5617 1782 5660 mea:
1846 5619 1950 5660 nec

293 5703 427 5745 caro
459 5705 589 5746 mea
615 5708 774 5748 aenea
802 5697 910 5748 est.
948 5713 969 5743 ι
1011 5695 1151 5747 Caro
1201 5707 1332 5748 mea
1363 5693 1758 5766 corrumpitur
1787 5695 1951 5751 sanie

293 5793 360 5833 ao
391 5781 700 5850 putredine
749 5781 1097 5838 vulnerum:
1144 5781 1280 5852 quia
1316 5798 1429 5838 non
1481 5787 1570 5839 est
1598 5782 1658 5839 in
1691 5799 1785 5840 me
1813 5783 1956 5841 talis

2063 4803 2118 4856 et
2147 4800 2205 4854 in
2240 4805 2478 4856 ventum
2519 4800 2693 4855 verba
2724 4800 3015 4872 profertis.
3071 4822 3098 4849 »
3127 4800 3246 4856 Hoc
3275 4800 3435 4868 dicit,
3469 4799 3624 4872 quod
3654 4803 3712 4855 et

2062 4889 2172 4963 ipsi
2207 4889 2379 4945 amici
2413 4889 2527 4960 sui,
2561 4888 2824 4961 exemplo
2854 4890 3001 4960 ejus,
3046 4890 3277 4946 ruinam
3312 4889 3420 4944 sibi
3455 4887 3710 4946 similem

2062 4979 2463 5036 formidarent.
2526 4979 2728 5036 Nonne
2788 4979 2999 5052 quievi,
3062 4996 3252 5036 nonne
3321 4977 3709 5046 dissimulavi,

2059 5068 2400 5142 patientiam
2480 5067 2750 5124 videlicet
2822 5073 2924 5124 aut
2987 5069 3302 5125 vindictam
3373 5066 3713 5124 malorum?

2057 5159 2259 5214 Nonne
2290 5157 2446 5224 silui,
2495 5157 2729 5214 silentio
2779 5158 3058 5214 cohibens
3107 5158 3368 5230 linguam
3401 5172 3615 5223 meam,
3648 5159 3714 5210 ut

2059 5264 2173 5304 non
2207 5247 2620 5318 responderem
2669 5247 3158 5320 exprobrantibus
3209 5245 3351 5301 mihi
3397 5243 3589 5300 mala:
3623 5243 3709 5299 vel

2059 5353 2136 5393 ne
2161 5336 2219 5391 in
2270 5339 2390 5392 toto
2439 5335 2580 5391 mihi
2635 5336 3036 5392 nominaretur
3083 5334 3382 5406 iniquitas.
3434 5333 3536 5388 llis
3574 5348 3711 5405 ergo

2057 5424 2321 5481 veritatis
2368 5425 2742 5482 sermonibus
2785 5425 3141 5488 detraxistis,
3191 5423 3423 5495 quando
3469 5421 3707 5494 quidem

2060 5529 2152 5569 me
2185 5514 2245 5570 in
2279 5513 2372 5569 his
2419 5531 2534 5570 non
2596 5514 2788 5570 solum
2841 5514 3128 5581 fallacem,
3187 5528 3384 5568 verum
3443 5511 3618 5567 etiam
3650 5512 3710 5567 in

2059 5601 2189 5658 aliis
2247 5605 2422 5659 rebus
2472 5604 2856 5660 criminosum
2897 5602 3218 5674 judicatis:
3269 5617 3402 5656 cum
3450 5606 3710 5658 vestrum

2059 5692 2260 5749 nullus
2310 5694 2390 5748 ita
2447 5695 2706 5750 mundus
2764 5693 2896 5747 sita
2953 5695 3208 5764 peccato,
3257 5694 3320 5746 ut
3350 5707 3709 5764 quemquam

2061 5787 2258 5856 posset
2290 5782 2471 5840 libera
2499 5781 2852 5839 conscientia
2883 5781 3201 5854 increpare.
