4310 6578
585 433 696 496 δτι

2078 437 2499 500 APPENDIX.

3875 429 3997 501 67s

662 589 689 617 ‹‹
723 567 910 641 Super
965 569 1256 643 pupillum
1315 572 1557 641 irruitis,
1607 579 1665 630 et
1722 574 2058 632 subvertere
2103 576 2237 631 niti-
2267 572 2322 638 Α
2353 572 2494 628 bant
2523 573 2583 628 in
2613 573 2874 629 somnis:
2919 571 3229 630 stridentes
3261 572 3438 630 etiam
3489 573 3783 642 dentibus,
3833 578 3892 631 et
3922 575 3996 631 ad

590 657 734 712 mini
793 659 1047 715 amicum
1106 666 1385 718 vestrum.
1445 663 1858 722 Verumtamen
1917 668 2069 739 quod
2121 685 2238 722 cce-

588 747 780 819 pistis,
837 748 1080 820 explete.
1159 751 1416 808 Praebete
1495 771 1719 823 aurem,
1794 761 1846 812 et
1926 757 2114 813 videte
2166 775 2237 812 an

592 837 861 894 mentiar.
925 860 951 887 ιι
1014 840 1354 897 Desolatum
1416 843 1640 900 scilicet
1695 863 1728 900 a
1784 848 2128 916 parentibus
2185 851 2243 902 et

591 941 818 982 amicis.

667 1039 693 1065 «
729 1015 1113 1086 Respondete,
1167 1018 1426 1087 obsecro,
1481 1021 1700 1092 absque
1747 1023 2136 1088 contentione,
2187 1028 2242 1077 et

590 1104 896 1176 loquentes
953 1105 1010 1160 id
1072 1107 1222 1177 quod
1273 1108 1500 1177 justum
1561 1111 1976 1181 est,judicate.
2030 1113 2096 1166 Et
2123 1129 2238 1167 non

592 1193 900 1249 invenietis
934 1195 989 1249 in
1025 1194 1223 1266 lingua
1255 1213 1383 1251 mea
1431 1197 1837 1269 iniquitatem:
1887 1218 1990 1256 nec
2023 1201 2081 1256 in
2115 1201 2238 1256 fau-

592 1282 757 1338 cibus
786 1282 929 1338 meis
963 1283 1212 1339 stultitia
1260 1288 1616 1358 personabit.
1659 1312 1679 1336 -
1739 1290 1861 1345 Non
1905 1291 1981 1345 sit
2012 1296 2239 1345 contra-

592 1371 817 1425 dicendi
851 1372 1134 1441 studium,
1167 1374 1320 1445 quod
1376 1377 1768 1433 contentionis
1817 1384 2056 1450 generat
2086 1397 2239 1435 mor-

592 1459 771 1514 bum:
833 1465 889 1515 et
947 1461 1028 1516 ita
1077 1463 1316 1519 demum
1380 1465 1770 1522 animositatis
1821 1467 2068 1540 caligine
2127 1486 2239 1525 non

591 1549 936 1619 perturbati,
969 1552 1237 1622 poteritis
1269 1553 1325 1607 in
1381 1570 1473 1609 me
1503 1560 1559 1610 et
1587 1572 1688 1610 vos
1715 1557 1867 1628 quod
1894 1558 2121 1627 justum
2154 1563 2244 1614 est

581 1637 871 1708 judicare.

1216 1731 1451 1787 CAPUT
1492 1733 1611 1788 νη.

665 1840 691 1865 ‹‹
727 1816 938 1872 Militia
967 1823 1056 1874 est
1084 1819 1204 1874 vita
1233 1820 1490 1878 hominis
1531 1839 1708 1895 super
1736 1830 1972 1890 terram,
2005 1831 2061 1880 et
2090 1826 2245 1881 sicut

593 1904 717 1960 dies
749 1907 1092 1962 mercenarii
1141 1907 1267 1963 dies
1316 1910 1464 1981 ejus.
1516 1933 1543 1960 »
1580 1911 1872 1969 Dimicans
1919 1919 2118 1970 contra
2145 1914 2239 1970 in-
2272 1946 2320 2011 Β

591 1993 854 2049 visibiles
884 1995 1262 2053 adversarios.

667 2106 694 2131 «
729 2083 892 2139 Sicut
937 2100 1139 2141 cervus
1187 2087 1480 2144 desiderat
1506 2091 1796 2157 umbram,
1820 2097 1876 2147 et
1905 2093 2056 2148 sicut
2085 2109 2241 2149 mer—

595 2171 862 2228 cenarius
893 2173 1260 2243 przestolatur
1307 2177 1482 2232 ﬁnem
1514 2179 1706 2250 operis
1756 2179 1845 2233 sui
1877 2197 1888 2234 :
1924 2179 2007 2235 sic
2051 2185 2108 2235 et
2137 2196 2242 2252 ego

594 2258 773 2314 habui
805 2277 1038 2317 menses
1082 2279 1316 2332 vacuos,
1367 2270 1421 2319 et
1472 2271 1638 2321 nocte
1685 2266 1975 2323 laboriosa
2003 2285 2242 2324 enume-

595 2348 715 2404 ravi
748 2349 916 2404 mihi.
942 2351 999 2406 Si
1024 2351 1335 2419 dormiero,
1360 2353 1550 2410 dicam
1574 2356 1808 2426 quando
1840 2374 2190 2428 consurgam
2215 2357 2242 2411 ?

597 2441 653 2492 et
685 2454 917 2493 rursum
947 2441 1290 2512 exspectabo
1329 2458 1652 2516 vesperam,
1687 2449 1742 2500 et
1788 2445 2053 2518 replebor
2082 2445 2238 2502 dolo-

597 2525 762 2582 ribus
792 2543 980 2598 usque
1011 2529 1081 2583 ad
1113 2531 1401 2586 tenebras.
1435 2532 1643 2588 lnduta
1685 2538 1774 2589 est
1811 2551 1942 2590 caro
1979 2551 2106 2590 mea
2135 2551 2240 2606 pu-

595 2615 839 2671 tredine.
874 2639 902 2666 »
937 2617 1236 2689 Similiter,
1260 2624 1315 2675 et
1335 2636 1440 2693 ego
1474 2639 1566 2677 me
1592 2623 1972 2696 consequenti
2004 2623 2245 2680 arbitra-

598 2704 722 2772 bar,
761 2706 861 2760 sed
886 2723 988 2778 pro
1013 2708 1223 2763 umbra
1258 2709 1541 2782 refrigerii
1579 2711 1795 2767 incurri
1842 2718 2018 2768 aestus
2044 2730 2244 2784 paena-

599 2809 750 2860 rum,
784 2800 840 2850 et
873 2811 974 2866 pro
1006 2798 1270 2852 mercede
1301 2800 1414 2854 mei
1463 2801 1676 2872 operis,
1716 2818 1927 2858 vacuus
1963 2801 2244 2858 dimissus

596 2898 751 2936 sum.

670 2995 698 3023 «
728 2974 794 3028 Et
820 2975 1092 3032 sordibus
1115 2975 1370 3048 pulveris
1391 2978 1544 3034 cutis
1567 2995 1695 3034 mea
1715 2979 1920 3044 arruit,
1945 2984 2002 3035 et
2022 2979 2247 3034 contra-

599 3067 693 3117 cta
748 3067 855 3118 est.
921 3063 1048 3120 Dies
1107 3065 1220 3121 mei
1277 3065 1532 3122 velocius
1590 3068 1948 3124 transierunt
2003 3085 2246 3140 quama

599 3152 828 3205 texente
857 3150 973 3206 tela
1023 3152 1365 3221 succiditur,
1399 3158 1454 3209 et
1483 3157 1815 3228 consumpti
1855 3160 1996 3212 sunt
2024 3157 2246 3228 absque

597 3238 717 3294 ulla
747 3255 868 3310 spe.
922 3241 1235 3313 Memento,
1290 3243 1429 3315 quia
1457 3249 1667 3302 ventus
1711 3251 1800 3301 est
1827 3246 1947 3301 vita
1992 3262 2156 3302 mea:
2191 3250 2248 3300 et

2349 663 2745 720 devorandum
2795 681 2928 721 eum
2978 663 3144 736 quasi
3195 680 3296 720 ora
3345 663 3688 736 aperientes,
3735 669 3800 720 ut
3843 666 4005 721 inso-

2349 752 2464 808 litae
2495 754 2736 810 visionis
2786 754 3021 810 horrore
3068 759 3434 810 excuteretur
3479 753 3538 809 in
3586 753 3754 826 lecto,
3806 760 3863 811 et
3899 771 3998 810 ex-

2350 845 2714 916 pergefactus
2761 860 2965 899 somno
3013 844 3316 915 aufugeret
3373 860 3487 914 quo
3537 843 3726 900 solent
3767 843 4000 900 dolores

2352 932 2517 988 nimii
2548 933 2850 1004 'mitigari,
2903 937 2961 987 et
3017 933 3397 988 succederent
3445 933 3620 1006 juges
3662 932 3888 1004 vigiliae,
3933 938 4002 989 ut

2349 1021 2816 1077 indesinentibus
2865 1021 3222 1076 cruciatibus
3265 1026 3646 1094 torqueretur.
3705 1023 3833 1078 Sive
3863 1023 3997 1077 vul-

2349 1126 2491 1165 nera
2532 1128 2657 1182 qua)
2717 1111 2965 1183 vigilans
3017 1110 3201 1166 oculis
3259 1111 3382 1166 suis
3424 1111 3657 1166 videbat
3714 1112 3995 1183 quotidie,

2350 1199 2656 1273 putrisque
2704 1200 2915 1264 sanies,
2966 1201 3370 1271 vermiumque
3419 1199 3731 1257 multitudo
3769 1201 3996 1257 discur-

2351 1291 2606 1345 rentium
2640 1306 2742 1361 per
2771 1289 3079 1346 vulnerum
3130 1291 3342 1356 foveas,
3392 1289 3452 1344 in
3482 1291 3707 1346 somnis
3737 1292 3786 1347 ei
3819 1309 3852 1347 a
3880 1292 3998 1347 da-

2351 1379 2624 1434 monibus
2657 1379 3232 1435 demonstrabantur.

2423 1492 2449 1517 ‹‹
2484 1469 2872 1534 Quamobrem
2905 1467 3077 1539 elegit
3106 1469 3492 1540 suspendium
3531 1469 3728 1525 anima
3756 1486 3904 1537 mea,
3941 1475 4002 1525 et.

2352 1562 2595 1612 mortem
2629 1574 2764 1612 ossa
2795 1573 2945 1612 mea.
2977 1577 3002 1608 ω
3054 1557 3251 1613 Satius
3298 1562 3408 1626 est,
3459 1557 3731 1629 inquit,et
3761 1564 3998 1630 peccato

2350 1645 2534 1702 multo
2566 1646 2946 1716 tolerabilius,
2982 1647 3028 1701 si
3060 1647 3249 1702 victus
3292 1647 3667 1718 cruciatibus,
3709 1649 3780 1704 de
3810 1653 3998 1704 morte

2354 1753 2482 1791 mea
2513 1736 2785 1807 cogitem,
2831 1752 3009 1808 quam
3057 1740 3168 1790 tum
3219 1736 3508 1806 majestati
3558 1736 3806 1810 irrogem
3839 1737 3997 1794 blas—

2352 1825 2669 1897 phemiam.

2432 1935 2453 1962 α
2492 1915 2819 1986 Desperavi.
2877 1914 3258 1986 Nequaquam
3321 1914 3474 1971 ultra
3523 1917 3648 1986 jam
3704 1916 3913 1972 vivam.
3964 1937 3992 1968 ιι

2357 2004 2682 2076 Desperavi,
2714 2003 3006 2076 loquendo
3056 2003 3196 2070 haec,
3231 2021 3356 2076 quis
3405 2004 3597 2060 dicere
3637 2021 3752 2060 non
3783 2005 4000 2061 debue-

2351 2110 2497 2148 ram.
2559 2094 2667 2148 Pro
2723 2093 2830 2148 hoc
2887 2093 3084 2165 itaque
3139 2095 3334 2161 verbo,
3395 2111 3510 2166 quo
3568 2110 3630 2150 se
3677 2094 3902 2167 lapsum
3936 2095 3998 2150 in

2353 2187 2652 2254 peccatum
2713 2181 2996 2254 deplorat,
3046 2183 3444 2254 paenitentiam
3497 2182 3652 2240 illico
3695 2185 4002 2256 proﬁtetur

2351 2272 2571 2328 dicens.

2427 2382 2453 2412 α
2487 2361 2658 2417 Parce
2715 2360 2880 2424 mihi,
2943 2361 3222 2418 Domine:
3285 2361 3429 2434 nihil
3488 2362 3644 2418 enim
3694 2367 3833 2418 sunt
3869 2362 3997 2418 dies

2351 2451 2485 2506 mei.
2520 2450 2666 2514 Quid
2711 2454 2800 2505 est
2844 2449 3042 2519 homo,
3093 2450 3230 2522 quia
3277 2450 3619 2522 magniﬁcas
3663 2467 3834 2506 eum:
3893 2456 3998 2506 aut

2351 2538 2492 2610 quid
2525 2538 2770 2610 apponis
2818 2555 2957 2610 erga
3002 2554 3136 2594 eum
3195 2555 3293 2594 cor
3341 2539 3558 2595 tuum?
3615 2538 3829 2596 Visitas
3857 2557 3994 2596 eum

2352 2627 2633 2693 diluculo,
2681 2633 2738 2682 et
2786 2627 2979 2683 subito
3027 2627 3240 2699 probas
3287 2628 3478 2684 illum.
3532 2651 3560 2678 »
3612 2629 3914 2702 Tanquam
3946 2629 3998 2685 si

2352 2717 2607 2774 diceret:
2658 2718 2717 2772 in
2767 2717 2876 2773 hoc
2921 2722 3183 2790 tempore
3232 2719 3608 2791 posnitentem
3661 2720 3910 2790 suscipe,
3943 2723 4003 2776 et

2353 2807 2682 2864 obsecranti
2715 2824 2817 2880 pro
2850 2807 2957 2863 hoc
2987 2807 3195 2862 delicto
3227 2816 3350 2864 esto
3382 2807 3703 2880 placabilis.

2430 2919 2457 2946 ‹‹
2488 2896 2800 2968 Usquequo
2832 2913 2946 2952 non
2996 2895 3187 2968 parcis
3239 2895 3406 2952 mihi.
3442 2919 3469 2945 ››
3502 2897 3563 2952 Id
3613 2901 3719 2965 est,
3764 2898 3836 2953 ab
3869 2897 4000 2954 istis

2356 2985 2541 3058 poenis
2574 2985 2715 3040 mihi
2747 2985 3108 3041 instantibus
3139 3003 3252 3041 non
3284 2985 3542 3042 desistis.

2425 3098 2453 3123 ‹‹
2487 3075 2601 3130 Nec
2631 3074 2881 3131 dimittis
2912 3091 3004 3131 me
3034 3079 3099 3130 ut
3127 3074 3371 3147 glutiam
3419 3074 3663 3130 salivam
3699 3092 3884 3131 meam
3908 3077 3937 3131 ?
3971 3099 4000 3126 »

2356 3166 2510 3220 Inter
2540 3169 2744 3220 caetera
2777 3163 2931 3218 mala
2961 3163 3229 3220 dolorum
3263 3168 3320 3219 et
3367 3164 3755 3232 eruciatuum,
3785 3182 4000 3238 synan-

2356 3253 2510 3309 chim
2545 3253 2822 3308 habuisse
2871 3269 2931 3308 se
2979 3252 3262 3325 perhibet,
3317 3271 3435 3327 qua
3481 3258 3711 3310 tumore
3763 3255 4000 3311 saucius

598 3328 771 3382 etiam
805 3329 877 3384 ad
944 3333 1368 3387 tormentorum
1446 3334 1771 3405 pertinebat
1841 3334 2120 3400 dolorem,
2178 3338 2242 3390 ut
2272 3317 2314 3384 (ἶ
2354 3342 2610 3400 hominis
2632 3342 2852 3398 halitus
2876 3317 3308 3411 intercluditur,
3337 3317 3397 3400 et
3425 3361 3576 3416 sepe
3601 3344 3768 3416 quasi
3790 3343 4000 3418 laqueo

599 3434 713 3472 non
746 3422 1062 3475 revertetur
1091 3420 1294 3476 OCUlUS
1335 3439 1502 3478 meus
1535 3428 1599 3477 ut
1638 3423 1830 3479 videat
1859 3425 2027 3480 bona.
2063 3448 2090 3475 )›
2127 3429 2244 3480 HOC

597 3507 770 3562 etiam
833 3508 902 3563 ad
962 3512 1392 3566 tormentorum
1465 3512 1788 3584 pertinebat
1844 3513 2122 3579 dolorem,
2183 3517 2248 3568 ut

596 3596 791 3651 sanies
823 3613 948 3668 quae
979 3599 1048 3654 de
1077 3600 1382 3670 putredine
1432 3601 1777 3658 ferventium
1810 3602 2113 3658 vulnerum
2147 3603 2243 3656 de-

599 3683 834 3750 ﬂuebat,
871 3686 1142 3743 sordibus
1187 3687 1383 3744 infusa
1434 3690 1710 3762 pulveris,
1760 3697 1952 3748 cutem
1977 3692 2118 3762 ejus
2149 3707 2243 3747 ex-

598 3771 861 3834 siccaret,
897 3779 1071 3846 atque
1100 3778 1484 3834 contraheret.

671 3882 698 3908 ‹‹
733 3860 846 3916 Nec
873 3862 1116 3934 aspiciet
1147 3881 1239 3921 me
1285 3866 1446 3923 visus
1494 3867 1770 3925 hominis.
1821 3891 1848 3919 ››
1885 3869 1947 3924 In
1992 3886 2060 3924 ea
2087 3869 2243 3925 enim

596 3965 758 4022 pace,
792 3955 848 4005 et
876 3951 1082 4024 gloria,
1139 3954 1380 4021 divitiis,
1429 3961 1486 4012 et
1530 3957 1772 4026 honore,
1804 3958 1902 4014 ubi
1939 3965 2108 4014 antea
2139 3959 2242 4025 fui,

590 4048 717 4120 jam
749 4065 863 4105 non
894 4067 1024 4106 sum
1060 4052 1130 4108 ab
1154 4051 1492 4110 hominibus
1523 4056 1828 4113 videndus.

672 4161 698 4188 «
734 4138 896 4194 Oculi
931 4142 1014 4194 tui
1047 4140 1104 4196 in
1140 4159 1252 4212 me,
1293 4148 1350 4199 et
1379 4162 1493 4200 non
1543 4145 1884 4202 subsistam.
1919 4146 2081 4202 Sicut
2110 4161 2245 4201 con-

598 4229 858 4288 sumitur
904 4233 1111 4300 nubes,
1161 4236 1218 4287 et
1269 4235 1621 4304 pertransit:
1677 4235 1758 4290 sic
1797 4235 1896 4306 qui
1945 4235 2248 4291 descendit

597 4323 672 4377 ad
701 4321 920 4379 inferos
949 4340 1065 4378 non
1119 4325 1432 4379 ascendet:
1486 4341 1589 4380 nec
1638 4328 1956 4379 revertetur
2000 4323 2152 4380 ultra
2184 4324 2243 4379 in

599 4412 842 4466 domum
888 4428 1140 4467 suam.»
1202 4411 1348 4474 Quia
1404 4411 1554 4467 oculi
1596 4411 1681 4467 tui
1725 4413 1892 4483 quasi
1943 4413 2246 4468 iracundia

601 4499 778 4572 pleni,
811 4499 869 4554 in
904 4516 996 4555 me
1043 4499 1258 4555 idcirco
1308 4505 1447 4555 sunt
1495 4500 1896 4557 intendentes:
1951 4506 2016 4557 ut
2044 4501 2245 4575 plagas

600 4589 895 4660 graviores
922 4587 1144 4644 inimici
1176 4589 1288 4644 mei
1321 4589 1712 4645 accumulent.

2354 3432 2754 3505 strangulatus
2784 3431 3200 3504 exstinguitur.

2427 3546 2454 3571 ‹‹
2490 3521 2744 3577 Peccavi.
2769 3521 2914 3586 Quid
2940 3521 3148 3577 faciam
3169 3521 3294 3589 tibi,
3321 3539 3354 3578 ο
3376 3527 3570 3578 custos
3601 3522 3906 3578 hominum
3931 3526 3997 3576 ξ’.»

2357 3610 2608 3681 Peccavi,
2644 3611 2701 3665 in
2735 3610 2828 3665 his
2860 3627 2985 3682 quae
3016 3609 3131 3665 dixi
3177 3611 3470 3682 superius,
3518 3627 3643 3683 qua:
3695 3628 3788 3668 me
3811 3612 4002 3668 dicere

2356 3718 2471 3756 non
2503 3700 2781 3756 decebat:
2817 3699 2955 3771 quid
3007 3715 3247 3771 possum
3294 3701 3480 3756 facere
3517 3700 3642 3768 tibi,
3675 3702 3774 3773 qui
3798 3702 4002 3772 justus

2354 3789 2464 3847 es?

2432 3899 2458 3930 α
2489 3881 2676 3946 Quare
2709 3894 2802 3933 me
2833 3877 3080 3947 posuisti
3131 3878 3488 3934 contrarium
3535 3879 3688 3935 tibi?
3721 3901 3750 3929 ››
3781 3879 4004 3936 Dedisti

2357 3967 2499 4023 mihi
2533 3967 2760 4038 copiam
2803 3967 3213 4038 respondendi,
3262 3972 3325 4022 ut
3372 3966 3625 4024 dicerem
3655 3967 3804 4024 tibi:
3833 3969 4004 4026 Justo

2355 4056 2576 4112 homini
2611 4073 2724 4110 non
2769 4055 3118 4110 conveniunt
3165 4072 3364 4127 poenae,
3401 4072 3528 4128 qua
3577 4057 3771 4128 potius
3802 4073 4003 4129 pecca-

2355 4145 2584 4201 toribus
2641 4145 3012 4216 irrogantur:
3070 4145 3213 4199 dum
3271 4145 3445 4200 homo
3498 4145 3620 4202 haec
3675 4146 3800 4202 dico
3849 4151 4000 4203 Deo:

2356 4238 2622 4291 creatura
2653 4232 2926 4298 Creatori,
2960 4233 3188 4304 plasma
3219 4233 3416 4306 ﬁgulo.

2429 4347 2455 4372 ‹‹
2490 4323 2557 4379 Et
2587 4323 2774 4378 tactus
2805 4339 2936 4377 sum
2972 4322 3353 4395 mibimetipsi
3384 4323 3601 4395 gravis.
3647 4347 3673 4372 »κ
3705 4324 3850 4391 Quia
3879 4341 4002 4380 ser-

2354 4430 2462 4469 vus
2496 4412 2736 4468 Domino
2764 4428 2892 4467 meo
2915 4415 3031 4466 tam
3066 4410 3311 4483 querula
3338 4429 3474 4468 vocc
3503 4413 3849 4485 respondere
3880 4429 3996 4466 non

2354 4502 2547 4559 debui

2431 4613 2458 4644 α
2487 4591 2603 4647 Cur
2633 4607 2747 4646 non
2775 4589 2930 4646 tollis
2963 4594 3265 4662 peccatum
3317 4606 3538 4658 meum,
3569 4595 3624 4647 et
3668 4605 3844 4661 quare
3874 4604 3991 4644 non

672 4701 699 4726 ‹‹
735 4677 929 4749 Neque
985 4683 1291 4748 cognoscet
1357 4695 1489 4735 eum
1565 4679 1820 4752 amplius
1876 4680 2038 4737 locus
2094 4682 2244 4752 ejus.
2277 4689 2322 4754 ί)
2353 4681 2547 4737 aufers
2578 4679 2948 4751 iniquitatem
2991 4695 3180 4734 meam
3207 4680 3235 4734 ?
3281 4679 3423 4736 Ecce
3474 4697 3630 4736 nunc
3676 4679 3734 4734 in
3765 4677 3996 4751 pulvere

599 4765 980 4839 Quapropter,
1012 4771 1069 4823 et
1090 4784 1195 4840 ego
1227 4784 1339 4824 non
1371 4785 1606 4841 parcam
1639 4770 1721 4824 ori
1749 4786 1877 4826 meo
1903 4785 1917 4826 :
1949 4769 2156 4842 loquar
2183 4771 2240 4824 in

601 4855 979 4912 tribulatione
1009 4857 1253 4929 spiritus
1283 4858 1417 4929 mei,
1465 4859 1883 4915 confabulabor
1919 4876 2053 4915 cum
2085 4876 2244 4915 ama-

567 4945 856 5002 -ritudine
903 4945 1109 5002 animas
1154 4962 1312 5004 meas.
1364 4947 1661 5019 Numquid
1722 4966 1881 5005 mare
1927 4965 2032 5021 ego
2088 4965 2242 5017 sum,

597 5040 699 5092 aut
753 5041 938 5102 cetus,
995 5036 1145 5108 quia.
1187 5037 1626 5093 circumdedisti
1703 5055 1796 5094 me
1850 5037 2128 5094 carcere?
2184 5037 2243 5093 Si

597 5127 818 5194 dixero,
872 5125 1271 5182 consolabitur
1319 5143 1410 5181 me
1461 5126 1712 5182 lectulus
1760 5143 1947 5197 meus,
1997 5133 2054 5182 et
2101 5126 2243 5182 rele-

594 5217 777 5272 vabor
819 5215 1066 5289 loquens
1112 5233 1364 5272 mecum.
1398 5239 1426 5266 ››
1489 5218 1547 5270 ld
1602 5221 1710 5283 est,
1765 5215 2008 5288 pristina
2037 5215 2245 5270 mundi

596 5307 770 5362 istius
825 5306 1206 5372 conversatio,
1241 5323 1356 5361 non
1383 5306 1493 5360 erit
1522 5305 1578 5359 in
1603 5305 1840 5360 homine
1861 5310 2242 5360 commutato.

669 5421 696 5446 «
733 5398 796 5452 In
829 5401 1016 5453 stratu
1049 5413 1178 5452 meo
1226 5395 1474 5451 terrebis
1506 5411 1598 5450 me
1645 5411 1747 5465 per
1775 5394 2026 5465 somnia,
2058 5398 2116 5449 et
2144 5411 2246 5466 per

595 5486 851 5541 visiones
908 5485 1146 5541 horrore
1203 5485 1522 5540 concuties.
1558 5504 1585 5533 »
1641 5484 1755 5539 Hoc
1799 5501 1832 5539 a
1881 5484 1996 5538 Deo
2043 5484 2151 5540 Job
2183 5501 2244 5539 se

599 5574 719 5646 pati
753 5575 1001 5644 dicebat,
1052 5575 1209 5646 quod
1249 5592 1282 5629 a
1328 5573 1694 5629 dzemonihus
1742 5573 2107 5646 patiebatur:
2143 5573 2242 5647 qui

600 5662 670 5717 ad
703 5662 816 5716 ista
849 5663 1110 5719 facienda
1136 5681 1168 5718 a
1200 5664 1314 5719 Deo
1359 5666 1699 5735 acceperant
1741 5666 2108 5734 potestatem,
2142 5661 2242 5732 qui

499 5785 502 5788 -
598 5751 650 5808 ei
683 5751 858 5808 torvis
884 5751 1142 5809 vultibus
1173 5756 1230 5809 et
1275 5751 1606 5810 minacibus
1637 5751 1765 5808 sine
1792 5751 1968 5808 dubio
1999 5767 2239 5826 appare-

2355 4771 2664 4836 dormiam,
2698 4792 2724 4816 ››
2753 4769 2811 4824 Id
2846 4773 2953 4837 est,
2987 4768 3179 4823 aufers
3228 4767 3458 4824 dolores
3509 4785 3689 4835 meos,
3721 4784 3822 4840 per
3850 4783 3998 4839 quos

2355 4859 2455 4930 qui
2515 4875 2673 4914 eram
2733 4857 3017 4913 hactenus
3064 4857 3290 4928 justus,
3350 4874 3506 4914 nunc
3564 4873 3802 4930 peccare
3840 4872 3999 4912 com-

2353 4947 2539 5021 pellor
2557 4948 2584 5001 ‘?

2433 5057 2461 5089 ι
2496 5039 2561 5092 Et
2592 5036 2640 5095 si
2674 5053 2843 5092 mane
2875 5051 2968 5090 me
2999 5034 3320 5108 quaesieris,
3345 5052 3458 5092 non
3489 5035 3832 5091 subsistam.
3864 5038 4004 5091 Post

2357 5127 2528 5183 istius
2560 5124 2757 5182 saeculi
2789 5130 3041 5191 noctem,
3091 5126 3149 5180 in
3198 5124 3357 5180 illius
3404 5125 3584 5180 futuri
3615 5123 3812 5181 saaculi
3843 5123 4001 5197 prin-

2355 5216 2528 5288 cipio,
2561 5217 2796 5288 quando
2829 5215 2939 5271 erit
2960 5214 3092 5270 felix
3123 5214 3468 5270 resurrectio
3491 5214 3794 5269 beatorum
3820 5231 3834 5280 ;
3865 5230 4002 5269 cum

2356 5305 2676 5378 requisitus
2709 5306 2891 5372 fuero,
2943 5320 3056 5359 non
3107 5303 3404 5360 inveniar:
3458 5303 3594 5375 quia
3639 5319 3753 5359 non
3805 5303 3885 5358 ita
3913 5302 4002 5357 di-

2354 5409 2507 5465 gnus
2555 5410 2673 5459 ero,
2726 5393 2824 5466 qui
2875 5392 3203 5448 sanctitatis
3253 5392 3460 5449 merito
3510 5392 3828 5449 subsistam
3869 5395 4004 5448 ante

2354 5483 2560 5539 faciem
2621 5488 2805 5538 tuam.
2866 5481 3025 5547 Quod
3087 5482 3132 5537 si
3192 5481 3405 5538 abhinc
3462 5486 3729 5554 peccator
3783 5481 4002 5549 abiero,

2355 5572 2446 5629 cui
2497 5578 2558 5627 tu
2618 5575 2751 5627 ante
2800 5570 3148 5642 propitiatus
3194 5589 3309 5628 non
3360 5571 3576 5628 fueris:
3628 5575 3831 5645 postea
3869 5576 4004 5626 ante

2353 5665 2758 5734 conspectum,
2788 5660 2885 5715 ubi
2929 5665 3067 5716 sunt
3115 5661 3303 5718 caeteri
3354 5661 3560 5730 sancti,
3597 5661 3852 5734 amplius
3884 5677 4000 5717 non

2350 5768 2468 5809 0P0.
