4310 6610
313 483 433 554 673

933 607 1160 668 CAPUT
1197 609 1343 666 VIII.

399 731 427 759 «
460 704 840 778 Respondens
871 707 1063 758 autem
1105 699 1320 756 Baldad
1369 699 1584 767 Suites,
1617 699 1763 754 dixit
1794 716 1806 754 :
1861 697 1967 753 Us-

327 813 560 871 quequo
612 791 867 866 loqueris
914 790 1074 854 talia,
1107 794 1165 845 et
1213 789 1458 862 spiritus
1507 788 1813 861 multiplex
1842 803 1968 842 ser-

326 886 516 943 monis
565 883 679 939 oris
727 881 859 936 tui?
891 902 919 931 ››
969 879 1238 935 Offensus
1291 883 1380 934 est
1409 877 1625 933 Baldad
1657 877 1714 932 in
1749 892 1968 932 sermo-

1395 448 1908 540 COMMENTAR.
1956 476 2034 537 IN
2079 473 2216 536 JOB
2259 475 2433 536 CAP.
2483 470 2644 537 vm.

1992 613 2048 678 Α

3605 469 3724 539 δτι

2154 628 2174 655 α
2210 605 2507 677 Numquid
2534 606 2722 660 vivere
2745 607 2935 676 potest
2957 604 3187 678 scirpos
3209 605 3431 680 absque
3456 606 3722 682 humore,

2077 699 2178 750 aut
2207 709 2465 751 crescere
2506 698 2799 749 carectum
2849 695 2975 750 sine
3025 697 3227 766 aqua?
3260 721 3287 746 ››
3335 699 3454 754 Hoc
3501 704 3590 755 est
3639 700 3724 755 di-

2079 800 2206 840 cere
2240 801 2252 837 :
2307 783 2459 838 sicut
2487 783 2716 854 scirpus
2756 782 2844 838 vel
2877 790 3169 840 carectum
3201 787 3326 840 sine
3358 804 3512 858 aqua
3539 789 3727 845 vivere

2081 890 2194 928 non
2238 877 2472 944 potest:
2523 872 2603 926 ita
2658 877 2718 926 tu
2768 873 2893 927 sine
2952 873 3206 930 fomento
3256 883 3432 947 atque
3487 877 3730 934 humore

328 976 503 1030 nibus
551 970 735 1028 sancti
790 970 920 1025 Job.
975 969 1237 1024 Primum
1291 968 1430 1038 quia
1474 971 1692 1022 temere
1741 965 1972 1020 locutus
2077 961 2724 1032 justitia,nequaquam
2749 963 3163 1032 permanerein
3193 964 3438 1035 pristina
3461 965 3729 1024 felicitate

328 1064 532 1119 fuisset
559 1060 628 1116 ad
667 1059 900 1114 Deum:
956 1057 1186 1122 deinde,
1233 1056 1388 1128 quod
1443 1055 1658 1110 diceret
1711 1054 1864 1125 quod
1911 1053 1972 1106 in

327 1167 504 1224 regno
559 1148 769 1204 fuisset
826 1146 1053 1202 cateris
1113 1145 1350 1217 regibus
1409 1142 1856 1216 prapollentior,
1918 1145 1976 1196 et

327 1241 478 1312 quod
507 1239 658 1295 hanc
686 1237 918 1310 plagam
951 1235 1232 1290 innocens
1265 1237 1560 1304 pateretur
1581 1237 1636 1288 et
1658 1236 1822 1287 notat
1841 1247 1974 1286 eum

327 1331 452 1402 ipse
481 1327 723 1396 Baldad,
757 1325 910 1397 quod
944 1322 1112 1395 quasi
1152 1339 1265 1378 non
1312 1322 1492 1377 libera
1542 1327 1737 1377 mente
1780 1325 1837 1376 et
1883 1337 1975 1375 so-

327 1419 458 1474 bria
516 1417 871 1488 loqueretur,
927 1413 1027 1469 sed
1087 1411 1279 1468 nescio
1337 1427 1453 1482 quo
1512 1410 1722 1483 spiritu
1783 1409 1979 1482 potius

331 1511 622 1580 ageretur.

404 1620 431 1647 ‹‹
465 1593 763 1666 Numquid
794 1597 941 1648 Deus
971 1589 1310 1667 supplantat
1335 1588 1647 1661 judicium,
1672 1593 1775 1644 aut
1799 1587 1983 1642 omni-

335 1691 541 1759 potens
591 1681 877 1739 subvertit
924 1679 1078 1752 quod
1121 1680 1355 1750 justum
1396 1678 1534 1734 est?
1569 1701 1594 1728 ››
1646 1683 1763 1734 Ηοο
1817 1677 1981 1748 dicit,

334 1776 474 1848 quia
495 1771 731 1845 justitia
762 1770 859 1826 Dei
889 1769 1108 1840 pateris
1141 1785 1266 1840 qua
1299 1767 1561 1823 mereris.

406 1886 434 1915 «
467 1860 707 1918 Etiamsi
756 1859 860 1914 ﬁlii
903 1859 989 1914 tui
1023 1861 1408 1930 peccaverunt
1437 1856 1509 1922 ei,
1545 1859 1601 1912 et
1631 1853 1855 1911 dimisit
1884 1869 1983 1909 eos

332 1953 392 2008 in
434 1967 612 2007 manu
661 1947 991 2021 iniquitatis
1039 1963 1206 2002 sua:
1261 1950 1324 2000 tu
1381 1951 1576 2001 tamen
1625 1945 1675 2000 si
1724 1941 1983 1999 diluculo

334 2040 770 2100 consurrexeris
817 2038 888 2094 ad
940 2037 1146 2104 Deum,
1179 2040 1237 2091 et
1289 2035 1752 2107 omnipotentem
1802 2032 1982 2088 fueris

334 2133 680 2204 deprecatus
705 2147 718 2184 :
748 2127 797 2182 si
823 2126 1081 2181 mundus
1111 2129 1168 2180 et
1198 2129 1390 2180 rectus
1421 2121 1754 2193 incesseris,
1780 2120 1982 2178 statim

337 2218 638 2292 evigilabit
685 2217 757 2272 ad
805 2220 884 2284 te,
915 2219 972 2271 et
1010 2217 1313 2286 peccatum
1345 2213 1549 2269 reddet
1578 2211 1984 2268 habitaculum

330 2306 576 2381 justitia
627 2310 784 2361 tua:
838 2303 1134 2359 intentum
1187 2305 1252 2356 ut
1299 2301 1349 2356 si
1401 2301 1596 2368 priora
1638 2305 1740 2355 tua
1768 2299 1988 2355 fuerint

339 2412 539 2471 parva,
569 2400 626 2451 et
655 2392 974 2450 novissima
1001 2397 1104 2447 tua
1133 2389 1600 2462 multiplicentur
1629 2388 1827 2444 nimis.
1866 2411 1894 2438 ››
1925 2388 1985 2443 Si

341 2484 470 2553 filii,
494 2483 704 2555 inquit,
732 2482 818 2537 tui
849 2480 1127 2537 facientes
1157 2478 1332 2546 mala,
1356 2478 1586 2534 dimissi
1618 2481 1755 2534 sunt
1785 2495 1819 2533 a
1849 2477 1988 2543 Deo,

343 2581 412 2632 ut
442 2577 700 2648 potestas
731 2587 858 2642 qua
889 2572 1125 2643 propter
1162 2567 1534 2640 iniquitatem
1565 2583 1768 2624 eorum
1801 2567 1858 2621 in
1891 2581 1989 2622 eos

345 2666 482 2721 data
507 2666 615 2734 est,
647 2659 1021 2718 interimendi
1053 2675 1151 2714 eos
1181 2657 1422 2713 haberet
1464 2657 1757 2726 effectum,
1790 2656 1896 2711 tibi
1928 2655 1990 2710 in

345 2753 508 2811 nullo
538 2767 747 2808 nocere
776 2748 989 2822 poterit
1021 2764 1034 2803 :
1087 2747 1136 2803 si
1185 2751 1382 2804 tamen
1415 2746 1542 2819 ipse
1572 2747 1762 2802 adhuc
1787 2748 1992 2818 jacens

343 2843 405 2900 in
436 2840 698 2899 stultitia
723 2839 1000 2903 cacitate,
1025 2835 1280 2892 diluculo
1311 2835 1371 2891 in
1402 2835 1760 2908 agnitionem
1785 2835 1992 2892 divina

338 2929 582 3006 justitia
640 2926 1096 2997 consurrexeris,
1147 2929 1204 2981 et
1262 2940 1364 2997 pro
1416 2925 1536 2980 tuis
1586 2924 1880 2980 erroribus
1937 2929 1996 2979 et

346 3019 575 3078 delictis
614 3024 819 3089 Deum,
852 3017 951 3089 qui
984 3014 1184 3070 omnia
1219 3018 1410 3086 potest
1444 3014 1778 3080 concedere,
1811 3013 1994 3069 fueris

345 3112 713 3183 deprecatus.
745 3107 854 3173 Qui
885 3105 1053 3178 quasi
1098 3103 1353 3160 dormire
1382 3103 1706 3172 videbatur,
1741 3120 1857 3159 non
1889 3119 1994 3158 au-

347 3199 559 3256 diendo
604 3201 662 3254 te
705 3193 994 3265 videlicet,
1027 3209 1135 3249 nec
1173 3191 1443 3264 videndo,
1476 3192 1782 3249 confestim
1815 3191 1995 3264 evigi-

346 3289 493 3347 labit
540 3287 613 3343 ad
661 3290 738 3357 te,
770 3288 827 3340 et
868 3283 941 3340 ad
988 3282 1432 3354 praeparandam
1465 3280 1798 3338 felicitatem
1833 3286 1993 3338 tuam

2083 1051 2345 1123 potuisti.

2156 1163 2183 1189 ‹‹
2217 1140 2361 1194 Cum
2412 1139 2604 1195 adhuc
2651 1140 2728 1194 sit
2773 1141 2830 1195 in
2887 1143 3045 1208 ﬂore,
3083 1159 3184 1200 nec
3225 1152 3498 1218 carpatur
3525 1165 3728 1216 manu,

2087 1234 2220 1285 ante
2269 1245 2471 1284 omnes
2523 1229 2735 1284 herbas
2786 1232 3017 1296 arescit,
3054 1232 3138 1286 sic
3188 1234 3286 1288 via
3331 1237 3595 1292 omnium
3630 1239 3730 1310 qui

2087 1318 2510 1375 obliviscuntur
2569 1323 2831 1373 Deum.»
2890 1319 3040 1375 Dicit
3097 1329 3364 1378 sanctum
3410 1326 3538 1391 Job,
3579 1327 3736 1383 velut

2088 1409 2279 1463 herba
2340 1406 2726 1462 similitudine
2780 1408 3094 1465 floruisse:
3146 1410 3245 1481 qui
3297 1417 3612 1484 antequam
3662 1416 3732 1470 ad

2091 1497 2485 1552 maturitatem
2537 1496 2793 1552 fundata
2846 1498 3041 1568 gloria
3096 1500 3438 1571 perveniret,
3471 1502 3528 1557 in
3573 1509 3738 1559 tanta

2092 1584 2246 1640 mala
2294 1584 2690 1656 pracipitatus
2745 1585 2839 1656 sit,
2876 1604 2946 1642 ne
2994 1587 3052 1642 in
3099 1593 3357 1661 tempore
3403 1608 3530 1657 suo,
3565 1594 3734 1664 quasi

2091 1675 2149 1729 in
2182 1673 2544 1742 plenitudine
2591 1674 2818 1729 dierum
2873 1684 3280 1734 consummato
3331 1680 3736 1754 completoque

2093 1762 2508 1818 florentissimo
2558 1779 2757 1835 regno,
2793 1781 2965 1820 manu
3020 1768 3326 1838 potestatis
3358 1770 3482 1837 Dei,
3512 1770 3573 1826 in
3622 1788 3738 1843 qua

2093 1851 2291 1907 omnia
2320 1867 2496 1923 regna
2525 1851 2874 1924 consistunt,
2907 1855 3202 1912 auferetur
3246 1875 3279 1912 a
3321 1858 3553 1914 saeculo.
3589 1860 3736 1932 Ergo

2093 1942 2232 2013 quia
2286 1958 2401 1996 non
2447 1942 2529 1996 ita
2559 1940 2751 2012 egisti,
2784 1946 2849 1997 ut
2879 1943 2938 1998 in
2970 1960 3130 2017 pace,
3163 1947 3449 2019 completo
3480 1953 3739 2020 tempore

2095 2035 2193 2086 tuo
2226 2031 2570 2086 conferreris
2607 2031 2664 2086 in
2710 2031 3044 2103 sepulcrum
3092 2040 3261 2091 tuum
3297 2054 3309 2092 :
3362 2037 3576 2093 idcirco
3605 2044 3739 2094 ante

2094 2135 2298 2175 omnes
2353 2118 2586 2189 herbas,
2637 2120 2693 2174 id
2753 2127 2860 2190 est,
2909 2128 3044 2178 ante
3099 2140 3303 2181 omnes
3359 2133 3735 2197 peccatores:

2095 2209 2196 2281 qui
2254 2208 2567 2263 herbarum
2616 2209 2895 2265 vocabulo
2942 2227 3094 2283 sape
3143 2213 3440 2284 dicuntur,
3471 2216 3613 2271 solis
3643 2233 3742 2271 ar-

2095 2300 2234 2354 dore
2265 2297 2518 2354 siccatus
2562 2315 2624 2354 es
2658 2317 2670 2354 :
2725 2299 2781 2354 id
2815 2304 2923 2366 est,
2955 2317 3091 2356 cum
3125 2302 3464 2360 inﬁdelibus
3496 2306 3741 2362 tribula-

2095 2388 2355 2443 tionibus
2404 2388 2575 2443 corde
2622 2389 2871 2445 cessisti.
2904 2391 3067 2453 Quod
3099 2396 3293 2447 autem
3330 2394 3430 2464 ait,
3463 2399 3587 2450 ante
3615 2394 3739 2450 her-

2100 2478 2194 2532 bas
2240 2493 2427 2532 omnes
2477 2479 2728 2533 arescit:
2777 2479 3048 2550 quisquis
3079 2479 3386 2537 hominum
3419 2484 3740 2540 multarum

2099 2572 2190 2622 est
2219 2565 2620 2638 iniquitatum,
2654 2567 2804 2622 sicut
2855 2572 2916 2622 tu
2966 2585 3050 2636 es,
3082 2587 3195 2641 pra
3246 2573 3500 2643 pondere
3545 2573 3741 2629 crimi-

2101 2673 2266 2724 num,
2300 2660 2434 2711 ante
2486 2655 2693 2728 incipit
2741 2673 2941 2728 poenas
2990 2657 3149 2714 luere
3179 2677 3356 2732 quam
3389 2663 3576 2718 cateri
3611 2680 3743 2735 pec-

2099 2749 2344 2801 catores.

2173 2859 2200 2884 «
2235 2834 2302 2889 Et
2333 2850 2467 2906 spes
2499 2833 2809 2907 hypocrita
2842 2836 3071 2908 peribit.
3108 2860 3134 2888 »
3189 2839 3509 2912 Hypocrita
3560 2841 3743 2898 simu-

2101 2925 2278 2981 lantis
2317 2924 2767 2980 sanctimoniam
2816 2926 2990 2982 vita:
3043 2927 3138 2983 hic
3190 2936 3385 2985 autem
3420 2933 3745 2987 secundum

2105 3015 2224 3082 Dei,
2276 3015 2428 3069 sicut
2481 3014 2606 3086 ipse
2662 3015 2763 3084 ait,
2822 3016 3246 3086 testimonium,
3306 3021 3556 3093 simplex
3614 3022 3746 3092 fuit,

2103 3109 2317 3175 rectus,
2350 3108 2407 3158 et
2451 3102 2752 3160 innocens.
2782 3106 2848 3161 Si
2892 3107 3172 3164 ambulavi
3220 3111 3278 3164 in
3323 3112 3565 3167 vanitate
3613 3113 3748 3184 (Job.

2103 3211 2258 3260 XXXI,
2287 3194 2364 3264 5).

2181 3308 2202 3334 α
2237 3283 2360 3338 Non
2415 3283 2466 3338 ei
2527 3282 2778 3356 placebit
2831 3287 3099 3342 vecordia
3157 3304 3283 3358 sua,
3317 3295 3372 3345 et
3430 3291 3585 3347 sicut
3638 3293 3754 3350 tela

351 3377 616 3436 instabit.
663 3375 961 3430 Intantum
993 3375 1057 3426 ut
1086 3370 1136 3426 si
1166 3370 1361 3443 priora
1389 3376 1493 3426 tua
1531 3372 1748 3428 fuerint
1799 3389 1993 3445 parva,
2025 3359 2069 3427 C
2109 3389 2452 3431 aranearum
2484 3373 2699 3429 ﬁducia
2727 3375 2874 3444 ejus.
2910 3397 2937 3423 ››
2978 3376 3228 3432 Grandis
3258 3395 3454 3435 revera
3485 3382 3753 3438 vecordia

353 3464 676 3525 novissima
725 3467 828 3518 tua
874 3459 1338 3532 multiplicantur
1383 3459 1583 3516 nimis.
1634 3460 1694 3516 Si
1741 3477 1878 3533 ergo
1929 3461 2002 3516 ad

357 3558 543 3615 Deum
594 3567 906 3609 conversus
957 3549 1156 3620 fueris,
1201 3548 1413 3620 inquit,
1447 3549 1519 3605 ab
1569 3548 2000 3620 iniquitatibus,

358 3649 602 3720 propter
656 3658 804 3713 quas
853 3655 1010 3695 nunc
1051 3654 1253 3711 panes
1283 3638 1520 3710 pateris,
1553 3643 1611 3694 et
1641 3654 1744 3710 per
1773 3639 2004 3696 satisfa-

359 3735 611 3792 ctionem
662 3745 799 3786 eum
848 3745 950 3801 pro
999 3725 1225 3783 meritis
1276 3726 1397 3782 tuis
1442 3727 1545 3782 tibi
1592 3727 1758 3783 valde
1789 3727 2004 3784 iratum

358 3820 732 3881 reconciliare
774 3816 1025 3874 volueris
1058 3833 1070 3871 :
1121 3820 1347 3872 tantam
1379 3817 1508 3887 ejus
1538 3816 1787 3889 gratiam
1821 3819 2006 3874 conti-

361 3929 479 3970 nuo
509 3908 860 3985 possidebis,
893 3912 957 3962 ut
1007 3906 1080 3962 ad
1131 3906 1626 3977 comparationem
1659 3906 2006 3964 novissimo-

363 4019 494 4060 rum
551 4003 837 4057 bonorum
894 4001 1152 4061 tuorum,
1208 4011 1335 4066 qua
1385 3994 1491 4050 tibi
1547 3995 1740 4052 subito
1799 3997 2011 4068 poterit

363 4104 765 4164 compensare,
799 4086 992 4160 priora
1021 4086 1168 4140 satis
1201 4101 1393 4156 parva,
1424 4091 1483 4141 et
1531 4085 1778 4142 minima
1822 4087 2008 4159 depu-

364 4186 582 4238 tentur.
613 4179 767 4243 Quos
795 4180 1127 4250 peccatores
1159 4174 1315 4230 filius
1345 4174 1442 4230 ille
1464 4175 1669 4246 junior
1717 4176 1775 4231 in
1827 4175 2007 4232 Evan-

368 4269 517 4343 gelio
545 4267 814 4341 figuravit
842 4267 994 4338 (Luc.
1028 4281 1119 4330 xv,
1155 4265 1220 4318 12
1249 4265 1442 4337 seqq.),
1475 4265 1573 4336 qui
1622 4281 1757 4321 cum
1789 4266 2007 4322 bonum

369 4364 612 4426 natura,
662 4361 940 4426 tanquam
993 4353 1225 4408 divitias
1281 4369 1415 4408 cum
1476 4354 1904 4423 meretricibus,
1952 4355 2010 4410 id

367 4453 479 4517 est,
534 4444 928 4518 voluptatibus
984 4443 1248 4510 vivendo,
1309 4442 1589 4515 prodigus
1644 4443 2010 4516 dissipasset,

365 4535 671 4612 panitenti
730 4532 1013 4591 occiditur
1068 4531 1310 4599 vitulus,
1370 4531 1694 4587 Christus:
1758 4533 2014 4589 annulus

367 4642 600 4701 quoque
628 4623 786 4692 ﬁdei,
819 4639 936 4694 qua
965 4626 1174 4677 cuncta
1222 4621 1516 4693 promissa
1564 4625 1722 4678 certa
1772 4622 2016 4693 impres-

2111 3469 2220 3534 est,
2269 3468 2326 3519 et
2381 3463 2658 3532 amentia,
2719 3463 2870 3528 ficte,
2931 3468 2988 3520 et
3044 3465 3319 3522 simulate
3383 3485 3552 3539 agere
3617 3475 3752 3527 ante

2114 3557 2294 3612 Deum
2329 3570 2340 3606 :
2377 3552 2532 3624 quod
2565 3557 2654 3608 est
2683 3552 2742 3607 in
2774 3569 3114 3625 prosperum
3147 3572 3261 3611 non
3293 3559 3584 3628 procedet,
3618 3574 3755 3617 cum

2111 3645 2208 3700 ille
2238 3647 2527 3700 scrutator
2579 3641 2626 3697 si
2680 3643 2872 3698 cordis
2920 3649 2977 3698 et
3025 3645 3182 3700 renis
3213 3647 3437 3717 (Jerem.
3471 3665 3606 3720 xvu,
3641 3651 3752 3720 10).

2114 3733 2286 3790 Tales
2333 3732 2392 3787 in
2423 3731 2750 3805 Evangeliis
2788 3738 3161 3805 arguuntur:
3215 3736 3315 3808 qui
3370 3743 3511 3793 sunt
3566 3740 3758 3796 ornati

2116 3822 2332 3879 deforis
2387 3820 2555 3893 quasi
2606 3820 2796 3892 specie
2846 3823 3194 3890 sanctitatis,
3227 3829 3284 3880 et
3332 3825 3492 3884 intus
3539 3829 3759 3901 peccati

2116 3912 2422 3986 putredine
2489 3910 2642 3982 pleni
2711 3917 2869 3981 sunt,
2934 3917 2998 3967 ut
3063 3913 3332 3987 sepulcra
3396 3921 3761 3974 mortuorum

2116 4003 2332 4074 (Matth.
2373 4016 2534 4071 xxm,
2582 4001 2696 4071 27).

2190 4114 2217 4141 ‹‹
2253 4079 2548 4146 lnnitetur'
2566 4106 2743 4160 super
2772 4090 3012 4146 domum
3045 4109 3233 4161 suam,
3267 4098 3324 4148 et
3356 4111 3472 4149 non
3504 4096 3702 4150 stabit.
3733 4117 3763 4145 »

2118 4179 2474 4236 Confidendo
2505 4178 2563 4233 in
2597 4179 2810 4250 seipse,
2843 4185 2900 4234 et
2930 4182 3332 4236 confirmando
3364 4199 3599 4239 carnem
3632 4187 3763 4239 bra-

2120 4269 2233 4326 chii
2292 4269 2431 4324 sui:
2487 4271 2638 4323 stare
2698 4284 2811 4323 non
2872 4269 3135 4338 poterit:
3197 4270 3295 4326 scd
3351 4271 3540 4343 magis
3598 4273 3764 4328 cadet

2122 4357 2414 4431 superbia.
2450 4356 2596 4421 Quia
2643 4360 2822 4412 omnis
2871 4373 2997 4412 caro
3043 4366 3232 4428 fenum
3279 4364 3358 4417 est
3400 4361 3532 4432 (lsa.
3562 4379 3650 4430 XL,
3682 4362 3762 4433 6).

2194 4471 2221 4498 ‹‹
2257 4446 2473 4502 Fulciet
2504 4462 2654 4513 eam,
2688 4451 2746 4502 et
2774 4463 2888 4502 non
2921 4453 3252 4521 consurget.
3290 4473 3310 4498 ι
3347 4450 3604 4506 Conatur
3632 4468 3764 4524 pro-

2124 4537 2268 4610 priis
2316 4535 2538 4591 viribus
2587 4552 2648 4591 se
2695 4539 2934 4609 erigere,
2969 4543 3068 4593 sed
3117 4555 3491 4611 nequaquam
3531 4557 3772 4597 consur-

2125 4642 2257 4699 gere
2315 4625 2578 4696 poterit:
2636 4625 2775 4697 quia
2832 4643 2946 4682 non
3005 4632 3093 4683 est
3149 4627 3434 4686 Dominus
3492 4630 3772 4686 fortitudo

367 4718 534 4775 sione
560 4716 890 4789 signantur,
913 4711 972 4766 in
997 4728 1174 4767 manu
1197 4711 1248 4766 ei
1276 4710 1597 4766 tribuitur:
1627 4715 1684 4766 et
1703 4727 2016 4783 gressuum
2047 4733 2092 4798 D
2125 4716 2273 4786 ejus.
2343 4715 2402 4769 In
2472 4730 2646 4785 quem
2710 4714 3115 4773 incumbentes
3180 4717 3521 4776 ﬁrmissime
3587 4719 3775 4777 conti-

369 4822 614 4864 suorum
663 4803 886 4875 accepit
915 4801 1301 4872 munimenta,
1334 4805 1401 4856 ut
1430 4817 1606 4873 super
1635 4804 1933 4874 serpentes
1963 4805 2020 4857 et
2129 4809 2363 4861 nentur.

369 4895 632 4969 scorpios
662 4908 906 4950 securus
947 4889 1179 4946 incedat
1211 4906 1224 4945 :
1281 4889 1431 4946 stola
1458 4889 1634 4946 etiam
1665 4895 1879 4946 aterna
1907 4890 2016 4945 im-

369 4982 746 5045 mortalitatis
783 4981 1056 5038 donatur.

445 5074 804 5145 «Interroga
860 5070 1016 5127 enim
1073 5069 1510 5144 generationem
1571 5069 1902 5142 pristinam,
1963 5073 2021 5125 et

371 5162 684 5237 diligenter
732 5161 1017 5234 investiga
1066 5163 1302 5232 patrum
1352 5159 1718 5216 memoriam.
1754 5159 2018 5215 Hesterni

374 5253 594 5328 quippe
623 5267 851 5320 sumus,
884 5254 942 5306 et
970 5249 1313 5323 ignoramus
1347 5265 1359 5303 :
1403 5249 1680 5321 quoniam
1713 5249 1865 5304 sicut
1896 5265 2022 5303 um-

375 5345 480 5400 bra
511 5343 637 5399 dies
665 5339 847 5398 nostri
881 5343 1020 5396 sunt
1049 5355 1227 5411 super
1253 5343 1469 5395 terram
1503 5355 1517 5394 :
1571 5338 1685 5412 ipsi
1732 5339 2024 5395 docebunt

373 5439 450 5490 te.
513 5432 856 5505 Loquentur
912 5429 1040 5498 tibi,
1082 5433 1138 5485 et
1195 5430 1266 5485 de
1326 5429 1496 5486 corde
1558 5445 1665 5484 suo
1730 5429 2026 5501 proferent

375 5521 680 5595 eloquia.»
712 5523 832 5577 Hoc
862 5523 953 5575 est
980 5519 1193 5587 dicere,
1225 5519 1365 5590 quia
1394 5535 1500 5574 nos
1530 5518 1785 5574 hesterni
1817 5535 2026 5575 sumus

376 5612 675 5683 interroga
713 5609 1011 5681 antiquos,
1062 5610 1119 5663 et
1177 5607 1434 5664 invenies
1492 5607 1639 5665 alios
1695 5609 1753 5662 in
1809 5608 2026 5665 diluvio

377 5700 524 5759 alios
553 5699 613 5756 in
646 5699 920 5767 Sodoma,
950 5697 1069 5753 sive
1099 5697 1157 5752 in
1189 5697 1436 5754 diversis
1465 5698 1610 5756 locis
1640 5715 1743 5774 pro
1776 5698 2028 5772 peccatis

378 5789 505 5878 suis
533 5789 795 5850 diversas
828 5787 1123 5864 accepisse
1153 5787 1493 5848 sententias.

2203 4917 2230 4946 ‹‹
2260 4894 2583 4949 Humectus
2615 4893 2842 4950 videtur
2870 4900 3183 4969 antequam
3215 4898 3409 4954 veniat
3446 4898 3553 4956 sol.
3587 4919 3613 4951 ι
3671 4899 3776 4955 Fe-

2127 4983 2404 5039 licitatem
2463 4982 2863 5054 prosperantis
2918 4983 3176 5041 hominis
3233 4986 3421 5042 dicit:
3473 4987 3573 5059 qui
3640 5001 3776 5041 cum

2129 5078 2269 5129 astu
2302 5070 2699 5128 tribulationis
2747 5088 3064 5144 percussus
3095 5075 3290 5146 fuerit,
3324 5073 3779 5132 adversitatibus

2129 5162 2440 5234 frangitur,
2488 5165 2548 5216 et
2602 5161 2795 5216 omnis
2846 5162 3001 5219 viror
3048 5163 3306 5235 pristina
3355 5163 3483 5234 ejus
3541 5162 3775 5230 latitia,

2132 5255 2520 5322 consumptus
2548 5249 2787 5306 tristitia
2824 5251 3172 5308 exsiccetur.

2208 5363 2234 5391 ‹‹
2268 5343 2334 5394 Et
2365 5339 2424 5394 in
2458 5344 2587 5395 ortu
2620 5357 2727 5396 suo
2775 5356 3013 5412 germen
3064 5344 3193 5414 ejus
3246 5340 3592 5413 egredietur.
3631 5361 3652 5387 ι
3713 5337 3777 5393 In

2134 5429 2439 5502 principio,
2472 5427 2683 5501 inquit,
2716 5428 3010 5485 felicitatis
3043 5447 3161 5486 sua
3193 5434 3460 5503 peccator
3508 5443 3783 5501 prospere

2135 5536 2304 5593 agere
2333 5519 2581 5590 videtur,
2613 5519 2711 5588 sed
2745 5535 2857 5574 non
2891 5519 3274 5590 permanebit,
3309 5518 3549 5574 virentis
3588 5517 3782 5574 herba

2137 5607 2396 5665 similis:
2451 5608 2572 5663 hac
2619 5613 2709 5663 est
2756 5609 3061 5681 repentina
3100 5607 3465 5679 jucunditas,
3519 5607 3674 5664 sicut
3721 5607 3781 5664 in

2138 5697 2411 5772 psalmo:
2465 5698 2601 5753 Cum
2650 5700 2828 5754 exorti
2873 5699 3082 5769 fuerint
3127 5701 3431 5770 peccatores
3472 5706 3530 5755 ut
3568 5701 3784 5771 fenum,

2138 5791 2190 5847 et
2235 5789 2597 5862 apparuerint
2641 5787 2814 5860 (Ρεαι.
2846 5802 2956 5858 xei,
2988 5786 3092 5862 8):
3141 5785 3199 5845 id
3248 5791 3356 5864 est,
3388 5787 3547 5848 velut
3591 5787 3786 5850 herba
