4310 6596
349 442 465 510 6'17

1461 443 1976 509 COMMENTAR.
2023 439 2101 506 ΙΝ
2145 447 2284 509 JOB
2331 450 2504 510 CAP.
2554 449 2657 510 lX.

3645 444 3767 509 6'18

353 587 421 637 ut
439 581 560 637 sint
585 578 843 653 gloriosi,
871 575 1244 651 splendentes
1283 579 1444 634 velut
1484 579 1779 648 meridies,
1812 579 2001 638 calore
2029 581 2085 648 Α
2114 581 2290 635 audet
2337 597 2438 652 pro
2486 595 2579 636 me
2624 579 3028 636 testimonium
3064 579 3278 637 dicere.
3333 581 3392 637 Si
3434 581 3766 653 justiﬁcare

357 670 659 726 charitatis
690 669 785 724 Dei
815 666 1068 734 accensi,
1099 672 1154 722 et
1184 667 1314 723 fidei
1344 667 1570 723 lumine
1599 667 1893 724 illustrati.

440 779 466 810 α
492 758 596 821 Qui
628 757 764 812 facit
794 772 1023 828 magna,
1057 761 1114 811 et
1145 755 1776 828 incomprehensibilia,
1811 762 1867 811 et
1898 757 2003 812 mi-

362 847 571 903 rabilia
602 863 613 900 :
649 862 896 918 quorum
932 863 1045 900 non
1088 849 1178 900 est
1209 862 1509 901 numerus.
1549 867 1577 895 ››
1611 845 1887 917 Magnum
1921 851 2010 902 est

365 937 519 1008 quod
569 935 707 990 facit
753 935 929 1002 Deus,
974 940 1040 990 ut
1084 951 1186 988 vas
1238 935 1442 1006 fragile
1495 934 1792 992 hominem
1838 935 2011 990 morti

365 1025 677 1081 obnoxium
731 1041 832 1096 per
874 1024 1174 1081 Christum
1225 1024 1282 1078 in
1316 1039 1480 1095 spem
1531 1023 1710 1080 beatae
1752 1040 2009 1079 resurre-

364 1114 570 1170 ctionis
613 1115 950 1168 constituat.
988 1113 1057 1168 Et
1104 1112 1382 1168 interiora
1410 1113 1627 1168 Austri.
1662 1111 1769 1167 Ubi
1801 1113 2010 1167 cande-

365 1203 594 1259 labrum
641 1219 778 1259 cum
826 1201 1102 1269 lucernis,
1139 1200 1496 1272 septiformis
1545 1200 1784 1272 spiritus
1816 1201 2013 1272 gratiae

361 1290 649 1359 videlicet,
683 1297 740 1346 et
770 1289 1167 1362 intelligentiae
1219 1279 1643 1357 relucentibus,
1675 1287 2010 1344 collocatur.

443 1407 462 1431 ι
499 1380 560 1437 Si
591 1377 813 1436 venerit
842 1380 912 1434 ad
948 1396 1059 1445 me,
1093 1396 1207 1434 non
1239 1375 1445 1433 videbo
1477 1395 1611 1433 eum
1647 1395 1660 1433 :
1695 1377 1743 1433 si
1785 1377 2012 1444 abierit,

366 1488 480 1527 non
543 1463 888 1542 intelligam.
941 1466 1000 1523 Si
1049 1472 1284 1540 repente
1328 1466 1672 1540 interroget,
1736 1467 1869 1539 quis
1929 1483 2015 1521 re-

366 1558 678 1633 spondebit
705 1556 797 1614 ei?
821 1557 918 1614 Vel
945 1563 1078 1630 quis
1111 1557 1302 1612 dicere
1323 1560 1536 1628 potest,
1573 1556 1687 1611 Cur
1717 1557 1797 1611 ita
1829 1555 1970 1611 facis
1990 1556 2018 1612 7

368 1651 544 1713 Deus,
577 1649 746 1719 cujus
793 1647 890 1702 ira;
922 1663 1091 1701 nemo
1140 1646 1411 1700 resistere
1452 1649 1662 1717 potest.
1698 1668 1727 1695 »
1761 1646 1896 1701 Plus
1927 1645 2018 1700 di-

370 1739 466 1804 cit,
504 1736 656 1808 quod
700 1735 983 1791 venientis
1017 1735 1113 1790 Dei
1164 1734 1472 1806 praesentia
1516 1734 1612 1799 sit,
1649 1735 1883 1806 quando
1915 1733 2019 1789 ho-

375 1825 518 1880 mini
548 1824 880 1892 innotescit,
901 1829 957 1879 et
973 1825 1205 1896 quando
1224 1824 1533 1889 occulitur,
1554 1825 1724 1894 quasi
1753 1823 2023 1880 abeuntis

376 1914 640 1971 absentia
668 1913 980 1969 indicatur.

452 2025 480 2053 «
514 2003 582 2058 Et
613 2003 721 2058 sub
741 2019 856 2076 quo
878 2006 1195 2058 curvantur
1217 2003 1314 2074 qui
1342 2007 1574 2074 portant
1596 1989 1815 2058 orbem.
1837 2004 2027 2068 Quan-

380 2097 477 2148 tus
529 2108 665 2164 ergo
714 2109 844 2147 sum
905 2107 1030 2164 ego,
1063 2095 1128 2146 ut
1177 2093 1558 2163 respondeam
1611 2092 1680 2160 ei,
1716 2097 1772 2148 et
1819 2091 2025 2164 loquar

377 2181 571 2237 verbis
621 2181 766 2237 meis
797 2197 931 2236 cum
983 2197 1048 2236 eo
1068 2180 1096 2236 ?
1127 2181 1234 2246 Qui
1265 2182 1440 2236 etiam
1473 2181 1522 2238 si
1565 2181 1825 2237 habuero
1856 2181 2023 2254 quip-

381 2270 539 2344 piam
561 2270 815 2342 justum,
848 2285 964 2326 non
995 2271 1377 2342 reapendebo,
1411 2272 1512 2327 sed
1543 2287 1738 2327 meum
1762 2270 2023 2343 judicem

381 2360 753 2432 deprecabor.
790 2382 810 2409 ι»
847 2364 1151 2415 Portantes
1189 2359 1409 2428 orbem,
1443 2360 1626 2416 sancti
1677 2366 1828 2416 recte
1855 2360 2024 2416 intel-

373 2449 644 2522 liguntur
676 2465 688 2505 :
720 2449 819 2521 qui
852 2447 1099 2521 gloriam
1132 2448 1475 2505 meritorum
1509 2463 1768 2518 suorxm,
1804 2449 2022 2522 magni,

374 2543 435 2595 et
460 2543 723 2611 potentes
755 2543 895 2594 sunt
925 2539 1079 2610 apud
1115 2544 1316 2594 Deum.
1342 2539 1408 2594 Hi
1441 2555 1577 2611 ergo
1609 2540 1799 2595 cordis
1830 2539 2024 2594 humi-

374 2627 539 2684 litate
565 2628 638 2683 ad
678 2627 1177 2684 interveniendum
1213 2645 1316 2700 pro
1364 2629 1765 2700 peccatoribus
1799 2631 1854 2684 in
1888 2645 2022 2684 con-

379 2722 578 2789 spectu
636 2718 765 2788 ejus
836 2721 977 2772 sunt
1034 2717 1341 2772 incurvati.
1402 2717 1488 2773 Ita
1543 2719 1730 2773 sancti
1790 2723 2027 2790 portant

381 2807 693 2873 mundum,
726 2807 868 2862 dum
900 2823 1034 2862 eum
1067 2822 1138 2861 ne
1171 2812 1303 2862 ruat
1333 2823 1398 2862 ac
1445 2813 1659 2878 pereat,
1693 2808 2023 2862 orationum

377 2897 722 2953 fortitudine
761 2898 1073 2953 sustinent.
1107 2897 1404 2952 Columnae
1436 2897 1560 2953 cceli
1595 2897 2026 2964 intremiscunt,

383 3001 450 3044 ac
509 2991 718 3059 pavent
776 2988 845 3042 ad
907 2990 1117 3042 nutum
1177 2988 1325 3059 ejus.
1371 2987 1653 3060 Apostoli,
1714 2987 2027 3060 prophetae,

385 3092 702 3148 omnesque
732 3075 1034 3148 apostolici
1084 3075 1213 3144 viri,
1247 3076 1434 3131 sancti
1467 3093 1721 3148 quoque,
1754 3079 1810 3132 et
1840 3075 2029 3132 caeteri

385 3164 585 3221 ﬁdeles
617 3163 980 3237 intelligendi
1013 3170 1153 3219 sunt
1187 3179 1199 3219 :
1234 3164 1306 3219 de
1326 3165 1542 3236 quibus
1574 3170 1664 3220 est
1691 3167 2032 3232 Petrus,Ja—

385 3255 586 3321 cobus,
619 3258 676 3310 et
722 3254 998 3320 Joannes,
1033 3253 1132 3324 qui
1182 3253 1532 3308 videbantur
1577 3271 1704 3310 esse
1745 3255 2030 3312 columnae

2117 685 2209 724 me
2240 668 2497 736 voluero,
2530 685 2595 724 os
2645 685 2840 724 meum
2890 671 3304 724 condemnabit
3354 686 3465 725 me.
3497 671 3555 726 Si
3591 671 3766 726 inno-

2117 763 2344 814 centem
2377 759 2706 822 ostendero,
2733 762 2974 829 pravum
3008 775 3098 813 me
3121 758 3544 830 eomprobabit.
3581 759 3766 815 Etiam

2117 848 2164 902 si
2200 847 2450 919 simplex
2487 848 2668 916 fuero,
2705 847 2811 902 hoc
2840 847 3034 917 ipsum
3069 847 3358 918 ignorabit
3389 849 3586 904 anima
3617 865 3768 918 mea,

2119 942 2176 992 et
2206 937 2439 991 taedebit
2490 953 2580 991 me
2610 937 2737 990 vitae
2791 951 2950 990 meae.
2989 935 3179 992 Unum
3212 943 3300 991 est
3353 938 3505 1006 quod
3538 937 3770 992 loeutus

2120 1041 2277 1090 sum,
2309 1032 2366 1079 et
2407 1025 2803 1094 innocentem,
2831 1031 2890 1080 et
2936 1024 3182 1096 impium
3235 1025 3360 1096 ipse
3389 1027 3705 1082 consumit.
3741 1049 3769 1076 ››

2123 1113 2315 1185 Plagis
2334 1114 2614 1168 omnibus
2632 1115 2809 1184 atque
2834 1113 3277 1168 infirmitatibus
3299 1114 3660 1170 circumdata
3683 1120 3772 1170 at-

2123 1217 2236 1273 que
2284 1203 2545 1267 obsesSa,
2599 1201 2814 1273 repleta
2866 1201 3017 1256 fellis
3067 1206 3240 1272 atque
3287 1202 3685 1274 blasphemia),
3715 1207 3776 1260 et

2124 1291 2516 1346 amaritudine
2555 1291 2754 1345 anima
2783 1307 2934 1344 mea.
2972 1290 3055 1344 Ita
3102 1294 3166 1344 ut
3196 1290 3410 1346 durum
3445 1291 3686 1348 verbum
3718 1298 3776 1349 et

2123 1395 2399 1450 asperum
2432 1394 2496 1434 os
2547 1395 2741 1433 meum
2777 1379 2968 1433 dicere
3015 1377 3422 1449 compellatur,
3454 1385 3511 1435 et
3540 1381 3775 1438 taedebit

2125 1472 2252 1522 vitae
2284 1485 2445 1522 mets.
2484 1467 2597 1538 Ego
2631 1474 2823 1522 tamen
2859 1467 2964 1521 hoc
2998 1466 3190 1522 solum
3224 1468 3374 1533 novi,
3410 1470 3564 1540 quod
3600 1471 3773 1527 malis

2126 1558 2252 1612 vitae
2283 1558 2585 1628 praesentis
2617 1557 2846 1628 punior.

2200 1668 2227 1695 ‹‹
2262 1645 2319 1700 Si
2372 1645 2648 1718 ﬂagellat,
2679 1646 2907 1701 occidat
2957 1647 3139 1703 semel
3173 1665 3184 1702 :
3219 1652 3275 1704 et
3307 1665 3422 1703 non
3465 1649 3536 1704 de
3587 1649 3775 1720 poenis

2129 1735 2533 1790 innocentium
2584 1735 2789 1790 rideat.
2826 1757 2853 1783 ››
2885 1735 3037 1790 Dure
3069 1736 3162 1791 hic
3208 1737 3354 1792 satis
3406 1735 3639 1792 locutus
3687 1742 3779 1793 est

2132 1830 2335 1879 contra
2371 1824 2576 1880 Deum.
2620 1824 2681 1878 In
2709 1827 2828 1880 toto
2860 1825 3095 1895 quidem
3127 1825 3276 1881 libro
3308 1825 3436 1896 hoc,
3471 1824 3669 1882 nullus
3701 1827 3777 1882 lo-

2132 1915 2304 1966 cutus
2335 1917 2424 1967 est
2467 1911 2727 1983 asperior
2779 1911 2911 1977 isto,
2945 1917 3002 1966 et
3031 1912 3210 1968 altero
3262 1913 3534 1984 superius
3565 1913 3776 1984 posito,

2133 2001 2234 2056 ubi
2267 2001 2349 2056 ait
2380 2017 2392 2055 :
2428 2001 2789 2069 Quamobrem
2821 2001 2983 2072 elegit
3015 2003 3376 2074 suspendium
3403 2006 3602 2058 anima
3632 2020 3780 2073 mea,

2134 2095 2186 2146 et
2230 2095 2462 2146 mortem
2512 2108 2636 2145 ossa
2663 2107 2787 2145 mea
2835 2092 2971 2162 (Jac.
3005 2108 3103 2159 vn,
3137 2093 3224 2163 15)
3258 2109 3271 2148 :
3305 2094 3377 2148 de
3417 2094 3632 2164 quibus
3663 2110 3781 2149 ser-

2135 2181 2409 2235 monibus
2463 2179 2763 2252 respondit
2813 2181 2884 2235 ad
2918 2181 3099 2236 Deum
3135 2181 3193 2236 in
3241 2183 3358 2238 line
3388 2181 3520 2238 libri
3553 2200 3566 2238 :
3603 2184 3781 2240 Unum

2135 2271 2343 2326 loculus
2376 2287 2520 2337 sum,
2552 2269 2695 2340 quod
2741 2271 2957 2325 utinam
3002 2287 3111 2325 non
3148 2271 3430 2342 dixissem,
3462 2280 3512 2328 et
3538 2271 3782 2328 alterum

2133 2359 2327 2430 quibus
2354 2359 2502 2413 ultra
2547 2359 2692 2413 nihil
2737 2358 2934 2413 addam
2964 2361 3104 2430 (Job.
3159 2377 3350 2430 XXXIX,
3382 2361 3494 2423 35).
3525 2361 3668 2417 Tota
3697 2361 3780 2417 al-

2134 2449 2373 2504 tercatio
2402 2449 2514 2503 Job
2563 2465 2696 2503 cum
2742 2447 2948 2504 amicis
2997 2448 3091 2504 hic
3119 2454 3230 2515 est,
3262 2450 3416 2521 quod
3467 2450 3565 2508 ille
3595 2468 3657 2507 se
3680 2451 3780 2522 ju-

2136 2544 2316 2604 stum,
2350 2537 2446 2592 ille
2477 2554 2610 2592 eum
2642 2537 2893 2608 impium
2926 2539 3403 2608 pronuntiabant.

2209 2651 2235 2676 ‹‹
2270 2628 2448 2682 Terra
2479 2627 2612 2681 data
2639 2632 2727 2681 est
2775 2627 2834 2680 in
2868 2643 3079 2681 manus
3110 2627 3296 2698 impii.
3330 2650 3358 2677 »
3392 2627 3536 2682 Caro
3565 2627 3781 2684 Christi

2135 2717 2193 2770 in
2227 2721 2568 2786 potestatem
2598 2714 2862 2781 Herodis,
2893 2717 3013 2771 sive
3055 2714 3220 2770 Pilati
3258 2733 3270 2770 :
3304 2714 3389 2770 vel
3424 2714 3547 2786 ipse
3575 2716 3686 2771 Job
3721 2716 3778 2770 in

2138 2811 2482 2877 potestatem
2516 2803 2753 2859 diaboli.

2210 2917 2237 2944 ‹‹
2272 2895 2516 2949 Vultum
2539 2894 2832 2964 judicium
2863 2896 2993 2964 ejus
3023 2894 3228 2964 operit.
3263 2893 3426 2957 Quod
3458 2893 3506 2950 si
3539 2911 3653 2950 non
3687 2893 3783 2951 ille

2138 2989 2246 3048 est,
2279 2983 2412 3054 quis
2433 2999 2568 3054 ergo
2597 2982 2724 3038 est?
2747 2983 2880 3038 Dies
2906 2984 3020 3038 mei
3044 2982 3357 3038 velociores
3388 2983 3623 3038 fuerunt
3653 3001 3784 3039 cur-

2139 3090 2268 3128 sore
2302 3090 2316 3129 :
2354 3073 2648 3143 fugerunt,
2681 3077 2739 3128 et
2766 3089 2879 3128 non
2910 3072 3178 3128 viderunt
3207 3073 3448 3129 bonum.
3484 3073 3784 3130 Pertrans-

2141 3165 2334 3218 ierunt
2376 3161 2543 3232 quasi
2593 3177 2769 3217 naves
2800 3179 2976 3232 poma
3026 3167 3324 3232 portantes
3358 3179 3370 3218 :
3406 3162 3559 3218 sicut
3591 3161 3788 3235 aquila

2139 3251 2342 3307 volans
2373 3253 2444 3306 ad
2492 3267 2708 3307 eseam.
2747 3273 2774 3301 ››
2807 3251 3044 3306 Vultum
3097 3251 3206 3307 hoc
3234 3251 3358 3307 loco
3390 3251 3603 3308 mentis
3624 3251 3786 3322 judi-

383 3344 597 3417 (Galat.
629 3361 691 3411 11,
723 3343 778 3415 9)
814 3360 827 3397 :
861 3342 978 3398 sive
1026 3342 1211 3398 sancti
1243 3349 1377 3398 ante
1425 3348 1605 3398 Deum
1638 3344 1944 3415 incurvati,
1975 3351 2032 3401 et
2061 3331 2103 3392 (Σ
2139 3340 2317 3405 cium,
2351 3341 2505 3412 quod
2537 3340 2632 3395 Dei
2657 3340 3060 3412 justojudicio
3089 3345 3178 3395 est
3195 3347 3488 3412 apertum,
3509 3340 3783 3412 appellat.

384 3433 749 3506 procidentes
781 3432 1048 3501 adorant,
1074 3433 1174 3503 qui
1207 3437 1441 3503 portant
1461 3434 1680 3504 orbem,
1715 3434 1771 3488 id
1805 3440 1912 3499 est,
1944 3442 2030 3490 to-

381 3527 509 3577 tum
525 3520 822 3576 hominem
839 3537 1012 3577 suum
1035 3538 1047 3576 :
1073 3536 1246 3592 quem
1267 3522 1416 3578 docti
1439 3522 1726 3578 minorem
1741 3525 2029 3580 mundum

381 3609 684 3682 appellant
714 3627 726 3664 :
763 3609 1098 3682 perfectioni
1151 3609 1344 3665 crucis
1375 3610 1709 3682 imponunt,
1743 3618 1801 3668 et
1830 3630 1902 3669 ne
1933 3629 2036 3685 per

381 3699 592 3754 mundi
624 3698 906 3754 vanitates
954 3698 1406 3771 cogitationibus
1439 3699 1698 3756 solvatur
1729 3718 1796 3757 ac
1825 3702 2032 3758 deflec-

383 3791 493 3855 tat,
519 3787 678 3843 intra
706 3803 768 3842 se
812 3803 947 3843 eum
997 3788 1452 3861 constringendo
1505 3805 1606 3862 per
1635 3790 1733 3846 Dei
1785 3792 2032 3864 gratiam

387 3882 618 3950 regunt,
651 3885 705 3933 et
736 3878 1056 3933 continent.

462 3989 490 4017 ‹‹
524 3967 592 4022 Et
622 3984 755 4022 cum
806 3967 1171 4022 invocantem
1223 3984 1315 4023 me
1344 3969 1684 4041 exaudierit,
1717 3987 1832 4027 non
1863 3972 2035 4028 credo

391 4056 546 4128 quod
579 4056 1043 4112 audieritvocem
1081 4073 1290 4112 meam.
1320 4080 1346 4106 ››
1381 4059 1486 4122 Qui
1521 4076 1612 4114 me
1641 4060 1816 4115 etiam
1847 4060 2034 4116 incul-

392 4145 567 4217 pabili
625 4146 956 4200 studentem
1016 4146 1165 4213 vitaz,
1223 4146 1696 4218 impugnantium
1751 4149 2038 4220 permittit

391 4233 640 4303 injuriae.
685 4233 999 4289 Exauditus
1031 4241 1121 4290 est
1150 4234 1208 4289 in
1241 4236 1368 4306 hoc,
1404 4241 1468 4290 ut
1499 4236 1598 4291 Dei
1633 4237 1788 4294 bona
1821 4255 2037 4294 merea-

387 4326 504 4376 tur.
540 4321 664 4377 Non
687 4337 748 4378 se
776 4328 971 4379 autem
1001 4324 1341 4379 exauditum
1365 4325 1570 4392 credit,
1594 4341 1662 4381 eo
1693 4328 1847 4398 quod
1883 4328 2037 4384 mala

389 4411 644 4484 patiatur
677 4429 689 4466 :

462 4521 491 4550 σι
521 4499 584 4556 In
616 4502 850 4557 turbine
886 4502 1043 4557 enim
1095 4507 1356 4558 conteret
1385 4513 1499 4572 me,
1532 4508 1590 4558 et
1621 4504 2044 4577 multiplicabit

385 4589 629 4648 vulnera
655 4607 788 4647 mea
835 4591 1010 4647 etiam
1065 4592 1192 4648 sine
1235 4609 1431 4648 causa.
1467 4615 1495 4642 »
1525 4593 1720 4648 Turbo
1767 4593 2035 4652 diabolus

2139 3431 2491 3485 Excrecauda
2538 3431 2715 3485 corda
2761 3429 3080 3485 satellitum
3114 3429 3278 3500 impii
3332 3429 3549 3484 diaboli
3589 3447 3601 3485 :
3637 3446 3786 3501 quos

2141 3519 2315 3574 isthic
2336 3519 2568 3591 judices
2621 3519 2962 3588 nominavit,
2994 3523 3058 3574 ut
3086 3525 3355 3574 sanctum
3395 3519 3504 3575 Job
3535 3517 3784 3574 crudeli-

2141 3614 2257 3665 tate
2289 3610 2481 3664 acrius
2512 3609 2858 3664 cruciarent.

2218 3721 2245 3750 ι‹
2279 3701 2418 3753 Cum
2452 3699 2648 3754 dixero
2680 3716 2692 3753 :
2732 3698 3113 3771 Nequaquam
3137 3698 3218 3752 ita
3245 3697 3470 3770 loquar.
3505 3721 3526 3750 ι
3566 3697 3798 3770 Nequa-

2144 3804 2322 3858 quam
2370 3787 2450 3842 ita
2496 3788 2596 3852 ait,
2629 3787 2737 3843 hoc
2783 3793 2890 3858 est,
2943 3788 3176 3859 quando
3231 3787 3614 3860 compellente
3661 3804 3792 3844 cru-

2146 3879 2322 3942 ciatu,
2357 3893 2564 3949 aspera
2582 3882 2782 3932 contra
2812 3883 2993 3933 Deum
3025 3877 3253 3950 loquor,
3277 3882 3333 3934 et
3362 3879 3510 3933 dura
3542 3894 3556 3932 :
3588 3877 3793 3933 eodem

2147 3971 2360 4038 puncto
2410 3965 2759 4039 resipiscens
2782 3967 3018 4033 deﬁnio,
3055 3983 3145 4022 me
3195 3967 3310 4022 Deo
3361 3965 3441 4021 ita
3472 3966 3630 4038 loqui
3678 3982 3792 4022 non

2145 4061 2431 4127 oportere.

2222 4168 2241 4194 ι
2277 4147 2585 4201 Commute
2635 4145 2839 4200 faciem
2892 4161 3104 4212 meam,
3158 4150 3214 4200 et
3261 4144 3458 4201 dolore
3493 4148 3788 4216 torqueor.

2145 4233 2398 4289 Verebar
2425 4234 2623 4289 omnia
2670 4250 2838 4306 Opera
2877 4251 3005 4288 mea
3037 4251 3048 4288 :
3085 4233 3276 4289 sciens
3325 4233 3478 4304 quod
3510 4249 3626 4288 non
3657 4249 3790 4304 par-

2145 4340 2305 4380 ceres
2337 4322 2700 4395 delinquenti
2730 4339 2743 4388 ;
2780 4323 2828 4378 si
2861 4329 3056 4378 autem
3087 4329 3144 4378 et
3185 4323 3269 4378 sic
3301 4328 3356 4379 et
3388 4321 3606 4394 impius
3635 4337 3790 4390 sum,

2147 4429 2327 4484 quare
2359 4413 2575 4468 frustra
2594 4411 2850 4468 laboravi
2873 4413 2899 4467 ‘I
2928 4434 2954 4462 »ι
2991 4413 3049 4468 ld
3073 4417 3182 4479 est,
3201 4429 3316 4486 pra:
3350 4410 3568 4468 doloris
3591 4409 3795 4467 nimie-

2146 4508 2262 4557 tate
2292 4502 2574 4558 contraho
2627 4507 2802 4574 atque
2850 4502 3214 4574 constristor,
3248 4507 3304 4558 et
3333 4501 3392 4556 in
3426 4501 3552 4573 ipso
3583 4499 3791 4556 deﬁni-

2147 4590 2321 4646 tionis
2353 4609 2492 4647 meae
2527 4591 3072 4658 momento,subitis
3097 4608 3163 4647 ac
3185 4589 3504 4662 repentinis
3526 4589 3795 4646 dolorum

387 4684 580 4754 potest
605 4681 874 4754 intelligi,
907 4683 1008 4754 qui
1039 4681 1196 4738 velut
1223 4682 1393 4738 turbo
1424 4683 1694 4739 incubuit
1721 4683 1779 4738 in
1812 4685 1938 4750 Job,
1977 4690 2039 4741 ut
2071 4699 2117 4765 Ι)
2150 4681 2369 4736 aculeis
2400 4681 2483 4736 ita
2514 4699 2684 4737 vexor
2703 4686 2878 4752 atque
2909 4681 3250 4753 discrucior,
3267 4687 3333 4736 ut
3364 4697 3601 4737 rursum
3635 4696 3796 4736 ama-

387 4785 524 4828 eum
552 4775 830 4827 vastaret.

461 4881 491 4911 η
520 4860 646 4916 Non
701 4861 969 4916 concedit
1018 4861 1381 4933 requiescere
1433 4861 1704 4935 spiritum
1757 4881 1975 4919 meum.
2011 4888 2033 4915 ι

390 4950 796 5007 Asthmaticon
830 4968 891 5007 se
934 4951 1164 5008 dicebat
1191 4951 1459 5008 effectum
1493 4970 1506 5008 :
1540 4951 1855 5010 inﬁrmitas
1881 4955 2037 5011 enim

387 5044 498 5108 est,
548 5056 676 5112 quas
724 5040 784 5096 in
837 5040 1216 5114 pulmonibus
1264 5046 1596 5114 generatur.
1643 5041 2042 5099 Obstruuntur

388 5128 586 5185 aditus
606 5129 846 5201 quidam
879 5130 1252 5204 pulmonum,
1275 5147 1424 5202 quos
1445 5130 1624 5186 Grzsci
1646 5147 1819 5203 peros
1849 5131 2041 5206 appel-

385 5217 533 5286 lant,
565 5224 622 5274 et
650 5220 732 5274 ita
781 5221 1266 5294 constringuntur
1314 5226 1487 5292 atque
1517 5220 1950 5276 concluduntur
1978 5222 2038 5278 in

384 5306 786 5380 pulmonibus,
819 5315 886 5366 ut
915 5311 1119 5367 dicunt
1149 5310 1378 5380 medici,
1409 5316 1474 5365 ut
1504 5310 1764 5378 reddere,
1795 5311 1912 5366 sive
1943 5328 2035 5368 re-

384 5397 577 5470 cipere
607 5398 905 5470 spiritum,
941 5400 1249 5472 pulmones
1297 5400 1668 5472 coangustati
1724 5417 1839 5456 non
1873 5401 2037 5456 sulti-

384 5487 566 5554 ciant,
601 5488 782 5544 nimio
835 5489 1013 5545 etiam
1065 5489 1262 5546 dolore
1295 5506 1427 5546 cum
1481 5489 1752 5546 festinato
1784 5491 2039 5563 suspirio

388 5577 689 5648 repetitur,
721 5585 778 5634 et
809 5579 1082 5636 concisus
1115 5580 1289 5636 ﬂatus
1319 5578 1624 5635 emittitur.

459 5687 489 5716 «
522 5665 593 5722 Et
619 5667 826 5741 implet
842 5683 933 5725 me
953 5669 1468 5725 amaritudinibus.
1499 5668 1557 5726 Si
1583 5665 1861 5726 fortitudo
1885 5687 2040 5745 quae-

389 5752 560 5838 ritur,
593 5756 1046 5820 robustissimus
1081 5761 1190 5818 est.
1223 5756 1284 5816 Si
1331 5757 1580 5834 aequitas
1600 5758 1832 5836 judieii,
1868 5759 2041 5821 nemo

2151 4770 2424 4826 ritudiuis
2456 4777 2512 4825 et
2547 4770 2695 4826 l'ellis
2727 4771 2902 4827 verba
2929 4772 3293 4844 depromam.

2199 4877 2249 4909 -‹‹
2282 4859 2343 4914 Si
2374 4858 2530 4915 lotus
2580 4861 2738 4915 fuero
2771 4861 2938 4931 quasi
2995 4861 3166 4932 aquis
3221 4861 3392 4926 nivis,
3424 4851 3480 4916 e't
3530 4857 3800 4915 fulserint

2149 4948 2307 5005 velut
2357 4950 2758 5005 mundissimae
2800 4967 3012 5006 manus
3061 4967 3200 5006 meae
3238 4969 3250 5006 :
3284 4957 3480 5006 tamen
3522 4947 3797 5004 sordibus

2150 5039 2402 5111 intinges
2453 5056 2562 5094 me.
2603 5061 2629 5087 ››
2665 5039 2724 5094 In
2759 5038 3056 5096 a'blutionc
3104 5056 3242 5112 ergo
3294 5053 3582 5111 aquarum
3627 5034 3794 5104 nivis,

2149 5129 2366 5184 candor
2415 5129 2628 5184 mentis
2675 5129 3022 5200 ostenditur,
3055 5134 3112 5185 et
3158 5129 3217 5184 in
3269 5143 3471 5190 manu,
3507 5121 3798 5179 munditia

2151 5219 2373 5274 fructus
2404 5224 2734 5274 sanctorum
2784 5235 3024 5290 operum
3057 5219 3514 5274 demonstratur.
3547 5214 3616 5269 Et
3646 5214 3796 5267 recte

2151 5313 2340 5381 potest
2367 5307 2478 5363 nivi
2527 5309 2855 5380 baptismus
2905 5307 3254 5381 comparari.
3293 5307 3352 5360 In
3393 5301 3586 5376 pluvia
3634 5315 3794 5373 ergo,

2150 5403 2205 5454 et
2257 5399 2443 5453 imbre
2474 5399 2750 5454 afﬂuente
2806 5411 3137 5455 sermonem
3174 5393 3451 5452 doctrina:
3499 5388 3799 5463 legislator

2148 5487 2303 5544 volui
2359 5488 2635 5544 indicare.
2691 5491 2750 5543 In
2800 5506 2929 5544 rore
2975 5504 3107 5543 vero
3157 5490 3215 5541 et
3257 5485 3317 5538 in
3371 5482 3520 5550 nive,
3552 5495 3796 5536 sensum

2151 5594 2285 5633 cum
2328 5576 2758 5634 illuminatione
2811 5578 2902 5633 sui
2955 5576 3230 5632 interiora
3277 5572 3564 5628 viscerum
3621 5579 3797 5643 pene-

2149 5672 2423 5723 trantem.

2227 5778 2255 5812 ι(
2285 5761 2353 5815 Et
2381 5755 2872 5816 abominabantur
2899 5770 2993 5816 me
3033 5754 3385 5815 vestimenta
3414 5767 3563 5814 mea.
3597 5749 3796 5828 Neque
