4310 6592
617 438 730 500 679

611 574 764 628 enim
819 570 960 634 viro,
995 568 1092 640 qui
1143 564 1356 622 similis
1402 564 1511 621 mei
1564 569 1672 631 est,
1708 565 2070 637 respondebo
2105 583 2116 619 :
2154 579 2256 619 nec
2288 577 2338 641 Α

611 659 712 732 qui
743 675 976 714 mecum
999 657 1058 712 in
1079 655 1306 728 judicio
1327 671 1395 710 ex
1414 671 1578 726 zequo
1610 653 1795 726 possit
1823 653 2035 709 audiri.
2059 675 2087 703 ››
2107 654 2260 708 Tan-

611 755 738 805 tum
770 747 926 804 enim
959 745 1249 802 malorum
1282 743 1426 800 mihi
1465 743 1696 799 illatum
1728 747 1818 798 est
1849 761 1862 798 :
1895 746 1960 798 ut
1989 741 2260 815 squalore

608 838 888 909 vulneris,
919 842 976 893 et
1021 834 1371 908 putredinis,
1404 833 1454 889 si
1503 832 1616 888 dici
1668 836 1878 904 potest,
1910 832 2085 888 etiam
2130 849 2258 905 quae

611 925 978 984 insensibilia
1005 928 1142 980 sunt
1172 923 1552 978 detestentur.

681 1040 710 1067 ‹‹
743 1018 869 1072 Νοιι
899 1019 988 1071 est
1017 1012 1117 1085 qui
1147 1017 1463 1082 utrumque
1492 1008 1679 1065 valeat
1708 1025 1968 1080 arguere.
1993 1030 2020 1057 »
2052 1007 2113 1062 Id
2144 1011 2253 1075 est,

611 1107 744 1179 quis
775 1110 862 1161 est
893 1103 995 1176 qui
1032 1104 1211 1158 Deum
1234 1103 1421 1172 potest
1441 1097 1952 1168 injustitize,quasi
1982 1096 2254 1167 iniquum

609 1209 871 1268 arguere,
893 1192 1006 1248 nisi
1038 1188 1382 1247 temerarius
1399 1192 1455 1244 et
1478 1185 1861 1259 blasphemus
1877 1185 1905 1240 τ
1937 1186 2040 1257 qui
2064 1188 2254 1258 potest

605 1283 763 1340 velut
790 1283 849 1338 in
901 1297 1066 1337 reum
1114 1277 1442 1349 iniquitatis
1471 1291 1606 1332 cum
1655 1274 1991 1332 extensione
2040 1290 2253 1330 manus

605 1373 743 1428 dare
771 1370 1123 1428 sententiam
1145 1367 1173 1422 ?
1199 1367 1310 1423 Job
1341 1382 1475 1422 vero
1490 1366 1661 1436 juxta
1695 1365 1789 1420 Dei
1819 1362 2248 1432 testimonium,

603 1477 721 1533 quo
769 1461 955 1515 fuerat
1002 1456 1390 1524 collaudatus,
1423 1471 1489 1511 eo
1539 1454 1694 1526 quod
1746 1453 2029 1508 innocens
2073 1456 2248 1519 esset,

602 1549 714 1606 sibi
747 1548 1019 1605 conscius
1065 1562 1200 1602 vero
1233 1544 1396 1614 dixit,
1429 1542 1586 1614 quod
1619 1558 1734 1598 non
1784 1546 1938 1598 esset
1964 1539 2122 1596 ullus
2150 1557 2252 1596 eo-

600 1657 754 1710 rum,
787 1656 920 1694 cum
951 1636 1166 1708 quibus
1198 1632 1610 1698 altercabatur,
1643 1631 1744 1702 qui
1773 1647 1907 1688 eum
1943 1634 2095 1685 recte
2115 1646 2249 1700 pos-

600 1730 678 1785 sit
707 1743 951 1800 arguere
983 1743 996 1780 :
1033 1725 1171 1796 quia
1203 1723 1298 1778 ille
1332 1723 1598 1794 judicare
1643 1720 1892 1776 alterum
1918 1719 2250 1790 justissime

600 1819 795 1884 audet,
817 1817 986 1886 cujus
1020 1831 1117 1869 rea
1137 1811 1492 1868 conscientia
1513 1810 1582 1865 de
1613 1810 1705 1865 his
1736 1826 1866 1882 quae
1897 1809 1956 1864 in
1996 1807 2247 1864 alterum

594 1907 841 1978 judicat,
877 1921 991 1959 non
1018 1906 1268 1958 tenetur.

673 2019 701 2046 α
736 1995 804 2049 Et
835 2008 1049 2066 ponere
1081 2008 1323 2047 manum
1357 2005 1523 2044 suam
1557 1989 1612 2042 in
1665 1988 1974 2044 ambobus.
2009 1989 2249 2043 Auferat

601 2103 634 2141 a
665 2101 758 2139 me
787 2083 1008 2154 virgam
1051 2097 1240 2146 suam,
1271 2083 1326 2134 et
1376 2095 1550 2150 pavor
1578 2079 1706 2149 ejus
1739 2095 1852 2133 non
1887 2094 1979 2132 me
2011 2082 2242 2132 terreat.

601 2174 849 2245 Loquar,
881 2176 940 2226 et
986 2187 1100 2226 non
1143 2169 1360 2224 timebo
1411 2185 1546 2222 eum
1581 2185 1592 2222 :
1628 2171 1741 2221 Nec
1789 2167 1945 2222 enim
1997 2182 2239 2237 possum

599 2267 865 2318 metuens
899 2259 1316 2331 respondere.»
1338 2257 1612 2324 Securus,
1647 2255 1858 2324 inquit,
1893 2260 1947 2310 et
1979 2259 2244 2309 constan-

597 2357 686 2407 ter
712 2355 851 2405 tunc
899 2354 1098 2421 potero
1147 2347 1515 2418 respondere,
1549 2345 1599 2400 si
1646 2344 1765 2399 hac
1815 2345 1930 2398 duo
1981 2347 2246 2398 amoveat

599 2457 756 2495 ame
807 2457 819 2494 :
867 2435 1134 2510 potentiae
1181 2434 1450 2489 videlicet
1498 2451 1614 2489 suae
1668 2433 2153 2504 magnitudinem,
2186 2436 2244 2486 et

600 2529 812 2585 horum
845 2526 1212 2582 cruciatuum
1242 2540 1478 2596 pmnas.

1255 2612 1483 2668 CAPUT
1523 2611 1588 2668 X.

668 2732 695 2760 «
729 2707 923 2763 Taedet
970 2705 1229 2762 animam
1276 2719 1467 2758 meam
1522 2701 1650 2756 vitm
1705 2717 1890 2756 meae:
1945 2700 2240 2755 dimittam

598 2798 905 2853 adversum
939 2810 1032 2850 me
1080 2792 1380 2864 eloquium
1432 2808 1648 2846 meum.
1686 2791 1915 2861 Loquar
1944 2790 2001 2844 in
2034 2791 2244 2844 amari-

595 2888 800 2943 tudine
831 2885 1036 2941 animae
1070 2900 1232 2952 meae,
1266 2881 1454 2937 dicam
1489 2881 1603 2935 Deo
1637 2897 1650 2934 :
1684 2879 1809 2934 Noli
1845 2895 1934 2934 me
1967 2879 2239 2934 condem-

598 2991 756 3031 nare.
791 2973 990 3028 lndica
1038 2971 1204 3037 mihi,
1239 2987 1344 3024 cur
1389 2985 1480 3023 me
1509 2970 1587 3023 ita
1627 2967 1905 3038 judices?
1940 2967 2239 3039 Numquid

594 3066 813 3120 bonum
843 3062 949 3117 tibi
997 3061 1243 3123 videtur,
1275 3059 1323 3112 si
1371 3057 1746 3113 calumnieris
1797 3073 1909 3122 me,
1941 3062 1997 3112 et
2044 3056 2238 3128 Oppri-

594 3170 722 3208 mas
765 3168 858 3206 me
887 3167 1035 3223 opus
1081 3164 1366 3203 manuum
1411 3151 1669 3211 tuarum,
1698 3151 1756 3201 et
1785 3145 2093 3202 consilium
2129 3145 2237 3200 im-

592 3241 820 3313 piorum
853 3237 1140 3310 adjuves‘?
1170 3236 1470 3307 Numquid
1503 3235 1653 3290 oculi
1681 3235 1871 3290 carnei
1909 3235 2015 3290 tibi
2047 3242 2186 3290 sunt
2222 3252 2233 3290 :

589 3312 691 3386 aut
720 3329 872 3385 sicut
902 3327 1057 3382 videt
1084 3326 1279 3392 homo,
1313 3331 1368 3380 et
1397 3329 1458 3379 tu
1491 3323 1712 3378 videbis
1734 3324 1760 3378 ?
1791 3323 2086 3394 Numquid
2123 3325 2232 3379 sic-
2267 3312 2308 3378 C
2347 3327 2613 3394 miseria),
2667 3334 2723 3383 et
2773 3329 3145 3384 tenebrarum
3193 3347 3206 3382 ε

589 3425 653 3475 ut
682 3419 808 3475 dies
837 3416 1092 3473 hominis
1125 3417 1249 3470 dies
1283 3415 1388 3484 tui,
1421 3420 1478 3469 et
1509 3413 1646 3469 anni
1677 3412 1759 3468 tui
1792 3414 1943 3468 sicut
1975 3414 2233 3468 humana

589 3514 728 3564 sunt
774 3513 1039 3578 tempora
1072 3524 1084 3562 :
1117 3511 1181 3560 ut
1229 3522 1454 3576 quaeras
1508 3503 1877 3574 iniquitatem
1931 3519 2142 3570 meam,
2175 3508 2232 3559 et

589 3603 892 3671 peccatum
945 3612 1138 3651 meum
1191 3593 1470 3649 scruteris
1506 3593 1533 3647 ?
1584 3597 1647 3646 Et
1699 3593 1849 3647 scias
1900 3593 2037 3663 quia
2084 3592 2232 3647 nihil

591 3687 842 3758 impium
893 3685 1126 3740 fecerim
1161 3701 1172 3738 :
1203 3699 1337 3738 cum
1383 3681 1459 3737 sit
1491 3699 1658 3736 nemo
1692 3681 1790 3753 qui
1823 3682 1893 3736 de
1926 3698 2099 3736 manu
2134 3687 2233 3737 tua

594 3774 778 3846 possit
805 3789 1025 3829 eruere.
1051 3772 1256 3827 Manus
1289 3777 1417 3838 tuac,
1454 3770 1712 3836 Domine,
1740 3771 2000 3824 fecerunt
2034 3787 2148 3835 me,
2179 3777 2235 3825 et

593 3863 1028 3936 plasmaverunt
1060 3877 1151 3916 me
1182 3865 1366 3915 totum
1399 3859 1455 3913 in
1489 3859 1759 3923 circuitu,
1793 3863 1849 3913 et
1882 3859 1964 3913 sic
1997 3864 2233 3929 repente

593 3952 920 4025 pracipitas
941 3951 1074 4005 me?
1106 3949 1414 4016 Memento,
1440 3965 1658 4019 quaeso,
1683 3948 1836 4019 quod
1869 3948 2022 4002 sicut
2043 3947 2231 4003 lutum

593 4041 795 4097 feceris
827 4057 938 4111 me,
972 4044 1027 4095 et
1057 4039 1114 4093 in
1143 4038 1438 4108 pulverem
1472 4037 1710 4092 reduces
1743 4053 1852 4091 me.
1889 4037 2091 4091 Nonne
2123 4037 2232 4092 sic-

590 4135 654 4185 ut
683 4130 772 4186 lac
820 4129 1074 4186 mulsisti
1123 4144 1233 4192 me,
1267 4132 1322 4182 et
1366 4127 1516 4181 sicut
1553 4142 1787 4181 caseum
1839 4142 1928 4180 me
1959 4125 2230 4197 coagula-

588 4219 709 4275 sti?
738 4219 913 4287 Pelle,
945 4223 1002 4274 et
1022 4218 1296 4273 carnibus
1328 4215 1548 4271 vestisti
1585 4231 1710 4270 me:
1747 4215 1980 4270 ossibus
2011 4221 2068 4270 et
2100 4233 2228 4270 ner-

585 4310 673 4364 vis
711 4307 1052 4381 compegisti
1103 4323 1215 4362 me.
1256 4329 1276 4355 ι
1313 4306 1474 4370 Quod
1509 4308 1704 4359 autem
1754 4303 1916 4373 dicit,
1950 4308 2138 4358 totum
2172 4321 2233 4359 se

585 4398 642 4452 in
695 4398 941 4453 circuitu
993 4399 1234 4463 factum,
1267 4398 1470 4449 contra
1511 4393 1811 4447 hzereticos
1861 4391 2090 4447 locutus
2119 4398 2228 4460 est,

584 4487 682 4554 qui
715 4486 915 4542 dicunt
967 4484 1223 4541 animam
1256 4483 1326 4538 ab
1377 4481 1496 4549 alio,
1520 4481 1634 4537 Deo
1666 4481 1900 4548 factam,
1932 4487 1988 4537 et
2019 4499 2231 4553 corpus

585 4577 657 4630 ab
689 4577 867 4630 altero
900 4574 1275 4646 plasmatum.

2119 431 2451 491 APPENDI
2465 431 2508 492 X
2525 477 2535 488 .

3898 439 4026 499 680

2442 586 2468 612 ‹‹
2505 564 2680 628 Quasi
2711 564 2950 620 leaenam
2981 563 3174 636 capies
3225 581 3336 621 me.
3371 587 3398 615 ι)
3433 565 3578 622 Huic
3608 584 3745 640 ergo
3790 569 4019 638 bestias,

2371 652 2452 708 ait
2479 653 2610 722 Job,
2643 653 2936 710 assimilas
2983 669 3078 710 me
3122 653 3419 710 hominem
3451 655 3739 713 humilem
3768 662 3827 714 et
3851 660 4019 730 abje-

2369 745 2552 797 ctum.

2445 869 2473 901 α
2500 848 2904 920 Reversusque
2953 849 3301 907 mirabiliter
3343 867 3436 908 me
3483 853 3732 910 crucias.
3771 876 3798 903 »
3830 837 4022 912 Deum

2368 937 2598 993 dicebat
2626 938 2697 993 ad
2739 955 2800 994 se
2831 939 3060 1010 reverti,
3093 941 3329 1011 quando
3377 957 3510 996 cum
3543 943 3803 1015 antiquis
3834 961 4022 1001 novas

2367 1042 2588 1098 poenas,
2623 1030 2680 1082 et
2708 1026 3059 1083 recentiores
3090 1026 3149 1082 in
3181 1045 3287 1084 suo
3315 1045 3554 1102 corpore
3583 1031 3871 1088 sentiebat
3903 1033 4019 1089 mi-

2365 1115 2648 1170 rabiliter.

2441 1242 2463 1270 α
2497 1222 2799 1278 Instauras
2849 1227 3027 1279 testes
3074 1227 3207 1280 tuos
3238 1228 3440 1281 contra
3488 1242 3599 1282 me.
3635 1248 3662 1277 ››
3697 1226 3814 1284 Hoc
3845 1229 4013 1300 dicit,

2363 1311 2502 1384 quia
2550 1311 2985 1384 castigationes,
3027 1317 3083 1369 et
3130 1330 3308 1385 paena
3359 1319 3594 1384 nostrae,
3642 1319 3822 1374 testes
3872 1323 4017 1376 sunt

2361 1401 2571 1456 divinas
2586 1401 2852 1472 justitiae.
2883 1402 3012 1458 Sive
3039 1403 3333 1459 cruciatus
3360 1402 3520 1460 illius
3553 1405 3766 1462 idcirco
3813 1407 4010 1465 dictos

2360 1495 2538 1547 testes
2569 1491 2858 1558 existimo,
2891 1492 3030 1564 quia
3054 1492 3309 1564 ejulante
3339 1510 3425 1565 eo,
3459 1498 3515 1550 et
3541 1495 3823 1568 rugiente,
3841 1499 4011 1570 quasi

2360 1580 2764 1637 testimonium
2799 1586 2908 1638 Deo
2941 1585 3232 1639 tormenta
3259 1583 3601 1641 reddebant.

2440 1709 2464 1740 α
2495 1688 2563 1742 Et
2616 1689 3015 1760 multiplicasti
3051 1690 3196 1746 iram
3245 1696 3408 1746 tuam
3442 1692 3751 1750 adversum
3804 1712 3915 1763 me,
3949 1703 4008 1753 et

2361 1793 2539 1848 poenae
2575 1776 2829 1833 militant
2858 1777 2915 1832 in
2950 1794 3062 1834 me.
3087 1781 3274 1845 Quare
3305 1781 3375 1835 de
3401 1781 3570 1837 vulva
3602 1783 3853 1840 eduxisti
3889 1802 4005 1852 me,

2360 1866 2458 1936 qui
2491 1866 2717 1921 utinam
2751 1874 3138 1939 consumptus
3163 1886 3373 1937 essem,
3401 1886 3471 1926 ne
3502 1871 3706 1928 oculus
3740 1891 3830 1930 me
3851 1875 4010 1930 vide-

2277 1941 2324 2005 Β
2355 1959 2462 2009 ret.
2502 1955 2791 2022 Fuissem,
2814 1957 2979 2029 quasi
3015 1974 3130 2012 non
3160 1974 3348 2014 essem
3384 1959 3454 2015 de
3487 1965 3650 2016 utero
3684 1961 4010 2020 translatus

2357 2045 2427 2099 ad
2460 2046 2777 2100 tumulum.
2811 2044 3106 2116 Numquid
3141 2064 3252 2102 non
3286 2049 3551 2119 paucitas
3582 2050 3807 2106 dierum
3841 2068 4001 2108 meo-

2357 2149 2488 2188 rum
2521 2134 2755 2189 finietur
2803 2135 3009 2190 brevi?
3041 2158 3068 2185 ››
3103 2139 3298 2191 Potest
3345 2137 3431 2192 ira
3479 2137 3578 2193 Dei
3611 2138 3879 2196 diabolus
3912 2142 4006 2198 in-

2359 2221 2535 2294 telligi
2574 2239 2585 2277 :
2621 2223 2788 2293 cuius
2843 2223 3168 2279 ministerio
3197 2224 3303 2280 Job
3354 2228 3592 2282 acerbos
3640 2229 3866 2285 dolores
3897 2247 4006 2302 pa-

2357 2312 2609 2366 tiebatur
2639 2312 2782 2384 (Job.
2816 2330 2876 2382 11,
2907 2313 2981 2383 6).
3019 2313 3202 2368 Poeme
3256 2321 3451 2370 autem
3501 2316 3558 2370 in
3592 2334 3652 2373 se
3685 2318 4004 2379 militantes

2355 2402 2632 2455 dicuntur
2665 2416 2677 2456 :
2708 2401 2847 2472 quia
2879 2417 2979 2472 per
3029 2403 3344 2475 quemdam
3401 2403 3687 2461 malorum
3736 2407 4002 2464 ordinem

2355 2491 2750 2554 succedentes,
2793 2490 3048 2546 ofﬁcium
3101 2492 3428 2549 commissae
3478 2493 3588 2549 sibi
3639 2494 4002 2553 crudelitatis

2352 2584 2640 2634 exercent.

2428 2707 2454 2737 α
2487 2687 2723 2742 Dimitte
2751 2704 2885 2758 ergo
2919 2703 3029 2755 me,
3065 2693 3129 2742 ut
3176 2688 3446 2761 plangam
3483 2690 3786 2762 paululum
3828 2692 3992 2749 dolo-

2351 2792 2472 2830 rem
2507 2793 2720 2832 meum.
2756 2798 2783 2825 »
2829 2777 2888 2831 ld
2922 2781 3031 2842 est,
3063 2777 3322 2848 requiem
3374 2778 3446 2833 ab
3477 2778 3606 2835 istis
3636 2781 3996 2839 cruciatibus

2351 2864 2496 2918 mibi
2529 2865 2798 2931 concede,
2834 2871 2896 2919 ut
2927 2865 3198 2937 plangam
3252 2866 3682 2938 aliquantulum
3734 2870 3993 2929 dolorem

2353 2970 2654 3025 pcenarum
2689 2971 2951 3009 mearum
2984 2969 3157 3026 quem
3190 2956 3248 3010 in
3281 2973 3519 3028 corpore
3552 2975 3678 3014 meo
3710 2959 3994 3027 sustineo,

2351 3043 2469 3097 sive
2500 3059 2674 3114 quem
2708 3043 2972 3098 futurum
3002 3044 3061 3098 in
3092 3045 3316 3101 inferno
3348 3045 3742 3118 perhorresco.

2421 3172 2448 3199 «
2483 3152 2808 3222 Antequam
2860 3151 3090 3219 vadam,
3121 3157 3178 3206 et
3208 3169 3320 3208 non
3377 3158 3628 3209 revertar
3675 3155 3748 3209 ad
3778 3159 3994 3214 terram

2350 3239 2738 3306 tenebrosam,
2771 3245 2826 3294 et
2877 3245 3137 3310 opertam
3195 3240 3399 3296 mortis
3449 3241 3695 3313 caligine
3729 3261 3740 3299 :
3776 3249 3994 3303 terram

3255 3330 3352 3384 ubi
3405 3331 3614 3386 umbra
3661 3335 3884 3405 mortis,
3936 3340 3994 3392 et

2343 3417 2541 3471 nullus
2572 3417 2733 3487 ordo,
2767 3418 2865 3472 sed
2901 3418 3294 3490 sempiternus
3324 3419 3529 3475 horror
3566 3420 3921 3478 inhabitans.
3959 3447 3987 3474 ι»

2341 3504 2500 3567 Quod
2537 3510 2749 3560 terram
2781 3505 3098 3560 inferorum
3133 3507 3526 3578 descripserit,
3561 3509 3708 3564 nulli
3738 3509 3984 3566 dubium

2343 3600 2468 3661 est;
2519 3593 2716 3649 nullus
2763 3595 2902 3650 ordo
2955 3595 3032 3649 ibi
3083 3600 3172 3650 est
3220 3596 3345 3651 vitae
3381 3614 3392 3651 :
3427 3599 3734 3654 tenebrosa
3779 3603 3886 3667 est,
3921 3605 3988 3656 ut

2343 3684 2480 3748 dixi,
2507 3684 2705 3754 procul
2737 3684 2914 3738 dubio
2946 3683 3102 3739 velut
3131 3700 3345 3751 carcer,
3370 3686 3428 3740 in
3455 3701 3624 3756 quem
3656 3694 3986 3758 peccatores

2341 3778 2398 3827 et
2427 3773 2591 3844 impii
2622 3773 2719 3843 qui
2753 3771 2943 3827 lucem
2967 3773 3098 3828 odio
3131 3773 3480 3840 habuerunt,
3517 3781 3578 3830 ut
3611 3778 3985 3834 tenebrarum

2343 3860 2467 3923 filii,
2544 3861 2982 3916 contrudentur.
3043 3863 3176 3927 Quae
3255 3869 3409 3918 terra
3462 3863 3709 3936 caligine
3785 3867 3990 3922 mortis

2342 3953 2541 4020 operta
2569 3955 2658 4005 est
2690 3965 2701 4004 :
2741 3955 2802 4004 ut
2830 3951 3011 4004 clausi
3047 3950 3102 4004 in
3137 3957 3302 4006 nocte
3334 3957 3564 4018 (eterna,
3600 3953 3827 4010 nullum
3861 3972 3989 4026 pm-

2344 4038 2600 4092 nitentize
2630 4037 2828 4093 lumen
2862 4038 3177 4110 aliquando
3219 4040 3522 4111 aspiciant.
3559 4041 3661 4096 Ubi
3696 4049 3784 4099 est
3817 4044 3989 4100 mise-

2344 4127 2424 4180 ris
2459 4127 2666 4182 umbra
2721 4127 2942 4196 mortis,
2977 4145 3105 4199 quis
3137 4128 3194 4182 in
3228 4129 3335 4184 hoc
3379 4129 3502 4184 loco
3555 4148 3734 4202 poenae
3768 4131 3987 4187 intelli-

2342 4217 2542 4286 gendas
2602 4221 2741 4270 sunt
2793 4233 2806 4271 :
2867 4217 3004 4286 quia
3051 4218 3205 4272 sicut
3252 4219 3471 4273 umbra:
3517 4235 3824 4291 corporum
3873 4238 3989 4277 non

2343 4310 2482 4360 sunt
2533 4307 2703 4377 longe
2747 4323 2781 4360 ει
2827 4307 3188 4377 corporibus,
3239 4325 3365 4378 quis
3418 4308 3639 4364 faciunt
3687 4311 3926 4366 umbras
3972 4329 3986 4367 :

2345 4395 2424 4450 ita
2481 4411 2660 4465 pcenaa
2738 4412 2851 4450 non
2912 4393 3082 4467 longe
3142 4413 3174 4451 a
3253 4402 3438 4452 morte
3493 4402 3652 4468 sunt,
3712 4415 3834 4463 qua
3892 4399 3988 4453 in-

2340 4486 2536 4540 ferunt
2585 4488 2848 4539 mortem.
2884 4484 3008 4540 Non
3060 4490 3312 4541 revertar
3363 4486 3433 4541 ad
3465 4486 3614 4542 hanc
3662 4487 3982 4542 mortalita-

2340 4578 2481 4640 tem,
2514 4573 2612 4628 ubi
2660 4578 2824 4628 tanta
2874 4573 3028 4628 mala
3075 4575 3283 4645 patior.
3327 4574 3567 4646 Spiritus
3613 4576 3846 4640 divi-nus,
3881 4579 3988 4647 qui

660 4663 908 4718 «Vitam
940 4668 995 4718 et
1037 4661 1495 4717 misericordiam
1530 4659 1786 4715 tribuisti
1821 4660 1984 4724 mibi,
2017 4666 2074 4716 et
2101 4659 2230 4716 visi-
2261 4681 2306 4746 ι)
2337 4667 2414 4718 est
2445 4665 2502 4718 in
2546 4665 2776 4718 naribus
2825 4665 2979 4718 meis.
3014 4664 3147 4734 (Job.
3186 4681 3383 4735 xxvm,
3418 4666 3494 4734 3).
3529 4665 3670 4732 Quia
3713 4681 3847 4719 eum
3877 4665 3979 4720 do-

585 4751 725 4808 tatio
757 4757 860 4808 tua
889 4751 1200 4808 custodivit
1242 4751 1514 4822 spiritum
1549 4766 1766 4804 meum.
1805 4749 1953 4806 Licet
1984 4751 2106 4806 haec
2136 4766 2225 4805 ce-

582 4840 666 4897 les
716 4842 776 4896 in
825 4841 998 4896 corde
1046 4845 1193 4896 tuo:
1235 4845 1428 4895 tamen
1462 4839 1582 4895 scio
1639 4838 1777 4910 quia
1825 4839 2227 4895 universorum

583 4930 1013 4987 memineris.Si
1049 4929 1369 5002 peccavi,et
1398 4929 1469 4984 ad
1502 4929 1703 4984 horam
1729 4928 2035 5000 pepercisti
2063 4928 2226 4998 mihi,

581 5038 687 5078 cur
717 5021 790 5076 ab
821 5019 1132 5092 iniquitate
1164 5035 1293 5075 mea
1327 5019 1614 5074 mundum
1649 5033 1740 5072 me
1771 5034 1898 5072 esse
1930 5034 2044 5073 non
2079 5023 2234 5089 pate-

582 5109 710 5166 ris?
741 5110 809 5164 Et
839 5109 888 5165 si
926 5108 1143 5181 impius
1174 5109 1356 5175 fuero,
1381 5124 1462 5162 vae
1493 5106 1762 5171 mihiest,
1787 5111 1843 5161 et
1865 5106 1914 5160 si
1939 5106 2163 5178 justus.
2196 5127 2224 5156 »

580 5199 715 5270 Ipsa
740 5198 938 5255 anima
968 5198 1188 5254 estvita
1207 5197 1302 5252 hic
1332 5195 1642 5268 appellata,
1671 5211 1788 5248 non
1816 5193 1933 5248 vita
1963 5195 2171 5249 anime:
2213 5213 2226 5250 :

581 5289 720 5361 quia
749 5293 998 5361 possunt
1027 5291 1084 5342 et
1113 5291 1277 5342 actus
1307 5287 1513 5340 animm
1545 5284 1664 5338 vita
1695 5285 2042 5353 nuncupari.

648 5402 674 5427 «
709 5379 834 5433 Non
883 5376 1082 5434 levabo
1131 5381 1325 5447 caput,
1357 5377 1657 5429 saturatus
1686 5371 2000 5426 afﬂictione
2029 5377 2086 5428 et
2117 5373 2223 5428 mi-

579 5465 748 5522 seria.
783 5468 852 5522 Et
898 5471 1131 5538 prOpter
1179 5463 1537 5535 superbiam.
1573 5483 1600 5512 ››
1635 5462 1695 5516 Id
1749 5465 1857 5528 est,
1891 5466 2222 5517 contractus

578 5554 775 5609 dolore
806 5560 863 5610 et
891 5555 1194 5611 tormentis
1223 5553 1512 5608 viscerum
1549 5567 1561 5606 :
1596 5554 1772 5621 caput
1801 5551 1871 5604 ad
1905 5549 2022 5606 ima
2052 5551 2223 5624 depo-

578 5641 758 5699 situm
791 5642 1012 5700 elevare
1052 5661 1168 5700 non
1200 5658 1439 5718 possum
1474 5639 1591 5698 sive
1621 5639 1963 5696 confusione
1991 5645 2047 5697 et
2077 5657 2218 5700 mce-

576 5746 706 5794 rore
735 5730 1012 5807 repletus.

2339 4752 2529 4807 lorum
2562 4751 2850 4823 angustiis
2873 4751 3266 4822 anhelantem,
3286 4754 3748 4809 consolationem
3781 4754 3988 4810 robore

2343 4841 2602 4913 urgebat.
2637 4842 2765 4908 Quis
2813 4842 2952 4895 mihi
2998 4841 3208 4896 tribuat
3255 4851 3314 4898 ul
3357 4845 3416 4898 in
3467 4844 3690 4918 inferno
3736 4847 3989 4916 protegas

2339 4946 2448 4998 me,
2483 4940 2534 4986 et
2575 4929 2881 4986 abscondas
2923 4930 3098 4986 donec
3127 4937 3473 5002 pertranseat
3513 4935 3604 4987 ira
3633 4938 3750 5001 tua,
3781 4935 3830 4989 et
3859 4948 3958 4990 con

2338 5019 2535 5074 stituas
2562 5019 2708 5075 mihi
2749 5024 2958 5091 tempus
3007 5022 3067 5075 in
3097 5037 3201 5092 quo
3231 5021 3537 5078 recorderis
3567 5024 3674 5079 mei
3704 5022 3838 5094 (Job.
3872 5037 3989 5088 x1v.

2341 5109 2430 5176 13)
2451 5109 2476 5162 ‘I
2509 5108 2691 5163 Furor
2741 5109 2838 5164 irae
2873 5109 2966 5164 Dei
3019 5109 3373 5180 pertransiit,
3409 5127 3580 5182 quem
3634 5113 3821 5166 Adam
3855 5126 3987 5183 pec-

2336 5197 2520 5253 cando
2577 5198 2898 5270 promeruit
2939 5197 3092 5268 (Gcn.
3151 5216 3236 5266 ιιι,
3279 5201 3356 5269 6),
3404 5201 3641 5272 quando
3692 5201 3988 5271 chirogra-

2335 5287 2517 5357 phum
2551 5287 2609 5342 in
2642 5293 2888 5343 mortem
2924 5287 3178 5344 ﬁliorum
3212 5290 3340 5358 ejus
3370 5289 3796 5362 conscriptum,
3833 5288 3989 5344 Chri-

2334 5376 2408 5431 sti
2437 5375 2648 5432 delevit
2679 5377 2962 5432 adventus
2992 5376 3214 5445 (Coloss.
3242 5395 3304 5445 ιι,
3344 5379 3450 5450 14).
3484 5379 3714 5435 Nemini
3749 5395 3886 5450 ergo
3917 5377 3990 5434 de

2333 5465 2556 5520 sanctis
2589 5465 2803 5520 mirum
2833 5465 3118 5531 videatur,
3152 5467 3252 5538 qui
3299 5468 3553 5524 adventu
3589 5468 3816 5524 Domini
3849 5471 3992 5523 sunt

2331 5553 2584 5609 absoluti
2617 5556 2688 5609 ab
2723 5554 2946 5620 inferis,
2979 5560 3036 5609 et
3066 5557 3510 5614 resurrectionis
3539 5557 3756 5614 Christi
3788 5573 3988 5613 exem-

2329 5642 2423 5714 plo
2475 5645 2532 5698 in
2585 5660 2688 5718 spe
2743 5643 2924 5703 beatas
2977 5646 3420 5704 resurrectionis
3479 5665 3598 5705 suae
3659 5649 3797 5704 sunt
3843 5662 3991 5704 oon-

2327 5731 2544 5793 stituti.
