4310 6610
329 523 439 581 68!

974 654 1206 713 CAPUT
1247 657 1339 712 XI.

405 767 433 794 «
468 745 846 816 Respondeas
879 749 1074 800 autem
1106 746 1336 818 Sophar
1373 747 1774 803 Naamathites
1804 747 1982 805 dixit:

332 831 623 903 Numquid
656 833 755 905 qui
790 833 975 888 multa
1019 834 1305 907 loquitur,
1351 853 1465 892 non
1498 838 1732 892 audiet:
1766 844 1868 893 aut
1901 838 1985 892 vir

330 922 607 977 verbosus
627 921 1099 991 justiﬁcabitur?
1132 945 1159 972 »
1195 924 1387 979 Veluti
1421 925 1466 978 si
1499 925 1774 980 dixisset:
1810 926 1986 980 Num-

333 1009 471 1083 quid
503 1014 691 1082 potest
735 1010 823 1065 vir
868 1013 1147 1068 verbosus
1194 1013 1568 1068 admirationi
1620 1014 1840 1084 haberi,
1885 1019 1986 1070 aut

330 1096 614 1169 praeconio
645 1097 837 1154 laudis
868 1101 1056 1154 efferri
1083 1116 1094 1153 :
1145 1117 1279 1156 cum
1312 1099 1388 1155 sit
1427 1101 1759 1156 ostensione
1789 1101 1983 1156 nimiae

330 1187 700 1244 verbositatis
729 1189 1015 1244 odiosus?
1045 1189 1147 1245 sed
1197 1190 1391 1260 potius
1423 1190 1626 1244 audire
1655 1190 1825 1245 debet
1857 1207 1984 1262 quae

332 1280 625 1332 meretur:
661 1293 754 1348 ne,
806 1277 1059 1333 vanitate
1104 1278 1314 1345 elatus,
1370 1276 1561 1332 solum
1603 1295 1666 1332 se
1694 1278 1987 1334 existimet

334 1365 682 1437 sapientem.

405 1477 434 1504 «
467 1454 599 1510 Tibi
649 1454 754 1510 soli
809 1457 1082 1511 tacebunt
1132 1454 1418 1522 homines,
1469 1460 1524 1510 et
1573 1472 1706 1510 cum
1749 1460 1985 1511 caeteros

328 1543 606 1614 irriseris,
639 1561 673 1599 a
701 1544 859 1600 nullo
890 1544 1282 1599 confutaberis
1303 1543 1330 1598 ‘?
1361 1545 1483 1598 Non
1516 1550 1655 1598 sunt
1683 1545 1804 1599 haec
1836 1547 1982 1600 ami-

335 1649 536 1688 corum
570 1632 799 1696 solatia,
831 1634 931 1688 sed
963 1633 1221 1688 hostium
1261 1632 1390 1688 tela.
1429 1637 1511 1688 Ita
1542 1638 1606 1688 ut
1636 1651 1792 1688 nunc
1824 1633 1986 1688 dica-

332 1738 467 1776 mus
499 1723 569 1777 de
600 1721 799 1777 vobis:
833 1723 967 1776 Filii
1015 1721 1300 1778 hominum
1351 1722 1534 1778 dentes
1577 1739 1791 1789 eorum,
1822 1740 1984 1777 arma

331 1813 382 1866 et
409 1812 644 1880 sagitta.

412 1920 433 1948 α
471 1899 619 1954 Dixit
647 1898 803 1954 enim
834 1915 846 1954 :
882 1899 1067 1955 Purus
1098 1908 1186 1956 est
1209 1917 1401 1956 sermo
1431 1917 1617 1970 meus,
1643 1905 1698 1956 et
1732 1901 1988 1956 mundus

335 2005 465 2044 sum
497 1989 555 2043 in
586 1993 896 2060 conspectu
932 1993 1052 2045 tuo.
1088 2012 1115 2038 »
1147 1990 1270 2045 Non
1304 1990 1386 2045 ita
1417 1991 1580 2060 dixit,
1617 1991 1771 2061 quod
1806 2006 1986 2062 purus

939 2040 1051 2045 η--
1621 2040 1771 2061 γη
1806 2040 1983 2062 Γην-

335 2081 489 2134 esset
536 2083 592 2134 et
642 2079 918 2148 mundus,
971 2079 1027 2134 id
1075 2084 1182 2149 est,
1235 2081 1387 2150 quod
1440 2079 1895 2152 cogitationibus
1935 2040 2066 2133 etB

331 2167 524 2222 verbis
555 2171 686 2222 ante
718 2171 898 2222 Deum
948 2167 1366 2224 immaculatus
1414 2169 1725 2237 existeret;
1765 2169 1865 2224 sed
1897 2168 1989 2222 di-

335 2265 434 2335 xit,
469 2263 624 2320 Nihil
657 2265 907 2335 impium
940 2265 1064 2320 feci.

295 2419 303 2438 .
412 2376 439 2401 «
476 2358 663 2424 Atque
694 2354 917 2408 utinam
956 2355 1105 2409 Deus
1148 2354 1481 2426 loqueretur
1522 2360 1736 2420 tecum,
1765 2359 1822 2410 et
1854 2369 1992 2426 ape-

343 2443 483 2496 riret
513 2441 666 2497 labia
697 2459 804 2497 sua
834 2443 996 2496 tibi.»
1030 2443 1180 2497 Dixit
1211 2444 1368 2514 quali
1390 2443 1614 2514 judicio
1646 2444 1756 2497 Job
1786 2443 1996 2498 debue-

342 2532 418 2586 rit
445 2531 843 2586 condemnari.
880 2531 942 2586 In
983 2533 1274 2604 loquendo
1320 2533 1474 2588 enim
1508 2549 1703 2588 vocem
1738 2533 1860 2598 Dei,
1894 2548 1993 2586 cu-

333 2622 434 2691 jus
465 2637 674 2675 sonum
710 2637 881 2676 aures
902 2621 1253 2692 suscipiunt,
1288 2627 1352 2676 ut
1389 2623 1659 2688 arbitror,
1692 2621 1875 2676 voluit
1904 2619 1994 2674 in-

342 2710 551 2765 dicare.
588 2711 649 2764 In
679 2709 1010 2781 aperiendis
1058 2727 1189 2766 vero
1238 2711 1432 2782 labiis,
1475 2714 1631 2766 vocis
1665 2709 1992 2781 intelligen-

340 2799 484 2854 tiam
516 2799 957 2854 demonstravit.

412 2911 440 2938 ‹‹
476 2889 548 2943 Ut
576 2889 908 2943 ostenderet
962 2889 1067 2944 tibi
1117 2893 1339 2944 secreta
1390 2889 1707 2961 sapientiae,
1752 2893 1809 2943 et
1839 2888 1995 2958 quod

342 2977 647 3049 multiplex
694 2983 848 3034 esset
896 2977 986 3033 lex
1033 2979 1182 3048 ejus.
1237 3001 1265 3028 ››
1317 2979 1517 3033 Cordis
1557 2979 1684 3049 ejus
1717 2976 1914 3031 abdita
1942 2981 1998 3032 et

343 3067 833 3137 remotajudicia,
866 3066 924 3122 in
965 3067 1182 3138 quibus
1231 3066 1537 3139 multiplex
1567 3071 1622 3120 et
1651 3066 1996 3137 imperscru‘

342 3155 539 3211 tabilis
564 3160 672 3224 est,
707 3172 1109 3228 cognosceres.

423 3268 451 3294 ‹‹
485 3245 552 3299 Et
581 3244 936 3316 intelligeres
985 3245 1140 3315 quod
1187 3244 1372 3300 multo
1413 3243 1640 3299 minora
1658 3243 1898 3316 'exgaris
1928 3243 1998 3297 ab

344 3349 432 3399 eo,
468 3349 645 3404 quam
674 3338 934 3388 meretur
980 3333 1262 3404 iniquitas
1307 3337 1428 3387 tua.
1481 3354 1508 3382 »
1546 3334 1660 3388 [loc
1689 3337 1796 3400 est,
1831 3332 2001 3404 plura

1404 527 1921 587 COMMENTAR.
1972 528 2047 588 IN
2093 530 2252 590 JOB.
2301 531 2471 590 CAP.
2521 534 2625 591 XI.

2011 668 2059 730 Α
2099 661 2324 733 plagam
2380 663 2530 717 hanc
2567 664 2881 735 pessimam
2935 665 2992 718 in
3040 665 3156 721 tuis
3203 666 3479 722 carnibus
3509 668 3754 724 sazvien-

3632 537 3749 597 682

2101 755 2236 805 tem.
2271 753 2613 824 Expandisti
2647 753 2718 807 ad
2768 770 2901 808 cum
2934 771 3143 809 manus
3172 760 3344 812 tuas:
3375 755 3432 810 id
3465 761 3574 826 est,
3607 757 3756 814 falsa

2096 857 2338 909 operum
2367 841 2593 906 merita,
2619 858 2715 896 ore
2736 841 3046 914 vaniloquo
3071 842 3361 900 dilatasti:
3391 844 3529 915 quia
3551 844 3756 902 multis

2096 928 2260 994 locis,
2296 929 2531 984 nomine
2568 947 2876 996 manuum,
2912 947 3088 1003 opera
3119 931 3520 1002 designantur.

2171 1041 2196 1066 ‹‹
2233 1019 2290 1072 Si
2327 1019 2699 1090 iniquitatem
2736 1036 2864 1091 quae
2909 1025 2999 1075 est
3042 1022 3101 1075 in
3133 1037 3312 1077 manu
3343 1026 3466 1090 tua,
3498 1022 3755 1080 abstule-

2097 1106 2178 1160 ris
2210 1125 2242 1160 a
2274 1115 2347 1172 te,
2385 1112 2440 1163 et
2470 1125 2585 1162 non
2631 1109 2911 1164 manserit
2957 1109 3014 1164 in
3061 1110 3438 1167 tabernaculo
3465 1116 3565 1168 tuo
3596 1112 3758 1183 inju-

2096 1195 2275 1250 stitia.
2338 1219 2359 1245 ιι
2413 1200 2557 1251 Cum
2612 1197 3052 1269 exprobratione
3098 1199 3292 1272 arguit
3336 1201 3469 1269 Job,
3508 1201 3754 1260 dicens:

2096 1283 2154 1338 Si
2189 1284 2467 1355 iniquitas
2500 1303 2625 1356 quis
2675 1291 2764 1341 est
2811 1287 2868 1341 in
2919 1303 3097 1342 manu
3128 1289 3322 1359 Operis
3368 1289 3476 1358 tui,
3515 1294 3574 1346 et
3600 1290 3756 1362 inju-

2095 1373 2255 1428 stitia
2286 1375 2344 1429 in
2374 1374 2750 1430 tabernaculo
2782 1375 2972 1448 cordis
3000 1376 3082 1432 tui
3118 1393 3231 1432 non
3265 1379 3567 1434 manserit.

2169 1484 2196 1512 ‹‹
2233 1463 2395 1517 Tunc
2428 1464 2614 1519 levare
2645 1465 2864 1536 poteris
2913 1465 3118 1520 faciem
3169 1473 3329 1521 tuam
3377 1467 3600 1538 absque
3631 1484 3758 1525 ma-

2096 1550 2247 1621 cula,
2275 1555 2330 1605 et
2362 1552 2475 1606 eris
2507 1552 2757 1623 stabilis,
2791 1557 2847 1608 et
2879 1571 2992 1608 non
3027 1554 3280 1610 timebis.
3315 1575 3345 1605 »
3376 1556 3648 1613 Sanctam
3677 1557 3760 1614 vi-

2097 1638 2306 1713 delicet
2334 1637 2644 1712 possidens
2693 1642 3133 1711 conscientiam,
3183 1650 3241 1700 et
3285 1644 3530 1701 liberam
3562 1647 3634 1703 ad
3664 1648 3762 1704 de-

2099 1730 2456 1799 precandum
2490 1731 2672 1785 Deum
2706 1731 2936 1802 erigens
2970 1732 3177 1788 faciem
3209 1738 3398 1791 tuam.
3428 1735 3571 1790 Cain
3603 1737 3758 1793 enim

2100 1817 2396 1873 fratricida
2429 1819 2484 1873 in
2531 1825 2687 1874 terra
2733 1819 2876 1875 Naid
2931 1821 3214 1877 habitavit
3252 1822 3406 1894 (Gen.
3449 1841 3522 1894 1v,
3556 1825 3664 1896 16),
3698 1825 3756 1881 id

2097 1911 2206 1974 est,
2241 1907 2535 1963 instabilis
2567 1909 2753 1964 factus
2775 1915 2881 1964 est.
2915 1910 2995 1964 Ne
3026 1927 3160 1983 ergo
3187 1915 3243 1966 et
3271 1912 3381 1967 Job
3409 1912 3756 1984 hujusmodi

2101 1996 2476 2068 supplicium,
2522 2015 2701 2069 super
2734 2003 2920 2054 morte
2972 2016 3080 2054 sua
3111 2005 3458 2073 perpetuum
3490 2001 3762 2059 timorem

2101 2087 2443 2157 incurreret,
2477 2087 2700 2158 Sophar
2745 2087 3014 2142 hortatur
3053 2104 3208 2157 eum,
3261 2089 3460 2146 dicens
3492 2106 3504 2144 :
3539 2091 3600 2146 Si
3641 2090 3763 2146 haec

2102 2175 2328 2240 feceris,
2365 2193 2489 2246 quae
2521 2193 2699 2248 supra
2730 2176 3006 2248 diximus,
3041 2177 3155 2232 eris
3187 2177 3438 2234 stabilis.
3471 2183 3589 2235 Hoc
3619 2195 3762 2236 sane

2103 2264 2428 2328 sciendum,
2464 2264 2603 2335 quia
2631 2269 2721 2320 est
2749 2265 3060 2321 commotio
3100 2266 3159 2320 in
3188 2283 3305 2338 qua
3336 2271 3601 2339 peccator
3630 2284 3760 2340 per-

2105 2368 2350 2406 manens
2382 2353 2440 2406 in
2476 2354 2830 2409 facinoribus
2861 2353 3007 2421 suis,
3052 2359 3184 2409 ante
3233 2354 3437 2411 faciem
3478 2372 3593 2412 non
3624 2372 3761 2412 con-

2105 2441 2274 2496 stitit.
2309 2441 2506 2497 Facies
2531 2447 2630 2496 tua
2672 2449 2950 2514 tanquam
2999 2461 3151 2515 aqua
3188 2461 3355 2515 pura,
3388 2449 3445 2500 et
3473 2445 3764 2518 spoliabo-

2110 2529 2190 2585 ris
2223 2530 2412 2600 sorde,
2447 2534 2501 2584 et
2544 2547 2658 2586 non
2709 2531 2965 2586 timebis.
3001 2533 3106 2597 Qui
3162 2538 3248 2590 est
3297 2533 3536 2590 sincera
3567 2538 3625 2590 et
3655 2549 3764 2607 pu-

2107 2617 2341 2672 rificata:
2369 2619 2599 2687 mentis,
2625 2625 2681 2674 et
2705 2621 2963 2676 mundus
2993 2622 3065 2675 ab
3096 2622 3254 2676 omni
3279 2623 3469 2693 sorde,
3492 2622 3768 2694 pertimet

2108 2707 2282 2762 vitia:
2320 2707 2535 2778 quibus
2587 2709 2747 2763 velut
2795 2710 3018 2765 exuviis
3068 2709 3445 2782 cxspoliatus,
3481 2716 3766 2782 tanquam

2107 2814 2136 2851 e
2172 2797 2428 2852 tenebris
2480 2799 2726 2852 eductus
2777 2798 3041 2870 fulgebit.
3093 2803 3278 2854 Homo
3311 2798 3516 2855 faciem
3549 2800 3766 2856 mentis

2110 2902 2229 2939 sua:
2278 2887 2548 2941 candoris
2598 2888 2850 2958 puritate
2873 2889 3184 2959 praeferens
3212 2887 3543 2944 radiantem
3578 2905 3766 2961 popu-

2109 2974 2230 3028 lum
2281 2975 2574 3046 signiﬁcat
2623 2973 2983 3043 Judaebrum,
3035 2977 3133 3048 qui
3187 2977 3486 3033 Christum
3537 2983 3763 3050 patrem

2109 3064 2364 3134 quodam
2398 3066 2572 3119 modo
2601 3083 2775 3120 suum
2807 3066 3040 3121 occidit.

2187 3173 2208 3199 «
2243 3153 2484 3208 Miseria:
2517 3171 2748 3226 quoque
2781 3154 3163 3223 Oblivisceris,
3194 3161 3251 3212 et
3277 3157 3445 3228 quasi
3477 3171 3767 3229 aquarum

2109 3258 2235 3312 quze
2270 3242 2665 3311 prieterierint,
2720 3261 2834 3298 non
2889 3245 3306 3302 recordaberis.
3339 3267 3366 3294 »
3418 3251 3482 3300 In
3515 3245 3770 3301 transitu

2109 3330 2309 3402 itaque
2341 3348 2650 3402 aquarum,
2682 3332 2910 3404 Sepbar
2930 3333 3038 3388 hoc
3068 3332 3191 3387 vult
3218 3332 3578 3406 intelligere;
3613 3333 3770 3406 quod

347 3422 466 3495 pati
515 3422 692 3477 debes
740 3426 1050 3488 tormenta,
1103 3437 1280 3492 quam
1331 3426 1387 3476 te
1435 3421 1726 3477 sustinere
1776 3420 1999 3493 procla-
2034 3409 2076 3475 C
2117 3424 2235 3474 tam
2268 3419 2380 3474 cito
2412 3420 2640 3490 possint
2671 3421 2967 3476 discedere
2997 3422 3068 3476 ab
3112 3437 3178 3476 eo
3209 3421 3458 3489 dolores,
3492 3422 3540 3478 si
3571 3426 3769 3478 tamen

349 3528 496 3567 mas.

423 3623 451 3650 ‹‹
485 3600 749 3655 Forsitan
779 3599 1025 3671 vestigia
1071 3599 1170 3655 Dei
1213 3598 1694 3671 comprehendes,
1727 3603 1783 3653 et
1815 3615 2001 3670 usque

348 3690 422 3747 ad
471 3689 792 3762 perfectum
837 3688 1298 3759 omnipotentem
1349 3689 1620 3758 reperies.
1670 3709 1698 3736 »
1744 3686 2004 3758 Vestigia

349 3779 449 3835 Dei
507 3777 609 3834 illa
665 3781 822 3847 sunt,
857 3777 1088 3848 quando
1135 3776 1472 3847 dignatione
1517 3776 1608 3831 sui
1663 3775 2004 3831 hominibus

353 3868 684 3922 innotescit.
716 3867 786 3921 Et
817 3867 945 3920 ideo
991 3870 1132 3921 tunc
1171 3881 1306 3920 eum
1354 3864 1736 3937 vestigamus,
1769 3865 2003 3936 quando

353 3972 414 4012 se
446 3956 612 4012 nobis
645 3953 1080 4026 aliquantulum
1128 3953 1503 4009 manifestare
1545 3954 1838 4025 dignatur.
1873 3957 2003 4009 Haec

353 4049 492 4100 sunt
521 4061 656 4117 ergo
687 4043 934 4115 vestigia
965 4043 1082 4111 Dei,
1115 4059 1248 4098 cum
1279 4059 1412 4098 eum
1445 4042 2007 4114 incomprehensibi-

353 4134 467 4190 lem
501 4133 871 4200 intellexeris,
904 4138 962 4188 et
992 4132 1326 4188 credideris.

430 4245 457 4271 ‹‹
493 4223 778 4279 Excelsior
807 4222 948 4278 cmlo
994 4225 1100 4288 est,
1135 4226 1192 4276 et
1235 4222 1374 4293 quid
1407 4220 1629 4276 facies?
1661 4221 2008 4277 Profundior

359 4312 606 4382 inferno,
629 4316 684 4367 et
709 4313 862 4378 unde
888 4327 1203 4382 cognosces
1227 4310 1254 4363 ?
1280 4311 1522 4382 Longior
1543 4315 1705 4365 terrm
1731 4327 2008 4366 mensura

358 4402 486 4473 ejus
517 4405 572 4456 et
621 4400 792 4456 latior
838 4401 1002 4460 mari.
1057 4400 1114 4454 Si
1170 4399 1524 4455 subverterit
1576 4399 1795 4466 omnia,
1828 4397 1913 4453 vel
1947 4399 2007 4454 in

360 4507 543 4548 unum
592 4490 1007 4546 coarctaverit:
1043 4489 1175 4560 quis
1219 4487 1576 4543 contradicet
1624 4488 1675 4542 ei
1697 4491 1724 4541 ‘2
1761 4487 1848 4542 vel
1877 4487 2011 4558 quis

359 4582 548 4637 dicere
579 4580 631 4636 ei
667 4583 892 4653 potest:
930 4579 1044 4634 Cur
1090 4579 1172 4633 ita
1213 4577 1403 4633 facis?
1448 4596 1474 4628 ιδ
1523 4576 1826 4632 Credimus
1856 4577 2010 4648 quod

358 4671 578 4741 ubique
608 4673 698 4725 est
739 4673 910 4739 Deus,
958 4673 1016 4723 et
1057 4666 1213 4723 intra
1261 4683 1394 4720 eum
1443 4665 1641 4721 omnia
1689 4683 1814 4736 quae
1847 4665 1918 4720 ab
1947 4681 2012 4720 eo

359 4765 553 4816 creata
583 4763 723 4814 sunt
752 4758 1142 4814 continentur.

438 4870 464 4901 α
498 4854 626 4921 Ipse
657 4847 814 4903 enim
846 4847 1007 4902 novit
1035 4847 1343 4902 hominum
1366 4845 1704 4912 vanitatem,
1733 4849 1789 4900 et
1815 4843 2018 4900 videns

359 4939 734 5011 iniquitatem
790 4953 981 4992 nonne
1040 4935 1415 4992 considerat?
1469 4937 1594 5006 Ipse
1642 4934 1797 4990 enim
1858 4933 2019 4988 novit

363 5044 541 5100 opera
571 5027 931 5099 iniquorum,
981 5031 1037 5081 et
1067 5025 1266 5080 videns
1314 5026 1537 5095 injusta
1587 5041 1699 5079 non
1735 5023 2016 5096 negligit;

365 5114 504 5186 quia
534 5114 766 5186 iniquos
797 5118 853 5169 et
883 5113 1094 5186 impios
1122 5113 1400 5168 vindicat.

442 5225 470 5254 ‹‹
502 5202 605 5258 Vir
635 5220 820 5259 vanus
850 5203 910 5258 in
964 5202 1299 5275 superbiam
1349 5202 1617 5274 erigitur,
1651 5206 1708 5256 et
1738 5206 2021 5271 tanquam

369 5292 599 5365 pullum
659 5292 861 5366 onagri
919 5309 980 5348 se
1035 5292 1285 5347 liberum
1333 5295 1536 5346 natum
1586 5294 1770 5362 putat.
1811 5312 1836 5337 »
1881 5288 2030 5344 Dicit

369 5399 505 5437 eum
537 5380 697 5454 pullo
728 5381 932 5454 onagri
965 5380 1243 5446 similem,
1292 5381 1508 5437 effreno
1542 5378 1761 5435 scilicet
1791 5377 2028 5433 animali

369 5485 427 5537 et
458 5496 600 5552 vago
631 5496 697 5536 eo
748 5481 903 5552 quod
953 5479 1034 5535 ita
1082 5479 1373 5535 existimet
1422 5479 1492 5533 de
1535 5494 1597 5533 se
1645 5477 1777 5546 Job,
1823 5474 1922 5547 qui
1955 5473 2028 5529 ad

372 5569 603 5625 nullum
638 5569 850 5626 debeat
880 5569 1188 5641 pertinere.

445 5682 473 5708 «
510 5660 596 5715 Tu
630 5663 826 5715 autem
872 5659 1114 5714 ﬁrmasti
1145 5675 1241 5713 cor
1287 5661 1478 5724 tuum,
1512 5660 1568 5713 et
1598 5652 1925 5728 expandisti
1959 5653 2032 5708 ad

375 5765 512 5804 eum
546 5765 758 5805 manus
808 5753 961 5803 tuas.
997 5769 1024 5796 ››
1074 5747 1348 5801 Firmasti
1399 5763 1497 5802 cor
1541 5751 1734 5810 tuum,
1767 5743 1882 5799 ait:
1921 5759 2034 5798 non

377 5842 445 5894 ut
473 5837 843 5898 satisfaceres
890 5837 1005 5892 Deo
1054 5853 1155 5910 per
1204 5835 1626 5909 paenitentiam,
1680 5839 1745 5890 ut
1785 5834 2038 5890 auferret

704 5965 972 6029 PATROL.
1018 5963 1238 6028 XXVI.

2109 3509 2219 3564 Job
2253 3525 2313 3563 se
2359 3509 2670 3564 emendare
2719 3508 3004 3576 voluerit;
3058 3510 3554 3580 quemadmodum
3604 3527 3770 3582 aqua

2113 3599 2266 3653 intra
2298 3603 2658 3653 momentum
2683 3599 2753 3653 ad
2787 3598 2912 3653 loca
2941 3597 3052 3654 alia
3074 3598 3435 3666 dilabuntur,
3463 3602 3518 3654 et
3542 3597 3622 3653 ita
3651 3616 3774 3655 om-

2114 3689 2252 3743 nino
2284 3688 2538 3760 abstergi
2573 3689 2644 3743 ab
2678 3704 2743 3743 eo
2787 3705 2957 3759 posse
3001 3688 3184 3760 plagae
3215 3688 3397 3760 hujus
3427 3688 3768 3745 miseriam:

2118 3785 2182 3832 ut
2214 3795 2454 3850 prorsus
2486 3778 2645 3832 tenui
2698 3777 2982 3832 memoria
3033 3778 3366 3834 recordetur
3412 3778 3562 3850 ejus,
3604 3777 3772 3851 quasi

2115 3885 2240 3939 quze
2273 3883 2384 3921 non
2416 3867 2607 3921 fuerit.

2186 3980 2212 4005 ‹‹
2247 3957 2315 4009 Et
2345 3955 2513 4026 quasi
2564 3955 2921 4011 meridianus
2971 3956 3164 4028 fulgor
3207 3959 3521 4029 consurget
3556 3956 3663 4012 tibi
3694 3956 3769 4014 ad

2112 4061 2433 4117 vesperam.
2465 4044 2531 4098 Et
2559 4061 2692 4098 cum
2725 4050 2780 4098 te
2820 4049 3234 4115 consumptum
3278 4044 3593 4117 putaveris,
3628 4044 3773 4101 orie-

2114 4133 2195 4188 ris
2227 4137 2291 4187 ut
2323 4132 2568 4187 Lucifer.
2603 4154 2630 4180 »
2683 4131 3092 4203 Spiritualiter,
3125 4132 3209 4187 sic
3258 4131 3502 4204 intelligi
3537 4135 3768 4204 potest:

2115 4225 2430 4292 consurget
2458 4220 2564 4275 tibi
2595 4221 2666 4275 ad
2697 4237 3020 4292 vesperam,
3075 4221 3130 4275 id
3162 4224 3267 4289 est,
3296 4220 3356 4276 in
3388 4231 3768 4278 consumma-

2105 4311 2274 4366 tione
2322 4310 2589 4364 laborum
2651 4309 2939 4364 malorum
2997 4313 3255 4378 tuorum,
3320 4308 3638 4366 consolatio
3681 4309 3770 4366 sol

2111 4399 2354 4472 justitiae
2386 4399 2489 4452 tibi
2523 4398 2792 4453 Christus
2842 4399 3142 4454 adveniet:
3197 4398 3315 4454 sive
3359 4403 3490 4470 post
3522 4403 3770 4455 mortem

2122 4505 2432 4560 resurgens
2464 4487 2521 4542 in
2556 4487 2823 4559 gloriam.
2859 4489 2999 4543 Item
3034 4487 3222 4554 aliter,
3254 4489 3428 4543 etiam
3461 4487 3522 4543 in
3552 4487 3661 4544 hoc
3691 4487 3776 4543 in-

2121 4577 2297 4633 teritu
2333 4581 2431 4632 tuo
2464 4593 2578 4649 quo
2631 4576 2888 4648 quotidie
2940 4581 3103 4632 tanta
3158 4577 3465 4649 putredine
3508 4577 3777 4633 contabe~

2127 4668 2263 4731 scis,
2298 4672 2354 4722 et
2385 4667 2615 4731 delluis,
2653 4673 2716 4720 ut
2739 4666 2863 4736 jam
2898 4665 3134 4722 omnino
3161 4671 3580 4738 consumptum
3609 4671 3665 4723 te
3695 4683 3784 4722 ar-

2052 4783 2093 4846 D
2127 4757 2394 4812 bitrcris:
2433 4755 2478 4810 si
2514 4755 2735 4826 feceris,
2764 4756 3030 4826 quatiam
3065 4755 3202 4824 dixi,
3229 4773 3296 4811 ex
3326 4755 3509 4810 nihilo
3539 4755 3780 4812 omnino

2128 4846 2477 4918 penitusque
2510 4848 2876 4914 consumpto,
2923 4849 3156 4915 repente
3187 4843 3390 4900 orieris
3421 4850 3486 4900 ut
3517 4845 3781 4902 Lucifer:

2129 4936 2224 5005 qui
2260 4951 2360 5006 per
2389 4933 2644 4988 occultas
2677 4949 2885 4988 cursus
2908 4933 2998 4987 sui
3034 4937 3220 4990 metas
3243 4933 3440 5006 polum
3473 4933 3781 5003 circuiens,

2134 5029 2266 5097 post
2294 5023 2593 5078 biennium
2629 5023 2687 5077 in
2728 5022 2913 5093 ipsius
2964 5039 3184 5079 aurora":
3236 5023 3407 5079 ritulo
3437 5022 3653 5078 dicitur
3682 5037 3787 5093 ap-

2137 5129 2354 5186 parere.
2391 5111 2473 5167 Ita
2527 5128 2662 5184 ergo
2711 5117 2768 5166 et
2796 5111 2899 5165 tibi
2955 5117 3088 5182 post
3135 5115 3385 5175 noctem,
3428 5113 3483 5166 et
3514 5107 3788 5164 tenebras

2135 5203 2434 5258 densiores
2465 5201 2702 5256 diutinae
2734 5200 3074 5256 tentationis
3106 5201 3279 5256 istius
3312 5218 3326 5255 :
3360 5199 3407 5254 si
3429 5197 3631 5270 culpas
3652 5202 3787 5253 tuas

2137 5291 2494 5364 cognoveris,
2527 5290 2739 5362 poterit
2767 5290 3018 5360 evenire,

2211 5405 2237 5430 ‹‹
2278 5381 2341 5435 Et
2370 5379 2612 5435 habebis
2647 5378 2917 5433 ﬁduciam
2951 5377 3248 5451 preposita
3291 5375 3395 5431 tibi
3455 5391 3578 5447 spe,
3609 5379 3666 5431 et
3693 5373 3790 5430 de-

2141 5472 2334 5526 fossus
2363 5486 2605 5526 securus
2627 5468 2901 5524 dormies.
2927 5468 3298 5538 Requiesces,
3331 5469 3386 5520 et
3408 5480 3522 5520 non
3554 5464 3666 5520 erit
3685 5461 3790 5536 qui

2140 5566 2195 5616 te
2226 5564 2527 5615 exterreat.
2576 5559 2644 5612 Et
2690 5557 3160 5629 deprecabuntur
3210 5554 3413 5609 faciem
3460 5559 3626 5610 tuam
3659 5552 3790 5627 plu-

2143 5649 2298 5704 rimi.
2336 5671 2363 5697 η
2424 5646 2675 5702 Ilabebis
2734 5647 2881 5702 hanc
2939 5643 3228 5710 ﬁduciam,
3290 5648 3355 5698 ut
3407 5644 3676 5700 defossus
3734 5643 3796 5700 in

2145 5741 2349 5807 morte,
2383 5743 2691 5807 certusque
2717 5736 2784 5789 de
2816 5731 3236 5788 resurrectione
3258 5733 3518 5806 effectus,
3550 5747 3798 5790 securus

2147 5826 2433 5899 dormias,
2468 5825 2802 5898 requiescas
2865 5822 2920 5878 in
2970 5821 3234 5892 inferno;
3270 5823 3327 5880 in
3362 5840 3464 5899 spe
3493 5827 3661 5883 certe
3693 5834 3799 5898 spe
