4310 6604
571 482 688 546 683

2061 476 2477 538 APPENDIX.

3850 473 3975 536 684

567 616 944 683 constitutus,
977 617 1033 671 et
1063 631 1178 670 non
1208 613 1318 669 erit
1363 611 1483 668 illic
1525 611 1681 667 ullus
1722 615 1904 666 tortor
1933 611 2205 666 adversa-
2238 613 2286 676 Α
2323 608 2644 664 rectissime
2675 606 3038 678 intelligitur,
3084 623 3212 679 quae
3263 611 3542 680 regnante
3571 605 3838 674 Domino,
3870 623 3972 663 ex-

565 705 690 761 rius
720 704 1016 770 inimicus,
1065 704 1164 775 qui
1196 708 1251 758 te
1300 705 1602 768 exterreat,
1657 705 1715 755 et
1755 700 1857 755 tibi
1891 717 2091 772 pmnas
2124 699 2209 753 in-

565 794 815 852 fernates
845 794 1089 865 infligat,
1113 793 1213 848 sed
1249 791 1442 864 potius
1465 789 1795 861 quicunque
1818 794 1976 854 sunt,
2012 803 2210 860 preces

562 883 669 938 tibi
699 881 994 955 supplices
1027 882 1292 947 fundent,
1325 885 1388 935 ut
1421 880 1503 934 eis
1534 877 1767 934 tartarei
1801 877 2092 933 cruciatus
2123 875 2210 933 tui

526 958 544 972 ’
563 971 926 1029 orationibus
959 973 1376 1043 temperentur.

640 1080 664 1110 ι
696 1061 862 1118 Oculi
913 1065 1109 1116 autem
1156 1058 1473 1130 impiorum
1518 1056 1807 1124 deficient,
1841 1060 1896 1111 et
1926 1055 2204 1126 effugium

561 1150 776 1222 peribit
804 1151 876 1207 ab
897 1149 1001 1216 eis,
1027 1153 1083 1203 et
1116 1163 1250 1219 spes
1273 1145 1507 1200 illorum
1532 1144 1887 1200 abominatio
1919 1143 2148 1200 animae.
2176 1164 2205 1192 »

560 1229 625 1311 Id
682 1243 792 1305 est,
849 1237 1170 1310 expectatio
1225 1233 1530 1290 hominum
1593 1233 1908 1304 impiorum
1951 1232 2060 1287 hoc
2093 1233 2206 1287 ﬁne

558 1327 973 1384 concludetur:
1011 1330 1073 1380 ut
1095 1325 1151 1378 in
1186 1328 1444 1394 tempore
1465 1321 1665 1377 alienae
1696 1319 1915 1393 glorise,
1943 1320 2052 1393 ipsi
2089 1337 2203 1376 non

556 1416 942 1482 absolutione,
993 1414 1092 1470 sed
1125 1413 1558 1468 abominatione
1607 1410 1768 1481 digni
1809 1410 2200 1465 inveniantur.

565 1485 572 1488 ’
1183 1500 1416 1556 CAPUT
1455 1499 1572 1554 x11.

629 1617 650 1644 ι
686 1593 1068 1666 Respondens
1100 1594 1294 1647 autem
1341 1589 1472 1658 Job,
1523 1587 1705 1642 dixit:
1748 1587 1896 1658 Ergo
1926 1603 2027 1640 vos
2059 1586 2202 1642 estis

551 1681 660 1740 soli
692 1681 982 1748 homines,
1018 1684 1076 1736 et
1106 1679 1403 1734 vobiscum
1450 1676 1731 1730 morietur
1761 1674 2049 1746 sapientia
2070 1674 2097 1729 ‘I
2129 1675 2199 1730 Et

553 1770 703 1828 mihi
747 1775 838 1826 est
879 1786 977 1825 cor
1026 1768 1177 1823 sicut
1232 1770 1289 1821 et
1333 1765 1534 1820 vobis:
1596 1781 1699 1819 nec
1748 1763 1985 1819 inferior
2024 1763 2200 1819 vestri

553 1876 710 1916 sum.
734 1859 873 1925 Quis
904 1859 1060 1914 enim
1093 1856 1213 1911 haec
1239 1872 1366 1926 qua:
1398 1853 1584 1909 nostis
1613 1853 2012 1924 ignorat?Qui
2046 1853 2199 1908 deri-

553 1947 727 2004 detur
755 1948 826 2003 ab
853 1949 1039 2002 amico
1082 1962 1186 2000 suo
1233 1943 1385 1999 sicut
1415 1958 1540 2014 ego,
1586 1941 1876 1996 invocabit
1907 1941 2110 2010 Deum,
2144 1945 2200 1996 et

553 2037 823 2092 exaudiet
851 2052 1006 2092 eum.
1054 2034 1355 2088 Deridetur
1399 2032 1554 2086 enim
1587 2031 1734 2101 justi
1768 2029 2131 2101 simplicitas.
2165 2050 2191 2081 π

552 2125 671 2182 Hoc
701 2130 790 2182 est
818 2125 1029 2194 dicere,
1063 2122 1201 2196 quid
1251 2139 1353 2177 vos
1401 2126 1626 2176 tantum
1660 2119 1851 2174 dicitis
1881 2119 2194 2191 sapientes,

551 2218 609 2271 et
637 2213 859 2286 putatis
887 2213 1041 2286 quod
1074 2215 1206 2283 post
1228 2227 1329 2268 vos
1362 2209 1558 2264 nullus
1589 2208 1698 2264 erit
1739 2207 2020 2280 sapiens?

625 2325 654 2353 ‹‹
684 2309 932 2375 Lampus
962 2306 1296 2372 contempta
1334 2300 1486 2371 apud
1538 2296 1916 2369 cogitationes
1947 2297 2194 2352 divitum

550 2397 749 2466 parata
778 2393 850 2446 ad
882 2396 1112 2463 tempus
1145 2393 1450 2444 statutum.
1475 2387 1793 2442 Abundant
1821 2385 2196 2442 tabernacula

548 2483 913 2555 pradonum,
939 2485 995 2535 et
1025 2480 1298 2534 audacter
1332 2480 1642 2549 provocant
1668 2475 1874 2545 Deum,
1906 2492 2039 2529 cum
2073 2476 2196 2546 ipse

547 2570 770 2628 dederit
799 2568 997 2626 omnia
1028 2569 1084 2623 in
1135 2583 1345 2622 manus
1395 2582 1618 2622 eorum.
1667 2588 1694 2614 »
1747 2565 2098 2635 Lampadem
2133 2581 2195 2619 se

547 2664 940 2731 contemptam
973 2675 1006 2713 a
1036 2657 1312 2712 divitibus
1345 2655 1518 2710 dicit:
1557 2653 1755 2726 utique
1783 2653 2064 2724 superbos
2096 2669 2194 2708 eos

547 2749 852 2820 denotans,
885 2764 950 2803 eo
981 2747 1136 2818 quod
1178 2745 1544 2816 despicerent
1584 2760 1716 2798 eum
1746 2742 2029 2797 afﬂictum
2063 2758 2192 2796 cru-

547 2837 818 2904 ciatibus,
852 2841 908 2891 et
938 2833 1305 2907 despectione
1328 2832 1787 2905 propinquorum
1815 2848 1828 2898 ;
1864 2830 1960 2901 qui
1997 2836 2192 2884 tamen

548 2941 773 2998 magnae
802 2925 958 2991 fidei,
989 2929 1046 2978 et
1076 2924 1361 2978 bonorum
1397 2937 1635 2992 Operum
1687 2919 1810 2973 oleo
1843 2918 2194 2972 intrinsecus

548 3013 827 3084 fulgebat,
853 3013 982 3068 Sive
1011 3011 1182 3067 etiam
1216 3010 1443 3080 lampas
1465 3012 1794 3080 contempta
1826 3024 1859 3062 a
1891 3006 2194 3073 divitibus,

545 3101 812 3159 Christus
844 3118 878 3156 a
895 3100 1134 3166 Judaeis,
1168 3098 1268 3170 qui
1290 3115 1538 3169 surgens
1560 3115 1593 3152 a
1617 3096 1863 3152 mortuis
1887 3095 2194 3168 splendore

543 3191 741 3265 gratiae
773 3207 890 3246 suae
923 3188 1276 3244 illuminavit
1306 3187 1639 3242 universum
1694 3187 2003 3242 mundum.
2043 3185 2191 3239 Divi-

545 3286 633 3337 tes
676 3297 808 3336 vero
858 3279 987 3334 ideo
1032 3277 1216 3334 Judaei
1266 3277 1402 3333 dicti
1453 3281 1613 3342 sunt,
1667 3276 1804 3347 quia
1849 3279 2196 3346 acceperunt

544 3369 776 3442 eloquia
804 3368 922 3424 Dei.

619 3480 646 3510 ‹‹
678 3459 967 3514 Nimirum
991 3458 1283 3529 interroga
1306 3456 1586 3526 iumenta,
1628 3459 1684 3508 et
1715 3454 2006 3509 docebunt
2036 3458 2111 3523 te,
2136 3457 2194 3509 et

543 3547 804 3605 volatilia
835 3547 984 3616 coeli,
1039 3551 1097 3601 et
1142 3545 1488 3600 indicabunt
1533 3543 1658 3598 tibi.
1713 3543 1969 3614 Loquere
2002 3547 2189 3610 terra},

545 3643 604 3696 et
657 3636 1034 3710 respondebit
1089 3633 1215 3705 tibi,
1275 3638 1331 3688 et
1383 3633 1703 3688 narrabunt
1750 3633 1937 3704 pisces
1991 3632 2190 3687 maris.

546 3727 688 3793 Quis
717 3727 945 3798 ignorat
975 3724 1129 3795 quod
1161 3723 1360 3777 omnia
1390 3721 1509 3776 haec
1541 3737 1751 3776 manus
1785 3721 2010 3775 Domini
2045 3721 2190 3775 fece-

547 3815 672 3872 rit?
704 3815 767 3870 In
799 3814 968 3884 cujus
1001 3829 1178 3867 manu
1227 3811 1424 3866 anima
1466 3810 1658 3865 omnis
1686 3809 1950 3879 viventis,
1981 3814 2036 3863 et
2074 3810 2191 3880 spi-

547 3905 698 3963 ritus
730 3903 1011 3959 universaa
1047 3900 1238 3955 carnis
1271 3898 1547 3954 hominis.
1599 3897 1800 3952 Nonne
1831 3897 1989 3952 auris
2021 3897 2194 3953 verba

545 3994 851 4065 dijudicat,
883 3997 940 4048 et
965 3993 1160 4046 fauces
1192 3989 1549 4045 comedentis
1597 4003 1863 4058 saporem
1886 3986 1913 4041 ‘I
1946 3987 2007 4040 in
2039 3986 2193 4041 anti-

547 4086 680 4159 quis
711 4088 799 4140 est
827 4081 1136 4154 sapientia,
1159 4084 1216 4136 et
1256 4079 1315 4134 in
1349 4076 1532 4132 multo
1565 4081 1825 4149 tempore
1859 4076 2188 4148 prudentia.

542 4175 715 4248 Apud
744 4174 940 4246 ipsum
972 4175 1028 4226 et
1057 4169 1364 4242 sapientia,
1397 4172 1453 4222 et
1502 4165 1804 4231 fortitudo,
1837 4171 1894 4220 et
1933 4165 2056 4236 ipse
2087 4165 2188 4220 ha-

542 4265 643 4322 bet
671 4263 1003 4320 consilium.
1033 4265 1090 4315 et
1117 4255 1582 4329 intelligentiam.
1630 4279 1651 4306 ι
1690 4256 1851 4318 Quod
1887 4255 2086 4309 omnia
2116 4254 2188 4308 ad

539 4353 644 4412 Dei
699 4350 1123 4426 providentiam
1179 4352 1234 4402 et
1289 4344 1771 4418 gubernationem
1833 4343 2187 4414 pertineant,

539 4441 716 4499 etiam
771 4458 893 4510 qua:
943 4434 1369 4493 irrationabilia
1419 4438 1590 4504 atque
1630 4431 1998 4488 insensibilia
2027 4436 2184 4499 sunt,

539 4531 794 4605 quadam
844 4527 1066 4584 ratione
1105 4522 1366 4579 veritatis
1414 4523 1767 4593 interrogata
1810 4521 2183 4593 respondent.

537 4619 873 4677 Secundum
906 4615 1218 4688 mysticum
1246 4611 1606 4667 intellectum
1638 4616 1886 4682 possunt
1916 4610 2184 4666 homines

2322 697 2582 753 sultabit.
2616 697 2808 751 Pisces
2840 713 2972 751 vero
3005 696 3103 768 qui
3138 696 3288 751 inter
3315 697 3526 752 fluctus
3554 696 3759 752 mundi
3792 695 3971 752 istius

2321 791 2816 858 tempestatesque
2848 790 3136 850 natantes,
3173 790 3298 841 tuta
3328 786 3439 841 sibi
3472 785 3597 840 loca
3628 785 3970 842 aeternitatis

2319 882 2374 930 et
2405 876 2601 946 quieta
2650 874 3030 945 prospiciunt.
3081 873 3184 929 Vel
3234 873 3316 929 illi
3369 875 3558 946 pisces
3603 873 3968 947 intelligendi

2318 969 2475 1033 sunt,
2510 963 2611 1035 qui
2639 981 2740 1034 per
2777 979 2991 1035 aquam
3039 962 3217 1018 vitam
3261 964 3556 1035 accipiunt
3585 983 3597 1020 :
3633 964 3734 1037 qui
3766 963 3968 1020 confe-

2318 1052 2456 1108 stim
2488 1053 2558 1108 de
2592 1054 2745 1108 fonte
2777 1052 3050 1124 baptismi
3084 1053 3341 1124 migrant
3388 1054 3458 1109 ad
3491 1053 3812 1122 Christum,
3844 1052 3966 1110 sive

2317 1142 2386 1196 ad
2419 1142 2625 1207 Deum,
2659 1147 2721 1196 ut
2753 1141 2849 1196 alii
2882 1142 3106 1197 dicunt.

2394 1251 2414 1278 ι
2449 1231 2505 1286 Si
2540 1232 2910 1301 destruxerit,
2934 1248 3104 1286 nemo
3135 1236 3228 1286 est
3259 1231 3360 1302 qui
3409 1232 3675 1288 mdiﬁcet.
3701 1250 3733 1285 ι
3771 1233 3962 1288 Mani-

2315 1321 2527 1374 festum
2561 1326 2651 1375 est
2682 1319 2967 1391 quidquid
3002 1319 3299 1390 sapientiae
3323 1337 3439 1376 suae
3461 1321 3686 1391 judicio
3717 1322 3962 1394 dissipa-

2315 1427 2374 1464 re
2403 1410 2669 1475 voluerit,
2701 1426 2766 1463 ac
2803 1411 3138 1464 destruere:
3174 1426 3344 1465 nemo
3398 1411 3608 1482 poterit
3634 1411 3957 1467 fortitudini

2314 1499 2469 1554 illius
2502 1499 2657 1554 velut
2705 1504 2908 1570 potens
2959 1500 3250 1554 resistere.
3304 1500 3466 1556 Sicut
3512 1502 3800 1557 destruxit
3834 1506 3956 1556 tur-

2312 1605 2457 1654 rem,
2479 1592 2536 1642 et
2564 1605 2742 1660 regna
2764 1587 3082 1643 multarum
3105 1588 3390 1660 gentium,
3415 1589 3500 1645 vel
3529 1589 3706 1645 etiam
3727 1590 3958 1646 Jerusa-

2312 1675 2446 1746 lem,
2496 1677 2592 1731 ubi
2647 1681 2932 1748 praecepta
2979 1677 3103 1749 ipse
3151 1676 3355 1748 legalia
3402 1684 3685 1750 tanquam
3731 1678 3956 1751 lapides

2310 1766 2508 1836 scripti
2544 1770 2700 1835 sunt,
2735 1766 2842 1821 sub
2874 1766 3172 1836 prmtentia
3203 1767 3400 1837 gratiae
3435 1785 3553 1822 suze
3585 1767 3955 1825 dissolvenda

2307 1869 2434 1911 esse
2483 1855 2908 1926 praenuntiavit.
2959 1856 3051 1911 Sic
3100 1855 3318 1928 itaque,
3373 1862 3430 1912 et
3480 1858 3804 1913 secundum
3841 1858 3952 1914 Job

2231 1977 2276 2042 B
2308 1944 2831 2016 prophetationem,
2882 1945 3073 2016 paries
3117 1945 3578 2014 inimicitiarum,
3628 1945 3720 2003 lex
3750 1946 3952 2018 utique

2307 2040 2749 2104 praeceptorum,
2785 2050 2886 2106 per
2913 2033 3209 2089 Christum
3234 2035 3531 2091 destructa
3556 2040 3680 2091 est:
3712 2041 3776 2091 ut
3805 2037 3953 2093 duos

2307 2124 2581 2178 conderet
2609 2123 2666 2178 in
2700 2125 3013 2193 semetipso
3064 2123 3120 2178 in
3171 2140 3355 2178 unum
3409 2141 3620 2180 novum
3654 2125 3952 2181 hominem

2308 2227 2506 2283 pacem
2566 2212 2784 2267 faciens
2841 2213 3064 2282 (Ephes.
3124 2230 3186 2278 ιι,
3259 2214 3366 2284 15).
3428 2215 3722 2269 Destruxit
3779 2219 3954 2286 atque

2305 2302 2582 2357 reseravit
2618 2303 2765 2356 Deus
2795 2301 3062 2357 Christus
3100 2301 3354 2358 claustra
3397 2303 3632 2370 inferni,
3663 2308 3720 2359 et
3750 2304 3951 2360 diabo-

2304 2389 2427 2445 lum
2461 2390 2768 2445 habentem
2805 2395 3152 2462 potestatem
3202 2391 3429 2460 mortis,
3475 2408 3652 2464 regno
3685 2393 3951 2448 domina-

2305 2479 2482 2535 tionis
2539 2479 2824 2551 deposuit.
2885 2480 3178 2535 Destruxit
3240 2480 3394 2536 Deus
3451 2480 3720 2537 Christus
3774 2482 3955 2554 igitur

2306 2573 2575 2635 mortem,
2623 2569 2762 2623 dum
2816 2569 3003 2639 ipsam
3047 2573 3110 2624 ut
3168 2569 3227 2624 in
3277 2587 3344 2625 ea
3397 2570 3543 2625 mori
3589 2571 3951 2644 dignaretur,

2305 2659 2580 2728 suscepit,
2613 2661 2667 2712 et
2695 2657 2834 2711 dum
2861 2657 2918 2712 in
2951 2673 3120 2713 cruce
3151 2659 3435 2714 destruxit
3458 2677 3666 2732 corpus
3707 2661 3949 2732 peccati,

2302 2750 2552 2801 veterem
2576 2745 2870 2802 hominem
2894 2751 3161 2802 nostrum
3185 2747 3302 2802 illic
3329 2748 3771 2805 interﬁcientem
3794 2767 3954 2822 pere-

2305 2835 2446 2889 mit:
2483 2840 2546 2890 ut
2595 2836 2745 2890 viam
2799 2836 2966 2892 nobis
3014 2836 3072 2891 in
3124 2841 3405 2892 aeternum
3454 2839 3804 2895 restitueret.
3854 2838 3951 2894 Sic

2303 2924 2498 2996 itaque
2525 2925 2809 2979 destruxit
2831 2929 3099 2993 mortem,
3132 2930 3188 2981 et
3208 2924 3561 2982 illuminavit
3583 2927 3760 2982 vitam
3787 2945 3799 2982 :
3827 2945 3954 3000 per-

2303 3012 2673 3084 sequentium
2706 3014 3020 3068 Ecclesiam
3071 3014 3358 3069 destruxit
3399 3015 3664 3083 consilia,
3699 3016 3952 3072 molien-

2305 3102 2450 3157 tium
2484 3107 2548 3157 ut
2583 3118 2788 3157 nomen
2823 3103 2950 3173 ejus
2982 3102 3298 3158 effoderent
3328 3104 3398 3158 de
3422 3107 3530 3159 sub
3565 3104 3730 3171 ccelo,
3759 3105 3951 3161 Judaei

2303 3188 2522 3244 scilicet
2551 3194 2607 3244 et
2661 3193 2876 3260 gentes.
2909 3189 3202 3244 Destruxit
3251 3191 3544 3262 dogmata,
3595 3196 3653 3246 et
3691 3192 3951 3248 diversos

2303 3295 2528 3334 errores
2600 3278 3004 3334 haereticorum
3061 3278 3132 3333 ab
3205 3279 3494 3336 Ecclesia:
3549 3280 3949 3337 indissolubili

2223 3350 2265 3416 (ἶ
2308 3372 2471 3424 rectm
2507 3368 2637 3424 fidei
2669 3368 2946 3422 aedificio:
2983 3369 3052 3423 de
3085 3367 3300 3440 quibus
3347 3369 3660 3426 Salomon:
3697 3371 3952 3428 Civitates

2300 3460 2531 3528 fortium
2592 3456 2831 3512 ascendit
2887 3459 3123 3528 sapiens,
3185 3461 3235 3512 et
3289 3458 3560 3513 destruxit
3615 3461 3950 3516 munitione:

2301 3549 2597 3618 ejus(Prov.
2656 3563 2772 3611 XXI,
2831 3548 2942 3615 2‘2).
2999 3546 3289 3601 Destruxit
3334 3551 3391 3602 et
3437 3564 3670 3604 omnem
3724 3547 3947 3605 cultum

2304 3635 2611 3691 idolorum.

2375 3748 2401 3773 ‹‹
2434 3725 2488 3779 Si
2522 3724 2822 3780 incluserit
2843 3724 3161 3796 hominem,
3186 3724 3383 3781 nullus
3405 3730 3492 3781 est
3521 3726 3621 3799 qui
3651 3727 3891 3799 aperiat.
3922 3749 3950 3776 ››

2304 3813 2546 3868 Inclusit
2577 3818 2726 3868 Deus
2756 3813 2872 3868 Noe
2904 3813 2961 3868 in
2989 3813 3240 3869 diluvio:
3269 3814 3375 3869 Lot‘
3404 3815 3462 3869 in
3494 3816 3672 3889 Segor
3698 3834 3710 3872 :
3742 3816 3951 3872 Jonam

2305 3904 2360 3956 in
2393 3906 2589 3956 ventre
2622 3901 2730 3956 ceti
2759 3919 2770 3956 :
2804 3903 3112 3958 Jeremiam
3154 3908 3210 3958 et
3259 3903 3480 3958 Baruch
3513 3921 3585 3959 ne
3615 3904 3954 3962 inveniren-

2302 3997 2414 4046 tur.
2451 3991 2700 4046 lncludit
2744 3998 2800 4047 et
2857 3991 2988 4048 illos
3021 3992 3090 4048 de
3149 3993 3362 4064 quibus
3415 3994 3659 4051 dicitur:
3694 3998 3954 4052 Immittet

2301 4081 2564 4153 angelum
2597 4097 2754 4135 suum
2787 4083 2845 4135 in
2875 4083 3111 4137 circuitu
3141 4084 3454 4138 timentium
3499 4100 3644 4151 eum,
3675 4094 3727 4141 et
3757 4087 3955 4157 eripiet

2299 4186 2388 4225 eo:
2416 4171 2588 4230 (Psal.
2623 4187 2822 4237 χχχιιι,
2855 4171 2910 4241 8)
2966 4172 3093 4226 Sive
3143 4173 3252 4227 sub
3285 4173 3576 4228 sententia
3621 4174 3827 4230 mortis
3850 4175 3952 4246 ju-

2301 4257 2450 4313 dicio
2482 4259 2580 4314 Dei
2617 4259 2872 4331 positum
2906 4259 3203 4316 hominem
3253 4261 3385 4333 quis
3416 4266 3604 4334 potest
3631 4280 3901 4320 revocare
3922 4264 3950 4319 ‘P

2301 4348 2565 4404 Inclusus
2596 4354 2681 4403 est
2707 4348 2930 4404 Pharao
2962 4349 3018 4404 in
3072 4349 3278 4404 mediis
3311 4351 3515 4423 aquis:
3564 4351 3774 4408 inclusi
3808 4357 3950 4408 sunt

2296 4437 2520 4494 Dathan
2554 4442 2610 4493 et
2639 4439 2851 4494 Abiron
2884 4439 2993 4493 vivi
3027 4438 3082 4493 in
3110 4438 3335 4496 inferno
3363 4458 3374 4495 :
3401 4439 3652 4513 populus
3684 4440 3854 4496 Israel
3883 4441 3942 4496 in

2296 4543 2488 4582 eremo
2520 4543 2622 4599 per
2643 4527 3033 4599 quadraginta
3053 4544 3238 4583 annos
3267 4528 3529 4585 inclusus
3551 4535 3655 4586 est.
3693 4528 3946 4584 Includit

2296 4621 2444 4671 Deus
2475 4617 2772 4671 hominem
2801 4615 3281 4672 tribulationibus
3326 4619 3765 4692 excoquendum
3794 4633 3806 4673 :
3837 4621 3942 4673 aut

536 4706 840 4770 inconditi,
873 4710 929 4760 et
959 4699 1386 4758 irrationabiles
1409 4700 1691 4766 moribus,
1713 4701 1987 4770 jumenta
2017 4699 2184 4756 intel-
2213 4720 2258 4784 D
2292 4710 2444 4759 certe
2475 4705 2941 4776 correptionibus
2971 4703 3384 4776 ﬂagellandum
3419 4716 3775 4778 peccatorem
3809 4705 3937 4760 cin-

535 4797 659 4870 ligi.
694 4794 965 4851 Volatilia
991 4811 1121 4849 vero
1153 4790 1561 4862 intelliguntur
1599 4790 1910 4860 daemones,
1946 4791 2064 4844 sive
2099 4792 2180 4845 le-

531 4904 650 4956 ves,
685 4891 741 4943 et
770 4883 900 4940 elati
930 4884 1196 4938 homines
1246 4898 1311 4937 ac
1342 4879 1575 4952 superbi
1603 4897 1614 4934 :
1666 4884 1768 4934 aut
1808 4883 1958 4934 certe
1988 4884 2176 4934 astro-

529 4976 667 5051 logi.
719 4976 896 5031 Terra
943 4971 1272 5043 voluptuosi
1326 4970 1614 5037 homines,
1665 4973 1721 5024 et
1759 4967 2041 5037 carnales,
2076 4968 2176 5039 qui

528 5071 757 5128 terrena
787 5064 1042 5136 sapiunt.
1095 5061 1305 5130 Pisces,
1360 5057 1713 5130 philosophi,
1764 5063 1820 5112 et
1866 5074 2064 5112 eorum
2096 5057 2173 5110 si-

527 5155 718 5224 miles,
761 5154 859 5226 qui
919 5154 989 5208 de
1021 5153 1195 5206 rebus
1227 5149 1452 5218 mundi,
1505 5153 1561 5202 et
1615 5149 1741 5218 ejus
1785 5147 2171 5218 qualitatibus

521 5243 887 5317 inquirendis
912 5241 1076 5296 nimii
1103 5243 1260 5295 sunt.
1290 5238 1508 5294 Aliter:
1535 5238 1833 5305 Jumenta,
1866 5237 2000 5308 equi
2033 5235 2168 5290 boni

521 5340 680 5401 sunt,
714 5352 840 5407 quis
873 5330 1150 5388 animalia
1179 5328 1236 5383 in
1288 5327 1621 5381 haereditate
1666 5323 1896 5380 Domini
1937 5324 2169 5378 habita-

521 5425 670 5479 bunt
699 5439 712 5478 :
745 5422 961 5494 quibus
990 5419 1185 5491 pluvia
1215 5416 1539 5471 voluntaria
1569 5411 1861 5483 Evangelii
1887 5412 1956 5466 ab
1989 5411 2168 5465 incre-

520 5511 678 5574 dulis
706 5517 1008 5584 segregata
1038 5513 1127 5564 est
1167 5507 1332 5578 (Psal.
1366 5521 1534 5569 van,
1590 5503 1695 5572 10).
1727 5501 2002 5556 Volucres
2033 5516 2165 5556 vero

519 5604 658 5656 sunt
687 5601 787 5671 qui
816 5615 1052 5654 sursum
1085 5596 1260 5651 corda
1289 5594 1527 5662 habent,
1575 5596 1632 5646 et
1661 5590 1922 5645 cmlestia
1952 5606 2162 5644 concu-

515 5687 751 5762 piscunt
777 5712 791 5756 ;
822 5686 907 5742 vel
953 5685 1052 5760 qui
1101 5685 1330 5740 obviam
1380 5682 1607 5736 Christo
1655 5679 1716 5734 in
1748 5695 1878 5734 aere
1907 5696 1976 5734 ex
2007 5695 2161 5734 mor-

512 5777 632 5846 tuis
661 5776 798 5834 ituri
830 5780 966 5834 sunt
1014 5775 1084 5850 (ll
1136 5776 1309 5832 Thess.
1343 5789 1418 5842 v1,
1473 5772 1594 5842 16):
1643 5785 1774 5825 caro
1815 5773 2153 5830 sanctorum

2291 4793 2374 4866 git
2404 4798 2468 4848 ut
2499 4794 2785 4848 emendet.
2821 4793 2961 4858 Quis
2991 4798 3079 4848 est
3110 4794 3208 4865 qui
3232 4796 3460 4867 copiam
3489 4795 3816 4854 declinandi
3848 4811 3944 4850 ve-

2287 4882 2391 4936 luti
2419 4885 2733 4954 quemdam
2758 4883 2981 4938 aditum
3011 4884 3251 4955 aperiat,
3279 4890 3344 4940 ut
3375 4885 3613 4942 evadat:
3642 4885 3794 4940 sicut
3813 4884 3940 4958 ipse

2285 4971 2410 5033 Job.
2446 4972 2543 5043 qui
2577 4971 2694 5027 ait:
2754 4972 3025 5028 Conclusit
3066 4989 3154 5028 me
3203 4975 3338 5028 Deus
3387 4974 3532 5044 apud
3577 4976 3853 5045 iniquum,
3884 4981 3943 5031 et

2286 5061 2540 5116 manibus
2571 5063 2862 5132 impiorum
2914 5062 3137 5118 tradidit
3182 5079 3267 5117 me
3313 5065 3458 5133 (Job,
3515 5081 3629 5129 xvr,
3682 5065 3792 5135 12).
3825 5068 3940 5120 Po-

2285 5154 2397 5205 test
2427 5150 2600 5205 homo
2634 5151 2740 5206 hoc
2773 5151 2895 5206 loco
2928 5152 3196 5208 diabolus
3229 5152 3514 5225 intelligi:
3553 5153 3651 5225 qui
3683 5169 3816 5208 cum
3849 5152 3936 5208 in-

2283 5238 2481 5295 clusus
2513 5241 2687 5296 fuerit
2718 5241 2773 5295 in
2809 5241 3054 5310 inferno,
3106 5258 3209 5296 nec
3243 5259 3303 5298 se
3355 5243 3478 5314 ipse
3508 5241 3798 5308 liberavit,
3830 5241 3936 5314 qui

2281 5345 2340 5383 se
2370 5334 2570 5384 contra
2602 5334 2782 5384 Deum
2817 5328 3203 5385 fortissimum
3235 5330 3659 5388 detestabiliter
3689 5331 3936 5388 arbitra-

2279 5422 2396 5472 tur.

2351 5530 2371 5554 α
2407 5507 2465 5561 Si
2496 5505 2851 5561 continuerit
2880 5523 3080 5576 aquas.
3127 5509 3325 5565 omnia
3367 5510 3764 5576 siccabuntur,
3793 5512 3849 5565 et
3879 5507 3930 5564 si

2272 5595 2534 5652 emiserit
2581 5612 2698 5661 eas,
2752 5595 3090 5651 subvertent
3137 5603 3371 5655 terram.
3420 5622 3448 5650 »
3499 5600 3661 5665 Quod
3705 5599 3921 5654 factum

2270 5685 2381 5739 sub
2403 5685 2540 5752 Noe,
2578 5684 2900 5739 secundum
2955 5685 3390 5760 Scripturarum
3437 5689 3633 5758 ﬁdem,
3677 5687 3922 5743 minime

2269 5773 2628 5831 dubitamus.
2662 5773 2827 5831 Modo
2859 5792 2988 5832 vero
3020 5776 3402 5851 spiritualiter
3433 5795 3596 5853 aqua:
3629 5777 3926 5838 doctrina-
