4310 6600
401 499 518 560 685

403 722 550 793 legis
581 721 826 777 flumina
855 721 912 775 in
946 720 1264 784 desertum,
1297 724 1353 775 et
1399 720 1586 775 exitus
1646 735 1931 789 aquarum
1993 717 2051 772 in

407 812 565 868 sitim
602 829 614 866 :
648 815 703 866 et
733 811 986 866 habeant
1019 814 1081 865 ut
1112 810 1238 864 ista
1271 827 1435 881 aquis
1465 814 1726 865 terrenas
1757 808 2051 878 cupidita-

406 906 491 956 tes
522 904 694 971 atque
727 899 1009 970 luxurias,
1042 903 1099 953 et
1128 898 1544 970 disperdantur
1603 914 1668 951 ac
1725 895 2048 951 demolien-

404 994 517 1058 tur,
540 988 600 1043 in
623 993 777 1044 terra
833 988 1100 1044 Ecclesize
1151 985 1516 1043 rationabilis
1568 985 1768 1041 relicta
1796 984 2052 1056 imagine

403 1077 615 1134 terreni
649 1078 992 1148 hominis,in
1011 1076 1375 1149 spiritualem
1408 1077 1584 1130 vitam
1618 1091 1678 1130 se
1709 1079 2048 1130 converten-

401 1166 474 1221 do
505 1168 836 1238 proﬁciant.

474 1278 501 1304 ‹‹
529 1257 697 1328 Apud
731 1256 924 1328 ipsum
957 1260 1048 1310 est
1099 1255 1396 1322 fortitudo,
1432 1257 1486 1308 et
1517 1253 1830 1324 sapientia.
1871 1275 1897 1300 ››

401 1350 509 1412 est,
544 1345 725 1401 Filius
757 1363 890 1400 cum
925 1346 1092 1400 Patre
1121 1349 1177 1399 et
1208 1344 1458 1414 Spiritus
1489 1348 1744 1397 sanctus.

477 1457 502 1484 «
534 1434 660 1506 ipse
690 1435 867 1502 novit,
902 1437 958 1488 et
986 1433 1393 1505 decipientem,
1424 1437 1482 1486 et
1511 1448 1646 1486 eum
1696 1430 1793 1500 qui
1826 1429 2046 1500 decipi-

400 1528 518 1581 tur.
554 1546 582 1573 »
609 1523 856 1579 Noverat
887 1522 1145 1587 Balaam,
1175 1521 1394 1587 Achab,
1433 1521 1635 1576 .Enam
1671 1520 1883 1574 falsum
1919 1535 2044 1572 sur-

402 1617 698 1669 recturum
732 1612 1071 1684 prophetam
1103 1629 1116 1666 :
1148 1611 1352 1665 dinam
1384 1611 1560 1676 novit,
1623 1610 1722 1663 sed
1781 1625 1884 1680 per
1925 1607 2047 1662 hmc

401 1701 676 1758 meritum
711 1701 904 1773 populi
932 1700 1250 1772 peccatoris
1271 1700 1526 1754 ostendit
1557 1716 1569 1754 :
1598 1703 1663 1752 ut
1685 1699 1742 1752 in
1777 1697 2046 1769 perditio-

399 1807 532 1846 nem
564 1791 692 1861 ejus
726 1789 870 1845 falsa
899 1789 1266 1845 vatirinando
1301 1787 1688 1854 dcnuntiet,et
1718 1787 1776 1841 hi
1809 1786 1907 1857 qui
1941 1802 2043 1840 no-

397 1879 525 1935 lunt
558 1880 759 1935 audire
781 1880 964 1934 Deum
988 1884 1046 1934 et
1077 1880 1392 1950 prephetas
1424 1894 1558 1933 vera
1588 1876 2046 1946 dicentes,pseu-

1934 1252 2050 1307 Hoc

399 1969 893 2041 doprophetarum
927 1966 1092 2023 falsis
1126 1966 1640 2022 vaticinationibus
1698 1965 2042 2020 illudantur.
2075 2003 2122 2070 B

400 2057 526 2113 Filii
559 2074 794 2130 quoque
828 2055 1025 2123 Israel,
1070 2056 1224 2112 sicut
1280 2058 1335 2111 in
1387 2055 1536 2110 libro
1591 2055 1866 2110 Judicum
1902 2052 2042 2125 legi-

399 2164 532 2202 mus
554 2150 700 2218 (cap.
734 2164 846 2211 xxr,
883 2162 1018 2201 vers.
1053 2147 1076 2199 1
1140 2145 1331 2216 seqq.),
1389 2143 1726 2215 azquissimo
1759 2141 2042 2213 Deijudi-

397 2237 486 2292 cio
515 2236 738 2306 decepti
769 2241 924 2290 sunt.
956 2235 1025 2288 Et
1054 2250 1187 2289 cum
1214 2235 1382 2303 juxta
1411 2249 1587 2288 causa
1619 2236 1850 2304 pr0pter
1872 2247 2042 2286 uxor-

398 2343 521 2381 rcm
560 2325 764 2379 Levitis
795 2329 999 2378 contra
1054 2322 1473 2394 Benjaminitas
1532 2320 1864 2393 congregati
1901 2319 2041 2375 fuis-

398 2420 550 2480 sent,
583 2418 647 2468 ut
678 2412 872 2468 scelus
904 2411 1170 2466 adulterii
1205 2411 1515 2483 puniretur
1548 2427 1560 2464 :
1593 2409 1652 2464 in
1701 2410 1847 2482 ipsis
1877 2410 2042 2481 prius

397 2508 486 2558 est
515 2501 801 2572 sacrilegii
835 2500 1055 2556 crimen
1111 2500 1492 2567 vindicatum,
1543 2500 1680 2571 quia
1736 2499 1899 2570 prius
1929 2498 2042 2571 ipsi

397 2591 699 2648 emendari
729 2592 1052 2646 debuerant
1086 2608 1097 2657 ;
1131 2588 1216 2644 vel
1249 2593 1401 2645 certe
1457 2605 1579 2655 eos,
1638 2589 1738 2660 qui
1796 2587 1952 2643 idola
1981 2589 2040 2643 in

399 2680 675 2751 injuriam
708 2679 806 2734 Dei
841 2677 1522 2747 adorabant,interimere
1557 2696 1569 2733 :
1605 2678 1820 2748 quibus
1849 2678 2041 2748 majus

399 2769 508 2826 fuit
537 2769 732 2825 fratris
763 2766 1035 2837 injuriam
1061 2784 1238 2838 quam
1264 2767 1446 2833 Dci,et
1462 2767 1534 2821 ob
1566 2766 1621 2822 id
1647 2767 1809 2838 prius
1840 2767 1899 2820 in
1923 2766 2042 2821 illis

397 2860 756 2915 vindicatum
790 2862 894 2913 est.
927 2856 1095 2912 Novit
1129 2862 1320 2912 autem
1358 2856 1642 2911 Dominus
1659 2859 1715 2910 ct
1745 2855 2038 2927 decipien-

397 2955 514 3004 tem
547 2953 604 3004 et
633 2948 938 3018 deceptum
972 2962 1073 3017 per
1098 2945 1542 3017 prmscientiam,
1575 2945 1727 3016 quod
1762 2945 1935 3000 etiam
1970 2945 2041 3000 de

395 3038 560 3104 Abel,
593 3042 649 3093 et
679 3037 838 3107 Cain,
871 3041 927 3091 et
954 3034 1160 3102 Dalila,
1190 3040 1247 3091 et
1305 3035 1573 3097 Samson,
1633 3034 1732 3104 qui
1789 3034 2037 3106 gratiam

397 3127 647 3199 Spiritus
670 3126 853 3182 sancti
885 3125 942 3180 in
975 3129 1197 3196 septem
1229 3124 1489 3180 crinibus
1514 3123 1756 3195 mystice
1787 3123 2041 3194 posside-

396 3217 512 3284 bat,
546 3215 797 3286 intelligi
829 3219 1038 3286 potest.
1099 3214 1346 3269 Noverat
1403 3213 1604 3284 utique
1661 3213 1782 3268 hazc
1843 3213 2041 3268 omnia

394 3307 546 3362 Deus
579 3311 894 3376 antequam
931 3304 1151 3368 ﬁerent,
1181 3303 1491 3374 praesciens
1524 3303 1853 3358 futurorum
1890 3320 1902 3369 ;
1936 3303 2036 3357 sed

1467 497 1986 557 COMMENTAR.
2035 497 2107 555 IN
2159 495 2316 555 JOB.
2366 498 2535 557 CAP.
2584 499 2742 556 XIII.

405 649 538 688 rum
570 631 628 688 in
661 632 998 688 Judasorum
1032 629 1262 702 ooqulis
1294 629 1688 695 continentur,
1725 635 1785 682 ut
1819 629 1936 683 sint
1964 628 2048 682 eis
2081 636 2130 698 Α

3695 505 3813 565 686

2236 651 2259 675 ‹‹
2300 629 2552 682 Αιιίίιιαίι
2601 630 2964 687 consiliarios
3022 632 3080 688 in
3113 632 3360 689 stultum
3419 637 3616 703 ﬁnem,
3649 641 3813 709 etju-

2163 715 2320 769 dices
2349 715 2407 769 in
2441 722 2764 788 stuporem.
2802 741 2829 767 »
2864 719 2935 774 Ut
2969 720 3105 776 fecit
3163 727 3365 778 contra
3413 725 3812 797 zEgyptiorum

2162 821 2387 875 magos,
2423 805 2519 876 qui
2554 805 2823 861 dicebant
2855 807 3138 863 Pharaoni
3172 826 3364 881 regem
3410 812 3812 871 Chaldmorum

2163 909 2277 947 non
2311 910 2438 946 esse
2468 900 2778 950 venturum
2811 897 2883 950 ad
2924 899 3271 953 vastandam
3304 902 3637 973 zEgyptum,
3690 905 3810 960 sive

2161 980 2357 1052 ipsum
2391 982 2928 1041 Nabuchodonosor
2973 987 3030 1040 in
3081 989 3399 1044 amentiam
3439 995 3686 1065 vertens,
3719 993 3807 1050 vel

2160 1068 2467 1125 Balthasar
2496 1072 2702 1128 timore
2732 1075 3092 1132 concutiens.

2232 1180 2259 1206 «
2293 1158 2554 1214 Balteum
2583 1178 2828 1232 regnum
2853 1163 3205 1235 dissolvit,et
3234 1167 3538 1241 praecingit
3564 1171 3699 1227 fune
3725 1187 3808 1227 re-

2160 1262 2262 1301 nes
2294 1262 2516 1302 eorum.
2553 1272 2579 1296 ››
2617 1249 2677 1304 In
2712 1249 2899 1307 balteo
2923 1254 3223 1324 regnantis
3245 1255 3430 1328 gloria
3461 1259 3807 1333 intelligitur

2161 1335 2220 1389 in
2281 1336 2436 1404 fune,
2502 1337 2825 1410 ignominia
2884 1357 3060 1413 regno
3115 1344 3363 1415 depositi
3398 1363 3411 1400 :
3448 1347 3602 1404 sicut
3630 1350 3804 1407 Sede-

2161 1423 2324 1491 chiae,
2359 1430 2414 1479 et
2447 1426 2716 1482 Manasse
2747 1430 3014 1501 contigit,
3041 1432 3150 1486 Deo
3173 1433 3440 1502 jubente.
3465 1436 3594 1492 Sive
3616 1455 3802 1510 popu-

2158 1512 2278 1566 lum
2336 1513 2697 1583 Judaaorum,
2756 1518 2854 1589 qui
2915 1536 3016 1589 per
3083 1520 3485 1579 inﬁdelitatem
3543 1542 3806 1595 suam,a

2158 1600 2372 1657 Christi
2397 1619 2572 1674 regno
2604 1604 2912 1662 distinctus
2944 1613 3050 1662 est.
3084 1610 3189 1664 Sed
3223 1615 3280 1666 et
3325 1629 3477 1667 nunc
3510 1617 3694 1670 renati
3740 1615 3802 1674 in

2091 1703 2095 1707 λ
2157 1689 2385 1745 Christo
2418 1709 2602 1763 reges,
2639 1697 2780 1749 sunt
2809 1711 3011 1751 omnes
3039 1697 3098 1752 in
3141 1700 3511 1771 adoptionem
3547 1704 3803 1761 ﬁliorum

2157 1780 2353 1834 aeterni
2388 1781 2540 1853 regis
2572 1783 2780 1838 vocati.
2815 1784 2959 1841 Vere
2991 1788 3064 1842 ab
3112 1787 3210 1843 illa
3268 1789 3507 1848 honoris
3533 1793 3803 1850 sublimi-

2156 1871 2274 1922 tate
2309 1870 2515 1925 merito
2566 1871 3035 1944 distinguuntur,
3070 1877 3406 1950 quicunque
3437 1897 3503 1936 ea
3535 1898 3663 1954 qua:
3704 1900 3802 1956 pe-

2156 1957 2412 2013 nitentiaa
2447 1961 2662 2017 ﬁnibus
2703 1963 2880 2034 digna
2938 1971 3094 2031 sunt,
3155 1973 3585 2040 perpetrarunt.
3641 1972 3805 2030 Sicut

2154 2045 2236 2101 ait
2268 2048 2588 2118 propheta:
2622 2051 2728 2106 Pro
2760 2069 2900 2107 zona
2930 2063 3066 2110 reste
3095 2057 3358 2127 cingerz's.

2225 2158 2252 2185 α
2288 2135 2458 2192 Ducit
2483 2141 2813 2196 sacerdotes
2839 2141 3121 2214 inglorios
3172 2167 3199 2195 ››
3237 2143 3308 2201 Ut
3335 2147 3485 2204 ﬁlios
3535 2150 3680 2219 lleli,
3710 2153 3802 2210 vel

2154 2222 2350 2295 plures
2381 2225 2525 2281 alios
2558 2229 2818 2299 ejusdem
2853 2234 3064 2302 gentis.

2229 2336 2250 2362 ιι
2287 2313 2354 2368 Et
2384 2315 2696 2386 optimates
2727 2319 3085 2390 supplantat.
3126 2345 3147 2371 ι
3180 2323 3302 2379 Non
3330 2325 3462 2381 dolo
3517 2329 3798 2402 supplan-

2152 2405 2237 2456 tat
2270 2407 2440 2473 Deus,
2477 2404 2534 2458 in
2571 2422 2685 2476 quo
2718 2424 2831 2462 non
2865 2413 2953 2464 est
2983 2409 3288 2483 iniquitas,
3347 2416 3448 2471 sed
3488 2416 3595 2473 hoc
3627 2421 3799 2478 modo

2153 2489 2367 2546 dicitur
2397 2495 2779 2565 supplantare
2811 2498 2950 2553 dum
2983 2499 3271 2570 injustum
3323 2511 3570 2577 amovet,
3602 2512 3660 2564 et
3689 2509 3800 2564 ini-

2153 2595 2338 2670 quum
2373 2599 2386 2649 ;
2420 2588 2472 2636 et
2504 2583 2560 2636 in
2595 2584 2786 2640 locum
2815 2603 2989 2657 quem
3048 2595 3245 2645 tenere
3275 2593 3503 2649 videtur
3546 2597 3798 2670 quisque

2152 2668 2433 2741 indignus
2466 2672 2684 2728 bonum
2713 2675 3029 2745 hominem,
3050 2680 3355 2750 etjustum
3379 2668 3800 2755 substinuit,ut

2153 2758 2331 2813 David
2362 2759 2420 2814 in
2445 2759 2639 2817 locum
2673 2763 2867 2820 Saulis

2233 2871 2259 2896 «
2320 2852 2702 2907 Commutans
2759 2854 2975 2909 labium
3035 2858 3349 2927 veracium,
3383 2865 3440 2916 et
3469 2861 3797 2922 doctrinam

2155 2959 2361 2998 senum
2395 2942 2948 2997 auferens.EII‘undit
2977 2945 3408 3016 despectionem
3440 2967 3617 3022 super
3637 2953 3797 3023 prin-

2155 3033 2311 3102 cipes
2342 3035 2399 3085 et
2428 3047 2526 3086 eos
2556 3030 2653 3100 qui
2715 3033 2979 3102 oppressi
3039 3035 3268 3090 fuerant
3321 3039 3555 3096 relevat.
3595 3063 3622 3094 «ι
3652 3043 3796 3098 Cum

2151 3124 2387 3193 propter
2418 3124 2652 3192 peccata
2707 3122 2946 3176 remotis
3003 3124 3517 3195 promissionibus,
3572 3137 3797 3188 aeterna

2149 3211 2427 3282 gehennae
2461 3209 2729 3265 ﬂammas
2761 3211 3051 3282 adoptatis
3083 3214 3222 3269 dare
3251 3217 3638 3288 compellitur.

2223 3321 2251 3349 ‹‹
2286 3299 2392 3364 Qui
2424 3297 2640 3353 revelat
2672 3301 2964 3370 profunda
3003 3302 3074 3356 de
3132 3304 3406 3377 tenebris,
3439 3312 3497 3363 et
3527 3310 3797 3380 producit

392 3394 661 3468 permisit
714 3397 779 3448 ut
831 3392 1026 3460 homo,
1063 3391 1161 3463 qui
1220 3390 1400 3447 libero
1462 3392 1737 3448 utebatur
1775 3391 2034 3459 arbitrio,
2071 3376 2112 3440 C
2149 3388 2209 3444 in
2241 3389 2431 3444 lucem
2466 3388 2736 3442 umbram
2761 3389 3099 3455 mortis.Qui
3134 3393 3487 3465 multiplicat
3512 3376 3798 3467 gentes,et

395 3487 679 3555 praecepto
712 3481 812 3536 Dei
846 3480 1207 3550 inobediens,
1249 3480 1510 3551 insuper,
1543 3484 1601 3535 et
1652 3479 1834 3535 Deum
1870 3496 2040 3551 posse

393 3588 455 3627 se
488 3571 610 3626 ﬁeri
640 3570 906 3638 credens,
939 3586 1039 3641 per
1061 3567 1353 3639 justitiam
1398 3569 1496 3624 Dei
1560 3586 1790 3640 pmnam
1838 3568 2037 3624 inobe-

393 3660 624 3715 dientiw
675 3659 1025 3731 dignissime
1076 3657 1410 3713 sustineret.
1455 3658 1522 3713 Hi
1581 3675 1784 3714 omnes
1832 3661 2037 3730 typum

393 3748 606 3804 Christi
658 3747 1007 3803 habuerunt.
1056 3747 1119 3801 In
1174 3747 1418 3803 Samson
1474 3763 1608 3802 vero
1662 3748 1761 3818 qui
1811 3747 2038 3802 leonem

397 3839 582 3895 tenuit
611 3842 666 3893 et
697 3837 927 3903 occidit,
961 3841 1017 3891 et
1065 3836 1122 3890 in
1183 3852 1282 3891 ore
1342 3837 1555 3892 mortui
1608 3835 1792 3892 leonis
1843 3836 2036 3893 favum

394 3928 586 3984 mellis
617 3927 840 3982 invenit
874 3945 886 3982 :
923 3925 1316 3998 significatum
1348 3931 1455 3995 est,
1491 3927 1641 3997 quod
1676 3925 1733 3980 in
1768 3927 2039 3998 superbis

392 4018 453 4073 in
502 4033 753 4089 quorum
804 4032 901 4072 ore
955 4019 1126 4088 putor
1183 4015 1372 4070 fuerat
1429 4015 1827 4086 blasphemiae,
1887 4020 2042 4072 esset

398 4107 776 4179 postmodum
801 4103 1048 4160 dulcedo
1079 4103 1271 4159 laudis
1295 4107 1351 4159 et
1380 4103 1576 4176 gratias
1607 4103 1728 4160 Dei.
1765 4105 1832 4159 Et
1858 4109 1921 4159 ut
1945 4103 2042 4160 ille

398 4196 643 4251 Samson
676 4196 881 4251 sitiens
937 4195 1008 4250 de
1064 4192 1285 4248 molare
1343 4193 1513 4248 dente
1570 4193 1740 4258 asini,
1774 4193 2042 4251 invocato

403 4284 537 4351 Deo,
569 4299 781 4354 aquam
812 4282 1012 4339 eduxit
1042 4285 1106 4336 ut
1133 4281 1358 4336 biberet
1389 4297 1401 4336 :
1427 4280 1509 4336 ita
1555 4286 1611 4336 et
1659 4280 1922 4337 Christus
1972 4281 2044 4337 de

401 4372 708 4427 immundo
739 4377 795 4427 et
824 4372 970 4426 duro
1000 4370 1261 4443 gentium
1295 4368 1509 4441 populo
1541 4370 1653 4424 ﬁde
1681 4369 2042 4425 credentium

400 4467 682 4534 tanquam
715 4460 997 4533 refrigerii
1030 4459 1243 4532 populo
1305 4463 1602 4515 saturatas
1651 4463 1759 4514 est.
1815 4458 2048 4514 Maxilla

403 4567 634 4624 quoque
666 4551 932 4620 ejusdem
963 4548 1114 4605 asini
1158 4550 1228 4604 de
1275 4549 1444 4619 cujus
1500 4547 1706 4603 molari
1756 4566 1918 4619 aqua;
1951 4565 2046 4604 co-

403 4641 578 4711 piosae
606 4640 951 4696 efﬁuxerant
980 4637 1194 4694 occidit
1223 4637 1384 4693 mille
1439 4635 1613 4692 viros.
1680 4639 1736 4692 In
1771 4637 2044 4706 maxillis,

2149 3478 2340 3551 perdit
2367 3493 2483 3544 eas,
2516 3482 2574 3531 et
2604 3478 2915 3533 subversas
2946 3477 3003 3534 in
3036 3480 3329 3552 integrum
3379 3484 3652 3542 restituit.
3685 3487 3795 3550 Qui

2146 3569 2422 3623 immutat
2451 3583 2550 3621 cor
2603 3565 2936 3638 principum
2995 3570 3192 3640 populi
3252 3575 3434 3640 terras,
3493 3578 3550 3629 et
3579 3576 3797 3648 decipit

2147 3675 2245 3713 eos
2271 3661 2332 3711 ut
2361 3657 2575 3710 frustra
2601 3655 2870 3710 incedant
2893 3673 2994 3728 per
3014 3658 3597 3734 invium.Palpabunt
3619 3666 3792 3735 quasi

2149 3746 2516 3810 intenebris,
2550 3750 2605 3800 et
2636 3762 2750 3800 non
2810 3745 2867 3800 in
2902 3745 3050 3815 luce,
3111 3754 3166 3804 et
3224 3767 3414 3807 errare
3465 3770 3563 3809 eos
3621 3755 3796 3812 faciet

2148 3835 2316 3909 quasi
2347 3836 2559 3891 ebrios.
2595 3858 2622 3886 »
2656 3834 2874 3891 Umbra
2922 3838 3128 3893 mortis
3185 3840 3309 3912 ipse
3355 3841 3626 3899 diabolus
3662 3849 3795 3905 est:

2149 3926 2247 3999 qui
2280 3943 2391 3981 non
2426 3924 2672 3996 protegit
2698 3925 2986 3994 homines,
3029 3929 3129 3983 sed
3161 3931 3373 4000 premit
3401 3931 3459 3986 in
3491 3939 3736 3990 mortem
3772 3952 3787 3992 :

2148 4017 2240 4079 hic
2272 4014 2612 4088 producitur
2642 4014 2700 4069 in
2730 4014 2941 4083 lucem,
3002 4019 3236 4088 quando
3292 4021 3362 4075 ab
3402 4022 3602 4078 anima
3635 4024 3791 4081 ﬁdeli

2149 4109 2475 4175 separatur.

2770 4193 2996 4249 CAPUT
3024 4193 3168 4249 XIII.

2225 4305 2251 4333 ‹‹
2284 4283 2426 4337 Ecce
2457 4280 2652 4336 omnia
2684 4280 2804 4336 hzec
2835 4280 2980 4337 vidit
3011 4283 3212 4339 oculus
3270 4303 3456 4353 meus,
3491 4294 3548 4343 et
3579 4291 3799 4347 audivit

2153 4372 2309 4427 auris
2335 4376 2547 4440 mea;et
2567 4370 2821 4425 intellexi
2847 4371 3100 4444 singula.
3135 4374 3468 4432 Secundum
3495 4379 3803 4436 scientiam

2151 4466 2426 4529 vestram,
2462 4465 2517 4515 et
2546 4477 2650 4532 ego
2683 4460 2812 4515 novi
2847 4477 2860 4515 :
2895 4478 3000 4516 nec
3030 4463 3272 4519 inferior
3300 4467 3475 4521 vestri
3509 4485 3663 4524 sum.
3695 4470 3806 4526 Sed

2154 4556 2349 4606 tamen
2383 4551 2455 4605 ad
2489 4549 2958 4621 Omnipotentem
2990 4549 3216 4623 loquar,
3250 4560 3307 4609 et
3337 4555 3638 4628 disputare
3671 4576 3808 4617 cum

2158 4641 2273 4694 Deo
2305 4639 2475 4710 cupio
2509 4655 2521 4695 :
2557 4639 2718 4710 prius
2750 4656 2851 4694 vos
2882 4642 3200 4698 ostendens
3231 4643 3608 4704 fabricatores
3644 4666 3806 4704 men-

401 4734 458 4785 et
489 4729 787 4794 dentibus,
822 4728 940 4784 oris
998 4726 1294 4798 eloquium
1348 4725 1714 4797 intelligitur.
1778 4727 2051 4782 Doctrina
2086 4744 2129 4808 Ι)
2161 4729 2332 4795 dacii,
2368 4734 2426 4783 et
2455 4726 2708 4782 cultores
2740 4744 3144 4798 perversorum
3204 4733 3570 4805 dogmatum.
3622 4743 3815 4811 Atque

400 4817 583 4890 igitur
611 4833 814 4872 eorum
846 4815 945 4887 qui
977 4831 1044 4871 ex
1074 4816 1345 4888 gentibus
1375 4815 1768 4880 crediderunt,
1801 4817 2052 4886 perfecto

407 4907 663 4979 quodam
699 4921 941 4960 numero
970 4905 1190 4959 ﬁnitur.
1229 4905 1475 4960 Samson
1508 4919 1641 4960 vero
1689 4904 1885 4960 hostes
1917 4921 2055 4962 suos

408 5000 583 5065 atque
615 4994 978 5050 adversarios
1008 4994 1196 5048 tribus
1229 4993 1419 5049 modis
1477 4992 1786 5063 interfecit,
1815 4996 1872 5047 et
1900 4993 2054 5048 occi-

411 5084 497 5139 dit
531 5101 542 5138 :
578 5085 718 5139 dum
753 5083 849 5139 alii
885 5100 997 5138 non
1032 5083 1317 5139 credendo
1351 5088 1616 5153 pereunt:
1652 5082 1750 5136 alii
1781 5099 1913 5138 vero
1937 5099 2056 5138 cre-

416 5172 608 5228 dendo
643 5173 797 5241 ﬁdei,
832 5173 1168 5228 moriuntur
1199 5176 1454 5244 peccato.
1488 5175 1642 5242 Opus
1673 5171 1779 5226 hac
1811 5171 2058 5226 maxillae

423 5262 662 5319 elevatio
696 5262 1044 5335 appellatur.
1082 5262 1167 5317 Ila
1218 5261 1372 5316 enim
1424 5261 1709 5326 doctrina,
1766 5265 1822 5315 et
1853 5262 2058 5333 praedi-

417 5352 568 5408 catio
629 5352 924 5425 Evangelii
983 5351 1358 5423 magniﬁcata
1435 5356 1524 5406 est
1583 5367 1759 5422 super
1824 5367 2059 5407 omnem

413 5445 651 5507 terram,
680 5445 745 5495 ut
804 5457 930 5496 eam
993 5455 1196 5494 omnes
1255 5443 1458 5511 gentes
1505 5437 1725 5509 ubique
1782 5439 2062 5495 elevatam

414 5530 726 5586 mirentur.
761 5530 822 5586 In
861 5529 981 5585 illis
1016 5545 1152 5600 ergo
1183 5529 1456 5600 vulpibus
1489 5529 1802 5601 ﬁguratum
1835 5532 1922 5584 est
1955 5544 1966 5583 :
2002 5533 2066 5583 ut

416 5636 518 5692 per
549 5619 784 5676 dolosos
814 5623 870 5675 et
900 5636 1052 5675 sanae
1087 5619 1218 5674 fidei
1252 5618 1541 5689 inimicos,
1573 5634 1823 5690 quorum
1857 5617 2068 5689 princi-

421 5715 596 5784 patus
627 5710 686 5766 in
710 5710 914 5766 caudis
945 5712 1053 5776 est,
1088 5725 1222 5780 pars
1253 5712 1381 5780 post
1414 5713 1642 5780 tergum
1675 5708 1896 5776 relicta,
1932 5725 2068 5781 pars

417 5799 574 5868 circa
596 5800 824 5858 fructus
853 5798 1080 5856 Christo
1111 5797 1545 5856 adversantium
1575 5801 1923 5856 vastaretur.

2163 4818 2387 4874 utinam
2435 4817 2704 4871 taceretis
2764 4822 2827 4871 ut
2891 4822 3238 4890 putaremini
3299 4840 3428 4881 esse
3486 4827 3806 4899 sapientes.

2165 4907 2373 4961 Audite
2406 4922 2542 4977 ergo
2591 4905 2978 4963 correctiones
3037 4927 3218 4982 meas,
3270 4913 3567 4983 judicium
3628 4916 3810 4973 labio-

2167 5013 2295 5052 rum
2359 5013 2622 5050 meorum
2685 4996 2984 5052 attendite.
3037 4999 3333 5072 Numquid
3396 5003 3540 5060 Deus
3590 5004 3813 5077 indiget
3889 5039 3894 5044 -

2166 5090 2354 5141 vestro
2387 5085 2693 5140 mendacio
2729 5102 2740 5138 :
2777 5091 2839 5139 ut
2891 5104 2995 5158 pro
3055 5088 3152 5143 illo
3210 5091 3530 5163 loquamini
3588 5093 3752 5148 dolos
3780 5092 3809 5149 ?

2167 5175 2463 5246 Numquid
2500 5175 2700 5230 faciem
2741 5176 2869 5246 ejus
2900 5177 3245 5249 accipitis,et
3276 5199 3378 5252 pro
3412 5186 3520 5237 Deo
3544 5182 3810 5251 judicare

2172 5263 2428 5319 nitimini
2461 5264 2489 5318 ?
2521 5269 2636 5318 Aut
2667 5265 2920 5336 placebit
2950 5267 2999 5320 ei
3050 5285 3222 5339 quem
3279 5270 3463 5325 celare
3511 5271 3655 5325 nihil
3707 5288 3813 5342 po-

2169 5354 2334 5409 test?
2362 5355 2478 5408 Aut
2505 5353 2844 5424 decipietur,
2880 5359 2942 5409 ut
2995 5355 3188 5421 homo,
3221 5358 3426 5414 vestris
3476 5359 3812 5416 fraudulen-

2172 5443 2271 5497 tiis
2300 5442 2326 5496 ?
2361 5465 2386 5490 ››
2416 5441 2537 5496 Doli
2572 5447 2737 5497 erant
2769 5443 2824 5497 in
2850 5443 2985 5510 illis,
3013 5445 3149 5515 quia
3181 5448 3291 5500 sub
3322 5447 3513 5502 verbis
3546 5449 3816 5505 consola-

2172 5530 2339 5585 toriis
2373 5531 2612 5586 inimico
2635 5549 2767 5586 eum
2802 5533 2971 5587 corde
3003 5533 3335 5605 pulsabant.

2250 5642 2276 5667 ‹‹
2313 5621 2439 5691 Ipse
2467 5638 2568 5675 vos
2601 5626 2806 5693 arguet
2835 5622 3109 5692 quoniam
3137 5624 3193 5677 in
3238 5626 3581 5682 abscondito
3616 5629 3824 5685 faciem

2177 5709 2619 5788 ejus'accipitis.
2653 5710 2855 5764 Statim
2892 5715 2954 5764 ut
2996 5727 3057 5764 se
3114 5717 3511 5788 commoverit,
3565 5718 3826 5775 turbavit
3913 5717 3920 5725 ’

2177 5815 2298 5869 vos,
2333 5803 2389 5856 et
2418 5803 2604 5856 terror
2633 5799 2760 5872 ejus
2791 5799 3166 5874 irruetsupcr
3193 5805 3606 5867 vos.Memoria
3635 5811 3829 5870 vestra.
