4310 6626
538 509 655 569 687

2032 509 2454 569 APPENDIX.

3822 515 3944 577 688

536 640 977 713 comparabitur
1006 641 1205 713 cineri,
1240 646 1297 697 et
1327 641 1663 715 redigentur
1692 642 1750 697 in
1784 642 1973 697 lutum
2000 641 2184 696 cervi-
2217 646 2266 709 Α
2305 664 2324 690 «ι
2354 642 2572 697 Recede
2603 658 2737 714 ergo
2762 641 3065 713 paululum
3123 644 3193 698 ab
3226 660 3314 711 eo,
3378 647 3443 699 ut
3494 645 3779 719 quiescat,
3835 647 3940 705 do-

536 747 630 787 ces
660 734 884 786 vestrm.
909 732 1116 787 Tacete
1140 731 1539 804 paulisper,ut
1558 732 1763 803 loquar
1793 733 2181 804 quodcunque

538 819 684 876 mihi
717 837 883 877 mens
913 822 1293 894 snggesserit.
1329 844 1356 870 »
1392 821 1463 876 Ut
1493 838 1527 876 a
1558 827 1669 876 Deo
1703 820 2055 893 arguamini,
2091 820 2178 874 di-

536 909 638 983 gni
669 910 815 966 estis
849 926 863 967 :
897 911 1255 985 abscondite,
1292 911 1347 965 id
1382 915 1491 980 est,
1530 910 1695 982 quasi
1729 927 1793 965 eo
1851 911 2176 981 ignorante,

536 1015 849 1072 personam
879 1000 1009 1071 ejus
1038 999 1097 1055 in
1128 1000 1289 1055 vobis
1322 1000 1393 1054 ad
1428 1016 1519 1055 me
1550 999 1950 1054 damnandum
1984 998 2176 1054 susci-

533 1088 673 1161 pitis
706 1105 720 1145 :
752 1094 1036 1162 tanquam
1069 1106 1203 1145 eum
1234 1087 1411 1144 latere
1441 1089 1629 1159 possit
1673 1088 1917 1159 aliquid,
1979 1090 2044 1142 ut
2099 1088 2180 1142 ita

534 1176 586 1234 ei
617 1179 931 1250 subrepere
958 1178 1167 1234 velitis.

611 1287 639 1321 α
668 1270 856 1331 Quare
902 1266 1091 1322 lacero
1140 1283 1341 1321 carnes
1391 1283 1551 1320 meas
1609 1266 1883 1321 dentibus
1944 1264 2109 1321 meis.
2144 1287 2172 1314 ››

531 1355 962 1428 Torquentibus
993 1370 1127 1410 eum
1161 1354 1357 1409 nimiis
1402 1354 1782 1423 cruciatibus,
1848 1370 2059 1409 manus
2090 1352 2175 1408 vel

533 1443 688 1500 labia
713 1461 820 1501 sua
849 1443 1124 1499 dentibus
1155 1444 1463 1499 lacerabat.

599 1557 628 1585 ‹‹
660 1534 729 1589 Et
782 1533 1039 1590 animam
1102 1549 1289 1588 meam
1351 1538 1514 1603 porto
1570 1532 1626 1587 in
1676 1532 1953 1587 manibus
2006 1532 2171 1586 meis.

526 1623 773 1681 Etiamsi
803 1622 1078 1679 occiderit
1108 1638 1223 1692 me,
1272 1622 1330 1676 in
1390 1623 1515 1694 ipso
1558 1623 1825 1693 sperabo.
1870 1621 2177 1676 Verumta-

529 1730 662 1770 men
693 1713 819 1768 vias
850 1728 1011 1768 meas
1041 1712 1100 1766 in
1133 1715 1445 1783 conspectu
1506 1712 1633 1781 ejus
1668 1727 1931 1781 arguam,
1965 1715 2021 1765 et
2052 1710 2175 1781 ipse

527 1804 637 1860 erit
657 1802 913 1859 salvator
941 1818 1129 1857 meus.
1158 1801 1285 1855 Non
1326 1801 1483 1855 enim
1542 1800 1731 1854 veniet
1774 1801 1829 1853 in
1860 1804 2173 1871 conspectu

527 1893 657 1964 ejus
688 1891 882 1947 omnis
912 1890 1234 1962 hypocrita.
1266 1889 1473 1943 Audite
1515 1905 1842 1944 sermonem
1878 1904 2094 1955 meum,
2119 1893 2175 1943 et

528 1980 843 2053 aenigmata
871 1979 1152 2052 percipite
1183 1979 1423 2033 auribus
1448 1977 1678 2033 vestris.
1714 1978 1770 2031 Si
1829 1978 1988 2031 fuero
2013 1977 2172 2048 judi-

525 2073 713 2141 catus,
746 2070 864 2125 seio
895 2069 1050 2140 quod
1075 2069 1277 2139 justus
1307 2065 1584 2122 inveniar.
1607 2067 1745 2130 Quis
1777 2071 1863 2121 est
1894 2066 1993 2137 qui
2020 2066 2174 2135 judi-

526 2163 691 2216 cetur
710 2174 939 2215 mecum
969 2157 997 2212 ?
1027 2157 1246 2214 Veniat.
1280 2157 1467 2220 Quare
1500 2160 1697 2211 tacens
1737 2172 2116 2210 consummor
2145 2154 2173 2208 ‘2

470 2247 475 2253 ’
524 2253 648 2305 Duo
678 2252 907 2304 tantum
939 2262 1010 2302 ne
1041 2246 1222 2301 facias
1254 2246 1495 2312 mihi,et
1524 2250 1663 2299 tunc
1696 2261 1729 2300 a
1758 2245 1902 2299 facie
1934 2248 2033 2298 tua
2057 2260 2170 2298 non

524 2337 868 2393 abscondar.
902 2320 1137 2390 Manum
1169 2339 1331 2388 tuam
1356 2332 1525 2404 longe
1559 2333 1647 2386 fac
1678 2349 1711 2385 a
1742 2347 1853 2399 me,
1890 2334 1947 2385 et
1979 2330 2173 2385 formi-

526 2427 601 2482 do
630 2430 734 2481 tua
766 2441 858 2481 me
890 2441 1003 2480 non
1035 2426 1429 2479 terreat.Voca
1460 2425 1641 2487 me,et
1670 2437 1775 2492 ego
1806 2420 2170 2491 respondebo

521 2514 629 2571 tibi
659 2531 672 2570 :
707 2518 808 2570 aut
838 2517 993 2570 certe
1020 2512 1246 2585 loquar,
1279 2515 1336 2567 et
1363 2516 1427 2565 tu
1458 2510 1743 2582 responde
1774 2509 1940 2563 mihi.
1974 2508 2166 2571 Quan-

523 2609 616 2661 tas
645 2603 829 2660 habeo
859 2602 1197 2674 iniquitates
1228 2605 1285 2655 et
1333 2602 1588 2670 peccata.
1649 2620 1676 2648 »
1736 2599 1927 2669 Ipsam
1987 2597 2165 2651 vitam

520 2709 711 2759 suam,
745 2709 872 2764 quae
904 2689 1050 2747 solet
1081 2691 1288 2746 animae
1326 2687 1608 2744 vocabulo
1658 2686 1793 2754 dici,
1848 2691 2075 2758 portare
2107 2702 2168 2741 se

521 2783 603 2839 ait
626 2782 686 2838 in
718 2781 994 2838 manibus
1024 2780 1146 2835 suis
1180 2797 1192 2834 :
1227 2778 1336 2834 hoc
1365 2782 1453 2833 est
1477 2779 1600 2848 jam
1633 2776 1875 2832 nuncin
1908 2780 2166 2831 tormen-

519 2873 597 2929 tis
625 2872 929 2931 deﬁciente
958 2870 1157 2926 anima
1187 2876 1243 2925 et
1280 2872 1544 2937 exeunte,
1594 2866 1753 2922 velut
1811 2866 2164 2920 offerendam

520 2966 687 3036 porto
710 2962 769 3017 in
800 2960 1096 3016 manibus.

594 3076 622 3103 ‹‹
656 3050 885 3107 Scelera
914 3065 1068 3117 mea,
1114 3052 1171 3103 et
1219 3046 1431 3102 delicta
1481 3062 1610 3100 mea
1661 3044 1901 3099 ostende
1932 3043 2099 3098 mihi.
2136 3065 2163 3094 ››

521 3143 594 3199 Ut
614 3141 763 3198 scire
784 3139 1031 3213 possim,
1063 3153 1238 3209 quam
1279 3136 1351 3191 ob
1402 3150 1638 3190 causam
1685 3134 1765 3189 ita
1797 3150 1889 3188 me
1915 3133 2161 3188 crucias.

598 3253 620 3281 ι
654 3236 767 3287 Cur
797 3229 1004 3286 faciem
1036 3232 1200 3283 tuam
1241 3224 1573 3292 abscondis,
1608 3227 1663 3278 et
1715 3222 2019 3277 arbitraris
2072 3239 2165 3277 me

519 3321 825 3378 inimicum
842 3324 1012 3374 tuum
1036 3317 1285 3373 ?Contra
1303 3314 1505 3369 folium
1537 3312 1691 3384 quod
1719 3316 1889 3366 vento
1914 3311 2158 3382 rapitur,

2294 748 2396 785 nec
2429 736 2625 802 optata
2655 732 2848 786 veniat
2904 737 2961 787 et
2991 732 3141 787 sicut
3166 734 3517 789 mercenarii
3548 734 3672 790 dies
3724 737 3873 808 ejus.
3908 761 3936 789 ››

2290 824 2409 874 Hoc
2449 827 2558 887 est,
2590 837 2790 875 amove
2821 838 2855 876 a
2884 837 2976 875 me
3007 821 3304 893 ﬂagellum
3361 827 3551 895 tuum,
3608 840 3796 897 neque
3845 842 3940 883 me

2290 909 2509 963 diutius
2544 910 2848 980 permittas
2880 909 3072 965 taliter
3101 911 3334 966 tentari.

2368 1017 2393 1047 α
2422 997 2674 1069 Lignum
2711 998 2881 1054 habet
2911 1015 3095 1070 spem,
3131 1000 3189 1053 Si
3234 999 3541 1071 praecisum
3576 1002 3770 1069 fuerit,
3805 1020 3941 1058 rur-

2289 1102 2419 1141 sum
2450 1086 2684 1141 virescit
2715 1090 2768 1141 et
2794 1086 2939 1141 rami
2973 1087 3101 1157 ejus
3145 1087 3459 1159 pullulant.
3493 1090 3553 1145 Si
3587 1092 3847 1147 senuerit
3877 1093 3938 1147 in

2287 1178 2441 1229 terra
2472 1176 2635 1229 radix
2683 1176 2830 1244 ejus,
2890 1179 2947 1230 et
2996 1175 3056 1229 in
3116 1175 3349 1247 pulvere
3404 1184 3708 1234 emortuus
3766 1179 3942 1235 fuerit

2288 1269 2532 1317 truncus
2562 1264 2721 1320 illius
2756 1266 2823 1318 ad
2861 1266 3096 1319 odorem
3158 1282 3320 1336 aqua:
3352 1266 3727 1338 germinabit,
3763 1273 3820 1323 et
3849 1268 3934 1325 fa-

2287 1354 2399 1407 ciet
2428 1371 2652 1409 comam
2689 1356 2855 1426 quasi
2897 1372 3029 1409 cum
3065 1355 3320 1426 primum
3374 1355 3699 1426 plantatum
3759 1362 3867 1413 est.
3904 1382 3932 1408 ››

2288 1443 2656 1498 Rationabile
2698 1444 2922 1516 lignum
2956 1445 3311 1499 credendum
3344 1450 3450 1511 est,
3483 1446 3554 1500 de
3574 1462 3689 1517 quo
3721 1446 3937 1503 dicitur

2287 1533 2373 1586 Est
2401 1535 2553 1586 enim
2580 1534 2927 1604 arborispcs.
2962 1536 3079 1587 Hoc
3118 1534 3312 1605 itaque
3362 1533 3590 1606 lignum
3622 1536 3930 1607 praecisum

2289 1620 2396 1673 fuit
2428 1637 2529 1691 per
2554 1621 3011 1677 inobedientiam
3040 1639 3052 1687 ;
3088 1623 3319 1694 quando
3340 1622 3641 1678 habitabat
3660 1624 3718 1679 in
3742 1626 3935 1681 medio

2242 1702 2245 1709 ’
2286 1708 2577 1779 lignorum
2615 1710 2869 1781 paradisi
2900 1710 3242 1782 priusquam
3290 1712 3387 1766 Dei
3424 1712 3711 1770 sententia
3742 1729 3933 1771 more-

2286 1803 2466 1868 retur,
2502 1816 2533 1853 a
2564 1816 2677 1871 quo
2714 1800 2770 1853 in
2805 1800 3157 1871 baptismate
3186 1805 3446 1855 vetustas
3480 1802 3832 1874 praeciditur,
3867 1807 3933 1860 ut

2286 1888 2340 1939 in
2373 1891 2509 1942 Jesu
2545 1888 2759 1943 Christi
2795 1889 2923 1943 novi
2953 1889 3209 1944 hominis
3240 1891 3377 1957 vita,
3422 1908 3523 1963 per
3552 1894 3931 1948 resurrectio-

2285 1993 2416 2031 nem
2448 1977 2581 2031 ﬂdei
2619 1977 2921 2033 reviviscat
2951 1983 3009 2034 ct
3063 1979 3208 2034 rami
3267 1980 3393 2050 ejus
3451 1980 3765 2037 virtutibus
3796 1981 3929 2053 pul-

2283 2064 2468 2120 lulent
2502 2084 2513 2120 :
2550 2066 2602 2119 id
2640 2071 2747 2134 est,
2789 2084 2963 2139 opera
3017 2069 3143 2137 ejus
3202 2073 3398 2123 sancte
3446 2069 3689 2125 vivendo
3746 2070 3922 2141 proﬂ-

2282 2155 2457 2208 ciant.

2358 2266 2379 2294 α
2415 2243 2599 2299 [Ionio
2647 2262 2779 2300 vero
2812 2262 2943 2300 cum
2979 2250 3246 2301 mortuus
3304 2248 3496 2315 fuerit,
3556 2251 3615 2303 et
3666 2249 3929 2306 nudatus

2282 2336 2457 2404 atque
2489 2339 2874 2406 consumptus
2909 2359 2922 2399 ;
2958 2336 3283 2406 ubi,qua:so
3316 2337 3433 2391 est?
3460 2360 3487 2386 »
3519 2341 3707 2393 Homo
3728 2344 3925 2394 autem

2281 2438 2393 2476 non
2426 2422 2647 2478 habens
2696 2440 2859 2495 spem
2918 2423 2976 2477 in
3026 2425 3274 2493 Christo,
3330 2425 3483 2481 sicut
3540 2432 3740 2499 gentes
3799 2444 3926 2500 quae

2278 2509 2549 2583 ignorant
2582 2513 2783 2579 Deum,
2818 2530 2952 2568 cum
2986 2520 3254 2569 mortuus
3283 2516 3477 2577 fuerit.
3510 2532 3622 2571 non
3683 2522 3926 2573 renatus

2279 2616 2380 2669 per
2411 2600 2793 2671 baptismum,
2826 2602 2943 2656 vita
2973 2603 3147 2657 etiam
3196 2604 3518 2660 destitutus
3551 2621 3617 2661 ac
3648 2605 3924 2677 praesenti

2277 2687 2657 2744 delectatione
2692 2692 2966 2761 nudatus,
2999 2692 3125 2747 sine
3156 2693 3334 2748 dubio
3381 2695 3730 2751 sententiam
3754 2700 3930 2751 teter-

2278 2793 2362 2832 nae
2397 2779 2793 2835 damnationis
2823 2780 3088 2851 excipiet.

2350 2888 2378 2917 ‹‹
2408 2867 2706 2931 Quomodo
2738 2870 2786 2923 si
2819 2870 3094 2925 recedant
3125 2887 3288 2942 aquae
3338 2872 3408 2927 de
3440 2873 3673 2939 mari,et
3703 2874 3919 2931 ﬂuvius

2275 2956 2644 3012 vacuefactus
2674 2962 2898 3013 arescat
2930 2974 2942 3012 :
2979 2958 3061 3014 sic
3095 2959 3268 3015 homo
3299 2977 3432 3017 cum
3464 2962 3914 3033 dormierit,non

2278 3050 2560 3116 resurget.
2588 3045 2778 3101 Donec
2810 3052 3092 3103 atteratur
3134 3050 3365 3117 oculum,
3400 3067 3515 3105 non
3574 3051 3870 3125 evigilabit
3902 3068 3916 3109 :

2275 3151 2380 3189 nec
2412 3141 2725 3207 consurget
2750 3136 2818 3191 de
2840 3152 3046 3192 somno
3079 3138 3356 3202 suo.Quis
3387 3139 3532 3195 mihi
3556 3140 3665 3196 hoc
3695 3140 3921 3197 tribuat

2279 3228 2341 3277 ut
2371 3223 2428 3277 in
2462 3223 2689 3279 inferno
2715 3228 2982 3297 protegas
3016 3243 3126 3292 me,
3159 3231 3216 3281 et
3246 3229 3572 3286 abscondas
3604 3231 3918 3298 me,donec

2274 3318 2638 3384 pertranseat
2666 3314 2828 3368 furor
2857 3318 2993 3369 tuus
3017 3333 3035 3369 :
3066 3319 3122 3369 et
3151 3316 3472 3373 constituas
3495 3316 3638 3372 mihi
3660 3322 3915 3389 tempus.

518 3409 779 3469 ostendis
808 3407 1126 3481 potentiam
1158 3410 1342 3473 tuam,
1376 3408 1432 3459 et
1473 3401 1749 3474 stipulam
1783 3401 1998 3457 siccam
2032 3417 2158 3472 per-
2193 3391 2234 3457 C
2276 3402 2331 3455 in
2365 3418 2478 3474 quo
2523 3402 2839 3457 recorderis
2888 3404 3002 3458 mei
3059 3404 3087 3457 ?
3114 3408 3365 3461 Putasne
3414 3410 3683 3462 mortuus
3740 3407 3916 3463 homo

518 3500 807 3574 sequeris.
848 3495 1068 3554 Scribis
1098 3494 1252 3550 enim
1277 3497 1477 3548 contra
1506 3507 1598 3547 me
1626 3490 2071 3558 amaritudines,
2106 3494 2162 3544 et

514 3604 860 3647 consumere
890 3603 983 3643 me
1004 3585 1090 3641 vis
1116 3583 1366 3656 peccatis
1427 3580 1827 3637 adolescentia
1858 3597 2018 3635 mea}.
2055 3584 2158 3633 Po-

519 3678 689 3735 suisti
722 3679 782 3734 in
812 3692 985 3732 nervo
1017 3675 1223 3747 pedem
1257 3688 1476 3740 meum,
1509 3676 1565 3725 et
1604 3670 1921 3726 observasti
1954 3686 2159 3725 omnes

514 3767 759 3824 semitas
789 3781 970 3831 meas,
1002 3768 1059 3818 et
1084 3761 1328 3832 vestigia
1358 3761 1570 3831 pedum
1603 3775 1863 3814 meorum
1898 3758 2161 3813 conside-

514 3854 679 3912 rasti.
726 3855 835 3922 Qui
894 3852 1062 3925 Quasi
1124 3850 1370 3923 putredo
1428 3848 1863 3904 consumendus
1919 3852 2161 3913 sum,et

517 3944 687 4018 quasi
727 3943 1145 4009 vestimentum
1178 3939 1329 4011 quod
1365 3938 1691 3994 comeditur
1721 3953 1754 3992 a
1785 3937 2152 3991 tinea.»Dum

512 4036 597 4090 ita
639 4031 834 4105 puniri
891 4046 984 4086 me
1043 4028 1352 4101 permittis,
1408 4042 1583 4098 quem
1642 4026 1798 4081 velut
1847 4025 2154 4081 inimicum

516 4122 816 4180 existimas
846 4118 1003 4175 dolet
1034 4118 1179 4174 mihi
1209 4134 1274 4173 eo
1306 4117 1461 4188 quod
1494 4115 1618 4187 ipse
1650 4116 1868 4187 optime
1901 4115 2153 4182 noveris,

511 4211 650 4285 quia
678 4210 761 4266 illi
794 4209 988 4282 potius
1021 4207 1123 4281 qui
1154 4205 1450 4273 restiterit,
1484 4210 1782 4261 noceatur.

1128 4295 1358 4352 CAPUT
1384 4294 1528 4350 XIV.

581 4414 608 4442 «
640 4391 825 4448 Homo
856 4392 1031 4444 natus
1057 4390 1147 4442 est
1175 4386 1248 4441 de
1278 4384 1544 4448 muliere,
1598 4382 1755 4437 brevi
1787 4381 1987 4436 vivens
2009 4385 2151 4437 tem-

508 4497 692 4554 pore:
739 4482 996 4552 repletur
1044 4474 1251 4532 multis
1309 4472 1584 4528 miseriis.
1647 4471 1755 4533 Qui
1812 4471 1982 4542 quasi
2042 4471 2148 4527 ﬂos

504 4568 821 4642 egreditur,
853 4572 911 4623 et
940 4564 1278 4637 conteritur,
1331 4567 1385 4618 et
1442 4562 1593 4633 fugit
1642 4560 1800 4615 velut
1829 4559 2055 4631 umbra,
2091 4566 2148 4617 et

500 4674 805 4730 nunquam
837 4656 896 4710 in
922 4659 1123 4711 eodem
1152 4657 1308 4709 statu
1343 4656 1663 4724 permanet.
1700 4672 1725 4700 ››
1762 4652 1823 4704 In
1866 4650 2004 4705 ﬂore
2034 4650 2143 4706 hoc

2273 3508 2508 3546 rursum
2541 3491 2742 3546 vivet?
2771 3492 3007 3548 Cunctis
3034 3492 3241 3549 diebus
3272 3495 3489 3566 quibus
3519 3512 3674 3553 nunc
3704 3497 3912 3554 milito:

2271 3585 2537 3652 exspecto
2561 3582 2742 3637 donec
2771 3582 2966 3636 veniat
3021 3582 3357 3639 immutatio
3400 3601 3550 3640 mea.
3610 3608 3638 3635 »
3692 3586 3749 3640 Si
3786 3586 3914 3642 fieri

2270 3675 2477 3741 potest,
2508 3670 2605 3738 ait,
2637 3675 2702 3725 ut
2730 3686 2895 3741 aqua:
2924 3669 3268 3727 salutarium
3331 3679 3752 3746 praeceptorum
3785 3675 3908 3747 Dei,

2268 3760 2339 3813 de
2369 3763 2703 3814 sanctarum
2738 3758 3175 3830 Sevipturarum
3228 3761 3374 3817 mari
3435 3762 3705 3819 desinant
3753 3780 3913 3821 rece-

2269 3849 2420 3919 dere,
2455 3848 2554 3919 qui
2584 3847 2821 3918 perenni
2855 3848 3214 3905 abundantia
3267 3867 3379 3906 non
3412 3852 3692 3908 deﬁciunt
3724 3870 3736 3907 ε
3770 3858 3826 3909 et
3857 3856 3909 3911 si

2268 3941 2458 4008 potest
2492 3936 2614 3990 fieri
2648 3941 2711 3990 ut
2741 3936 2951 3993 ﬂuvius
2991 3939 3137 3993 sacri
3197 3940 3589 4012 baptismatis,
3649 3943 3906 4013 quadam

2266 4026 2463 4097 inepia
2493 4025 2697 4079 divina:
2731 4025 3140 4082 misericordiae
3171 4030 3512 4100 exsiccetur,
3546 4036 3602 4085 et
3632 4048 3747 4087 non
3781 4032 3903 4105 ple-

2266 4131 2376 4170 nus
2406 4114 2481 4168 sit
2510 4113 2699 4185 gratia
2732 4114 2847 4181 Dei,
2908 4115 3094 4171 sancti
3154 4134 3387 4190 quoque
3443 4119 3700 4191 Spiritus
3733 4121 3903 4178 donis

2264 4220 2379 4258 non
2413 4203 2696 4258 redundet
2732 4221 2744 4258 :
2775 4203 2856 4259 ita
2884 4206 3095 4275 poterit
3132 4206 3254 4262 fieri
3282 4212 3346 4262 ut
3372 4208 3547 4264 homo
3577 4225 3712 4265 cum
3744 4227 3901 4266 mor-

2264 4296 2401 4347 tuus
2436 4292 2625 4360 luerit,
2660 4310 2771 4346 non
2805 4300 3091 4367 resurgat.
3152 4318 3181 4347 «
3234 4298 3483 4353 Vocabis
3546 4315 3663 4365 me,
3706 4305 3763 4355 et
3793 4316 3900 4373 ego

2261 4382 2625 4452 respondebo
2656 4381 2780 4437 tibi.
2814 4383 2984 4455 Operi
3019 4401 3301 4441 manuum
3350 4392 3585 4443 tuarum
3635 4389 3899 4461 porriges

2259 4471 2577 4526 dexteram.
2614 4493 2641 4521 «
2671 4472 3049 4527 Vocabuntur
3077 4491 3279 4531 omnes
3320 4476 3537 4531 mortui
3596 4477 3653 4531 in
3705 4477 3905 4532 novis-‘

2257 4560 2405 4615 simo
2439 4560 2811 4631 szeculorum,
2845 4565 2899 4616 et
2930 4562 2988 4616 in
3023 4580 3159 4618 voce
3207 4564 3564 4637 archangeli,
3612 4569 3782 4636 atque
3832 4565 3890 4620 in

2254 4650 2395 4703 tuba
2421 4649 2519 4704 Dei
2553 4650 2624 4704 de
2654 4648 2901 4705 tumulis
2931 4651 3342 4709 excitabuntur
3372 4657 3417 4725 (l
3460 4656 3614 4711 Thess
3646 4671 3715 4723 IV,
3750 4653 3836 4723 15)
3870 4668 3883 4707 :

498 4748 626 4805 loco
683 4745 1053 4819 fragilitatem
1130 4742 1370 4798 humani
1432 4741 1660 4813 generis
1720 4738 2140 4813 intelligamus,
2171 4761 2219 4825 Β
2253 4738 2804 4809 respondebuntque
2839 4739 3092 4795 universi
3125 4741 3232 4797 hoc
3265 4744 3436 4799 modo
3467 4760 3603 4799 cum
3660 4743 3731 4799 ad
3761 4759 3887 4797 ver-

496 4854 611 4895 non
648 4838 1001 4910 fragrantem
1050 4833 1243 4889 odoris
1295 4830 1815 4905 pulchritudinem,
1873 4836 1931 4886 et
1972 4832 2138 4887 deco-

490 4943 615 4986 rem
624 4969 638 4984 .

569 5040 596 5073 ι
621 5022 688 5073 Et
717 5016 960 5091 dignum
992 5015 1157 5071 ducis
1207 5029 1385 5085 super
1443 5010 1849 5082 hujuscemodi
1910 5010 2134 5081 aperire

490 5108 691 5165 oculos
712 5113 866 5172 tuos,
903 5110 959 5162 et
987 5105 1274 5161 adducere
1304 5118 1436 5156 eum
1486 5107 1678 5155 tecum
1714 5099 1769 5152 in
1813 5099 2129 5168 judicium.

489 5197 630 5263 Quis
644 5201 835 5271 potest
852 5197 1035 5251 facere
1051 5193 1337 5249 mundum
1362 5192 1431 5245 de
1454 5189 1595 5243 imm
1608 5189 1760 5243 undo
1784 5192 2127 5259 conceptum

481 5288 703 5344 semine
732 5287 760 5342 ‘?
790 5288 993 5343 Nonne
1014 5289 1075 5339 tu
1100 5282 1196 5354 qui
1231 5279 1391 5336 solus
1420 5279 1536 5333 est?
1560 5278 1765 5331 Brevcs
1797 5276 1919 5331 dies
1943 5276 2129 5331 homi-

481 5376 573 5432 nis
603 5383 763 5445 sunt,
799 5391 1078 5431 numerus
1109 5370 1401 5427 mensium
1435 5370 1562 5438 ejus
1594 5366 1747 5439 apud
1780 5369 1835 5421 te
1866 5366 2125 5421 cst.Con-

478 5464 722 5529 stituisti
754 5465 1035 5520 terminos
1057 5460 1311 5532 ejus,qui
1347 5456 1625 5529 praeteriri
1662 5472 1773 5509 non
1809 5460 2118 5526 poterunt»

477 5551 594 5607 Hoc
624 5558 713 5608 est
732 5554 973 5625 dignum
1006 5551 1172 5607 ducis
1208 5550 1524 5620 utproplcr
1551 5544 1879 5599 humanum
1912 5561 2119 5615 genus,

473 5639 854 5712 Unigenitum
886 5645 1055 5696 tuum
1078 5637 1375 5693 hominem
1402 5633 1561 5688 nasci
1586 5631 1748 5687 velis.
1774 5633 1904 5689 Sive
1929 5634 2115 5691 aliter:

471 5744 566 5785 me
597 5743 831 5803 quoque
871 5728 1164 5802 permittis
1213 5723 1462 5782 fabulari
1520 5725 1737 5788 tecum,
1771 5727 1827 5778 et
1858 5724 2118 5782 evolvere
2162 5760 2171 5771 ι

468 5810 741 5886 mise‘rias
773 5834 954 5875 meas.

2250 4828 2389 4883 bum
2450 4826 2775 4897 majestatis
2831 4829 2958 4895 ejus
3016 4834 3191 4902 atque
3248 4832 3537 4904 potentiae,
3571 4833 3793 4889 cineres
3826 4849 3891 4888 ac

2253 4915 2489 4972 familim
2519 4916 2913 4973 humanorum
2945 4935 3253 4991 corporum
3306 4921 3775 4992 vivificabuntur,
3833 4927 3891 4978 et

2247 5009 2530 5077 exsugent
2559 5022 2627 5061 ex
2656 5008 2902 5063 mortuis
2932 5008 3273 5083 incorrupti.

2314 5118 2341 5145 ‹‹
2378 5096 2463 5149 'I‘u
2520 5095 2755 5166 quidem
2815 5113 3053 5169 gressus
3112 5118 3271 5156 meos
3319 5101 3706 5158 dinumerasti
3743 5101 3885 5158 :sed

2241 5202 2410 5257 parce
2438 5185 2690 5256 p’ccatis
2714 5186 2879 5254 meis,
2913 5210 2942 5237 »
2975 5188 3365 5260 Cogitationes
3395 5197 3452 5247 et
3481 5192 3888 5265 operajuven-

2188 5324 2191 5327 .
2238 5274 2381 5329 tutis
2420 5291 2582 5329 meae.

2308 5387 2333 5413 ‹‹
2368 5363 2620 5436 Signasti
2656 5366 2824 5436 quasi
2856 5367 2913 5422 in
2936 5371 3166 5427 sacculo
3200 5340 3410 5427 delicta
3445 5387 3594 5439 mea,
3648 5370 3745 5427 sed
3776 5386 3879 5426 cu-

2235 5454 2374 5509 rasti
2424 5453 2794 5526 iniquitatem
2851 5474 3064 5514 meam.
3125 5484 3151 5511 »
3203 5463 3440 5527 Saccus,
3494 5460 3880 5533 signiﬁcativo

2232 5544 2489 5610 nomine,
2522 5544 2689 5614 quasi
2722 5549 2842 5600 tota
2880 5564 3074 5603 massa
3134 5552 3422 5623 peccatrix
3481 5547 3878 5623 generationis

2230 5634 2357 5687 lida:
2392 5632 2582 5688 dictus
2613 5633 2793 5687 videri
2827 5641 3017 5705 potest
3050 5657 3063 5693 :
3099 5640 3155 5695 in
3190 5658 3305 5711 quo
3337 5640 3506 5712 quasi
3539 5640 3650 5694 sub
3684 5638 3877 5711 signa-

2227 5722 2357 5777 culo
2407 5720 2678 5794 imaginis
2712 5723 2861 5794 ejus,
2895 5728 3098 5798 genuit
3130 5731 3313 5786 Adam
3356 5731 3427 5786 ad
3467 5728 3787 5801 imaginem
3818 5731 3876 5784 et

2226 5811 2675 5869 similitudinem
2707 5829 2898 5885 suam,
2928 5820 3109 5875 totam
3141 5820 3423 5907 sobolem
3451 5818 3613 5878 illius
3644 5818 3705 5876 in
3740 5816 3869 5892 ipso
