4310 6570
407 431 528 497 689

1484 431 1995 494 COMMEN'I‘Alt.
2046 428 2119 491 ΙΝ
2165 429 2328 491 JOB.
2375 431 2542 491 CAP.
2594 430 2721 493 XV.

3701 424 3823 486 690

410 564 925 640 pravaricatricem
957 564 1223 622 effectam
1256 583 1268 620 :
1302 582 1476 637 quam
1514 582 1616 638 per
1645 564 1831 621 multa
1848 564 2059 620 saecula
2090 566 2143 630 Α
2174 568 2343 620 tuum
2406 565 2548 621 illud
2598 566 2875 622 saeculum
2930 566 3106 622 caelos
3154 568 3466 637 penetrans
3515 561 3811 627 transivit,

409 660 563 711 Deus
584 653 844 711 clausam
874 653 1063 709 tenuit
1093 654 1203 710 sub
1234 658 1487 727 peccato,
1521 659 1577 711 et
1604 660 1801 709 tamen
1851 655 1910 710 in
1944 673 2051 710 no-

406 744 666 801 vissimis
687 742 1032 799 saeculorum
1056 748 1172 799 tem
1185 744 1689 816 poribus,vulnera
1707 744 2052 801 delictorum

407 851 515 890 sua
544 833 940 904 redemptione
954 834 1195 889 curavit.
1221 835 1278 888 Si
1301 838 1496 920 autem
1519 836 1590 890 de
1615 834 1930 906 semetipso
1943 835 2051 890 Job

405 923 511 979 hoc
532 922 748 978 dixisse
776 922 1024 989 videtur,
1051 926 1117 978 ut
1148 923 1419 989 arbitror,
1446 924 1557 979 iste
1578 929 1666 979 est
1684 923 2047 979 intellectus:

401 1011 459 1067 Si
492 1027 608 1083 qua
638 1011 837 1083 igitur,
874 1011 978 1080 ait,
1010 1014 1080 1068 ad
1116 1018 1296 1068 Deum
1360 1030 1463 1085 per
1513 1018 1703 1069 totum
1767 1014 2047 1070 sarculum

399 1100 525 1155 vitae
557 1117 700 1157 mea}
729 1108 964 1173 peccata
992 1103 1286 1173 commisi,
1322 1104 1380 1158 in
1411 1120 1596 1157 unum
1619 1104 1816 1159 omnia
1846 1119 1948 1175 per
1969 1102 2050 1157 di-

397 1206 567 1246 versa
594 1194 929 1261 temporum
961 1191 1153 1262 spatia
1178 1192 1571 1264 congregasti,
1607 1196 1671 1247 ut
1720 1192 2045 1247 secundum

397 1277 651 1350 rigorem
674 1278 922 1349 justitiaa
954 1284 1067 1334 tuae
1099 1296 1202 1352 pro
1233 1280 1467 1336 cunctis
1489 1280 1665 1335 simul
1699 1280 1843 1335 mihi
1876 1281 2045 1336 retri-

398 1366 629 1424 bueres.

468 1477 496 1506 «
530 1457 698 1513 Mons
729 1458 943 1513 cadens
974 1457 1196 1526 defluit,
1252 1462 1311 1513 et
1341 1475 1548 1514 saxum
1589 1460 1945 1514 transfertur
1974 1460 2045 1514 dc

392 1543 519 1600 loco
564 1562 691 1601 suo.
754 1544 1011 1618 Lapides'
1061 1551 1339 1602 excavant
1395 1564 1580 1619 aqua),
1639 1554 1696 1603 et
1755 1548 2044 1605 alluvione

394 1632 679 1705 paulatim
713 1637 866 1690 terra
896 1636 1287 1705 consumitur,
1320 1640 1378 1691 et
1406 1637 1675 1693 homines
1707 1654 1844 1709 ergo
1877 1638 2039 1693 simi-

389 1721 525 1777 liter
551 1722 779 1794 perdes.
815 1745 844 1773 »
876 1724 1130 1780 Montem
1162 1741 1298 1799 ergo
1330 1725 1511 1781 istum
1543 1726 1865 1795 diabolum,
1920 1727 2039 1782 sive

390 1811 677 1882 superbiae
709 1811 1008 1869 hominem
1047 1814 1265 1870 sentire
1321 1816 1624 1882 debemus,
1685 1816 1784 1887 qui
1836 1821 2039 1871 contra

391 1902 594 2000 Dauni,
628 1905 694 1956 ut
722 1918 893 1958 mons
924 1901 1174 1959 elatione
1205 1904 1419 1960 mentis
1450 1906 1744 1975 tumescit,
1778 1908 1834 1960 et
1864 1906 1945 1960 ita
1975 1922 2037 1960 se
2074 1939 2115 2002 Β

388 1988 685 2061 erigenda,
718 1991 874 2047 cadit
903 1991 962 2047 in
995 2009 1271 2066 praeceps,
1307 1998 1372 2048 ut
1404 1994 1640 2063 deﬂuat,
1701 1999 1757 2050 et
1807 1994 2035 2050 solutus

388 2082 456 2134 ut
484 2078 783 2150 pulverem
811 2081 882 2136 ad
918 2081 1167 2137 nihilum
1202 2083 1527 2139 deducitur.
1564 2088 1708 2139 Saxo
1738 2100 1870 2139 vero
1903 2083 2035 2138 illos

388 2167 707 2223 assimilari
739 2174 902 2241 puto,
937 2171 1037 2242 qui
1069 2188 1203 2226 cum
1234 2170 1294 2226 in
1343 2178 1564 2228 natura:
1617 2173 1764 2227 bono
1822 2173 2034 2228 debue—

387 2263 521 2313 rant
544 2262 825 2331 tanquam
855 2260 1080 2333 lapides
1106 2261 1215 2317 soli
1246 2262 1781 2319 similifortitudine
1803 2280 2033 2335 perma-

385 2364 543 2419 nere,
576 2351 923 2405 commutati
956 2356 1098 2407 sunt
1128 2351 1424 2409 voluntate
1454 2353 1688 2425 propria
1704 2354 1775 2408 ad
1808 2352 2031 2408 stolidi-

383 2439 565 2492 tatem
583 2439 902 2509 quamdam
923 2456 989 2495 ac
1005 2439 1281 2497 duritiam
1302 2441 1517 2507 cordis,
1542 2445 1599 2497 et
1618 2442 1748 2497 ideo
1763 2442 1832 2497 de
1854 2446 2033 2497 testa-

382 2525 558 2581 tionis
591 2542 708 2582 suae
739 2526 1070 2585 habitaculo
1103 2530 1258 2601 quod
1287 2547 1348 2585 se
1382 2531 1594 2586 habere
1624 2530 1790 2602 quasi
1814 2531 1886 2585 de
1909 2529 2033 2585 suis

383 2614 610 2670 meritis
640 2619 1093 2689 praesumebant,
1125 2618 1434 2690 dejiciendi
1458 2624 1597 2675 sunt
1616 2620 1687 2674 ad
1716 2619 1894 2691 digna
1920 2618 2029 2674 sibi

387 2701 534 2758 loca.
566 2704 744 2776 Aquae
773 2711 971 2762 autem
1002 2707 1126 2763 istae
1156 2725 1283 2780 qua
1323 2725 1554 2780 semper
1599 2709 1875 2763 inferiora
1932 2724 2032 2779 pe-

385 2794 537 2864 tunt,
573 2810 675 2865 per
705 2811 851 2866 quas
883 2796 1057 2851 etiam
1090 2798 1385 2868 quondam
1418 2798 1574 2853 venit
1600 2797 1895 2868 interitus,
1928 2799 2030 2852 ad-

382 2882 670 2939 versaries
726 2884 1065 2957 significant
1122 2890 1457 2958 potestates,
1514 2891 1570 2941 et
1628 2887 1910 2959 procellas
1966 2903 2031 2940 ac

381 2970 649 3027 turbines
679 2973 905 3028 mundi.
939 2974 1033 3029 Hae
1063 2990 1199 3047 ergo
1232 2992 1420 3047 aquae,
1452 2975 1715 3046 inquam,
1776 2992 1873 3030 eos
1927 2976 2030 3030 ho.

382 3058 575 3116 mines
606 3060 707 3131 qui
738 3062 852 3117 sibi
886 3063 1188 3119 fortissimi
1222 3063 1712 3119 acsolidisuntde
1730 3081 1791 3119 se
1815 3081 2033 3135 praesu-

382 3152 631 3220 mentes,
664 3154 722 3205 ct
768 3151 1126 3208 confidentes
1181 3153 1243 3207 in
1300 3153 1511 3208 virtute
1570 3170 1697 3225 sua,
1758 3154 1914 3209 unde
1972 3158 2029 3208 et

380 3235 679 3308 lapidibus
710 3244 1147 3311 comparantur,
1180 3240 1535 3297 indesinenti
1556 3241 1726 3313 lapsu
1745 3246 2023 3297 atterunt.

2166 656 2513 712 immutabis
2540 656 2745 712 faciem
2778 658 2942 726 ejus:
2975 656 3083 712 hoc
3113 661 3221 721 cst,
3257 671 3388 711 cum
3422 658 3578 710 totus
3634 652 3813 710 homo

2165 746 2223 800 in
2248 746 2429 801 Deum
2454 746 2684 803 transiit
2715 764 2727 800 :
2749 745 2910 803 salva
2929 742 3124 801 tamen
3140 744 3447 816 utriusque
3468 742 3809 799 substantia

2163 835 2517 907 proprietate
2546 837 2603 891 in
2640 836 2863 891 unitate
2894 852 3172 907 personae.

2234 948 2261 975 ‹‹
2294 927 2563 980 Attamen
2597 942 2728 981 caro
2758 926 2885 995 ejus
2906 925 3049 980 dum
3070 924 3244 989 vivet,
3269 920 3505 992 dolebit,
3529 925 3585 977 et
3612 919 3810 977 anima

2159 1014 2318 1071 illius
2351 1032 2528 1088 super
2554 1016 2867 1087 semetipso
2897 1013 3138 1087 lugebit.
3167 1035 3194 1063 »
3227 1015 3313 1069 Ita
3342 1028 3537 1067 veram
3569 1025 3804 1069 carnem

2158 1104 2422 1160 Salvator
2480 1108 2676 1160 noster
2728 1103 3069 1175 assumpsit,
3119 1106 3185 1158 ut
3238 1100 3489 1174 potuerit
3533 1098 3795 1156 dolorem

2157 1192 2395 1247 sentire.
2432 1193 2531 1248 Vel
2563 1193 2761 1248 anima
2790 1194 2918 1263 ejus
2946 1192 3155 1260 doluit,
3188 1209 3322 1248 cum
3355 1192 3475 1246 ait:
3509 1190 3683 1245 tristis
3719 1191 3801 1244 est

2156 1282 2347 1337 anima
2397 1298 2520 1337 mea
2575 1298 2746 1353 usque
2786 1282 2858 1337 ad
2914 1289 3141 1338 mortem
3196 1281 3401 1352 (Matth.
3459 1296 3615 1347 xxvr,
3685 1276 3801 1349 38).

2154 1370 2284 1426 Sive
2314 1371 2588 1440 Ecclesia,
2621 1388 2749 1443 quae
2782 1386 2915 1426 caro
2944 1371 3074 1442 ejus
3104 1373 3212 1440 est,
3261 1368 3418 1425 dolet
3463 1384 3599 1424 cum
3639 1383 3802 1437 pres-

2153 1459 2310 1515 suris
2340 1461 2628 1531 premitur
2647 1460 2845 1516 saeculi
2871 1477 2884 1515 :
2919 1460 3058 1532 quia
3086 1459 3217 1531 ipsa
3246 1456 3504 1514 Ecclesia
3547 1456 3670 1512 ﬁlia
3710 1457 3801 1512 est

2150 1547 2210 1603 in
2244 1565 2330 1619 eo,
2364 1549 2463 1621 qui
2491 1566 2593 1621 per
2608 1550 2783 1605 fidem
2822 1548 3103 1621 baptismi
3143 1547 3410 1603 initiatur
3441 1547 3501 1601 in
3540 1544 3792 1602 Christo.

2150 1638 2218 1692 Et
2250 1655 2486 1694 rursum
2520 1643 2707 1695 mater
2735 1644 2844 1707 est,
2877 1655 3013 1694 cum
3035 1637 3131 1694 ille
3153 1637 3251 1709 qui
3276 1635 3556 1692 membris
3578 1633 3795 1690 Christi

2151 1726 2556 1799 incorporatus
2587 1733 2695 1799 est,
2730 1728 2976 1800 suscipit
3006 1726 3401 1783 ministerium
3432 1722 3794 1797 baptizandi.

2779 1816 3013 1873 CAPUT
3043 1816 3158 1871 XV.

2221 1930 2247 1955 ‹‹
2285 1907 2668 1977 Respondeas
2701 1911 2894 1962 autem
2928 1905 3165 1977 Eliphaz
3195 1902 3572 1991 Themanites
3603 1901 3751 1958 dixit
3780 1915 3795 1956 :

2149 1994 2447 2066 Numquid
2480 1994 2716 2067 sapiens
2772 1994 3167 2067 respondebit,
3228 1993 3398 2067 quasi
3447 1993 3506 2049 in
3550 1995 3791 2047 ventum

2143 2082 2407 2154 loquens.
2433 2105 2460 2134 »
2495 2085 2613 2140 Hoc
2645 2101 2820 2139 sensu
2844 2083 3073 2139 videtur
3093 2083 3317 2155 cepisse
3343 2099 3356 2137 :
3391 2081 3705 2154 quisquam
3721 2095 3794 2135 ne

2144 2174 2401 2245 sapiens,
2435 2177 2492 2229 et
2518 2173 2840 2245 disciplinae
2863 2171 3279 2244 philosophica:
3331 2171 3655 2241 studiosus,
3707 2168 3792 2224 ita

2144 2262 2337 2318 furore
2367 2263 2613 2335 rapitur,
2648 2269 2823 2334 atque
2852 2261 3083 2318 insania
3139 2260 3490 2334 possidetur,
3539 2263 3607 2314 ut
3660 2257 3789 2314 sine
3892 2258 3897 2265 ’

2142 2350 2260 2407 ullo
2289 2352 2520 2408 timoris
2566 2353 2668 2407 Dei
2716 2351 2803 2406 vel
2864 2350 3117 2423 regionis
3162 2349 3402 2417 intuitu,
3449 2348 3535 2405 sic
3581 2346 3785 2420 loqua-

2141 2446 2257 2508 tur,
2293 2445 2357 2497 ut
2386 2457 2540 2496 aura:
2574 2441 2737 2496 flatui
2788 2439 2981 2495 simile
3029 2439 3125 2505 sit,
3179 2442 3468 2509 ventoque
3509 2436 3666 2509 quod
3715 2434 3786 2490 li-

2143 2530 2361 2602 quitur.
2391 2531 2474 2586 Ob
2507 2530 2614 2585 hoc
2637 2530 2816 2602 igitur
2858 2527 3096 2599 Eliphaz
3126 2530 3395 2582 sanctum
3436 2523 3560 2580 'Job
3610 2522 3788 2580 veluti

2144 2620 2354 2692 spiritu
2409 2619 2695 2692 superbiae
2743 2622 3033 2689 ventoque
3082 2615 3378 2672 tumidum
3437 2614 3787 2685 redarguere

2143 2726 2324 2763 ausus
2356 2713 2464 2764 est.

2220 2817 2241 2843 «
2277 2802 2343 2851 Et
2363 2796 2628 2868 implebit
2648 2796 2852 2851 ardore
2874 2794 3246 2852 stomachum
3269 2809 3467 2849 suum.
3492 2814 3519 2842 »
3540 2790 3789 2847 Nomine

2142 2887 2388 2949 ardoris,
2439 2886 2879 2941 exanhelantem
2930 2883 3058 2939 felle
3138 2882 3451 2939 iracundiae
3519 2881 3786 2936 animum

2140 2977 2270 3045 ejus
2298 2974 2484 3029 voluit
2512 2974 2790 3041 indicare,
2820 2973 2916 3045 qui
2952 2973 3263 3027 adversum
3299 2976 3479 3026 Deum
3502 2974 3785 3041 tanquam

2140 3064 2493 3134 coacqualem
2526 3063 2635 3117 sibi
2659 3062 2830 3118 irasci
2862 3060 3322 3133 praesumpserit.
3353 3058 3786 3130 Aliainterpre-

2138 3153 2283 3208 tatio
2318 3153 2397 3207 ita
2427 3153 2634 3209 habet:
2670 3154 2733 3207 Et
2771 3152 3018 3223 implebit
3064 3150 3247 3205 dolore
3292 3154 3539 3206 ventrem
3595 3164 3782 3204 suum.

2137 3246 2412 3297 Ventrem
2445 3258 2719 3325 capacem
2743 3240 3059 3314 quemdam
3088 3239 3283 3295 sinum
3318 3240 3524 3295 animae
3556 3238 3781 3293 dictum

377 3324 614 3381 Terram
646 3343 779 3382 vero
804 3327 938 3384 illos
969 3345 1098 3384 esse
1144 3330 1434 3397 existimo,
1495 3330 1595 3402 qui
1653 3330 2023 3401 tentationes,
2057 3306 2099 3372 C
2136 3308 2573 3403 intelligamus;
2609 3332 2744 3402 quia
2796 3328 3295 3400 quemadmodum
3348 3325 3780 3399 receptaculum

377 3418 435 3470 et
466 3414 726 3487 pericula
748 3433 861 3471 non
877 3417 1228 3489 auferentes,
1254 3435 1316 3474 se
1340 3419 1649 3475 dimittunt
1667 3418 2024 3475 labefactari.

376 3502 655 3560 Homines
684 3521 820 3577 ergo
843 3505 1115 3562 similiter
1138 3507 1344 3579 perdes
1371 3508 1458 3563 :id
1483 3515 1591 3576 est,
1617 3513 1852 3565 sanctos
1870 3512 2025 3575 tuos,

376 3592 477 3665 qui
511 3591 827 3666 imaginem
860 3598 1023 3651 tuam
1050 3596 1110 3651 in
1144 3613 1207 3651 se
1236 3597 1592 3653 custodiunt.

456 3702 478 3729 ι
520 3683 823 3740 Reborasti
872 3700 1005 3740 eum
1056 3685 1384 3757 paululum,
1445 3691 1510 3741 ut
1560 3686 1619 3741 in
1676 3696 2023 3759 perpetuum

377 3773 671 3827 transiret.
703 3795 730 3822 ››
764 3774 881 3829 Hoc
937 3778 1043 3840 est,
1106 3775 1164 3830 in
1224 3774 1340 3830 vita
1394 3775 1509 3831 ista
1564 3792 1679 3830 non
1706 3777 2022 3848 permisisti

375 3865 612 3917 sanctos
632 3865 767 3918 tuos
797 3864 1221 3919 tentationibus
1251 3864 1535 3936 superari.

447 3973 474 4001 ‹‹
508 3951 856 4007 Immutabis
887 3953 1093 4009 faciem
1150 3953 1298 4023 ejus,
1332 3957 1389 4008 et
1435 3954 1666 4009 emittes
1716 3970 1871 4009 eum.
1899 3977 1927 4004 ››
1960 3954 2021 4011 Id

374 4044 487 4108 est,
521 4056 656 4096 cum
688 4040 934 4097 mortale
951 4042 1060 4098 hoc
1090 4042 1593 4099 immortalitatem
1628 4043 1902 4111 induerit,
1965 4050 2024 4100 et

375 4129 875 4202 incorruptionem
908 4133 955 4198 (I
983 4132 1104 4187 Cor.
1136 4148 1227 4199 xv,
1259 4134 1329 4187 33
1356 4136 1376 4202 )
1407 4133 1536 4188 Sive
1575 4132 1762 4203 aliter,
1814 4133 2018 4189 faciem

376 4217 634 4273 animam
662 4218 1065 4294 intelligimus,
1089 4238 1215 4292 quae
1239 4238 1373 4277 cum
1398 4222 1722 4278 naturalem
1742 4223 2022 4294 receperit

376 4305 771 4379 serenitatem,
817 4308 1248 4382 contemplatur
1304 4310 1548 4382 gloriam
1581 4311 1786 4366 divinae
1844 4314 2020 4384 maje-

374 4394 568 4464 statis,
601 4412 727 4468 quae
755 4414 887 4453 cum
919 4415 1159 4470 corpore
1218 4416 1324 4455 suo
1374 4399 1551 4455 simul
1609 4400 1781 4455 fuerit
1827 4407 2021 4475 gratu-

373 4484 529 4541 lata:
578 4484 742 4542 nulla
789 4487 1198 4559 pertubatione
1253 4488 1568 4559 cuiuslibet
1620 4488 1745 4544 vitii
1798 4490 2019 4547 sancia-

370 4572 552 4629 bitur.

2140 3421 2374 3493 aliquod
2407 3424 2495 3475 ost
2529 3418 2788 3490 corporis
2844 3434 2960 3489 quo
3009 3417 3299 3472 viscerum
3346 3414 3550 3470 vitalia
3594 3415 3781 3471 conti-

2138 3517 2371 3576 nentur,
2410 3513 2469 3565 et
2520 3509 2628 3563 hoc
2681 3507 2899 3563 ventris
2957 3504 3193 3560 nomine
3242 3503 3650 3576 appellamus:
3702 3504 3784 3560 ita

2133 3598 2407 3655 virtutem
2443 3597 2759 3669 quamdam
2782 3592 3297 3651 exercitttionibus
3320 3592 3527 3647 animae
3547 3591 3782 3665 capabi-

2135 3689 2252 3744 lem
2285 3688 2386 3743 illa
2434 3686 2816 3742 translatione
2865 3700 2968 3757 per
3018 3682 3476 3739 demutationem
3524 3681 3782 3739 nominis

2135 3779 2300 3848 dixit,
2334 3795 2460 3849 quae
2490 3794 2555 3832 eo
2588 3775 2758 3830 modo
2791 3772 3243 3845 cogitationibus
3291 3770 3604 3843 repleatur,
3665 3787 3780 3844 quo

2133 3873 2333 3924 venter
2362 3866 2618 3922 hominis
2644 3868 2791 3920 escis
2820 3862 3093 3935 repletur.
3128 3863 3467 3933 Increpatur
3502 3877 3639 3934 ergo
3669 3861 3779 3917 Job

2134 3958 2207 4013 ab
2241 3957 2497 4029 Eliphaz,
2532 3954 2687 4026 quod
2722 3952 3062 4024 hnjusmodi
3092 3955 3353 4006 ventrem
3369 3949 3567 4006 dolore
3590 3949 3778 4022 reple-

2130 4046 2292 4113 verit,
2329 4046 2385 4099 id
2419 4049 2525 4115 est,
2559 4060 2623 4098 ea
2645 4041 2857 4114 cogitet
2888 4058 3014 4113 quae
3066 4038 3324 4094 animam
3354 4039 3501 4118 ‘ejus
3548 4038 3780 4096 discru-

2130 4135 2303 4202 cient,
2336 4133 2425 4188 vel
2462 4133 2617 4187 unde
2648 4129 2879 4186 dolores
2909 4127 3167 4200 corporis
3192 4126 3397 4183 merito
3428 4127 3701 4199 patiatur.

2204 4244 2232 4271 ‹‹
2265 4221 2475 4294 Arguis
2505 4220 2697 4276 verbis
2731 4235 2862 4274 eum
2898 4217 2997 4289 qui
3029 4233 3144 4271 non
3174 4222 3264 4271 est
3292 4214 3535 4288 aequalis
3555 4216 3683 4286 tibi,
3715 4220 3775 4272 et

2130 4311 2387 4382 loqueris
2414 4310 2567 4382 quod
2592 4308 2695 4363 tibi
2722 4324 2834 4363 non
2857 4305 3107 4378 expedit.
3133 4326 3159 4354 η
3189 4306 3369 4370 Quem
3395 4303 3476 4361 ita
3502 4303 3773 4376 dicendo,

2129 4400 2286 4456 velut
2316 4398 2587 4456 rebellem
2624 4403 2852 4469 Deoque
2882 4395 3240 4451 contrarium
3291 4397 3473 4449 notat.
3525 4393 3609 4450 Ob
3665 4393 3776 4450 hoc

2126 4490 2396 4558 forsitan,
2432 4489 2570 4562 quia
2593 4488 2649 4542 in
2676 4485 3023 4560 praecedenti
3046 4500 3317 4540 sermone
3337 4482 3549 4539 dixerit
3571 4483 3681 4539 Job
3703 4485 3774 4541 ad

2132 4579 2315 4635 Deum
2376 4579 2527 4634 inter
2584 4581 2824 4633 caetera:
2884 4577 2947 4630 Et
2993 4574 3292 4630 arbitraris
3346 4588 3436 4629 me
3482 4572 3779 4630 inimicum

448 4684 475 4712 ‹‹
507 4661 635 4718 Sive
667 4662 893 4720 nobiles
935 4664 1153 4720 fuerint
1182 4664 1287 4720 filii
1345 4667 1659 4737 ejus,,sive
1713 4666 2018 4739 ignobiles,
2052 4676 2097 4743 ι]
2130 4673 2286 4725 tuum
2316 4668 2452 4740 (Job.
2488 4684 2612 4731 xm,
2644 4668 2753 4732 24).

372 4768 488 4808 non
522 4750 830 4824 intelliget,
850 4775 877 4803 ››
907 4753 1025 4809 Hoc
1056 4758 1163 4823 est,
1203 4771 1319 4811 non
1352 4755 1457 4810 filii
1503 4757 1716 4823 carnis,
1768 4758 1867 4813 sed
1916 4757 2019 4812 filii

374 4841 620 4897 mentis:
644 4842 701 4896 id
733 4846 843 4909 est,
875 4860 1051 4914 opera
1070 4844 1511 4901 virtutum.Non
1539 4845 2018 4917 intelliguntergo

372 4931 559 4986 sancti
609 4931 669 4986 in
700 4930 811 4986 hac
838 4932 956 4987 vita
995 4937 1128 4989 ante
1163 4932 1373 5004 judicii
1431 4934 1609 4999 diem,
1660 4935 1863 5007 quales
1915 4954 2016 5009 pro

371 5023 534 5075 certo
566 5019 721 5076 filios
748 5020 1031 5077 habeant:
1067 5027 1266 5078 utrum
1309 5029 1422 5080 Deo
1452 5024 1770 5096 placentes,
1795 5043 1868 5081 an
1900 5043 2016 5082 non

372 5106 687 5180 placentes.
723 5109 1032 5167 Roborasti
1063 5129 1196 5167 eum
1229 5112 1558 5185 paululum,
1593 5120 1658 5169 ut
1704 5116 1761 5169 in
1820 5132 2018 5187 perpe-

370 5199 542 5251 tuum
574 5198 876 5267 transiret,
938 5201 1261 5257 secundum
1324 5203 1571 5258 formam
1632 5204 1780 5259 servi
1837 5221 2016 5275 quam

369 5287 698 5359 assumpsit
724 5288 993 5361 (Philipp.
1038 5307 1100 5359 ιι,
1132 5291 1209 5360 7).
1268 5291 1398 5347 Haec
1455 5291 1683 5348 Christo
1740 5292 1855 5348 Deo
1902 5310 2015 5348 non

369 5375 560 5447 aptari
590 5393 763 5448 posse
794 5379 1063 5435 arbitror.
1100 5379 1244 5435 Nam
1277 5397 1413 5436 cum
1472 5398 1539 5436 ex
1569 5398 1637 5437 ea
1686 5386 1847 5451 parte
1901 5398 2019 5453 qua

366 5462 543 5520 homo
572 5470 680 5537 est,
714 5467 1117 5523 infirmaretur
1147 5471 1445 5542 proximus
1478 5470 1755 5543 passioni,
1780 5487 2018 5542 evange-

362 5551 502 5610 lista
531 5554 647 5610 ait:
692 5555 962 5628 Apparuit
998 5566 1180 5614 autem
1230 5561 1457 5630 angelus
1488 5562 1713 5616 Domini
1766 5560 1829 5615 dc
1885 5561 2016 5615 σωιο

366 5646 682 5715 confortans
710 5662 836 5701 eum
866 5647 1018 5717 (Luc.
1051 5664 1191 5715 xxn,
1223 5650 1333 5719 43).
1377 5649 1479 5705 llic
1536 5666 1673 5723 ergo
1726 5650 1795 5705 ad
1849 5650 2017 5705 breve

366 5736 605 5807 tempus
635 5734 1049 5793 administrata
1076 5736 1471 5810 redemptione
1501 5744 1700 5797 nostra
1731 5739 1788 5794 in
1810 5756 2015 5811 perpe-

2202 4780 2229 4806 ‹‹
2265 4757 2556 4821 Quantum
2580 4756 2638 4810 in
2670 4760 2726 4810 te
2753 4758 2860 4822 est,
2879 4751 3171 4810 evacuasti
3193 4752 3494 4821 timorem;
3518 4757 3576 4810 et
3591 4752 3777 4809 tulisti

2131 4863 2329 4919 preces
2362 4862 2555 4899 coram
2598 4844 2732 4899 Deo.
2763 4866 2783 4894 ι
2841 4845 2983 4898 Tam
3015 4841 3227 4909 elatus,
3274 4843 3484 4916 inquit,
3535 4843 3776 4900 effectus

2128 4953 2211 5003 es,
2254 4940 2317 4991 ut
2342 4936 2551 4989 timore
2582 4934 2776 4989 divino
2809 4932 3048 4989 omnino
3080 4932 3163 4988 sis
3191 4949 3432 5001 vacuus,
3481 4937 3539 4987 et
3588 4931 3773 4989 Deum

2120 5026 2246 5096 jam
2285 5026 2402 5091 {nec
2458 5023 2753 5094 deprecari
2804 5022 3100 5095 digneris:
3153 5026 3392 5094 propter
3438 5021 3593 5093 quod
3651 5020 3771 5077 ait:

2129 5138 2157 5163 ‹‹
2193 5115 2259 5169 Et
2286 5112 2472 5168 tulisti
2505 5130 2706 5185 preces
2735 5129 2930 5168 coram
2966 5118 3149 5177 Deo,»
3182 5110 3240 5165 id
3292 5114 3401 5178 est,
3452 5108 3620 5180 quasi
3664 5108 3772 5165 tibi

2129 5221 2243 5259 non
2275 5202 2635 5259 necessarias
2666 5219 2699 5258 a
2729 5206 2784 5257 te
2815 5200 3128 5258 abstulisti.

2200 5315 2226 5343 ‹‹
2260 5293 2470 5349 Docuit
2497 5293 2654 5348 enim
2686 5291 2965 5363 iniquitas
2986 5295 3089 5346 tua
3119 5306 3183 5345 os
3210 5293 3378 5344 tuum
3407 5303 3420 5342 :
3446 5290 3502 5343 et
3521 5284 3774 5344 imitaris

2132 5382 2391 5455 linguam
2425 5381 2983 5453 blasphemantium.
3012 5403 3039 5428 ››
3070 5378 3288 5435 Malum
3332 5374 3512 5449 igitur
3556 5375 3773 5433 mentis

2127 5476 2260 5539 tuae,
2296 5489 2360 5526 os
2401 5475 2568 5525 tuum
2604 5470 2808 5525 didicit
2847 5468 3027 5541 loqui,
3059 5473 3116 5523 et
3146 5466 3359 5521 idcirco
3413 5464 3674 5521 imitator
3721 5470 3777 5522 et

2127 5560 2452 5632 discipulus
2484 5577 2545 5615 es
2577 5558 2808 5615 illorum
2843 5558 2941 5631 qui
2971 5557 3233 5624 linguam
3267 5555 3335 5609 ad
3357 5553 3775 5628 blaspheman-

2126 5651 2268 5706 dum
2302 5651 2483 5706 Deum
2518 5667 2748 5721 semper
2786 5648 3001 5703 habent
3033 5650 3316 5718 paratam.

2200 5764 2227 5789 ‹‹
2261 5738 2762 5795 Condemnabitte
2794 5754 2857 5792 os
2887 5739 3079 5804 tuum,
3109 5739 3166 5791 et
3194 5751 3311 5792 non
3359 5752 3485 5810 ego,
3518 5740 3577 5794 et
3618 5733 3776 5794 labia
