4310 6570
442 413 552 474 691
1931 412 2132 474 APPE

2250 413 2326 475 1X
2342 454 2356 473 .
3737 415 3863 477 692

444 550 546 600 tua
578 542 1019 616 respondebunt
1050 542 1221 601 tibi.»
1262 547 1323 601 Id
1358 553 1466 613 est,
1504 546 1714 603 merita
1757 563 2095 602 sermonum
2127 550 2181 616 Α
2287 569 2306 596 ι
2344 546 2659 603 Ostendam
2691 548 2820 620 tibi,
2852 548 2988 605 audi
3044 565 3157 620 me,
3218 548 3373 622 quod
3424 548 3544 605 vidi
3592 551 3841 607 narrabo

452 640 690 691 tuorum
726 634 996 706 recipies.
2211 635 2401 692 tibi.»
2453 641 2760 709 Expertum
2821 654 2942 693 rem
2999 637 3228 710 loquor,
3287 654 3464 711 quam
3513 639 3858 711 cognovisse

531 745 559 772 «
594 722 893 794 Numquid
920 723 1145 796 primus
1177 724 1353 780 homo
1385 729 1446 780 tu
1497 730 1673 780 natus
1721 743 1805 788 es,
1864 730 1920 780 et
1970 729 2103 779 ante
2213 730 2269 780 et
2300 725 2516 780 vidisse
2550 743 2641 782 me
2673 727 2924 782 noveris.

463 827 670 868 omnes
691 811 864 867 colles
886 814 1173 869 formatus
1192 814 1220 868 ‘?
1243 838 1264 867 ι
1294 816 1441 885 Ergo
1469 820 1782 886 antequam
1814 814 2107 886 generatio
2291 835 2317 863 ‹‹
2341 814 2647 885 Sapientes
2670 817 3039 885 conﬁtentur,
3061 821 3119 873 et
3140 834 3253 873 non
3278 816 3646 873 abscondunt
3669 822 3865 890 patres

464 900 731 957 humana
758 902 1083 972 exsisteret,
1116 920 1245 959 esse
1274 905 1520 975 cmpisti,
1543 906 1767 959 donans
1792 905 1895 959 tibi
1925 903 2109 976 pluri-
2219 919 2377 959 suos.
2404 926 2431 952 ››
2456 906 2539 959 Ita
2558 904 2677 959 vult
2697 922 2829 960 eum
2870 906 3114 962 diversis
3137 906 3328 962 modis
3359 910 3531 977 atque
3552 908 3863 979 exemplis,

470 1006 659 1058 mum,
684 992 836 1063 quod
854 1009 967 1064 pra:
992 992 1212 1047 caeteris
1237 992 1574 1047 hominibus
1598 993 1821 1064 sapias:
1858 994 1955 1047 ubi
1988 1010 2109 1048 ser-
2220 990 2389 1062 quasi
2419 993 2491 1047 ad
2515 993 2915 1064 pcenitentiam
2934 999 3225 1050 coarctare
3247 999 3421 1067 atque
3441 995 3867 1070 constringere,

471 1095 645 1135 mone
672 1081 1124 1139 subsannatorio
1158 1082 1345 1153 potuit
1375 1081 1629 1153 primum
1654 1082 1839 1136 Adam
1865 1082 2109 1137 dixisse:
2221 1085 2287 1135 ut
2316 1082 2664 1137 conﬁteatur
2692 1081 2927 1154 plagam
2958 1083 3118 1138 illam
3154 1100 3456 1156 poenarum
3487 1101 3664 1156 quam
3695 1085 3870 1140 susti-

473 1184 649 1240 quem
673 1170 873 1240 utique
896 1170 1393 1241 sapientissimum
1413 1188 1446 1226 a
1467 1171 1581 1225 Deo
1607 1172 1873 1227 novimus
1898 1171 2112 1225 factum
2224 1171 2399 1224 nebat
2429 1171 2500 1225 ob
2530 1171 2738 1226 merita
2770 1172 3078 1228 sustinere.
3111 1172 3213 1227 Vel
3246 1173 3361 1227 ita:
3395 1190 3511 1228 non
3553 1174 3869 1229 defenden-

475 1257 677 1330 (Eccle.
713 1274 815 1324 vn,
848 1259 959 1329 30),
994 1260 1077 1313 Ita
1106 1275 1242 1331 ergo
1285 1259 1344 1313 in
1405 1266 1673 1315 sanctum
1731 1261 1841 1316 Job
1900 1259 2117 1315 invehi-
2225 1258 2300 1313 do
2331 1258 2576 1330 seipsos,
2610 1277 2865 1332 suosque
2914 1266 3109 1334 patres
3157 1260 3381 1317 similes
3430 1262 3542 1332 sui,
3591 1262 3678 1318 vel
3727 1278 3876 1334 quos

473 1350 589 1416 tur,
624 1352 689 1402 ut
718 1347 1013 1403 dicerent:
1044 1347 1339 1418 Numquid
1368 1352 1430 1403 tu
1463 1353 1595 1404 ante
1617 1354 1841 1421 patrem
1873 1350 2119 1405 humani
2228 1346 2515 1403 imitando
2547 1353 2817 1420 parentes
2848 1349 3059 1405 habere
3099 1355 3433 1422 coeperunt;
3488 1338 3735 1422 peccata‘
3768 1367 3878 1408 sua

479 1435 730 1507 generis,
762 1439 819 1490 et
846 1441 981 1491 ante
1011 1435 1400 1492 conditionem
1434 1437 1774 1510 angelorum
1824 1456 1951 1496 esse
2008 1457 2119 1495 cos-
2230 1435 2349 1491 sive
2392 1441 2701 1508 parentum
2734 1454 2849 1494 non
2905 1438 3268 1510 cooperiunt,
3329 1454 3434 1494 nec
3482 1440 3873 1496 abscondunt.

480 1522 620 1595 pisti
640 1523 667 1579 ?
2231 1524 2360 1581 Sive
2389 1542 2505 1581 non
2538 1526 2727 1582 celant
2756 1532 2951 1599 patrrs
2980 1544 3141 1594 suos,
3174 1527 3229 1582 id
3290 1532 3401 1593 est,
3453 1528 3733 1599 seniores,
3787 1529 3875 1585 vel

556 1634 585 1664 ‹‹
614 1613 911 1686 Numquid
938 1613 1251 1669 consilium
1284 1614 1379 1669 Dei
1410 1615 1646 1682 audisti,
1675 1621 1733 1670 et
1786 1616 2023 1672 inferior
2072 1622 2128 1671 te
2236 1615 2566 1671 sacerdotes
2582 1617 2964 1686 suos,quibus
2983 1621 3218 1687 peccata
3238 1615 3474 1673 salubre
3488 1622 3578 1673 est
3593 1617 3877 1675 conﬁteri.

481 1702 592 1758 erit
619 1704 747 1775 ejus
777 1702 1109 1775 sapientia?
1142 1726 1162 1752 ι
1192 1703 1452 1758 Subinde
1474 1703 1720 1759 nimium
1738 1706 2129 1776 etjactantem

486 1793 683 1865 arguit
709 1809 843 1847 vero
877 1793 973 1847 Dei
1007 1791 1355 1864 placentem,
1388 1798 1445 1847 et
1469 1793 2129 1866 vehementerincrepat,

2311 1725 2338 1752 «
2371 1703 2595 1767 Quibus
2626 1704 2765 1759 solis
2795 1705 2932 1761 data
2970 1713 3058 1761 est
3112 1710 3286 1773 terra,
3329 1710 3389 1761 et
3438 1723 3553 1762 non
3608 1707 3885 1764 transibit

2241 1790 2470 1847 alienus
2500 1809 2603 1865 per
2633 1810 2751 1849 eos.
2780 1816 2807 1843 ››
2839 1795 3192 1866 Frequenter
3220 1795 3375 1851 Deus
3397 1801 3631 1867 prepter
3649 1801 3887 1867 peccata

490 1882 724 1938 dicens:
759 1882 914 1954 quod
947 1898 1063 1937 non
1095 1881 1286 1937 solum
1302 1898 1472 1937 nosse
1490 1887 1653 1954 putet
1666 1883 1765 1939 Dei
1790 1882 2129 1939 consilium:
2164 1920 2213 1986 B
2241 1881 2421 1936 tradit
2444 1886 2661 1937 terram
2684 1883 3054 1939 inimicorum
3078 1883 3210 1939 aliis
3227 1884 3526 1957 gentibus.
3550 1885 3631 1941 De
3648 1902 3885 1942 conver-

490 1987 695 2026 verum
742 1971 940 2037 etiam,
973 1975 1030 2026 et
1084 1970 1324 2025 inferior
1379 1970 1457 2025 sit
1507 1970 1604 2026 illo
1650 1973 1778 2042 ejus
1827 1973 2134 2043 sapientia.

497 2063 755 2133 Apparet
781 2077 916 2133 ergo
947 2060 1188 2132 plenum
1221 2059 1398 2116 livore
1423 2059 1708 2129 animum,
1740 2062 2141 2134 exprobratio-

499 2166 643 2205 num
666 2148 868 2221 jacula
888 2148 946 2204 in
961 2149 1497 2220 hominemjustum
1518 2150 1645 2205 sine
1671 2168 1847 2207 causa
1868 2152 2137 2223 dirigere,

499 2242 565 2294 ut
592 2238 866 2294 conviciis
897 2238 1168 2293 obrueret
1197 2238 1587 2293 innocentem.

570 2350 597 2378 υ
614 2327 762 2392 Quid
778 2326 932 2382 nosti
951 2327 1102 2398 quod
1116 2327 1495 2398 ignoremus?
1516 2328 1660 2391 Quid
1683 2328 1960 2401 intelligis
1983 2330 2140 2401 quod

500 2416 878 2473 nesciamus?
910 2438 937 2466 »
970 2416 1295 2471 Plurimum
1325 2433 1338 2471 :
1374 2415 1544 2488 plane
1580 2417 1636 2471 in
1692 2418 1895 2489 primis
1943 2419 2139 2491 ipsum

497 2506 683 2564 Deum
714 2506 902 2578 magis
934 2510 1191 2571 noverat,
1222 2506 1431 2561 deinde
1463 2506 1770 2561 revelanda
1819 2508 1876 2563 in
1910 2508 2140 2563 Christo

498 2594 778 2668 mysteria
807 2594 1018 2667 spiritu
1050 2594 1405 2665 pervidebat.

566 2707 594 2734 ‹‹
630 2685 697 2739 Et
726 2700 895 2740 senes
927 2688 985 2740 et
1024 2684 1249 2755 antiqui
1300 2688 1436 2740 sunt
1488 2684 1547 2739 in
1598 2686 1766 2741 nobis
1820 2685 2003 2742 multo
2046 2703 2139 2741 ve-

494 2773 772 2830 tustiores
804 2790 981 2846 quam
1014 2778 1209 2844 patres
1240 2774 1345 2828 tui.
1383 2796 1410 2823 »
1445 2774 1645 2841 Senes,
1676 2780 1733 2830 et
1770 2775 1999 2847 antiqui
2031 2792 2140 2831 uo-

495 2863 723 2919 biscum
751 2862 947 2934 positi,
980 2864 1215 2935 quijam
1248 2866 1377 2934 ipsa
1414 2862 1778 2933 longmvitate
1822 2864 2139 2936 plurimum

497 2951 846 3009 eruditionis
895 2955 1069 3023 atque
1124 2951 1378 3006 scientias
1431 2952 1726 3007 couseeuti
1774 2957 1958 3008 sunt:
1996 2953 2139 3008 nihil

495 3044 713 3096 temere
744 3044 946 3096 contra
972 3041 1178 3105 Deum,
1210 3044 1276 3094 ut
1322 3044 1383 3095 tu
1421 3041 1585 3106 facis,
1617 3042 1808 3097 dicere
1860 3059 2141 3115 praesum-

496 3133 760 3202 pserunt.

570 3241 597 3268 ‹‹
626 3218 924 3289 Numquid
956 3218 1176 3290 grande
1207 3223 1317 3283 est,
1352 3224 1417 3273 ut
1447 3218 1781 3275 consoletur
1830 3225 1883 3275 te
1933 3221 2088 3277 Deus
2112 3223 2140 3277 ?

493 3308 603 3363 Sed
629 3308 804 3363 verba
831 3312 933 3362 tua
965 3324 1138 3379 parva
1169 3307 1276 3362 hoc
1329 3308 1656 3379 prohibent.
1684 3330 1709 3358 ››
1763 3309 2136 3366 Manifestum
2169 3292 2212 3359 δ

495 3412 599 3451 nec
630 3396 850 3468 grande
879 3401 966 3452 est
996 3396 1405 3469 omnipotenti,
1431 3414 1535 3453 nec
1559 3399 1793 3454 difficile
1818 3400 2140 3456 misericor-

494 3485 600 3541 ἀίω
635 3486 755 3554 Dei,
786 3485 1083 3541 hominem
1113 3485 1399 3542 consolari
1429 3504 1441 3541 :
1478 3491 1540 3541 ut
1572 3486 1939 3544 invocantem
1963 3507 2134 3545 exau-

493 3574 633 3645 diat,
683 3579 740 3630 et
778 3592 813 3630 a
861 3592 1133 3647 pressura
1178 3575 1576 3631 trihulationis
1623 3577 1867 3648 eripiat;
1920 3581 2022 3635 sed
2071 3585 2135 3636 tu

490 3662 892 3736 blasphemiae
923 3665 1230 3734 ructando,
1264 3666 1574 3720 exacerbas
1608 3666 1795 3737 magis
1852 3672 2033 3724 Deum
2075 3669 2134 3724 in

492 3770 726 3827 poenam
758 3758 944 3819 tuam,
976 3770 1152 3824 quem
1184 3758 1413 3826 poteras
1444 3754 1776 3811 humilitate
1819 3760 1875 3811 et
1904 3759 2136 3815 satisfa-

493 3841 684 3899 ctione
706 3841 956 3914 placare.

566 3954 593 3980 ‹‹
617 3931 762 3995 Quid
795 3936 850 3987 te
880 3930 1065 3987 elevat
1097 3947 1194 3986 cor
1224 3936 1415 3998 tuum,
1444 3936 1499 3986 et
1532 3931 1701 4003 quasi
1734 3950 1949 4005 magna
1978 3938 2136 4008 cogi-

495 4025 649 4087 tans,
682 4021 961 4076 attonitos
991 4020 1169 4076 habes
1202 4019 1400 4076 oculos
1422 4021 1450 4076 ?
1497 4021 1643 4085 Quid
1694 4026 1882 4079 tumet
1937 4032 2141 4081 contra

491 4114 675 4165 Deum
706 4110 949 4182 spiritus
979 4115 1136 4177 tuus,
1170 4114 1234 4165 ut
1262 4111 1520 4181 proferas
1542 4111 1612 4166 de
1636 4120 1733 4167 Ore
1748 4116 1846 4168 tuo
1870 4112 2137 4185 hujusce-

490 4199 652 4255 modi
680 4199 1023 4256 sermones?
1052 4200 1199 4264 Quid
1234 4205 1321 4254 est
1342 4199 1538 4265 homo,
1571 4204 1703 4255 etut
1724 4201 2138 4261 immaculatus

492 4290 589 4360 sit,
622 4293 688 4343 ut
728 4290 930 4359 justus
988 4293 1266 4361 appareat
1315 4294 1487 4344 natus
1540 4290 1611 4343 de
1661 4289 1952 4346 muliere?
1996 4293 2137 4349 Ecce

490 4379 646 4434 inter
675 4384 911 4434 sanctos
942 4379 1070 4450 ejus
1100 4394 1271 4433 nemo
1306 4377 1715 4444 immutabilis,
1747 4384 1804 4433 et
1830 4380 1969 4435 coeli
2022 4400 2135 4437 non

490 4472 631 4523 sunt
661 4467 865 4523 mundi
896 4468 956 4522 in
988 4472 1302 4538 conspectu
1333 4466 1461 4536 ejus
1496 4483 1508 4521 :
1544 4473 1763 4537 quanto
1794 4470 1983 4541 magis
2005 4471 2139 4527 abo-

492 4555 812 4620 minabilis,
839 4560 897 4610 et
925 4554 1149 4611 inutilis
1190 4554 1384 4620 homo,
1418 4555 1520 4627 qui
1553 4555 1699 4611 bibit
1729 4558 1897 4628 quasi
1922 4576 2136 4632 aquam

2250 1969 2493 2026 sationis
2515 1970 2698 2043 igitur
2725 1971 2988 2039 introitu,
3024 1978 3081 2029 et
3110 1973 3381 2046 ingressu
3413 1973 3641 2045 Sopbar
3667 1975 3740 2031 ad
3777 1975 3889 2031 Job

2249 2056 2511 2130 loquitur
2534 2076 2546 2114 :
2580 2059 2642 2115 In
2670 2061 3061 2116 amaritudine
3092 2078 3200 2117 sua
3226 2062 3440 2117 vadent
3459 2067 3516 2117 et
3535 2062 3772 2119 venient
3790 2080 3891 2118 su-

2251 2164 2352 2218 per
2380 2165 2514 2203 eum
2543 2147 2873 2215 horribiles,
2905 2149 2962 2203 id
2995 2155 3103 2221 est,
3137 2167 3307 2221 quam
3339 2150 3642 2207 iracundia
3670 2151 3893 2208 fellium

2250 2238 2549 2307 commoti,
2582 2243 2637 2292 ct
2667 2254 2887 2294 veneno
2910 2239 3140 2294 invidias
3171 2239 3230 2294 in
3263 2239 3714 2296 amaritudinem
3737 2241 3893 2298 furo-

2250 2342 2492 2398 remque
2522 2328 2809 2382 conversi:
2844 2328 3000 2383 circa
3028 2333 3104 2396 te,
3151 2329 3362 2399 inquit,
3410 2329 3645 2401 jugitur
3698 2346 3894 2386 mora-

2250 2416 2491 2471 buntur.
2539 2418 2667 2472 Sive
2699 2416 3014 2473 moraliter.
3048 2418 3354 2489 Sapientes
3412 2418 3498 2474 illi
3556 2419 3614 2474 in
3663 2419 3894 2476 Christo

2250 2512 2412 2574 sunt,
2446 2512 2503 2562 et
2535 2506 2594 2561 in
2626 2508 2837 2562 saeculo
2868 2506 3056 2573 stulti,
3103 2508 3204 2579 qui
3260 2508 3659 2565 satisfactione
3710 2510 3897 2581 paeni-

2248 2596 2465 2661 tentiae,
2490 2600 2727 2666 peccata
2758 2612 2864 2651 sua
2891 2596 2977 2651 vel
3012 2612 3236 2651 errores
3268 2596 3521 2653 haeresos
3547 2602 3895 2653 convertens

2251 2684 2323 2740 do
2356 2700 2417 2739 se
2447 2684 2517 2739 ad
2555 2686 2733 2739 Deum
2765 2683 3015 2740 ﬁdeliter
3042 2686 3416 2753 conﬁtentur,
3447 2690 3505 2741 et
3525 2690 3792 2742 auctores
3807 2685 3895 2742 vel

2250 2772 2565 2828 criminum
2599 2789 2863 2839 suorum,
2897 2772 2984 2828 vel
3017 2774 3362 2845 dogmatum
3395 2775 3801 2840 manifestant,
3832 2778 3900 2830 ut

2249 2865 2464 2917 terram
2498 2861 2755 2933 corporis
2788 2862 2878 2917 sui
2909 2861 3016 2917 soli
3047 2862 3418 2933 possideant:
3453 2863 3511 2917 id
3543 2868 3653 2928 est,
3684 2880 3800 2919 non
3845 2863 3899 2919 ei

2249 2950 2406 3017 vitia,
2438 2950 2523 3006 vel
2556 2950 2795 3006 hostiles
2827 2951 3098 3022 nequitias
3112 2951 3508 3008 dominentur.
3531 2952 3896 3025 Alienusque

2250 3056 2355 3111 per
2381 3056 2515 3095 eum
2543 3056 2658 3095 non
2696 3045 2975 3108 transeat,
3013 3041 3070 3095 id
3101 3044 3209 3107 est,
3239 3040 3509 3097 diabolus
3531 3041 3589 3096 in
3611 3057 3749 3097 eum
3782 3058 3899 3098 non

2250 3127 2463 3183 habeat
2490 3132 2856 3200 potestatem.
2891 3129 2998 3193 Qui
3029 3145 3161 3185 vere
3191 3128 3418 3185 alienus
3448 3131 3736 3187 dicendus
3780 3136 3896 3198 est,

2250 3217 2389 3288 quia
2419 3234 2480 3272 se
2498 3234 2532 3273 a
2553 3217 2747 3283 Deo,et
2771 3217 3111 3290 angelorum
3133 3218 3425 3274 consortio
3444 3218 3578 3274 fecit
3600 3219 3886 3276 alienum.

2322 3330 2349 3356 «ι
2383 3306 2622 3363 Cunctis
2648 3307 2854 3363 diebus
2883 3307 3008 3364 suis
3042 3307 3257 3380 impius
3291 3309 3576 3380 superbit,
3608 3313 3667 3365 et
3696 3325 3900 3366 nume-

2249 3413 2351 3452 rus
2380 3412 2665 3453 annorum
2691 3397 2947 3452 incertus
2978 3402 3068 3452 est
3092 3397 3417 3469 tyrannidis
3433 3398 3582 3469 ejus.
3607 3421 3635 3449 ››
3669 3398 3731 3454 In
3763 3416 3896 3472 per-

2226 3502 2452 3555 ‘sonam
2486 3486 2721 3558 quidem
2750 3487 2855 3542 Job
2883 3486 3003 3542 haec
3037 3486 3271 3559 Eliphaz
3310 3488 3542 3543 videtur
3595 3486 3893 3556 invehere,

2247 3592 2373 3646 qua:
2401 3591 2588 3647 usque
2608 3576 2680 3630 ad
2711 3573 2924 3630 calcem
2945 3576 3233 3632 sermonis
3263 3574 3746 3648 hujusperduxit.
3768 3577 3890 3650 Ego

2247 3680 2379 3719 vero
2409 3664 2675 3721 existimo
2706 3665 2861 3736 quod
2893 3666 3128 3721 afﬂatus
3147 3665 3355 3737 spiritu
3379 3665 3715 3737 prophetiae,
3751 3682 3892 3722 cun-

2246 3758 2338 3809 cta
2369 3754 2489 3809 haec
2521 3754 2580 3809 in
2611 3752 3224 3826 quemlibetimpium,
3249 3754 3444 3810 sivein
3470 3753 3664 3826 ipsum
3682 3754 3888 3811 diabo-

2245 3841 2367 3898 lum
2400 3842 2487 3898 vel
2519 3843 2646 3913 ejus
2677 3843 2866 3898 socios
2896 3843 3125 3898 dixerit.

2318 3955 2347 3983 ‹‹
2377 3932 2615 3988 Sonitus
2645 3932 2883 3987 terroris
2914 3949 3146 4005 semper
3165 3932 3225 3988 in
3248 3932 3492 3989 auribus
3521 3931 3748 3989 illius.»
3773 3933 3895 3990 Sic-

2250 4026 2312 4077 ut
2339 4022 2587 4093 Egyptii
2619 4021 2775 4093 passi
2806 4026 2966 4077 sunt.

2323 4136 2342 4159 α
2387 4113 2451 4165 Et
2481 4127 2615 4166 cum
2664 4127 2777 4182 pax
2806 4113 2901 4178 sit,
2936 4110 3031 4166 ille
3061 4127 3292 4182 semper
3331 4110 3576 4167 insidias
3629 4111 3890 4185 suspica-

2246 4204 2361 4255 tur.
2386 4222 2412 4248 »
2446 4200 2777 4255 Perseverat
2804 4200 3022 4272 impius
3051 4200 3110 4254 in
3144 4198 3361 4255 scelere
3391 4216 3623 4272 semper
3649 4200 3722 4258 de
3750 4218 3890 4258 con-

2247 4289 2499 4345 scientiae
2532 4287 2684 4345 malo
2710 4306 2721 4343 :
2757 4288 2916 4344 novit
2945 4288 3102 4344 enim
3132 4289 3454 4345 secundum
3467 4290 3703 4361 justum
3722 4289 3889 4361 judi-

2246 4379 2401 4434 cium
2430 4378 2554 4446 Dei,
2587 4395 2712 4450 quae
2743 4378 2942 4449 impiis
2974 4378 3278 4434 retributio
3310 4378 3385 4435 sit
3418 4384 3704 4451 separata.

2319 4491 2345 4517 ‹‹
2379 4468 2501 4522 Non
2534 4468 2717 4522 credit
2746 4468 2901 4539 quod
2935 4465 3144 4522 reverti
3192 4467 3379 4539 possit
3420 4468 3492 4524 de
3522 4468 3777 4525 tenebris
3807 4470 3882 4526 ad

2247 4557 2458 4613 lucem.
2483 4578 2510 4607 »
2534 4558 2771 4612 Frustra
2787 4572 2979 4611 errore
3002 4556 3299 4628 deceptus,
3315 4557 3468 4628 quod
3489 4555 3682 4630 aliquo
3699 4558 3880 4628 pretio

492 4643 913 4715 iniquitatem?
941 4667 961 4693 ι
997 4652 1123 4712 Cor,
1157 4643 1330 4702 oculi,
1366 4644 1631 4715 spiritus,
1663 4649 1843 4702 totam
1879 4647 2135 4706 hominis
2167 4664 2213 4728 D
2246 4646 2623 4702 redimendus
2656 4646 2749 4700 sit.
2785 4644 2884 4699 Hic
2919 4644 3136 4717 impius
3167 4644 3224 4700 in
3244 4646 3602 4717 profundum
3624 4650 3882 4718 peccato-

491 4732 752 4789 animam
786 4732 1142 4804 signiﬁcant,
1176 4734 1275 4788 sed
1306 4733 1364 4787 in
1389 4735 1559 4789 corde
1591 4734 1847 4791 hominis
1899 4738 2135 4809 sapien-

490 4821 633 4877 tiam
667 4838 1112 4893 cognoscamus.
1145 4824 1206 4878 In
1240 4821 1444 4888 oculis,
1462 4824 1941 4895 perspicuitatem
1965 4827 2135 4882 intel-

488 4910 764 4984 ligentiae.
800 4914 863 4968 In
895 4912 1103 4985 spiritu
1132 4930 1268 4969 vero
1300 4912 1458 4969 illius
1487 4915 1694 4969 animae
1725 4921 1969 4987 motum,
2021 4934 2136 4988 quo

488 5002 942 5075 cogitationibus
975 5002 1404 5059 incessabiliter
1432 5002 1626 5075 agitur
1656 5004 1725 5058 ad
1768 5021 2135 5076 quaecunque

487 5091 779 5148 facienda.
824 5092 885 5148 In
945 5091 1263 5148 elevatione
1308 5109 1443 5163 ergo
1496 5093 1710 5156 cordis,
1765 5099 1824 5148 et
1869 5094 2134 5150 attonitis

485 5180 691 5251 oculis,
740 5187 970 5238 tumore
1018 5183 1195 5238 etiam
1252 5182 1535 5253 spiritus:
1599 5183 1918 5253 superbum
1968 5183 2133 5238 valde

485 5275 687 5326 contra
710 5276 911 5341 Deum,
944 5276 1002 5326 et
1025 5273 1293 5327 iuﬁatum
1318 5271 1566 5327 nimium
1597 5277 1866 5326 sanctum
1888 5272 1995 5326 Job
2022 5272 2132 5326 Eli-

485 5359 630 5431 phaz
660 5360 885 5416 amicus
916 5363 1043 5431 ejus
1072 5361 1402 5432 exprobrat.
1440 5358 1561 5413 lllis
1594 5359 1807 5413 etenim
1840 5362 2129 5415 sermoni-

482 5448 594 5502 bus
625 5450 883 5505 oﬁ'ensus
916 5452 1125 5517 fuerat,
1159 5466 1307 5521 quos
1341 5450 1545 5504 beatus
1568 5448 1676 5503 Joh
1708 5449 1776 5501 ad
1808 5449 1993 5503 Deum
2030 5467 2128 5504 su-

487 5535 683 5606 perius
709 5540 992 5594 narravit:
1026 5540 1084 5593 Si
1106 5540 1384 5611 judicatus
1412 5539 1589 5608 fuero,
1629 5539 1737 5591 scio
1759 5537 1899 5607 quod
1944 5538 2129 5607 justus

481 5626 746 5679 inveniar
765 5628 879 5693 (Job
902 5645 1024 5694 xm,
1052 5631 1160 5696 18),
1183 5634 1239 5682 et
1260 5632 1461 5683 contra
1485 5628 1594 5681 isto
1618 5642 1887 5681 sermone
1936 5628 2125 5696 loqui-

482 5716 616 5767 tur:
663 5734 687 5764 α
718 5713 864 5777 Quid
896 5721 984 5771 est
1014 5717 1185 5773 homo
1220 5723 1282 5772 ut
1308 5713 1722 5771 immaculatus
1747 5726 2023 5787 appareat
2048 5720 2123 5773 ἲ.»

2246 4752 2375 4791 rum
2408 4734 2738 4800 deveniens,
2759 4734 2938 4788 vitam
2973 4750 3034 4788 se
3066 4750 3235 4805 posse
3276 4734 3560 4805 consequi
3617 4734 3886 4806 despera-

2246 4826 2345 4880 vit.
2378 4825 2447 4880 Et
2476 4824 2689 4879 idcirco
2722 4839 2834 4879 non
2869 4821 3052 4877 credit
3107 4822 3259 4895 quod
3321 4823 3528 4878 reverti
3586 4822 3769 4894 possit
3812 4823 3886 4879 ad

2248 4914 2597 4987 pmnitentim
2627 4912 2816 4967 lucem
2849 4913 2920 4967 de
2950 4912 3206 4968 tenebris
3262 4916 3656 4984 peccatorum.
3698 4913 3889 4985 Hujus

2244 5008 2437 5059 autem
2471 5019 2705 5057 causam
2734 5006 2984 5069 enarrat,
3017 5001 3252 5057 dicens:

2316 5115 2342 5144 ‹‹
2375 5093 2880 5163 Circumspectans
2903 5090 3161 5161 undique
3182 5089 3466 5162 gladium.
3489 5110 3516 5142 ι
3554 5091 3614 5147 Id
3633 5090 3888 5159 est,hinc

2244 5183 2379 5238 inde
2411 5201 2423 5238 :
2452 5183 2573 5237 sive
2604 5180 2943 5253 praestolans
2975 5185 3245 5236 mortem.
3266 5180 3554 5247 Diximus,
3585 5181 3886 5238 diabolum

2241 5273 2299 5327 in
2328 5289 2522 5327 escam
2560 5273 2757 5327 datum
2792 5269 3105 5341 spirituum
3130 5269 3741 5341 immundornm,quia
3758 5272 3890 5343 ejus

2242 5361 2465 5417 malitia
2493 5362 2695 5416 vivunt
2732 5376 2742 5415 :
2778 5359 3037 5414 vultures
3071 5374 3203 5413 vero
3235 5358 3503 5415 homines
3554 5362 3888 5431 peccatores

2237 5457 2295 5508 et
2324 5451 2612 5506 immundi
2635 5449 3061 5519 intelliguntur.
3082 5447 3375 5519 Cumergo
3400 5447 3457 5503 hi
3474 5448 3735 5505 conversi
3757 5448 3882 5506 fne-

2238 5543 2372 5605 rint,
2407 5546 2547 5595 tunc
2580 5539 2885 5593 inimicum
2912 5537 3285 5592 devorantem
3317 5553 3398 5606 se,
3438 5554 3606 5594 versa
3633 5538 3755 5594 vice
3784 5538 3884 5593 ha-

2238 5630 2457 5686 bebunt
2491 5630 2548 5682 in
2578 5645 2792 5693 escam,
2826 5627 2964 5698 quia
2994 5626 3117 5696 ipse
3146 5628 3234 5680 est
3263 5625 3436 5682 draco
3469 5626 3568 5698 qui
3600 5625 3773 5683 datus
3793 5629 3887 5682 est

2236 5736 2270 5776 a
2298 5719 2413 5774 Deo
2438 5718 2495 5773 in
2514 5733 2708 5774 escam
2724 5715 2956 5790 populis
2973 5714 3309 5787 Aithiopum
3340 5716 3511 5785 (Psal.
3536 5731 3733 5773 una.
3768 5716 3880 5789 14).
