4310 6596
421 434 538 498 693

1508 431 2023 496 C(lMMENTAll.
2072 432 2145 491 IN
2193 429 2354 492 JOB.
2405 433 2572 493 CAP.
2621 431 2749 495 XV.

3711 423 3829 487 694
3852 497 3856 502 _

423 567 524 641 qui
584 567 878 642 quondam
939 570 1172 640 propter
1229 565 1591 638 nigredinem
1653 569 2019 638 peccaturum
2051 605 2062 617 .
2095 564 2151 632 Α
2251 586 2277 613 ‹‹
2313 564 2381 619 Et
2411 565 2481 621 de
2505 563 2784 620 lateribus
2817 565 2942 634 ejus
2975 564 3174 619 arvina
3193 561 3497 634 dependet.
3524 581 3552 610 ››
3577 557 3830 615 Possunt

422 657 724 730 EthiOpes
757 659 886 728 (Isa.
942 672 980 722 1,
1033 656 1121 726 48)
1172 671 1328 710 nunc
1378 659 1571 710 autem
1633 671 1735 726 per
1767 655 1940 709 {idem
1973 653 2071 708 lux

423 748 557 804 facti
614 748 672 802 in
727 745 965 800 Domino
998 745 1212 816 (Ephes.
1253 762 1306 813 v,
1338 745 1416 815 8).
1461 744 1626 800 Hune
1672 743 1920 815 impium
1953 741 2072 797 sive

425 837 740 892 draconem
773 838 1128 889 consumunt
1157 851 1222 889 ac
1255 834 1551 888 devorant:
1575 833 1717 888 dum
1751 847 1922 887 omne
1953 847 2073 885 cor-

421 942 531 998 pus
559 925 708 995 ejus,
763 923 861 994 qui
911 928 1050 978 sunt
1092 923 1297 994 utique
1344 926 1696 993 peccatores,
1741 937 1844 991 per
1892 920 2065 974 fidem

417 1011 819 1068 intromittunt
851 1011 909 1067 in
942 1028 1176 1084 corpus,
1210 1011 1265 1064 id
1288 1011 1454 1066 estin
1490 1009 1839 1068 Ecclesiam;
1868 1024 2069 1062 secun-

415 1101 557 1156 dum
591 1100 722 1168 hoc,
759 1100 914 1174 quod
948 1101 1168 1156 dictum
1201 1103 1290 1154 est
1322 1099 1528 1154 Petro:
1562 1097 1754 1169 Surge,
1787 1096 1981 1164 occide,
2016 1100 2068 1150 et

412 1191 686 1245 manduca
746 1191 883 1262 (Act.
933 1207 1010 1256 x1,
1051 1188 1130 1261 7).
1182 1188 1328 1244 Hinc
1384 1187 1561 1243 etiam
1619 1187 1855 1259 Moysen
1913 1185 2066 1241 filios

413 1279 590 1335 Israel
621 1278 870 1334 vitulum
933 1278 1364 1333 comminutum
1414 1275 1613 1332 bibere
1643 1274 1950 1346 compulit,
1999 1279 2066 1330 ut

412 1367 567 1423 sicut
596 1369 669 1423 ab
701 1383 767 1423 eo
816 1368 1048 1422 fuerant
1105 1365 1364 1437 absorpti
1422 1364 1482 1420 in
1513 1380 1742 1420 errore:
1775 1363 1858 1419 ita
1889 1363 1971 1418 illi
2002 1363 2061 1418 in

411 1472 651 1528 corpore
672 1455 869 1529 populi
897 1456 998 1512 Dei
1025 1455 1223 1511 relicto
1254 1471 1445 1510 errore
1468 1453 1807 1509 transirent.

483 1567 512 1595 ‹‹
546 1543 688 1600 Cum
725 1561 786 1601 se
816 1544 1062 1600 moverit
1105 1545 1175 1599 ad
1223 1543 1603 1615 quaerendum
1636 1558 1867 1613 panem,
1902 1541 2062 1596 novit

411 1634 565 1706 quod
599 1637 837 1704 paratus
869 1632 945 1688 sit
975 1634 1031 1687 in
1060 1649 1240 1688 manu
1284 1634 1412 1704 ejus
1443 1631 1816 1686 tenebrarum
1848 1630 1992 1684 dies.
2030 1651 2056 1678 »

407 1721 600 1778 Motus
631 1722 963 1778 animorum
1012 1727 1101 1777 est
1153 1721 1448 1776 inchoatio
1479 1719 1866 1792 cogitationis.
1910 1719 2054 1774 Cum

404 1826 542 1882 ergo
575 1810 668 1866 hic
709 1811 1047 1866 recordatus
1078 1811 1270 1878 fuerit,
1327 1826 1461 1866 reus
1495 1809 1606 1864 sibi
1641 1823 1873 1880 semper
1905 1807 2055 1863 male

404 1900 696 1968 conscius,
757 1900 1252 1972 quemadmodum
1315 1898 1499 1972 possit
1555 1898 1782 1954 vivere:
1826 1897 1972 1952 nihil
2003 1897 2053 1952 ei

403 1991 655 2047 occurrit
680 1989 840 2046 aliud
873 2007 1051 2061 quam
1084 1995 1319 2061 tempus
1340 1988 1476 2044 illus
1497 1988 1705 2060 judicii
1739 1987 1831 2041 Dei
1865 1986 2052 2042 horri-

398 2079 536 2150 bile,
579 2096 695 2152 quo
727 2096 929 2151 pmnas
961 2083 1270 2152 perpetuas
1315 2078 1658 2150 irrogandas
1701 2076 2047 2149 expavescit.

479 2192 507 2221 «
540 2169 802 2225 Terrebit
849 2184 982 2224 eum
1031 2167 1357 2234 tribulatio,
1390 2173 1444 2222 et
1495 2166 1769 2239 augustia
1812 2164 2052 2221 vallabit

399 2275 557 2322 eum,
594 2258 748 2313 sicut
795 2273 988 2329 regem
1041 2256 1140 2328 qui
1176 2260 1536 2329 praeparatur
1582 2257 1654 2311 ad
1698 2255 1984 2327 przelium.
2023 2278 2047 2302 ››

395 2348 728 2418 Antequam
761 2346 888 2401 dies
938 2345 1252 2417 praedictus
1284 2345 1571 2415 adveniat,
1602 2344 1756 2399 malo
1782 2343 2050 2399 formidi-

395 2435 490 2490 nis
549 2435 949 2490 cruciabitur:
1009 2434 1306 2506 pressuris
1362 2450 1613 2506 quoque,
1654 2437 1710 2488 et
1757 2433 2049 2504 angustiis

396 2529 598 2596 septus
631 2524 892 2596 undique
915 2523 1324 2594 coarctabitur,
1352 2523 1525 2578 veluti
1550 2539 1646 2578 rex
1678 2522 2047 2594 profecturus

393 2613 464 2669 ad
498 2612 784 2685 prelium.
818 2612 936 2668 Sub
987 2611 1225 2668 nomine
1252 2611 1405 2684 regis
1439 2611 1686 2683 impium
1719 2611 2039 2681 hominem,

392 2701 513 2758 sive
535 2701 832 2758 diabolum
856 2701 1177 2773 significari
1197 2701 1487 2771 existimo,
1512 2701 1612 2772 qui
1636 2707 1842 2755 contra
1863 2704 2043 2754 Deum

394 2791 548 2847 bella
577 2791 860 2864 quotidie,
899 2789 1300 2858 blasphemiae
1351 2790 1893 2861 contentionesque,
1927 2788 2046 2844 sive

396 2897 628 2953 pugnas
650 2884 813 2952 parat
834 2880 1131 2936 vitiorum.

473 2992 494 3020 ι
531 2969 804 3026 Tetendit
833 2969 988 3025 enim
1035 2969 1316 3024 adversus
1348 2968 1530 3026 Deum
1580 2985 1821 3024 manum
1854 2985 2044 3035 suam,

397 3063 455 3114 et
478 3063 679 3114 contra
698 3058 1162 3131 omnipotentem
1194 3058 1501 3113 roboratus
1522 3063 1661 3112 est.»
1693 3059 1755 3113 In
1776 3056 2046 3126 elatione,

400 3147 520 3204 sive
553 3149 908 3219 expansione
939 3164 1172 3214 manus,
1207 3147 1578 3203 resistentem
1630 3147 1746 3202 Deo
1800 3148 2044 3202 demon-

393 3241 560 3308 strat,
598 3253 894 3308 quemque
939 3235 1153 3292 mentis
1185 3235 1362 3292 etiam
1393 3236 1630 3291 tumidae
1679 3236 2046 3292 contumacia

390 3326 700 3382 robustum
727 3325 886 3380 dicit.

462 3438 488 3464 ‹‹
529 3414 800 3470 Cucurrit
846 3415 1125 3470 adversus
1166 3429 1301 3469 eum
1349 3418 1538 3470 erecto
1593 3413 1761 3470 collo.
1799 3436 1826 3463 »
1855 3414 2044 3470 Abru-

389 3505 550 3576 ptam
583 3520 648 3559 ac
685 3502 1043 3576 praecipitem
1075 3502 1313 3575 superbi
1346 3503 1564 3558 indicat
1596 3509 1880 3559 mentem:
1907 3503 2045 3575 quia

390 3599 596 3649 contra
625 3593 812 3649 Deum
852 3609 1161 3664 possessus
1216 3592 1462 3648 insanus
1493 3593 1552 3646 in
1596 3592 1839 3648 audacia
1868 3594 2040 3649 resis-

387 3683 585 3748 tendo,
620 3699 737 3738 non
779 3682 954 3738 lentis
980 3682 1280 3754 gressibus
1307 3681 1609 3753 processit.

468 3791 490 3820 ι
524 3773 592 3827 Et
618 3771 823 3845 pingui
855 3770 1072 3826 cervice
1123 3775 1385 3827 armatus
1416 3775 1523 3827 est.
1561 3793 1588 3820 ››
1623 3770 2039 3844 Pinguedinem

391 3861 750 3917 nominando
773 3861 1030 3932 cervicis,
1065 3861 1664 3931 superabundantem,
1696 3865 1752 3917 et
1777 3861 2041 3932 quasini-

395 3951 579 4006 mium
607 3950 939 4006 efﬂuentem
965 3950 1300 4021 superbiam
1332 3950 1626 4005 indicavit.
1650 3951 2038 4014 Quemadmo-

392 4040 533 4095 dum
566 4039 856 4112 Propheta
877 4039 978 4105 ait,
1011 4056 1144 4094 cum
1170 4040 1240 4094 de
1271 4040 1472 4096 eadem
1496 4039 1804 4095 hominum
1837 4056 2038 4110 super-

390 4128 488 4184 bia
511 4127 789 4199 loquitur,
825 4127 1065 4184 dicens:
1087 4128 1345 4184 Prodivit
1366 4130 1524 4199 quasi
1551 4145 1619 4184 ex
1638 4130 1798 4201 adipe
1827 4131 2038 4201 iniqui-

392 4221 475 4271 tas
504 4233 695 4272 eorum
729 4217 908 4288 (Psal.
963 4233 1134 4284 Lxxn,
1192 4219 1271 4289 7);
1319 4217 1428 4273 hoc
1457 4217 1859 4274 testimonium
1893 4236 2039 4274 nova

391 4305 567 4361 editio
600 4306 857 4378 apertius
889 4307 1066 4363 dicit:
1115 4326 1137 4355 α
1170 4307 1587 4363 Processerunt
1618 4326 1650 4362 a
1683 4309 2038 4381 pinguedine

391 4394 543 4451 oculi
575 4412 815 4459 eorum;
852 4418 879 4446 »
912 4397 968 4451 id
1003 4400 1110 4463 est,
1146 4411 1357 4451 sensus
1389 4396 1508 4451 sive
1539 4397 1919 4468 cogitationes
1951 4397 2036 4452 ni-

391 4485 577 4541 mium
609 4486 1021 4557 superborum,
1057 4485 1114 4540 in
1147 4484 1575 4558 blasphemiam
1626 4491 2034 4557 proruperunt.

464 4593 491 4621 «
523 4572 766 4645 Operuit
806 4571 1011 4628 faciem
1043 4574 1171 4644 ejus
1204 4573 1553 4628 crassitudo.
1593 4596 1620 4621 »
1680 4574 1871 4629 Facies
1921 4575 2036 4645 ple-

2180 650 2363 708 latera
2394 655 2544 726 ejus,
2579 654 2834 710 minlstri
2857 655 2976 709 sive
3009 653 3236 709 sodales
3266 649 3532 721 intelligi,
3565 649 3665 722 qui
3695 649 3824 720 ejus

2181 741 2404 797 similes
2436 742 2801 799 exstiterunt.
2837 743 2963 798 Non
2986 743 3237 798 absurde
3264 742 3438 797 etiam
3462 754 3631 794 aures
3659 736 3825 793 intel-

2179 829 2462 902 liguntur,
2515 850 2640 904 quae
2686 833 2888 904 utique
2929 832 2988 886 in
3021 830 3318 886 audientia
3347 827 3821 900 impinguantur:

2179 920 2333 974 unde
2383 921 2564 976 nimia
2595 921 2852 976 surditas
2885 919 3332 976 contumacibus
3363 921 3698 990 generatur,
3731 931 3820 971 se-

2177 1009 2436 1065 cundum
2485 1009 2660 1065 illud:
2719 1013 3088 1067 Incrassatum
3144 1017 3220 1064 est
3272 1024 3364 1064 cor
3406 1006 3606 1078 papulz‘
3658 1005 3822 1072 huius

2176 1097 2391 1166 (Matth.
2427 1117 2547 1170 xm,
2583 1100 2689 1172 15).
2740 1100 2868 1154 Alia
2897 1099 3110 1154 editio:
3149 1120 3176 1149 «
3209 1097 3369 1153 Fecit
3416 1094 3818 1166 capitapulum

2176 1203 2352 1258 super
2382 1189 2619 1244 femora.
2654 1211 2682 1238 »
2715 1189 2959 1244 Videtur
2988 1187 3134 1242 mihi
3182 1187 3290 1243 iste
3318 1183 3643 1242 versiculus
3683 1183 3820 1238 sea-4

2173 1291 2307 1330 sum
2352 1276 2759 1346 hujuscemodi
2807 1277 3123 1343 continere,
3167 1276 3324 1348 quod
3367 1275 3425 1329 in
3457 1273 3568 1330 hoc
3597 1273 3817 1345 impius

2171 1362 2523 1437 increpetur,
2551 1366 2689 1438 quia
2712 1367 2939 1422 frenum
2973 1364 3312 1437 disciplina,
3341 1379 3455 1438 quo
3477 1363 3548 1419 ad
3571 1361 3816 1417 virtutes

2171 1453 2405 1509 retineri
2449 1460 2693 1526 poterat,
2726 1456 2939 1511 habere
2962 1454 3232 1524 noluerit,
3257 1453 3357 1509 sed
3391 1452 3462 1507 ad
3495 1450 3811 1522 quamdam

2171 1560 2233 1598 se
2277 1545 2473 1615 potius
2522 1544 2992 1611 dissolutionem,
3049 1543 3314 1615 deposito
3363 1540 3544 1596 animi
3602 1537 3810 1611 rigore.

2169 1633 2462 1704 dejecerit,
2526 1639 2590 1689 ut
2646 1634 2812 1706 quasi
2871 1633 2992 1688 loro
3023 1632 3211 1688 laxato
3268 1633 3341 1687 ad
3374 1629 3731 1702 voluptatem
3756 1630 3812 1682 et

2165 1721 2458 1778 luxuriam
2491 1722 2892 1778 deduceretur.

2239 1833 2265 1859 ‹‹
2301 1811 2591 1866 Habitavit
2617 1812 2673 1866 in
2697 1812 3031 1867 civitatibus
3055 1808 3354 1876 desolatis,
3377 1811 3434 1864 et
3454 1797 3512 1862 in
3536 1805 3809 1862 domibus

2165 1899 2434 1969 desertis,
2468 1917 2596 1972 qua:
2625 1901 2683 1954 in
2714 1900 2942 1956 tumulo
2974 1903 3112 1955 sunt
3143 1899 3405 1954 redactae.
3442 1919 3468 1944 ››
3495 1892 3810 1952 liabitatio-

2163 2005 2296 2044 nem
2329 2005 2464 2061 ergo
2496 1989 2838 2058 bestiarum,
2864 1994 2920 2045 et
2949 1989 3141 2044 avium
3168 1986 3609 2043 immundarum
3639 1979 3811 2056 spiri-

2159 2083 2256 2134 tus
2296 2078 2635 2152 immundos
2685 2078 2855 2134 dicit:
2909 2079 3007 2148 qui
3055 2078 3324 2133 habitant
3351 2077 3408 2131 in
3441 2072 3803 2137 hominibus,

2161 2183 2308 2239 quos
2338 2169 2493 2224 Deus
2519 2167 2794 2224 deseruit.
2822 2167 2924 2223 Hic
2945 2167 3100 2222 enim
3133 2166 3358 2222 habitat
3385 2165 3445 2219 in
3467 2161 3808 2219 hominibus

2159 2256 2451 2312 derelictis
2510 2273 2544 2311 a
2600 2258 2747 2312 Deo:
2809 2262 2866 2312 et
2922 2257 2992 2311 ob
3047 2256 3156 2310 hoc
3203 2254 3473 2327 sepulcra
3502 2252 3636 2308 facti
3668 2254 3808 2307 sunt

2158 2351 2545 2401 mortuorum.
2575 2347 2645 2400 Et
2673 2346 2719 2401 si
2755 2349 2990 2417 peccata
3025 2344 3086 2400 in
3112 2344 3427 2416 Scripturis
3453 2341 3670 2398 mortui
3703 2340 3808 2397 ali-

2158 2436 2393 2506 quando
2445 2435 2742 2502 dicuntur,
2795 2434 3124 2490 necessario
3173 2437 3506 2506 peccatores
3555 2435 3613 2487 et
3641 2430 3809 2503 impii

2156 2517 2371 2580 tumuli
2394 2530 2533 2580 sunt
2551 2530 2937 2580 mortuorum.
2963 2523 3146 2596 Igitur
3161 2523 3220 2577 in
3242 2521 3594 2587 civitatibus,
3617 2523 3808 2592 potest

2157 2614 2424 2687 generale
2447 2631 2658 2670 nomen
2677 2630 2806 2670 esse
2827 2614 3092 2668 omnium
3111 2615 3505 2684 peccatorum,
3527 2608 3588 2664 in
3619 2608 3807 2665 domi-

2157 2704 2267 2759 bus
2303 2720 2434 2760 vero
2465 2701 2714 2776 speciale
2746 2702 3211 2773 uniuscujusque
3256 2697 3576 2772 peccatoris
3605 2699 3662 2753 et
3695 2697 3809 2752 im-

2157 2810 2256 2864 p11.

2230 2906 2257 2933 «
2309 2882 2433 2937 Non
2493 2879 2797 2948 ditabitur,
2862 2896 2966 2935 nec
3024 2875 3416 2951 perseverabit
3472 2873 3807 2931 substantia

2157 2972 2305 3043 ejus.
2333 2993 2360 3019 ››
2383 2969 2722 3025 Substantia
2743 2969 2836 3024 hic
2867 2986 2983 3024 non
3015 2985 3208 3023 rerum
3233 2966 3449 3022 divitias
3472 2963 3804 3036 intelligen-

2156 3060 2240 3116 daa
2276 3063 2436 3125 sunt,
2470 3059 2570 3113 sed
2607 3062 2878 3130 peccata:
2912 3059 2983 3113 de
3015 3057 3229 3128 quibus
3259 3055 3339 3110 ait
3360 3057 3600 3110 sanctus
3630 3050 3807 3124 Spiri-

2155 3151 2252 3202 tus
2284 3147 2342 3202 in
2365 3146 2705 3220 Apocalypsi
2725 3145 2988 3202 Joannis.
3011 3168 3037 3194 ‹‹
3061 3144 3305 3212 Cecidit,
3321 3142 3530 3199 cecidit
3545 3140 3803 3212 Babylon

2157 3236 2358 3292 civitas
2392 3252 2624 3308 magna,
2653 3240 2710 3292 et
2741 3236 2892 3290 facta
2938 3239 3028 3290 est
3056 3231 3457 3289 habitaculum
3488 3229 3806 3286 daemonio-

2077 3298 2119 3364 Ο
2158 3342 2312 3390 rum,
2345 3330 2402 3380 et
2448 3298 2715 3380 custodia
2762 3323 2954 3380 omnis
3002 3323 3246 3395 spiritus
3293 3319 3587 3376 immundi
3617 3318 3802 3391 (Apoc.

2152 3433 2266 3487 XIV,
2297 3416 2376 3483 8).
2419 3435 2445 3464 ιι
2477 3415 2638 3480 Quod
2691 3417 2883 3470 autem
2926 3413 3023 3481 ait,
3066 3428 3182 3466 non
3233 3409 3539 3464 ditabitur:
3573 3408 3684 3463 hoc
3717 3406 3805 3462 di-

2151 3505 2306 3559 xisse
2337 3503 2482 3558 mihi
2524 3503 2773 3565 videtur,
2824 3517 2939 3556 non
2988 3499 3229 3572 longum
3262 3502 3496 3568 tempus
3522 3494 3651 3567 erit,
3685 3510 3803 3566 quo
3865 3564 3868 3566 γ

2151 3593 2268 3649 vita
2321 3593 2445 3662 ejus
2493 3592 2552 3646 in
2603 3591 2819 3646 divitiis
2868 3589 3193 3644 facinorum
3243 3588 3633 3652 decrassetur‘,
3665 3599 3799 3639 cum

2151 3683 2326 3738 etiam
2376 3681 2620 3738 collecta
2662 3679 2937 3736 vitiorum
2985 3679 3112 3750 ejus
3158 3675 3490 3733 substantia
3533 3690 3649 3728 non
3690 3672 3800 3729 erit

2149 3787 2550 3845 permansura.

2223 3886 2249 3913 ‹‹
2283 3862 2397 3918 Nec
2431 3861 2622 3916 mittet
2658 3859 2716 3914 in
2762 3863 2976 3914 terram
3011 3857 3266 3912 radicem
3299 3872 3492 3912 suam.
3526 3876 3554 3906 »
3590 3854 3653 3911 Id
3685 3857 3794 3920 est,

2151 3951 2290 4023 quia
2335 3956 2616 4021 tanquam
2669 3949 2841 4004 arbor
2885 3946 3084 4004 evulsa
3135 3946 3213 4001 sit
3260 3945 3626 4001 moriturus:
3668 3943 3796 4000 ideo

2151 4041 2212 4096 in
2234 4046 2389 4096 terra
2412 4039 2728 4093 viventium
2752 4036 3129 4093 stabilitatem
3153 4037 3429 4090 aeternam
3451 4034 3572 4089 sive
3591 4048 3795 4089 eorum

2151 4128 2510 4185 consortium
2552 4145 2664 4182 non
2699 4126 2935 4182 habebit
2962 4142 2974 4180 :
3007 4141 3073 4179 eo
3105 4124 3257 4196 quod
3290 4123 3386 4178 hic
3434 4122 3598 4194 prius
3629 4137 3794 4194 spem

2149 4219 2234 4274 vel
2262 4218 2516 4274 radicem
2536 4216 2667 4271 fidei
2693 4233 2806 4271 non
2829 4213 3138 4286 praemisit:
3166 4229 3367 4268 auram
3389 4212 3564 4267 etiam
3588 4209 3796 4267 salutis

2148 4312 2214 4364 ut
2243 4309 2353 4363 sub
2384 4307 2595 4362 umbra
2623 4305 2777 4360 vivat
2806 4303 3108 4376 refrigerii,
3141 4319 3256 4358 non
3286 4301 3544 4357 habebit.

2227 4418 2249 4446 ι
2280 4398 2404 4452 Non
2438 4396 2664 4451 recedet
2701 4395 2771 4450 de
2817 4393 3094 4450 tenebris.
3133 4416 3152 4441 ιι
3190 4391 3302 4447 Alii
3358 4391 3647 4446 dixerunt.
3678 4391 3796 4446 Non

2147 4489 2378 4560 e/f-ugict
2407 4488 2695 4541 tenebras:
2733 4485 2791 4539 id
2823 4488 2933 4547 est,
2981 4500 3181 4555 pmnas
3210 4485 3457 4537 mternas
3506 4479 3706 4548 subiit,
3740 4484 3798 4536 et

2148 4593 2262 4632 non
2295 4577 2516 4632 evadet.
2549 4575 2673 4630 Non
2707 4573 2934 4629 recedet
2954 4576 3148 4628 autem
3175 4571 3244 4626 de
3266 4569 3522 4625 tenebris
3547 4585 3560 4624 ε
3581 4566 3796 4626 intelli-

395 4677 648 4733 rumque
678 4660 808 4734 ipsa
838 4678 1005 4717 mens
1035 4662 1243 4717 animae
1283 4661 1648 4734 intelligitur,
1682 4667 1746 4717 ut
1777 4663 1858 4718 ait
1887 4673 2037 4734 Apo-
2069 4673 2116 4736 Ι)
2149 4667 2345 4740 gimus
2377 4667 2448 4720 de
2502 4663 2759 4720 tenebris
2802 4660 3182 4717 infidelitatis.
3215 4660 3399 4714 Homo
3431 4659 3527 4715 hic
3577 4658 3797 4732 impius

388 4750 620 4809 stolus:
665 4752 772 4807 Nos
823 4759 1004 4807 autem
1046 4752 1284 4807 revelata
1326 4751 1473 4824 facie
1526 4752 1769 4822 gloriam
1820 4755 2046 4810 Domini

385 4839 742 4912 speculamur
766 4840 845 4912 (II
872 4840 991 4896 Cor.
1016 4859 1099 4909 III,
1135 4842 1242 4909 18).
1276 4841 1436 4896 Hanc
1469 4841 1736 4898 diabolus
1785 4843 1903 4898 sive
1929 4843 2037 4898 im-

386 4929 521 5001 pius
551 4928 726 4984 homo
753 4929 1063 4986 sanctitate
1103 4945 1204 4985 seu
1236 4929 1588 4998 humilitate,
1623 4948 1888 4987 serenam
1922 4949 2036 4988 non

390 5016 586 5083 habet,
613 5017 733 5074 sive
761 5018 1154 5091 perspicuam,
1178 5019 1278 5074 sed
1302 5019 1752 5076 crassitudinem
1776 5026 2037 5093 opertam

388 5106 708 5178 superbiae,
742 5124 869 5179 quae
901 5123 1050 5164 caeco
1082 5108 1253 5163 corde
1286 5108 1382 5179 sit,
1414 5112 1469 5163 et
1499 5107 1729 5164 obtuso.
1760 5109 1888 5164 Alia
1917 5109 2038 5164 edi-

389 5193 472 5249 tio
503 5210 515 5248 :
551 5216 578 5244 ‹‹
604 5194 845 5268 Operuit
873 5197 1076 5253 faciem
1110 5197 1239 5269 ejus
1269 5202 1549 5269 tanquam
1581 5198 1638 5252 in
1672 5198 1841 5270 adipe
1874 5215 2034 5267 suo;-

296 5284 310 5292 ”
381 5287 667 5356 tanquam
731 5285 988 5342 (liceret:
1037 5285 1314 5358 superbia
1342 5285 1609 5342 videlicet
1658 5291 1802 5358 atra,
1837 5293 2041 5344 auctor

387 5374 654 5430 omnium
688 5375 962 5431 vitiorum
990 5393 1002 5432 :
1040 5392 1152 5431 non
1187 5375 1369 5445 tenui,
1403 5381 1460 5431 et
1484 5374 1776 5447 pellucida
1798 5376 2035 5432 humili-

387 5463 527 5518 tatis
556 5463 773 5521 virtute
807 5465 964 5520 velut
993 5466 1246 5538 pretioso
1295 5465 1509 5522 amictu
1567 5483 1628 5521 se
1658 5467 1904 5534 vestivit,
1938 5468 2037 5522 sed

392 5552 463 5608 de
488 5553 617 5625 ipsa
648 5553 782 5610 fecit
803 5556 853 5611 ei
881 5555 1316 5628 quodammodo
1343 5555 1624 5623 derisum,
1649 5561 1705 5611 et
1734 5556 2042 5612 vestimen-

393 5646 520 5697 tUm
553 5643 892 5714 obscurum,
915 5662 1027 5718 quo
1050 5645 1388 5717 superbiam
1409 5662 1608 5702 crassa
1639 5647 1894 5702 caecitate
1924 5663 2041 5701 cor-

394 5731 489 5788 dis
521 5732 890 5792 obtunderet.

2154 4756 2226 4812 ad
2256 4754 2454 4808 lumen
2490 4751 2842 4824 poenitentia:
2871 4749 3066 4805 venire
3105 4750 3404 4804 detrectat.

2225 4868 2246 4894 ι
2293 4845 2501 4898 Ramos
2532 4843 2659 4911 ejus
2691 4840 2963 4896 arefaciet
2984 4840 3242 4895 ﬂamma.
3278 4861 3305 4888 ››
3339 4840 3398 4893 In
3423 4837 3624 4910 ramis,
3658 4853 3798 4910 ope-

2148 4950 2280 4990 rum
2313 4931 2602 4988 malorum
2633 4931 2857 4985 fructus
2888 4927 3305 5001 intelligamus,
3338 4929 3493 4984 sicut
3520 4927 3795 4984 Salomon

2149 5023 2264 5080 ait:
2317 5023 2546 5077 Fructus
2597 5022 2894 5092 impiorum
2953 5023 3173 5092 peccata
3230 5019 3410 5091 (Prov.
3450 5035 3506 5083 Χ,
3540 5017 3647 5089 16).
3680 5015 3796 5070 Hos

2147 5129 2282 5170 vero
2337 5099 2713 5182 velut'ligna,
2747 5109 2970 5175 fenum,
3003 5107 3283 5180 stipulam
3333 5106 3608 5179 gehennae
3640 5103 3796 5176 ignis

2150 5203 2443 5260 absumet.

2230 5309 2250 5336 α
2288 5290 2354 5344 Et
2381 5289 2677 5344 auferetur
2707 5289 2916 5361 Spiritu
2951 5289 3068 5344 oris
3097 5287 3191 5342 sui
3218 5286 3288 5342 ab
3319 5301 3404 5340 eo.
3435 5306 3461 5333 »
3486 5282 3633 5349 Quia
3662 5299 3797 5356 ergo

2151 5380 2310 5434 furor
2341 5382 2542 5434 contra
2575 5384 2752 5433 Deum
2803 5377 3037 5432 animus
3066 5377 3194 5447 ejus
3235 5379 3342 5440 est,
3375 5389 3488 5444 quo
3536 5373 3712 5428 etiam
3743 5376 3801 5429 et

2152 5468 2549 5541 blasphemias
2582 5468 2638 5522 in
2675 5485 2807 5522 eum
2855 5467 3076 5538 spirare
3107 5481 3221 5519 non
3253 5462 3499 5518 desinit:
3531 5460 3648 5518 oris
3683 5463 3797 5530 sui,

2156 5557 2261 5613 ait':
2286 5558 2509 5630 judicio
2533 5558 2970 5612 condemnatur.
2989 5553 3322 5610 Secundum
3338 5552 3640 5624 antiquam
3665 5569 3802 5626 ergo

2156 5648 2468 5702 editionem
2532 5649 2587 5701 in
2654 5647 2803 5717 stipe
2860 5645 2976 5698 sive
3037 5642 3258 5706 fronde,
3317 5641 3601 5714 originem
3672 5643 3800 5700 vitae

2149 5735 2319 5808 impii
2338 5735 2655 5808 signiﬁcari
2674 5733 2961 5800 existimo,
2979 5747 3155 5803 quam
3180 5730 3432 5804 Spiritus
3452 5731 3553 5790 Dei
3566 5736 3798 5790 seuten-
