  <div class='ocr_page' id='page_1' title='image "/cluster/home/n/w/nwhite01/storage/ocr_20150623/26/umn.31951002477320a/351.png"; bbox 0 0 4310 6590; ppageno 0'>
   <div class='ocr_carea' id='block_1_1' title="bbox 490 362 609 429">
    <p class='ocr_par' dir='ltr' id='par_1_1' title="bbox 490 362 609 429">
     <span class='ocr_line' id='line_1_1' title="bbox 490 362 609 429; baseline 0 0"><span class='ocrx_word' id='word_1_1' title='bbox 490 362 609 429; x_wconf 74' lang='grc'>695</span> 
     </span>
    </p>
   </div>
   <div class='ocr_carea' id='block_1_2' title="bbox 1989 368 2410 431">
    <p class='ocr_par' dir='ltr' id='par_1_2' title="bbox 1989 368 2410 431">
     <span class='ocr_line' id='line_1_2' title="bbox 1989 368 2410 431; baseline -0.005 0"><span class='ocrx_word' id='word_1_2' title='bbox 1989 368 2410 431; x_wconf 80' lang='lat' dir='ltr'>APPENDIX.</span> 
     </span>
    </p>
   </div>
   <div class='ocr_carea' id='block_1_3' title="bbox 3781 373 3919 437">
    <p class='ocr_par' dir='ltr' id='par_1_3' title="bbox 3781 373 3919 437">
     <span class='ocr_line' id='line_1_3' title="bbox 3781 373 3919 437; baseline 0.014 -1"><span class='ocrx_word' id='word_1_3' title='bbox 3781 373 3919 437; x_wconf 58' lang='grc' dir='ltr'>ϐω</span> 
     </span>
    </p>
   </div>
   <div class='ocr_carea' id='block_1_4' title="bbox 496 497 3904 577">
    <p class='ocr_par' dir='ltr' id='par_1_4' title="bbox 496 497 3904 577">
     <span class='ocr_line' id='line_1_4' title="bbox 496 497 3904 577; baseline 0.002 -23"><span class='ocrx_word' id='word_1_4' title='bbox 496 497 578 554; x_wconf 84' lang='lat' dir='ltr'>tia</span> <span class='ocrx_word' id='word_1_5' title='bbox 597 497 831 569; x_wconf 84' lang='lat' dir='ltr'>judicii,</span> <span class='ocrx_word' id='word_1_6' title='bbox 880 502 944 555; x_wconf 91' lang='lat' dir='ltr'>ut</span> <span class='ocrx_word' id='word_1_7' title='bbox 984 499 1275 558; x_wconf 86' lang='lat' dir='ltr'>incubans</span> <span class='ocrx_word' id='word_1_8' title='bbox 1318 506 1528 559; x_wconf 88' lang='lat' dir='ltr'>ventus</span> <span class='ocrx_word' id='word_1_9' title='bbox 1578 503 1863 576; x_wconf 77' lang='lat' dir='ltr'>percutit:</span> <span class='ocrx_word' id='word_1_10' title='bbox 1900 507 1961 559; x_wconf 90' lang='lat' dir='ltr'>ut</span> <span class='ocrx_word' id='word_1_11' title='bbox 1986 502 2142 560; x_wconf 89' lang='lat' dir='ltr'>velut</span> <span class='ocrx_word' id='word_1_12' title='bbox 2168 501 2223 569; x_wconf 84' lang='grc' dir='ltr'><strong>Α</strong></span> <span class='ocrx_word' id='word_1_13' title='bbox 2254 502 2594 559; x_wconf 84' lang='lat' dir='ltr'>muneribus</span> <span class='ocrx_word' id='word_1_14' title='bbox 2650 502 3005 577; x_wconf 80' lang='lat' dir='ltr'>loqueretur.</span> <span class='ocrx_word' id='word_1_15' title='bbox 3066 503 3266 576; x_wconf 85' lang='lat' dir='ltr'>Ignem</span> <span class='ocrx_word' id='word_1_16' title='bbox 3338 520 3471 561; x_wconf 87' lang='lat' dir='ltr'>vero</span> <span class='ocrx_word' id='word_1_17' title='bbox 3517 504 3904 563; x_wconf 88' lang='lat' dir='ltr'>nominando.</span> 
     </span>
    </p>
   </div>
   <div class='ocr_carea' id='block_1_5' title="bbox 494 588 3900 666">
    <p class='ocr_par' dir='ltr' id='par_1_5' title="bbox 494 588 3900 666">
     <span class='ocr_line' id='line_1_5' title="bbox 494 588 3900 666; baseline 0.002 -21"><span class='ocrx_word' id='word_1_18' title='bbox 494 588 671 645; x_wconf 84' lang='lat' dir='ltr'>arbor</span> <span class='ocrx_word' id='word_1_19' title='bbox 699 588 989 646; x_wconf 84' lang='lat' dir='ltr'>arefactus</span> <span class='ocrx_word' id='word_1_20' title='bbox 1012 590 1242 664; x_wconf 81' lang='lat' dir='ltr'>impius</span> <span class='ocrx_word' id='word_1_21' title='bbox 1264 591 1416 647; x_wconf 88' lang='lat' dir='ltr'>illico</span> <span class='ocrx_word' id='word_1_22' title='bbox 1438 593 1739 666; x_wconf 83' lang='lat' dir='ltr'>moriatur,</span> <span class='ocrx_word' id='word_1_23' title='bbox 1763 598 1820 649; x_wconf 87' lang='lat' dir='ltr'>et</span> <span class='ocrx_word' id='word_1_24' title='bbox 1843 596 1919 649; x_wconf 89' lang='lat' dir='ltr'>ita</span> <span class='ocrx_word' id='word_1_25' title='bbox 1948 594 2141 649; x_wconf 88' lang='lat' dir='ltr'>omnis</span> <span class='ocrx_word' id='word_1_26' title='bbox 2249 591 2600 665; x_wconf 85' lang='lat' dir='ltr'>gehennam,</span> <span class='ocrx_word' id='word_1_27' title='bbox 2656 597 2817 666; x_wconf 86' lang='lat' dir='ltr'>puto,</span> <span class='ocrx_word' id='word_1_28' title='bbox 2850 592 3218 666; x_wconf 89' lang='lat' dir='ltr'>signiﬁcavit,</span> <span class='ocrx_word' id='word_1_29' title='bbox 3254 593 3393 666; x_wconf 88' lang='lat' dir='ltr'>quia</span> <span class='ocrx_word' id='word_1_30' title='bbox 3424 593 3805 651; x_wconf 87' lang='lat' dir='ltr'>tabernacula</span> <span class='ocrx_word' id='word_1_31' title='bbox 3835 594 3900 651; x_wconf 90' lang='lat' dir='ltr'>id</span> 
     </span>
    </p>
   </div>
   <div class='ocr_carea' id='block_1_6' title="bbox 496 676 1610 753">
    <p class='ocr_par' dir='ltr' id='par_1_6' title="bbox 496 676 1610 753">
     <span class='ocr_line' id='line_1_6' title="bbox 496 676 1610 753; baseline 0.004 -21"><span class='ocrx_word' id='word_1_32' title='bbox 496 677 605 733; x_wconf 90' lang='lat' dir='ltr'>ﬂos</span> <span class='ocrx_word' id='word_1_33' title='bbox 630 676 871 734; x_wconf 83' lang='lat' dir='ltr'>honoris</span> <span class='ocrx_word' id='word_1_34' title='bbox 902 680 1029 751; x_wconf 88' lang='lat' dir='ltr'>ejus</span> <span class='ocrx_word' id='word_1_35' title='bbox 1058 684 1114 736; x_wconf 91' lang='lat' dir='ltr'>et</span> <span class='ocrx_word' id='word_1_36' title='bbox 1142 680 1338 753; x_wconf 84' lang='lat' dir='ltr'>gloria</span> <span class='ocrx_word' id='word_1_37' title='bbox 1370 683 1610 739; x_wconf 91' lang='lat' dir='ltr'>deﬂuat.</span> 
     </span>
    </p>
   </div>
   <div class='ocr_carea' id='block_1_7' title="bbox 572 766 2139 844">
    <p class='ocr_par' dir='ltr' id='par_1_7' title="bbox 572 766 2139 844">
     <span class='ocr_line' id='line_1_7' title="bbox 572 766 2139 844; baseline 0.001 -19"><span class='ocrx_word' id='word_1_38' title='bbox 572 785 600 818; x_wconf 73' lang='grc' dir='ltr'><strong><em>α</em></strong></span> <span class='ocrx_word' id='word_1_39' title='bbox 630 766 756 825; x_wconf 91' lang='lat' dir='ltr'>Non</span> <span class='ocrx_word' id='word_1_40' title='bbox 785 769 1012 825; x_wconf 82' lang='lat' dir='ltr'>recedet</span> <span class='ocrx_word' id='word_1_41' title='bbox 1040 770 1262 826; x_wconf 79' lang='lat' dir='ltr'>frustra</span> <span class='ocrx_word' id='word_1_42' title='bbox 1294 788 1487 828; x_wconf 91' lang='lat' dir='ltr'>errore</span> <span class='ocrx_word' id='word_1_43' title='bbox 1519 774 1817 844; x_wconf 88' lang='lat' dir='ltr'>deceptus,</span> <span class='ocrx_word' id='word_1_44' title='bbox 1848 773 2003 843; x_wconf 91' lang='lat' dir='ltr'>quod</span> <span class='ocrx_word' id='word_1_45' title='bbox 2036 771 2139 827; x_wconf 89' lang='lat' dir='ltr'>ali-</span> 
     </span>
    </p>
   </div>
   <div class='ocr_carea' id='block_1_8' title="bbox 497 856 2145 934">
    <p class='ocr_par' dir='ltr' id='par_1_8' title="bbox 497 856 2145 934">
     <span class='ocr_line' id='line_1_8' title="bbox 497 856 2145 934; baseline 0.004 -24"><span class='ocrx_word' id='word_1_46' title='bbox 497 870 614 927; x_wconf 91' lang='lat' dir='ltr'>quo</span> <span class='ocrx_word' id='word_1_47' title='bbox 645 856 831 928; x_wconf 90' lang='lat' dir='ltr'>pretio</span> <span class='ocrx_word' id='word_1_48' title='bbox 862 857 1241 915; x_wconf 87' lang='lat' dir='ltr'>redimendus</span> <span class='ocrx_word' id='word_1_49' title='bbox 1270 860 1365 915; x_wconf 85' lang='lat' dir='ltr'>sit.</span> <span class='ocrx_word' id='word_1_50' title='bbox 1403 884 1430 910; x_wconf 88' lang='grc'><strong>››</strong></span> <span class='ocrx_word' id='word_1_51' title='bbox 1479 861 1596 917; x_wconf 86' lang='grc' dir='ltr'>Ηοο</span> <span class='ocrx_word' id='word_1_52' title='bbox 1627 861 1807 934; x_wconf 86' lang='lat' dir='ltr'>igitur</span> <span class='ocrx_word' id='word_1_53' title='bbox 1844 862 1947 929; x_wconf 85' lang='lat' dir='ltr'>ait,</span> <span class='ocrx_word' id='word_1_54' title='bbox 1978 864 2145 933; x_wconf 83' lang='lat' dir='ltr'>putat</span> 
     </span>
    </p>
   </div>
   <div class='ocr_carea' id='block_1_9' title="bbox 497 943 2143 1021">
    <p class='ocr_par' dir='ltr' id='par_1_9' title="bbox 497 943 2143 1021">
     <span class='ocr_line' id='line_1_9' title="bbox 497 943 2143 1021; baseline 0.003 -22"><span class='ocrx_word' id='word_1_55' title='bbox 497 943 764 1001; x_wconf 78' lang='lat' dir='ltr'>fortassis</span> <span class='ocrx_word' id='word_1_56' title='bbox 794 945 1082 1018; x_wconf 84' lang='lat' dir='ltr'>diabolus,</span> <span class='ocrx_word' id='word_1_57' title='bbox 1106 953 1162 1003; x_wconf 91' lang='lat' dir='ltr'>et</span> <span class='ocrx_word' id='word_1_58' title='bbox 1180 948 1353 1005; x_wconf 90' lang='lat' dir='ltr'>homo</span> <span class='ocrx_word' id='word_1_59' title='bbox 1376 949 1594 1021; x_wconf 90' lang='lat' dir='ltr'>impius</span> <span class='ocrx_word' id='word_1_60' title='bbox 1615 951 1807 1005; x_wconf 89' lang='lat' dir='ltr'>cordis</span> <span class='ocrx_word' id='word_1_61' title='bbox 1837 950 2053 1005; x_wconf 86' lang='lat' dir='ltr'>duritia</span> <span class='ocrx_word' id='word_1_62' title='bbox 2083 949 2143 1004; x_wconf 91' lang='lat' dir='ltr'>in</span> 
     </span>
    </p>
   </div>
   <div class='ocr_carea' id='block_1_10' title="bbox 497 1031 2145 1111">
    <p class='ocr_par' dir='ltr' id='par_1_10' title="bbox 497 1031 2145 1111">
     <span class='ocr_line' id='line_1_10' title="bbox 497 1031 2145 1111; baseline 0.004 -24"><span class='ocrx_word' id='word_1_63' title='bbox 497 1031 798 1105; x_wconf 84' lang='lat' dir='ltr'>impietate</span> <span class='ocrx_word' id='word_1_64' title='bbox 830 1034 1167 1108; x_wconf 85' lang='lat' dir='ltr'>persistens,</span> <span class='ocrx_word' id='word_1_65' title='bbox 1192 1038 1343 1108; x_wconf 91' lang='lat' dir='ltr'>quod</span> <span class='ocrx_word' id='word_1_66' title='bbox 1372 1038 1525 1093; x_wconf 89' lang='lat' dir='ltr'>Deus</span> <span class='ocrx_word' id='word_1_67' title='bbox 1556 1038 1605 1094; x_wconf 90' lang='lat' dir='ltr'>ei</span> <span class='ocrx_word' id='word_1_68' title='bbox 1630 1056 1732 1111; x_wconf 93' lang='lat' dir='ltr'>pro</span> <span class='ocrx_word' id='word_1_69' title='bbox 1764 1039 1887 1095; x_wconf 87' lang='lat' dir='ltr'>suis</span> <span class='ocrx_word' id='word_1_70' title='bbox 1920 1038 2145 1095; x_wconf 89' lang='lat' dir='ltr'>meritis</span> 
     </span>
    </p>
   </div>
   <div class='ocr_carea' id='block_1_11' title="bbox 499 1123 2142 1200">
    <p class='ocr_par' dir='ltr' id='par_1_11' title="bbox 499 1123 2142 1200">
     <span class='ocr_line' id='line_1_11' title="bbox 499 1123 2142 1200; baseline 0.003 -23"><span class='ocrx_word' id='word_1_71' title='bbox 499 1137 620 1177; x_wconf 88' lang='lat' dir='ltr'>non</span> <span class='ocrx_word' id='word_1_72' title='bbox 651 1123 951 1180; x_wconf 85' lang='lat' dir='ltr'>retribuat:</span> <span class='ocrx_word' id='word_1_73' title='bbox 984 1125 1121 1180; x_wconf 89' lang='lat' dir='ltr'>dum</span> <span class='ocrx_word' id='word_1_74' title='bbox 1148 1131 1297 1181; x_wconf 87' lang='lat' dir='ltr'>Deus</span> <span class='ocrx_word' id='word_1_75' title='bbox 1317 1144 1689 1199; x_wconf 86' lang='lat' dir='ltr'>nequaquam</span> <span class='ocrx_word' id='word_1_76' title='bbox 1712 1128 1760 1183; x_wconf 90' lang='lat' dir='ltr'>ei</span> <span class='ocrx_word' id='word_1_77' title='bbox 1791 1128 1994 1200; x_wconf 85' lang='lat' dir='ltr'>parcit,</span> <span class='ocrx_word' id='word_1_78' title='bbox 2018 1134 2075 1183; x_wconf 92' lang='lat' dir='ltr'>et</span> <span class='ocrx_word' id='word_1_79' title='bbox 2095 1128 2142 1183; x_wconf 91' lang='lat' dir='ltr'>si</span> 
     </span>
    </p>
   </div>
   <div class='ocr_carea' id='block_1_12' title="bbox 500 1211 2148 1289">
    <p class='ocr_par' dir='ltr' id='par_1_12' title="bbox 500 1211 2148 1289">
     <span class='ocr_line' id='line_1_12' title="bbox 500 1211 2148 1289; baseline 0.005 -24"><span class='ocrx_word' id='word_1_80' title='bbox 500 1211 695 1268; x_wconf 85' lang='lat' dir='ltr'>verbis</span> <span class='ocrx_word' id='word_1_81' title='bbox 725 1211 833 1269; x_wconf 90' lang='lat' dir='ltr'>hoc</span> <span class='ocrx_word' id='word_1_82' title='bbox 860 1214 1196 1285; x_wconf 90' lang='lat' dir='ltr'>potentibus</span> <span class='ocrx_word' id='word_1_83' title='bbox 1221 1219 1394 1287; x_wconf 87' lang='lat' dir='ltr'>atque</span> <span class='ocrx_word' id='word_1_84' title='bbox 1422 1218 1768 1289; x_wconf 88' lang='lat' dir='ltr'>compositis</span> <span class='ocrx_word' id='word_1_85' title='bbox 1798 1222 1862 1272; x_wconf 92' lang='lat' dir='ltr'>ut</span> <span class='ocrx_word' id='word_1_86' title='bbox 1890 1217 2148 1274; x_wconf 87' lang='lat' dir='ltr'>obtineat</span> 
     </span>
    </p>
   </div>
   <div class='ocr_carea' id='block_1_13' title="bbox 499 1299 2148 1379">
    <p class='ocr_par' dir='ltr' id='par_1_13' title="bbox 499 1299 2148 1379">
     <span class='ocr_line' id='line_1_13' title="bbox 499 1299 2148 1379; baseline 0.004 -24"><span class='ocrx_word' id='word_1_87' title='bbox 499 1299 864 1373; x_wconf 84' lang='lat' dir='ltr'>deprecetur,</span> <span class='ocrx_word' id='word_1_88' title='bbox 906 1318 1039 1358; x_wconf 89' lang='lat' dir='ltr'>cum</span> <span class='ocrx_word' id='word_1_89' title='bbox 1070 1304 1196 1375; x_wconf 89' lang='lat' dir='ltr'>jam</span> <span class='ocrx_word' id='word_1_90' title='bbox 1239 1306 1564 1361; x_wconf 89' lang='lat' dir='ltr'>secundum</span> <span class='ocrx_word' id='word_1_91' title='bbox 1612 1307 1711 1362; x_wconf 91' lang='lat' dir='ltr'>Dei</span> <span class='ocrx_word' id='word_1_92' title='bbox 1736 1308 1966 1378; x_wconf 90' lang='lat' dir='ltr'>justum</span> <span class='ocrx_word' id='word_1_93' title='bbox 1991 1308 2148 1379; x_wconf 90' lang='lat' dir='ltr'>judi-</span> 
     </span>
    </p>
   </div>
   <div class='ocr_carea' id='block_1_14' title="bbox 497 1388 1901 1463">
    <p class='ocr_par' dir='ltr' id='par_1_14' title="bbox 497 1388 1901 1463">
     <span class='ocr_line' id='line_1_14' title="bbox 497 1388 1901 1463; baseline 0.004 -18"><span class='ocrx_word' id='word_1_94' title='bbox 497 1388 679 1461; x_wconf 87' lang='lat' dir='ltr'>cium,</span> <span class='ocrx_word' id='word_1_95' title='bbox 711 1391 1084 1463; x_wconf 88' lang='lat' dir='ltr'>sempiternis</span> <span class='ocrx_word' id='word_1_96' title='bbox 1115 1393 1385 1449; x_wconf 88' lang='lat' dir='ltr'>addictus</span> <span class='ocrx_word' id='word_1_97' title='bbox 1417 1395 1495 1450; x_wconf 90' lang='lat' dir='ltr'>sit</span> <span class='ocrx_word' id='word_1_98' title='bbox 1524 1397 1901 1452; x_wconf 87' lang='lat' dir='ltr'>cruciatibus.</span> 
     </span>
    </p>
   </div>
   <div class='ocr_carea' id='block_1_15' title="bbox 574 1480 2147 1557">
    <p class='ocr_par' dir='ltr' id='par_1_15' title="bbox 574 1480 2147 1557">
     <span class='ocr_line' id='line_1_15' title="bbox 574 1480 2147 1557; baseline 0.006 -25"><span class='ocrx_word' id='word_1_99' title='bbox 574 1499 597 1529; x_wconf 74' lang='grc' dir='ltr'><strong><em>α</em></strong></span> <span class='ocrx_word' id='word_1_100' title='bbox 630 1482 960 1553; x_wconf 80' lang='lat' dir='ltr'>Antequam</span> <span class='ocrx_word' id='word_1_101' title='bbox 981 1480 1108 1537; x_wconf 90' lang='lat' dir='ltr'>dies</span> <span class='ocrx_word' id='word_1_102' title='bbox 1128 1482 1651 1555; x_wconf 87' lang='lat' dir='ltr'>ejusimpleantur,</span> <span class='ocrx_word' id='word_1_103' title='bbox 1685 1486 1950 1557; x_wconf 87' lang='lat' dir='ltr'>peribit.»</span> <span class='ocrx_word' id='word_1_104' title='bbox 1985 1488 2147 1542; x_wconf 89' lang='lat' dir='ltr'>Tunc</span> 
     </span>
    </p>
   </div>
   <div class='ocr_carea' id='block_1_16' title="bbox 501 1567 2147 1644">
    <p class='ocr_par' dir='ltr' id='par_1_16' title="bbox 501 1567 2147 1644">
     <span class='ocr_line' id='line_1_16' title="bbox 501 1567 2147 1644; baseline 0.005 -21"><span class='ocrx_word' id='word_1_105' title='bbox 501 1567 629 1624; x_wconf 91' lang='lat' dir='ltr'>dies</span> <span class='ocrx_word' id='word_1_106' title='bbox 668 1568 1133 1642; x_wconf 89' lang='lat' dir='ltr'>uniuscujusque</span> <span class='ocrx_word' id='word_1_107' title='bbox 1163 1571 1392 1644; x_wconf 89' lang='lat' dir='ltr'>impleri</span> <span class='ocrx_word' id='word_1_108' title='bbox 1425 1573 1657 1640; x_wconf 90' lang='lat' dir='ltr'>dicitur,</span> <span class='ocrx_word' id='word_1_109' title='bbox 1693 1591 1825 1630; x_wconf 89' lang='lat' dir='ltr'>cum</span> <span class='ocrx_word' id='word_1_110' title='bbox 1860 1576 2147 1632; x_wconf 89' lang='lat' dir='ltr'>bonorum</span> 
     </span>
    </p>
   </div>
   <div class='ocr_carea' id='block_1_17' title="bbox 499 1656 2148 1739">
    <p class='ocr_par' dir='ltr' id='par_1_17' title="bbox 499 1656 2148 1739">
     <span class='ocr_line' id='line_1_17' title="bbox 499 1656 2148 1739; baseline 0.006 -26"><span class='ocrx_word' id='word_1_111' title='bbox 499 1656 809 1714; x_wconf 85' lang='lat' dir='ltr'>hominum</span> <span class='ocrx_word' id='word_1_112' title='bbox 841 1675 907 1714; x_wconf 90' lang='lat' dir='ltr'>ac</span> <span class='ocrx_word' id='word_1_113' title='bbox 938 1658 1228 1715; x_wconf 90' lang='lat' dir='ltr'>malorum</span> <span class='ocrx_word' id='word_1_114' title='bbox 1274 1662 1579 1718; x_wconf 91' lang='lat' dir='ltr'>retribulio</span> <span class='ocrx_word' id='word_1_115' title='bbox 1608 1665 1847 1720; x_wconf 89' lang='lat' dir='ltr'>venerit.</span> <span class='ocrx_word' id='word_1_116' title='bbox 1882 1665 1982 1721; x_wconf 91' lang='lat' dir='ltr'>Hic</span> <span class='ocrx_word' id='word_1_117' title='bbox 2012 1683 2148 1739; x_wconf 91' lang='lat' dir='ltr'>ergo</span> 
     </span>
    </p>
   </div>
   <div class='ocr_carea' id='block_1_18' title="bbox 498 1746 2145 1823">
    <p class='ocr_par' dir='ltr' id='par_1_18' title="bbox 498 1746 2145 1823">
     <span class='ocr_line' id='line_1_18' title="bbox 498 1746 2145 1823; baseline 0.005 -21"><span class='ocrx_word' id='word_1_118' title='bbox 498 1746 698 1816; x_wconf 90' lang='lat' dir='ltr'>homo,</span> <span class='ocrx_word' id='word_1_119' title='bbox 719 1746 840 1803; x_wconf 89' lang='lat' dir='ltr'>sive</span> <span class='ocrx_word' id='word_1_120' title='bbox 856 1747 1146 1818; x_wconf 89' lang='lat' dir='ltr'>diabolus,</span> <span class='ocrx_word' id='word_1_121' title='bbox 1170 1754 1303 1805; x_wconf 89' lang='lat' dir='ltr'>ante</span> <span class='ocrx_word' id='word_1_122' title='bbox 1322 1751 1640 1823; x_wconf 84' lang='lat' dir='ltr'>perspicua</span> <span class='ocrx_word' id='word_1_123' title='bbox 1664 1754 1963 1809; x_wconf 88' lang='lat' dir='ltr'>sententia</span> <span class='ocrx_word' id='word_1_124' title='bbox 1993 1755 2145 1811; x_wconf 89' lang='lat' dir='ltr'>diem</span> 
     </span>
    </p>
   </div>
   <div class='ocr_carea' id='block_1_19' title="bbox 2214 682 3908 754">
    <p class='ocr_par' dir='ltr' id='par_1_19' title="bbox 2214 682 3908 754">
     <span class='ocr_line' id='line_1_19' title="bbox 2214 682 3908 754; baseline 0.004 -19"><span class='ocrx_word' id='word_1_125' title='bbox 2214 700 2219 706; x_wconf 94' lang='grc'><strong>·</strong></span> <span class='ocrx_word' id='word_1_126' title='bbox 2252 686 2341 736; x_wconf 89' lang='lat' dir='ltr'>est</span> <span class='ocrx_word' id='word_1_127' title='bbox 2370 698 2632 754; x_wconf 88' lang='lat' dir='ltr'>corpora,</span> <span class='ocrx_word' id='word_1_128' title='bbox 2668 682 3003 754; x_wconf 91' lang='lat' dir='ltr'>iniquorum</span> <span class='ocrx_word' id='word_1_129' title='bbox 3038 686 3177 737; x_wconf 91' lang='lat' dir='ltr'>sunt</span> <span class='ocrx_word' id='word_1_130' title='bbox 3224 684 3646 740; x_wconf 89' lang='lat' dir='ltr'>consumenda.</span> <span class='ocrx_word' id='word_1_131' title='bbox 3688 684 3771 740; x_wconf 90' lang='lat' dir='ltr'>De</span> <span class='ocrx_word' id='word_1_132' title='bbox 3792 684 3908 742; x_wconf 87' lang='lat' dir='ltr'>hoc</span> 
     </span>
    </p>
   </div>
   <div class='ocr_carea' id='block_1_20' title="bbox 2254 768 3905 844">
    <p class='ocr_par' dir='ltr' id='par_1_20' title="bbox 2254 768 3905 844">
     <span class='ocr_line' id='line_1_20' title="bbox 2254 768 3905 844; baseline 0.004 -22"><span class='ocrx_word' id='word_1_133' title='bbox 2254 768 2386 841; x_wconf 88' lang='lat' dir='ltr'>igne</span> <span class='ocrx_word' id='word_1_134' title='bbox 2443 775 2497 824; x_wconf 89' lang='lat' dir='ltr'>et</span> <span class='ocrx_word' id='word_1_135' title='bbox 2556 772 2783 843; x_wconf 87' lang='lat' dir='ltr'>Sophar</span> <span class='ocrx_word' id='word_1_136' title='bbox 2839 772 2895 826; x_wconf 89' lang='lat' dir='ltr'>in</span> <span class='ocrx_word' id='word_1_137' title='bbox 2957 771 3449 844; x_wconf 88' lang='lat' dir='ltr'>consequentibus</span> <span class='ocrx_word' id='word_1_138' title='bbox 3479 772 3606 828; x_wconf 88' lang='lat' dir='ltr'>ait:</span> <span class='ocrx_word' id='word_1_139' title='bbox 3648 772 3905 829; x_wconf 87' lang='lat' dir='ltr'>Devora-</span> 
     </span>
    </p>
   </div>
   <div class='ocr_carea' id='block_1_21' title="bbox 2253 855 3906 934">
    <p class='ocr_par' dir='ltr' id='par_1_21' title="bbox 2253 855 3906 934">
     <span class='ocr_line' id='line_1_21' title="bbox 2253 855 3906 934; baseline 0.004 -21"><span class='ocrx_word' id='word_1_140' title='bbox 2253 858 2339 913; x_wconf 89' lang='lat' dir='ltr'>bit</span> <span class='ocrx_word' id='word_1_141' title='bbox 2369 876 2503 914; x_wconf 91' lang='lat' dir='ltr'>eum</span> <span class='ocrx_word' id='word_1_142' title='bbox 2536 861 2673 932; x_wconf 84' lang='lat' dir='ltr'>(Job,</span> <span class='ocrx_word' id='word_1_143' title='bbox 2722 878 2830 931; x_wconf 76' lang='lat' dir='ltr'>xx,,</span> <span class='ocrx_word' id='word_1_144' title='bbox 2875 862 2965 932; x_wconf 85' lang='lat'>25)</span> <span class='ocrx_word' id='word_1_145' title='bbox 2997 860 3054 916; x_wconf 90' lang='lat' dir='ltr'>id</span> <span class='ocrx_word' id='word_1_146' title='bbox 3113 865 3201 917; x_wconf 90' lang='lat' dir='ltr'>est</span> <span class='ocrx_word' id='word_1_147' title='bbox 3256 855 3527 933; x_wconf 86' lang='lat' dir='ltr'>impium,</span> <span class='ocrx_word' id='word_1_148' title='bbox 3584 860 3740 934; x_wconf 90' lang='lat' dir='ltr'>ignis</span> <span class='ocrx_word' id='word_1_149' title='bbox 3798 862 3906 934; x_wconf 88' lang='lat' dir='ltr'>qui</span> 
     </span>
    </p>
   </div>
   <div class='ocr_carea' id='block_1_22' title="bbox 2254 950 2797 1005">
    <p class='ocr_par' dir='ltr' id='par_1_22' title="bbox 2254 950 2797 1005">
     <span class='ocr_line' id='line_1_22' title="bbox 2254 950 2797 1005; baseline 0.004 -3"><span class='ocrx_word' id='word_1_150' title='bbox 2254 964 2367 1002; x_wconf 89' lang='lat' dir='ltr'>non</span> <span class='ocrx_word' id='word_1_151' title='bbox 2400 950 2797 1005; x_wconf 89' lang='lat' dir='ltr'>succenditur.</span> 
     </span>
    </p>
   </div>
   <div class='ocr_carea' id='block_1_23' title="bbox 2325 1037 3909 1112">
    <p class='ocr_par' dir='ltr' id='par_1_23' title="bbox 2325 1037 3909 1112">
     <span class='ocr_line' id='line_1_23' title="bbox 2325 1037 3909 1112; baseline 0.005 -24"><span class='ocrx_word' id='word_1_152' title='bbox 2325 1060 2352 1087; x_wconf 91' lang='grc'><strong>‹‹</strong></span> <span class='ocrx_word' id='word_1_153' title='bbox 2386 1037 2662 1109; x_wconf 84' lang='lat' dir='ltr'>Concepit</span> <span class='ocrx_word' id='word_1_154' title='bbox 2693 1038 2975 1106; x_wconf 90' lang='lat' dir='ltr'>dolorem,</span> <span class='ocrx_word' id='word_1_155' title='bbox 3028 1042 3084 1095; x_wconf 92' lang='lat' dir='ltr'>et</span> <span class='ocrx_word' id='word_1_156' title='bbox 3142 1039 3366 1111; x_wconf 82' lang='lat' dir='ltr'>peperit</span> <span class='ocrx_word' id='word_1_157' title='bbox 3420 1038 3814 1112; x_wconf 84' lang='lat' dir='ltr'>iniquitatem,</span> <span class='ocrx_word' id='word_1_158' title='bbox 3847 1045 3909 1097; x_wconf 88' lang='lat' dir='ltr'>et</span> 
     </span>
    </p>
   </div>
   <div class='ocr_carea' id='block_1_24' title="bbox 2255 1127 3908 1202">
    <p class='ocr_par' dir='ltr' id='par_1_24' title="bbox 2255 1127 3908 1202">
     <span class='ocr_line' id='line_1_24' title="bbox 2255 1127 3908 1202; baseline 0.003 -22"><span class='ocrx_word' id='word_1_159' title='bbox 2255 1130 2458 1182; x_wconf 86' lang='lat' dir='ltr'>uterus</span> <span class='ocrx_word' id='word_1_160' title='bbox 2514 1127 2643 1198; x_wconf 83' lang='lat' dir='ltr'>ejus</span> <span class='ocrx_word' id='word_1_161' title='bbox 2699 1133 2986 1199; x_wconf 78' lang='lat' dir='ltr'>praeparat</span> <span class='ocrx_word' id='word_1_162' title='bbox 3063 1128 3249 1183; x_wconf 90' lang='lat' dir='ltr'>dolos.</span> <span class='ocrx_word' id='word_1_163' title='bbox 3315 1152 3342 1177; x_wconf 85' lang='grc'>››</span> <span class='ocrx_word' id='word_1_164' title='bbox 3402 1128 3581 1184; x_wconf 81' lang='lat' dir='ltr'>David</span> <span class='ocrx_word' id='word_1_165' title='bbox 3670 1145 3908 1202; x_wconf 85' lang='lat' dir='ltr'>quoque</span> 
     </span>
    </p>
   </div>
   <div class='ocr_carea' id='block_1_25' title="bbox 2256 1213 3911 1289">
    <p class='ocr_par' dir='ltr' id='par_1_25' title="bbox 2256 1213 3911 1289">
     <span class='ocr_line' id='line_1_25' title="bbox 2256 1213 3911 1289; baseline 0.003 -22"><span class='ocrx_word' id='word_1_166' title='bbox 2256 1213 2631 1282; x_wconf 90' lang='lat' dir='ltr'>postmodum</span> <span class='ocrx_word' id='word_1_167' title='bbox 2664 1215 2735 1269; x_wconf 90' lang='lat' dir='ltr'>de</span> <span class='ocrx_word' id='word_1_168' title='bbox 2769 1214 3111 1286; x_wconf 89' lang='lat' dir='ltr'>hujusmodi</span> <span class='ocrx_word' id='word_1_169' title='bbox 3142 1216 3222 1271; x_wconf 89' lang='lat' dir='ltr'>ita</span> <span class='ocrx_word' id='word_1_170' title='bbox 3256 1215 3401 1270; x_wconf 85' lang='lat' dir='ltr'>dixit</span> <span class='ocrx_word' id='word_1_171' title='bbox 3433 1232 3445 1271; x_wconf 90' lang='lat'>:</span> <span class='ocrx_word' id='word_1_172' title='bbox 3481 1216 3610 1273; x_wconf 84' lang='lat' dir='ltr'>Ecce</span> <span class='ocrx_word' id='word_1_173' title='bbox 3634 1218 3911 1289; x_wconf 66' lang='lat' dir='ltr'>periurii:</span> 
     </span>
    </p>
   </div>
   <div class='ocr_carea' id='block_1_26' title="bbox 2255 1302 3906 1377">
    <p class='ocr_par' dir='ltr' id='par_1_26' title="bbox 2255 1302 3906 1377">
     <span class='ocr_line' id='line_1_26' title="bbox 2255 1302 3906 1377; baseline 0.002 -21"><span class='ocrx_word' id='word_1_174' title='bbox 2255 1302 2615 1371; x_wconf 78' lang='lat' dir='ltr'>iniustitiam,</span> <span class='ocrx_word' id='word_1_175' title='bbox 2674 1305 2925 1375; x_wconf 75' lang='lat' dir='ltr'>concepit</span> <span class='ocrx_word' id='word_1_176' title='bbox 2971 1305 3221 1360; x_wconf 83' lang='lat' dir='ltr'>dolorem</span> <span class='ocrx_word' id='word_1_177' title='bbox 3287 1307 3500 1376; x_wconf 76' lang='lat' dir='ltr'>peperit</span> <span class='ocrx_word' id='word_1_178' title='bbox 3555 1306 3906 1377; x_wconf 73' lang='lat' dir='ltr'>iniquitatem</span> 
     </span>
    </p>
   </div>
   <div class='ocr_carea' id='block_1_27' title="bbox 2255 1391 3898 1466">
    <p class='ocr_par' dir='ltr' id='par_1_27' title="bbox 2255 1391 3898 1466">
     <span class='ocr_line' id='line_1_27' title="bbox 2255 1391 3898 1466; baseline 0.004 -23"><span class='ocrx_word' id='word_1_179' title='bbox 2255 1391 2423 1461; x_wconf 76' lang='lat' dir='ltr'>(l’sal.</span> <span class='ocrx_word' id='word_1_180' title='bbox 2456 1409 2557 1460; x_wconf 87' lang='lat' dir='ltr'>xu,</span> <span class='ocrx_word' id='word_1_181' title='bbox 2594 1391 2700 1463; x_wconf 82' lang='lat' dir='ltr'>l5).</span> <span class='ocrx_word' id='word_1_182' title='bbox 2735 1392 2907 1448; x_wconf 93' lang='lat' dir='ltr'>Dolor</span> <span class='ocrx_word' id='word_1_183' title='bbox 2934 1408 3072 1465; x_wconf 89' lang='lat' dir='ltr'>ergo</span> <span class='ocrx_word' id='word_1_184' title='bbox 3102 1397 3193 1449; x_wconf 90' lang='lat' dir='ltr'>est</span> <span class='ocrx_word' id='word_1_185' title='bbox 3222 1392 3533 1465; x_wconf 90' lang='lat' dir='ltr'>injustitia,</span> <span class='ocrx_word' id='word_1_186' title='bbox 3566 1397 3623 1449; x_wconf 90' lang='lat' dir='ltr'>et</span> <span class='ocrx_word' id='word_1_187' title='bbox 3668 1392 3898 1466; x_wconf 89' lang='lat' dir='ltr'>iniqui-</span> 
     </span>
    </p>
   </div>
   <div class='ocr_carea' id='block_1_28' title="bbox 2257 1480 3911 1555">
    <p class='ocr_par' dir='ltr' id='par_1_28' title="bbox 2257 1480 3911 1555">
     <span class='ocr_line' id='line_1_28' title="bbox 2257 1480 3911 1555; baseline 0.003 -23"><span class='ocrx_word' id='word_1_188' title='bbox 2257 1483 2366 1533; x_wconf 87' lang='lat' dir='ltr'>tas.</span> <span class='ocrx_word' id='word_1_189' title='bbox 2400 1480 2516 1535; x_wconf 83' lang='lat' dir='ltr'>Hoc</span> <span class='ocrx_word' id='word_1_190' title='bbox 2547 1497 2682 1553; x_wconf 91' lang='lat' dir='ltr'>ergo</span> <span class='ocrx_word' id='word_1_191' title='bbox 2713 1481 2932 1552; x_wconf 89' lang='lat' dir='ltr'>impius</span> <span class='ocrx_word' id='word_1_192' title='bbox 2965 1481 3187 1554; x_wconf 91' lang='lat' dir='ltr'>peperit</span> <span class='ocrx_word' id='word_1_193' title='bbox 3245 1483 3398 1554; x_wconf 90' lang='lat' dir='ltr'>quod</span> <span class='ocrx_word' id='word_1_194' title='bbox 3450 1488 3816 1555; x_wconf 86' lang='lat' dir='ltr'>conceperat,</span> <span class='ocrx_word' id='word_1_195' title='bbox 3849 1486 3911 1538; x_wconf 88' lang='lat' dir='ltr'>et</span> 
     </span>
    </p>
   </div>
   <div class='ocr_carea' id='block_1_29' title="bbox 2255 1570 3909 1644">
    <p class='ocr_par' dir='ltr' id='par_1_29' title="bbox 2255 1570 3909 1644">
     <span class='ocr_line' id='line_1_29' title="bbox 2255 1570 3909 1644; baseline 0.002 -22"><span class='ocrx_word' id='word_1_196' title='bbox 2255 1573 2454 1624; x_wconf 87' lang='lat' dir='ltr'>tamen</span> <span class='ocrx_word' id='word_1_197' title='bbox 2491 1574 2695 1626; x_wconf 91' lang='lat' dir='ltr'>uterus</span> <span class='ocrx_word' id='word_1_198' title='bbox 2752 1570 2944 1627; x_wconf 90' lang='lat' dir='ltr'>cordis</span> <span class='ocrx_word' id='word_1_199' title='bbox 3000 1572 3130 1642; x_wconf 86' lang='lat' dir='ltr'>ejus</span> <span class='ocrx_word' id='word_1_200' title='bbox 3190 1571 3353 1627; x_wconf 92' lang='lat' dir='ltr'>dolos</span> <span class='ocrx_word' id='word_1_201' title='bbox 3401 1588 3727 1644; x_wconf 83' lang='lat' dir='ltr'>praparare</span> <span class='ocrx_word' id='word_1_202' title='bbox 3786 1587 3909 1628; x_wconf 86' lang='lat' dir='ltr'>non</span> 
     </span>
    </p>
   </div>
   <div class='ocr_carea' id='block_1_30' title="bbox 2257 1656 3911 1732">
    <p class='ocr_par' dir='ltr' id='par_1_30' title="bbox 2257 1656 3911 1732">
     <span class='ocr_line' id='line_1_30' title="bbox 2257 1656 3911 1732; baseline 0.004 -22"><span class='ocrx_word' id='word_1_203' title='bbox 2257 1656 2491 1712; x_wconf 85' lang='lat' dir='ltr'>desinit.</span> <span class='ocrx_word' id='word_1_204' title='bbox 2539 1658 2694 1722; x_wconf 87' lang='lat' dir='ltr'>Quos</span> <span class='ocrx_word' id='word_1_205' title='bbox 2725 1664 2863 1713; x_wconf 85' lang='lat' dir='ltr'>tunc</span> <span class='ocrx_word' id='word_1_206' title='bbox 2896 1659 3033 1726; x_wconf 90' lang='lat' dir='ltr'>edit,</span> <span class='ocrx_word' id='word_1_207' title='bbox 3094 1660 3329 1732; x_wconf 90' lang='lat' dir='ltr'>quando</span> <span class='ocrx_word' id='word_1_208' title='bbox 3385 1677 3561 1732; x_wconf 90' lang='lat' dir='ltr'>opera</span> <span class='ocrx_word' id='word_1_209' title='bbox 3593 1660 3653 1716; x_wconf 89' lang='lat' dir='ltr'>in</span> <span class='ocrx_word' id='word_1_210' title='bbox 3686 1661 3911 1717; x_wconf 85' lang='lat' dir='ltr'>factum</span> 
     </span>
    </p>
   </div>
   <div class='ocr_carea' id='block_1_31' title="bbox 2259 1747 3910 1830">
    <p class='ocr_par' dir='ltr' id='par_1_31' title="bbox 2259 1747 3910 1830">
     <span class='ocr_line' id='line_1_31' title="bbox 2259 1747 3910 1830; baseline 0.004 -30"><span class='ocrx_word' id='word_1_211' title='bbox 2259 1747 2601 1815; x_wconf 88' lang='lat' dir='ltr'>procedunt.</span> <span class='ocrx_word' id='word_1_212' title='bbox 2661 1748 2722 1802; x_wconf 92' lang='lat' dir='ltr'>In</span> <span class='ocrx_word' id='word_1_213' title='bbox 2783 1751 3069 1820; x_wconf 88' lang='lat' dir='ltr'>conceptu</span> <span class='ocrx_word' id='word_1_214' title='bbox 3120 1748 3317 1821; x_wconf 89' lang='lat' dir='ltr'>itaque</span> <span class='ocrx_word' id='word_1_215' title='bbox 3372 1748 3576 1830; x_wconf 89' lang='lat' dir='ltr'>iniqua</span> <span class='ocrx_word' id='word_1_216' title='bbox 3631 1749 3910 1823; x_wconf 86' lang='lat' dir='ltr'>cogitatio</span> 
     </span>
    </p>
   </div>
   <div class='ocr_carea' id='block_1_32' title="bbox 499 1833 3913 1941">
    <p class='ocr_par' dir='ltr' id='par_1_32' title="bbox 499 1833 3913 1941">
     <span class='ocr_line' id='line_1_32' title="bbox 499 1833 3913 1941; baseline 0.003 -49"><span class='ocrx_word' id='word_1_217' title='bbox 499 1851 679 1910; x_wconf 91' lang='lat' dir='ltr'>quam</span> <span class='ocrx_word' id='word_1_218' title='bbox 709 1835 794 1893; x_wconf 91' lang='lat' dir='ltr'>eis</span> <span class='ocrx_word' id='word_1_219' title='bbox 823 1836 1110 1894; x_wconf 90' lang='lat' dir='ltr'>Dominus</span> <span class='ocrx_word' id='word_1_220' title='bbox 1140 1838 1198 1893; x_wconf 92' lang='lat' dir='ltr'>in</span> <span class='ocrx_word' id='word_1_221' title='bbox 1217 1837 1439 1908; x_wconf 86' lang='lat' dir='ltr'>judicio</span> <span class='ocrx_word' id='word_1_222' title='bbox 1469 1841 1714 1897; x_wconf 88' lang='lat' dir='ltr'>daturus</span> <span class='ocrx_word' id='word_1_223' title='bbox 1746 1847 1870 1899; x_wconf 90' lang='lat' dir='ltr'>est:</span> <span class='ocrx_word' id='word_1_224' title='bbox 1898 1844 2151 1916; x_wconf 85' lang='lat' dir='ltr'>prasciit</span> <span class='ocrx_word' id='word_1_225' title='bbox 2181 1874 2231 1941; x_wconf 83' lang='lat' dir='ltr'><strong>B</strong></span> <span class='ocrx_word' id='word_1_226' title='bbox 2259 1833 2625 1941; x_wconf 45' lang='lat' dir='ltr'>{stelligitun</span> <span class='ocrx_word' id='word_1_227' title='bbox 2660 1836 2811 1936; x_wconf 60' lang='lat' dir='ltr'>Sifiut</span> <span class='ocrx_word' id='word_1_228' title='bbox 2845 1836 2901 1891; x_wconf 73' lang='lat' dir='ltr'>in</span> <span class='ocrx_word' id='word_1_229' title='bbox 2950 1840 3120 1941; x_wconf 46' lang='lat' dir='ltr'>p‘artu</span> <span class='ocrx_word' id='word_1_230' title='bbox 3173 1838 3413 1941; x_wconf 57' lang='grc' dir='ltr'>εΠθίξίιξε</span> <span class='ocrx_word' id='word_1_231' title='bbox 3456 1837 3639 1941; x_wconf 46' lang='lat' dir='ltr'>‘malae</span> <span class='ocrx_word' id='word_1_232' title='bbox 3697 1837 3913 1937; x_wconf 47' lang='lat' dir='ltr'>(Segim-</span> 
     </span>
    </p>
   </div>
   <div class='ocr_carea' id='block_1_33' title="bbox 500 1923 2150 2004">
    <p class='ocr_par' dir='ltr' id='par_1_33' title="bbox 500 1923 2150 2004">
     <span class='ocr_line' id='line_1_33' title="bbox 500 1923 2150 2004; baseline 0.005 -24"><span class='ocrx_word' id='word_1_233' title='bbox 500 1923 561 1981; x_wconf 90' lang='lat' dir='ltr'>in</span> <span class='ocrx_word' id='word_1_234' title='bbox 594 1924 1101 1997; x_wconf 84' lang='lat' dir='ltr'>pradestinatione</span> <span class='ocrx_word' id='word_1_235' title='bbox 1131 1928 1237 1993; x_wconf 82' lang='grc' dir='ltr'>[ΑΙ.</span> <span class='ocrx_word' id='word_1_236' title='bbox 1271 1928 1574 1999; x_wconf 84' lang='lat' dir='ltr'>prascitus</span> <span class='ocrx_word' id='word_1_237' title='bbox 1604 1929 1852 2001; x_wconf 87' lang='lat' dir='ltr'>peribit:</span> <span class='ocrx_word' id='word_1_238' title='bbox 1886 1933 2038 1989; x_wconf 89' lang='lat' dir='ltr'>sicut</span> <span class='ocrx_word' id='word_1_239' title='bbox 2068 1934 2150 2004; x_wconf 92' lang='lat' dir='ltr'>in,</span> 
     </span>
    </p>
   </div>
   <div class='ocr_carea' id='block_1_34' title="bbox 501 2015 649 2087">
    <p class='ocr_par' dir='ltr' id='par_1_34' title="bbox 501 2015 649 2087">
     <span class='ocr_line' id='line_1_34' title="bbox 501 2015 649 2087; baseline -0.007 -17"><span class='ocrx_word' id='word_1_240' title='bbox 501 2015 649 2087; x_wconf 81' lang='lat' dir='ltr'>etc.].</span> 
     </span>
    </p>
   </div>
   <div class='ocr_carea' id='block_1_35' title="bbox 573 2103 2149 2183">
    <p class='ocr_par' dir='ltr' id='par_1_35' title="bbox 573 2103 2149 2183">
     <span class='ocr_line' id='line_1_35' title="bbox 573 2103 2149 2183; baseline 0.008 -28"><span class='ocrx_word' id='word_1_241' title='bbox 573 2125 603 2154; x_wconf 82' lang='lat'><strong>«</strong></span> <span class='ocrx_word' id='word_1_242' title='bbox 633 2107 701 2159; x_wconf 86' lang='lat' dir='ltr'>Et</span> <span class='ocrx_word' id='word_1_243' title='bbox 730 2120 945 2160; x_wconf 85' lang='lat' dir='ltr'>manus</span> <span class='ocrx_word' id='word_1_244' title='bbox 974 2103 1102 2176; x_wconf 90' lang='lat' dir='ltr'>ejus</span> <span class='ocrx_word' id='word_1_245' title='bbox 1131 2110 1416 2161; x_wconf 88' lang='lat' dir='ltr'>arescent.</span> <span class='ocrx_word' id='word_1_246' title='bbox 1452 2128 1481 2157; x_wconf 85' lang='lat'>»</span> <span class='ocrx_word' id='word_1_247' title='bbox 1513 2106 1750 2165; x_wconf 90' lang='lat' dir='ltr'>Nullum</span> <span class='ocrx_word' id='word_1_248' title='bbox 1782 2110 1983 2183; x_wconf 89' lang='lat' dir='ltr'>utique</span> <span class='ocrx_word' id='word_1_249' title='bbox 2014 2112 2149 2167; x_wconf 91' lang='lat' dir='ltr'>boni</span> 
     </span>
    </p>
   </div>
   <div class='ocr_carea' id='block_1_36' title="bbox 500 2189 1446 2263">
    <p class='ocr_par' dir='ltr' id='par_1_36' title="bbox 500 2189 1446 2263">
     <span class='ocr_line' id='line_1_36' title="bbox 500 2189 1446 2263; baseline 0.001 -16"><span class='ocrx_word' id='word_1_250' title='bbox 500 2190 695 2263; x_wconf 89' lang='lat' dir='ltr'>operis</span> <span class='ocrx_word' id='word_1_251' title='bbox 725 2191 984 2247; x_wconf 87' lang='lat' dir='ltr'>fructum</span> <span class='ocrx_word' id='word_1_252' title='bbox 1015 2189 1075 2246; x_wconf 93' lang='lat' dir='ltr'>in</span> <span class='ocrx_word' id='word_1_253' title='bbox 1108 2208 1170 2248; x_wconf 91' lang='lat' dir='ltr'>se</span> <span class='ocrx_word' id='word_1_254' title='bbox 1200 2191 1446 2248; x_wconf 89' lang='lat' dir='ltr'>habens.</span> 
     </span>
    </p>
   </div>
   <div class='ocr_carea' id='block_1_37' title="bbox 584 2280 2149 2357">
    <p class='ocr_par' dir='ltr' id='par_1_37' title="bbox 584 2280 2149 2357">
     <span class='ocr_line' id='line_1_37' title="bbox 584 2280 2149 2357; baseline 0.003 -21"><span class='ocrx_word' id='word_1_255' title='bbox 584 2298 608 2330; x_wconf 78' lang='grc' dir='ltr'>ι</span> <span class='ocrx_word' id='word_1_256' title='bbox 640 2280 904 2337; x_wconf 80' lang='lat' dir='ltr'>Ladetur</span> <span class='ocrx_word' id='word_1_257' title='bbox 931 2280 1099 2353; x_wconf 88' lang='lat' dir='ltr'>quasi</span> <span class='ocrx_word' id='word_1_258' title='bbox 1122 2281 1289 2337; x_wconf 91' lang='lat' dir='ltr'>vinea</span> <span class='ocrx_word' id='word_1_259' title='bbox 1317 2281 1374 2336; x_wconf 91' lang='lat' dir='ltr'>in</span> <span class='ocrx_word' id='word_1_260' title='bbox 1409 2282 1596 2354; x_wconf 90' lang='lat' dir='ltr'>primo</span> <span class='ocrx_word' id='word_1_261' title='bbox 1620 2285 1758 2341; x_wconf 91' lang='lat' dir='ltr'>ﬂore</span> <span class='ocrx_word' id='word_1_262' title='bbox 1780 2286 1981 2341; x_wconf 91' lang='lat' dir='ltr'>botrus</span> <span class='ocrx_word' id='word_1_263' title='bbox 2001 2287 2149 2357; x_wconf 89' lang='lat' dir='ltr'>ejus,</span> 
     </span>
    </p>
   </div>
   <div class='ocr_carea' id='block_1_38' title="bbox 505 2368 2150 2442">
    <p class='ocr_par' dir='ltr' id='par_1_38' title="bbox 505 2368 2150 2442">
     <span class='ocr_line' id='line_1_38' title="bbox 505 2368 2150 2442; baseline 0.005 -17"><span class='ocrx_word' id='word_1_264' title='bbox 505 2372 565 2426; x_wconf 90' lang='lat' dir='ltr'>et</span> <span class='ocrx_word' id='word_1_265' title='bbox 592 2369 764 2442; x_wconf 88' lang='lat' dir='ltr'>quasi</span> <span class='ocrx_word' id='word_1_266' title='bbox 793 2368 942 2425; x_wconf 90' lang='lat' dir='ltr'>oliva</span> <span class='ocrx_word' id='word_1_267' title='bbox 991 2370 1302 2442; x_wconf 90' lang='lat' dir='ltr'>projiciens</span> <span class='ocrx_word' id='word_1_268' title='bbox 1354 2372 1554 2428; x_wconf 90' lang='lat' dir='ltr'>ﬂorem</span> <span class='ocrx_word' id='word_1_269' title='bbox 1586 2391 1781 2429; x_wconf 91' lang='lat' dir='ltr'>suum.</span> <span class='ocrx_word' id='word_1_270' title='bbox 1820 2399 1846 2424; x_wconf 86' lang='grc'><strong>››</strong></span> <span class='ocrx_word' id='word_1_271' title='bbox 1890 2377 1954 2431; x_wconf 88' lang='lat' dir='ltr'>In</span> <span class='ocrx_word' id='word_1_272' title='bbox 1986 2378 2150 2433; x_wconf 91' lang='lat' dir='ltr'>botro</span> 
     </span>
    </p>
   </div>
   <div class='ocr_carea' id='block_1_39' title="bbox 508 2455 2154 2538">
    <p class='ocr_par' dir='ltr' id='par_1_39' title="bbox 508 2455 2154 2538">
     <span class='ocr_line' id='line_1_39' title="bbox 508 2455 2154 2538; baseline 0.004 -23"><span class='ocrx_word' id='word_1_273' title='bbox 508 2455 654 2515; x_wconf 87' lang='lat' dir='ltr'>nulli</span> <span class='ocrx_word' id='word_1_274' title='bbox 686 2457 954 2526; x_wconf 89' lang='lat' dir='ltr'>dubium,</span> <span class='ocrx_word' id='word_1_275' title='bbox 986 2460 1139 2531; x_wconf 90' lang='lat' dir='ltr'>quod</span> <span class='ocrx_word' id='word_1_276' title='bbox 1174 2460 1397 2517; x_wconf 79' lang='lat' dir='ltr'>fructus</span> <span class='ocrx_word' id='word_1_277' title='bbox 1414 2462 1607 2534; x_wconf 91' lang='lat' dir='ltr'>operis</span> <span class='ocrx_word' id='word_1_278' title='bbox 1636 2463 1997 2538; x_wconf 86' lang='lat' dir='ltr'>intelligatur</span> <span class='ocrx_word' id='word_1_279' title='bbox 2018 2484 2154 2538; x_wconf 86' lang='lat' dir='ltr'>pra-</span> 
     </span>
    </p>
   </div>
   <div class='ocr_carea' id='block_1_40' title="bbox 504 2546 2149 2624">
    <p class='ocr_par' dir='ltr' id='par_1_40' title="bbox 504 2546 2149 2624">
     <span class='ocr_line' id='line_1_40' title="bbox 504 2546 2149 2624; baseline 0.006 -22"><span class='ocrx_word' id='word_1_280' title='bbox 504 2546 720 2614; x_wconf 89' lang='lat' dir='ltr'>dictus,</span> <span class='ocrx_word' id='word_1_281' title='bbox 753 2546 936 2620; x_wconf 88' lang='lat' dir='ltr'>igitur</span> <span class='ocrx_word' id='word_1_282' title='bbox 964 2549 1163 2605; x_wconf 89' lang='lat' dir='ltr'>ﬂorem</span> <span class='ocrx_word' id='word_1_283' title='bbox 1192 2549 1390 2622; x_wconf 91' lang='lat' dir='ltr'>gaudii</span> <span class='ocrx_word' id='word_1_284' title='bbox 1424 2552 1783 2624; x_wconf 90' lang='lat' dir='ltr'>temporalis,</span> <span class='ocrx_word' id='word_1_285' title='bbox 1808 2556 1877 2609; x_wconf 89' lang='lat' dir='ltr'>ad</span> <span class='ocrx_word' id='word_1_286' title='bbox 1905 2557 2149 2612; x_wconf 91' lang='lat' dir='ltr'>maturi-</span> 
     </span>
    </p>
   </div>
   <div class='ocr_carea' id='block_1_41' title="bbox 504 2635 2149 2715">
    <p class='ocr_par' dir='ltr' id='par_1_41' title="bbox 504 2635 2149 2715">
     <span class='ocr_line' id='line_1_41' title="bbox 504 2635 2149 2715; baseline 0.006 -24"><span class='ocrx_word' id='word_1_287' title='bbox 504 2638 688 2692; x_wconf 89' lang='lat' dir='ltr'>tatem</span> <span class='ocrx_word' id='word_1_288' title='bbox 728 2635 954 2692; x_wconf 87' lang='lat' dir='ltr'>fructus</span> <span class='ocrx_word' id='word_1_289' title='bbox 1010 2638 1271 2709; x_wconf 86' lang='lat' dir='ltr'>perpetui</span> <span class='ocrx_word' id='word_1_290' title='bbox 1321 2641 1637 2711; x_wconf 89' lang='lat' dir='ltr'>perducere</span> <span class='ocrx_word' id='word_1_291' title='bbox 1667 2660 1781 2698; x_wconf 90' lang='lat' dir='ltr'>non</span> <span class='ocrx_word' id='word_1_292' title='bbox 1816 2644 2050 2715; x_wconf 85' lang='lat' dir='ltr'>valebit,</span> <span class='ocrx_word' id='word_1_293' title='bbox 2084 2662 2149 2701; x_wconf 88' lang='lat' dir='ltr'>eo</span> 
     </span>
    </p>
   </div>
   <div class='ocr_carea' id='block_1_42' title="bbox 506 2724 2150 2802">
    <p class='ocr_par' dir='ltr' id='par_1_42' title="bbox 506 2724 2150 2802">
     <span class='ocr_line' id='line_1_42' title="bbox 506 2724 2150 2802; baseline 0.005 -20"><span class='ocrx_word' id='word_1_294' title='bbox 506 2725 662 2799; x_wconf 89' lang='lat' dir='ltr'>quod</span> <span class='ocrx_word' id='word_1_295' title='bbox 720 2724 779 2780; x_wconf 90' lang='lat' dir='ltr'>in</span> <span class='ocrx_word' id='word_1_296' title='bbox 839 2741 942 2797; x_wconf 88' lang='lat' dir='ltr'>spe</span> <span class='ocrx_word' id='word_1_297' title='bbox 974 2725 1101 2797; x_wconf 89' lang='lat' dir='ltr'>ipsa</span> <span class='ocrx_word' id='word_1_298' title='bbox 1158 2727 1457 2784; x_wconf 87' lang='lat' dir='ltr'>mendacis</span> <span class='ocrx_word' id='word_1_299' title='bbox 1512 2729 1727 2802; x_wconf 84' lang='lat' dir='ltr'>gloria,</span> <span class='ocrx_word' id='word_1_300' title='bbox 1761 2731 1948 2788; x_wconf 90' lang='lat' dir='ltr'>calido</span> <span class='ocrx_word' id='word_1_301' title='bbox 1980 2740 2150 2791; x_wconf 87' lang='lat' dir='ltr'>vento</span> 
     </span>
    </p>
   </div>
   <div class='ocr_carea' id='block_1_43' title="bbox 503 2813 2147 2892">
    <p class='ocr_par' dir='ltr' id='par_1_43' title="bbox 503 2813 2147 2892">
     <span class='ocr_line' id='line_1_43' title="bbox 503 2813 2147 2892; baseline 0.004 -21"><span class='ocrx_word' id='word_1_302' title='bbox 503 2813 788 2885; x_wconf 83' lang='lat' dir='ltr'>superbia</span> <span class='ocrx_word' id='word_1_303' title='bbox 840 2813 1249 2887; x_wconf 85' lang='lat' dir='ltr'>dissipabitur.</span> <span class='ocrx_word' id='word_1_304' title='bbox 1275 2816 1403 2873; x_wconf 87' lang='lat' dir='ltr'>Sive</span> <span class='ocrx_word' id='word_1_305' title='bbox 1444 2817 1655 2891; x_wconf 83' lang='lat' dir='ltr'>frigore</span> <span class='ocrx_word' id='word_1_306' title='bbox 1695 2820 1994 2878; x_wconf 80' lang='lat' dir='ltr'>charitatis</span> <span class='ocrx_word' id='word_1_307' title='bbox 2031 2823 2147 2892; x_wconf 89' lang='lat' dir='ltr'>Dei,</span> 
     </span>
    </p>
   </div>
   <div class='ocr_carea' id='block_1_44' title="bbox 500 2902 2150 2974">
    <p class='ocr_par' dir='ltr' id='par_1_44' title="bbox 500 2902 2150 2974">
     <span class='ocr_line' id='line_1_44' title="bbox 500 2902 2150 2974; baseline 0.005 -15"><span class='ocrx_word' id='word_1_308' title='bbox 500 2902 660 2959; x_wconf 90' lang='lat' dir='ltr'>velut</span> <span class='ocrx_word' id='word_1_309' title='bbox 688 2920 723 2959; x_wconf 85' lang='lat' dir='ltr'>a</span> <span class='ocrx_word' id='word_1_310' title='bbox 752 2902 961 2974; x_wconf 87' lang='lat' dir='ltr'>pruina</span> <span class='ocrx_word' id='word_1_311' title='bbox 1007 2903 1271 2971; x_wconf 85' lang='lat' dir='ltr'>ladetur,</span> <span class='ocrx_word' id='word_1_312' title='bbox 1303 2905 1456 2962; x_wconf 91' lang='lat' dir='ltr'>sicut</span> <span class='ocrx_word' id='word_1_313' title='bbox 1500 2909 1701 2963; x_wconf 90' lang='lat' dir='ltr'>eodem</span> <span class='ocrx_word' id='word_1_314' title='bbox 1737 2926 1913 2967; x_wconf 90' lang='lat' dir='ltr'>sensu</span> <span class='ocrx_word' id='word_1_315' title='bbox 1963 2912 2023 2966; x_wconf 90' lang='lat' dir='ltr'>in</span> <span class='ocrx_word' id='word_1_316' title='bbox 2056 2930 2150 2967; x_wconf 90' lang='lat' dir='ltr'>se-</span> 
     </span>
    </p>
   </div>
   <div class='ocr_carea' id='block_1_45' title="bbox 504 2991 2151 3071">
    <p class='ocr_par' dir='ltr' id='par_1_45' title="bbox 504 2991 2151 3071">
     <span class='ocr_line' id='line_1_45' title="bbox 504 2991 2151 3071; baseline 0.007 -24"><span class='ocrx_word' id='word_1_317' title='bbox 504 2991 825 3063; x_wconf 88' lang='lat' dir='ltr'>quentibus</span> <span class='ocrx_word' id='word_1_318' title='bbox 846 2991 1098 3048; x_wconf 88' lang='lat' dir='ltr'>arbitror</span> <span class='ocrx_word' id='word_1_319' title='bbox 1127 2994 1445 3050; x_wconf 91' lang='lat' dir='ltr'>dictum.Et</span> <span class='ocrx_word' id='word_1_320' title='bbox 1474 2997 1642 3067; x_wconf 91' lang='lat' dir='ltr'>quasi</span> <span class='ocrx_word' id='word_1_321' title='bbox 1674 2997 1821 3053; x_wconf 81' lang='lat' dir='ltr'>oliva</span> <span class='ocrx_word' id='word_1_322' title='bbox 1837 2999 2151 3071; x_wconf 89' lang='lat' dir='ltr'>projiciens</span> 
     </span>
    </p>
   </div>
   <div class='ocr_carea' id='block_1_46' title="bbox 504 3079 2152 3159">
    <p class='ocr_par' dir='ltr' id='par_1_46' title="bbox 504 3079 2152 3159">
     <span class='ocr_line' id='line_1_46' title="bbox 504 3079 2152 3159; baseline 0.005 -21"><span class='ocrx_word' id='word_1_323' title='bbox 504 3079 707 3138; x_wconf 85' lang='lat' dir='ltr'>ﬂorem</span> <span class='ocrx_word' id='word_1_324' title='bbox 756 3096 954 3136; x_wconf 91' lang='lat' dir='ltr'>suum.</span> <span class='ocrx_word' id='word_1_325' title='bbox 989 3079 1152 3137; x_wconf 87' lang='lat' dir='ltr'>Oliva</span> <span class='ocrx_word' id='word_1_326' title='bbox 1188 3083 1345 3138; x_wconf 90' lang='lat' dir='ltr'>enim</span> <span class='ocrx_word' id='word_1_327' title='bbox 1382 3084 1438 3139; x_wconf 90' lang='lat' dir='ltr'>in</span> <span class='ocrx_word' id='word_1_328' title='bbox 1471 3086 1787 3157; x_wconf 91' lang='lat' dir='ltr'>Scripturis</span> <span class='ocrx_word' id='word_1_329' title='bbox 1830 3089 2061 3159; x_wconf 89' lang='lat' dir='ltr'>divinis,</span> <span class='ocrx_word' id='word_1_330' title='bbox 2096 3096 2152 3146; x_wconf 92' lang='lat' dir='ltr'>et</span> 
     </span>
    </p>
   </div>
   <div class='ocr_carea' id='block_1_47' title="bbox 501 3165 2149 3247">
    <p class='ocr_par' dir='ltr' id='par_1_47' title="bbox 501 3165 2149 3247">
     <span class='ocr_line' id='line_1_47' title="bbox 501 3165 2149 3247; baseline 0.005 -22"><span class='ocrx_word' id='word_1_331' title='bbox 501 3168 691 3239; x_wconf 90' lang='lat' dir='ltr'>vinea,</span> <span class='ocrx_word' id='word_1_332' title='bbox 737 3165 1051 3241; x_wconf 71' lang='lat' dir='ltr'>aliquando</span> <span class='ocrx_word' id='word_1_333' title='bbox 1099 3170 1272 3227; x_wconf 91' lang='lat' dir='ltr'>homo</span> <span class='ocrx_word' id='word_1_334' title='bbox 1319 3176 1545 3228; x_wconf 85' lang='lat' dir='ltr'>tantum</span> <span class='ocrx_word' id='word_1_335' title='bbox 1596 3175 2007 3247; x_wconf 87' lang='lat' dir='ltr'>signiﬁcatur:</span> <span class='ocrx_word' id='word_1_336' title='bbox 2044 3179 2149 3234; x_wconf 87' lang='lat' dir='ltr'>ali-</span> 
     </span>
    </p>
   </div>
   <div class='ocr_carea' id='block_1_48' title="bbox 2262 1922 3913 1996">
    <p class='ocr_par' dir='ltr' id='par_1_48' title="bbox 2262 1922 3913 1996">
     <span class='ocr_line' id='line_1_48' title="bbox 2262 1922 3913 1996; baseline 0.004 -20"><span class='ocrx_word' id='word_1_337' title='bbox 2262 1922 2440 1978; x_wconf 88' lang='lat' dir='ltr'>tionis</span> <span class='ocrx_word' id='word_1_338' title='bbox 2487 1925 2843 1996; x_wconf 84' lang='lat' dir='ltr'>agnoscitur.</span> <span class='ocrx_word' id='word_1_339' title='bbox 2906 1926 3229 1983; x_wconf 83' lang='lat' dir='ltr'>Adversum</span> <span class='ocrx_word' id='word_1_340' title='bbox 3286 1926 3397 1983; x_wconf 91' lang='lat' dir='ltr'>Job</span> <span class='ocrx_word' id='word_1_341' title='bbox 3456 1926 3578 1983; x_wconf 92' lang='lat' dir='ltr'>hac</span> <span class='ocrx_word' id='word_1_342' title='bbox 3635 1928 3913 1984; x_wconf 86' lang='lat' dir='ltr'>universa</span> 
     </span>
    </p>
   </div>
   <div class='ocr_carea' id='block_1_49' title="bbox 2261 2011 3910 2089">
    <p class='ocr_par' dir='ltr' id='par_1_49' title="bbox 2261 2011 3910 2089">
     <span class='ocr_line' id='line_1_49' title="bbox 2261 2011 3910 2089; baseline 0.004 -24"><span class='ocrx_word' id='word_1_343' title='bbox 2261 2011 2500 2084; x_wconf 89' lang='lat' dir='ltr'>Elipbaz</span> <span class='ocrx_word' id='word_1_344' title='bbox 2543 2013 2774 2070; x_wconf 91' lang='lat' dir='ltr'>locutus</span> <span class='ocrx_word' id='word_1_345' title='bbox 2802 2018 2893 2069; x_wconf 89' lang='lat' dir='ltr'>est</span> <span class='ocrx_word' id='word_1_346' title='bbox 2939 2031 2951 2069; x_wconf 93' lang='lat'>:</span> <span class='ocrx_word' id='word_1_347' title='bbox 2987 2016 3085 2071; x_wconf 91' lang='lat' dir='ltr'>scd</span> <span class='ocrx_word' id='word_1_348' title='bbox 3121 2016 3248 2087; x_wconf 88' lang='lat' dir='ltr'>jam</span> <span class='ocrx_word' id='word_1_349' title='bbox 3307 2017 3579 2089; x_wconf 89' lang='lat' dir='ltr'>superius</span> <span class='ocrx_word' id='word_1_350' title='bbox 3627 2015 3910 2083; x_wconf 82' lang='lat' dir='ltr'>diximus,</span> 
     </span>
    </p>
   </div>
   <div class='ocr_carea' id='block_1_50' title="bbox 2263 2101 3911 2178">
    <p class='ocr_par' dir='ltr' id='par_1_50' title="bbox 2263 2101 3911 2178">
     <span class='ocr_line' id='line_1_50' title="bbox 2263 2101 3911 2178; baseline 0.005 -25"><span class='ocrx_word' id='word_1_351' title='bbox 2263 2101 2418 2172; x_wconf 91' lang='lat' dir='ltr'>quod</span> <span class='ocrx_word' id='word_1_352' title='bbox 2463 2102 3012 2158; x_wconf 90' lang='lat' dir='ltr'>subministratione</span> <span class='ocrx_word' id='word_1_353' title='bbox 3067 2104 3388 2177; x_wconf 88' lang='lat' dir='ltr'>prophetia</span> <span class='ocrx_word' id='word_1_354' title='bbox 3444 2122 3542 2177; x_wconf 91' lang='lat' dir='ltr'>per</span> <span class='ocrx_word' id='word_1_355' title='bbox 3598 2122 3911 2178; x_wconf 85' lang='lat' dir='ltr'>personam</span> 
     </span>
    </p>
   </div>
   <div class='ocr_carea' id='block_1_51' title="bbox 2259 2186 3913 2265">
    <p class='ocr_par' dir='ltr' id='par_1_51' title="bbox 2259 2186 3913 2265">
     <span class='ocr_line' id='line_1_51' title="bbox 2259 2186 3913 2265; baseline 0.005 -23"><span class='ocrx_word' id='word_1_356' title='bbox 2259 2186 2389 2258; x_wconf 91' lang='lat' dir='ltr'>Job,</span> <span class='ocrx_word' id='word_1_357' title='bbox 2423 2189 2658 2245; x_wconf 88' lang='lat' dir='ltr'>diabolo</span> <span class='ocrx_word' id='word_1_358' title='bbox 2684 2190 2771 2245; x_wconf 86' lang='lat' dir='ltr'>vel</span> <span class='ocrx_word' id='word_1_359' title='bbox 2802 2192 3043 2247; x_wconf 90' lang='lat' dir='ltr'>cuilibet</span> <span class='ocrx_word' id='word_1_360' title='bbox 3076 2192 3303 2249; x_wconf 90' lang='lat' dir='ltr'>homini</span> <span class='ocrx_word' id='word_1_361' title='bbox 3359 2192 3543 2265; x_wconf 91' lang='lat' dir='ltr'>impio</span> <span class='ocrx_word' id='word_1_362' title='bbox 3600 2194 3756 2250; x_wconf 88' lang='lat' dir='ltr'>dicta</span> <span class='ocrx_word' id='word_1_363' title='bbox 3784 2194 3913 2250; x_wconf 83' lang='lat' dir='ltr'>hac</span> 
     </span>
    </p>
   </div>
   <div class='ocr_carea' id='block_1_52' title="bbox 2259 2276 3911 2354">
    <p class='ocr_par' dir='ltr' id='par_1_52' title="bbox 2259 2276 3911 2354">
     <span class='ocr_line' id='line_1_52' title="bbox 2259 2276 3911 2354; baseline 0.003 -22"><span class='ocrx_word' id='word_1_364' title='bbox 2259 2276 2440 2333; x_wconf 91' lang='lat' dir='ltr'>videri</span> <span class='ocrx_word' id='word_1_365' title='bbox 2476 2283 2743 2350; x_wconf 89' lang='lat' dir='ltr'>possunt,</span> <span class='ocrx_word' id='word_1_366' title='bbox 2776 2279 2929 2335; x_wconf 91' lang='lat' dir='ltr'>sicut</span> <span class='ocrx_word' id='word_1_367' title='bbox 2957 2284 3012 2335; x_wconf 89' lang='lat' dir='ltr'>et</span> <span class='ocrx_word' id='word_1_368' title='bbox 3043 2279 3156 2335; x_wconf 86' lang='lat' dir='ltr'>alia</span> <span class='ocrx_word' id='word_1_369' title='bbox 3186 2299 3312 2353; x_wconf 84' lang='lat' dir='ltr'>qua</span> <span class='ocrx_word' id='word_1_370' title='bbox 3345 2281 3518 2337; x_wconf 86' lang='lat' dir='ltr'>amici</span> <span class='ocrx_word' id='word_1_371' title='bbox 3571 2284 3699 2354; x_wconf 86' lang='lat' dir='ltr'>ejus</span> <span class='ocrx_word' id='word_1_372' title='bbox 3728 2281 3911 2339; x_wconf 90' lang='lat' dir='ltr'>locuti</span> 
     </span>
    </p>
   </div>
   <div class='ocr_carea' id='block_1_53' title="bbox 2262 2371 2419 2421">
    <p class='ocr_par' dir='ltr' id='par_1_53' title="bbox 2262 2371 2419 2421">
     <span class='ocr_line' id='line_1_53' title="bbox 2262 2371 2419 2421; baseline 0 0"><span class='ocrx_word' id='word_1_373' title='bbox 2262 2371 2419 2421; x_wconf 90' lang='lat' dir='ltr'>sunt.</span> 
     </span>
    </p>
   </div>
   <div class='ocr_carea' id='block_1_54' title="bbox 2876 2458 3282 2514">
    <p class='ocr_par' dir='ltr' id='par_1_54' title="bbox 2876 2458 3282 2514">
     <span class='ocr_line' id='line_1_54' title="bbox 2876 2458 3282 2514; baseline 0.005 -2"><span class='ocrx_word' id='word_1_374' title='bbox 2876 2458 3109 2514; x_wconf 84' lang='lat' dir='ltr'>CAPUT</span> <span class='ocrx_word' id='word_1_375' title='bbox 3138 2458 3282 2514; x_wconf 86' lang='lat' dir='ltr'>XVI.</span> 
     </span>
    </p>
   </div>
   <div class='ocr_carea' id='block_1_55' title="bbox 2334 2546 3911 2617">
    <p class='ocr_par' dir='ltr' id='par_1_55' title="bbox 2334 2546 3911 2617">
     <span class='ocr_line' id='line_1_55' title="bbox 2334 2546 3911 2617; baseline 0.004 -16"><span class='ocrx_word' id='word_1_376' title='bbox 2334 2569 2361 2594; x_wconf 91' lang='grc'>‹‹</span> <span class='ocrx_word' id='word_1_377' title='bbox 2424 2546 2805 2617; x_wconf 80' lang='lat' dir='ltr'>Respondens</span> <span class='ocrx_word' id='word_1_378' title='bbox 2868 2551 3066 2603; x_wconf 89' lang='lat' dir='ltr'>autem</span> <span class='ocrx_word' id='word_1_379' title='bbox 3120 2548 3255 2617; x_wconf 88' lang='lat' dir='ltr'>Job,</span> <span class='ocrx_word' id='word_1_380' title='bbox 3307 2548 3738 2606; x_wconf 81' lang='lat' dir='ltr'>dixitzAudivi</span> <span class='ocrx_word' id='word_1_381' title='bbox 3797 2550 3911 2607; x_wconf 88' lang='lat' dir='ltr'>fre-</span> 
     </span>
    </p>
   </div>
   <div class='ocr_carea' id='block_1_56' title="bbox 2265 2635 3913 2706">
    <p class='ocr_par' dir='ltr' id='par_1_56' title="bbox 2265 2635 3913 2706">
     <span class='ocr_line' id='line_1_56' title="bbox 2265 2635 3913 2706; baseline 0.005 -17"><span class='ocrx_word' id='word_1_382' title='bbox 2265 2639 2511 2706; x_wconf 88' lang='lat' dir='ltr'>quenter</span> <span class='ocrx_word' id='word_1_383' title='bbox 2567 2635 2727 2690; x_wconf 90' lang='lat' dir='ltr'>talia.</span> <span class='ocrx_word' id='word_1_384' title='bbox 2786 2636 3195 2694; x_wconf 86' lang='lat' dir='ltr'>Consolatores</span> <span class='ocrx_word' id='word_1_385' title='bbox 3255 2638 3487 2694; x_wconf 89' lang='lat' dir='ltr'>onerosi</span> <span class='ocrx_word' id='word_1_386' title='bbox 3543 2655 3747 2695; x_wconf 89' lang='lat' dir='ltr'>omnes</span> <span class='ocrx_word' id='word_1_387' title='bbox 3804 2657 3913 2697; x_wconf 84' lang='lat' dir='ltr'>vos</span> 
     </span>
    </p>
   </div>
   <div class='ocr_carea' id='block_1_57' title="bbox 2262 2724 3910 2795">
    <p class='ocr_par' dir='ltr' id='par_1_57' title="bbox 2262 2724 3910 2795">
     <span class='ocr_line' id='line_1_57' title="bbox 2262 2724 3910 2795; baseline 0.004 -17"><span class='ocrx_word' id='word_1_388' title='bbox 2262 2724 2424 2779; x_wconf 89' lang='lat' dir='ltr'>estis.</span> <span class='ocrx_word' id='word_1_389' title='bbox 2461 2724 2759 2795; x_wconf 87' lang='lat' dir='ltr'>Numquid</span> <span class='ocrx_word' id='word_1_390' title='bbox 2820 2725 3124 2782; x_wconf 90' lang='lat' dir='ltr'>habebunt</span> <span class='ocrx_word' id='word_1_391' title='bbox 3179 2728 3354 2783; x_wconf 87' lang='lat' dir='ltr'>ﬁnem</span> <span class='ocrx_word' id='word_1_392' title='bbox 3416 2727 3593 2783; x_wconf 89' lang='lat' dir='ltr'>verba</span> <span class='ocrx_word' id='word_1_393' title='bbox 3648 2731 3910 2795; x_wconf 86' lang='lat' dir='ltr'>ventosa,</span> 
     </span>
    </p>
   </div>
   <div class='ocr_carea' id='block_1_58' title="bbox 2263 2812 3913 2890">
    <p class='ocr_par' dir='ltr' id='par_1_58' title="bbox 2263 2812 3913 2890">
     <span class='ocr_line' id='line_1_58' title="bbox 2263 2812 3913 2890; baseline 0.004 -22"><span class='ocrx_word' id='word_1_394' title='bbox 2263 2818 2363 2868; x_wconf 85' lang='lat' dir='ltr'>aut</span> <span class='ocrx_word' id='word_1_395' title='bbox 2394 2812 2615 2885; x_wconf 90' lang='lat' dir='ltr'>aliquid</span> <span class='ocrx_word' id='word_1_396' title='bbox 2648 2814 2753 2869; x_wconf 89' lang='lat' dir='ltr'>tibi</span> <span class='ocrx_word' id='word_1_397' title='bbox 2787 2814 3101 2871; x_wconf 87' lang='lat' dir='ltr'>molestum</span> <span class='ocrx_word' id='word_1_398' title='bbox 3133 2818 3240 2886; x_wconf 64' lang='lat' dir='ltr'>{est</span> <span class='ocrx_word' id='word_1_399' title='bbox 3295 2816 3345 2873; x_wconf 91' lang='lat' dir='ltr'>si</span> <span class='ocrx_word' id='word_1_400' title='bbox 3398 2816 3659 2890; x_wconf 88' lang='lat' dir='ltr'>loquaris</span> <span class='ocrx_word' id='word_1_401' title='bbox 3686 2817 3713 2873; x_wconf 83' lang='lat'><strong>?</strong></span> <span class='ocrx_word' id='word_1_402' title='bbox 3744 2821 3913 2874; x_wconf 89' lang='lat' dir='ltr'>Pote-</span> 
     </span>
    </p>
   </div>
   <div class='ocr_carea' id='block_1_59' title="bbox 2261 2903 3913 2979">
    <p class='ocr_par' dir='ltr' id='par_1_59' title="bbox 2261 2903 3913 2979">
     <span class='ocr_line' id='line_1_59' title="bbox 2261 2903 3913 2979; baseline 0.005 -24"><span class='ocrx_word' id='word_1_403' title='bbox 2261 2918 2385 2956; x_wconf 88' lang='lat' dir='ltr'>ram</span> <span class='ocrx_word' id='word_1_404' title='bbox 2436 2908 2493 2957; x_wconf 91' lang='lat' dir='ltr'>et</span> <span class='ocrx_word' id='word_1_405' title='bbox 2551 2920 2656 2975; x_wconf 87' lang='lat' dir='ltr'>ego</span> <span class='ocrx_word' id='word_1_406' title='bbox 2711 2903 2929 2959; x_wconf 90' lang='lat' dir='ltr'>similia</span> <span class='ocrx_word' id='word_1_407' title='bbox 2984 2904 3162 2960; x_wconf 89' lang='lat' dir='ltr'>vestri</span> <span class='ocrx_word' id='word_1_408' title='bbox 3200 2905 3381 2978; x_wconf 89' lang='lat' dir='ltr'>loqui.</span> <span class='ocrx_word' id='word_1_409' title='bbox 3440 2909 3629 2979; x_wconf 90' lang='lat' dir='ltr'>Atque</span> <span class='ocrx_word' id='word_1_410' title='bbox 3686 2906 3913 2963; x_wconf 88' lang='lat' dir='ltr'>utinam</span> 
     </span>
    </p>
   </div>
   <div class='ocr_carea' id='block_1_60' title="bbox 2263 2990 3915 3066">
    <p class='ocr_par' dir='ltr' id='par_1_60' title="bbox 2263 2990 3915 3066">
     <span class='ocr_line' id='line_1_60' title="bbox 2263 2990 3915 3066; baseline 0.004 -21"><span class='ocrx_word' id='word_1_411' title='bbox 2263 2996 2419 3046; x_wconf 89' lang='lat' dir='ltr'>esset</span> <span class='ocrx_word' id='word_1_412' title='bbox 2444 2990 2643 3047; x_wconf 87' lang='lat' dir='ltr'>anima</span> <span class='ocrx_word' id='word_1_413' title='bbox 2700 2997 2892 3048; x_wconf 87' lang='lat' dir='ltr'>vestra</span> <span class='ocrx_word' id='word_1_414' title='bbox 2921 3010 3024 3065; x_wconf 91' lang='lat' dir='ltr'>pro</span> <span class='ocrx_word' id='word_1_415' title='bbox 3077 2993 3277 3049; x_wconf 88' lang='lat' dir='ltr'>anima</span> <span class='ocrx_word' id='word_1_416' title='bbox 3332 3011 3483 3050; x_wconf 90' lang='lat' dir='ltr'>mea.</span> <span class='ocrx_word' id='word_1_417' title='bbox 3519 3015 3542 3046; x_wconf 74' lang='grc' dir='ltr'><strong><em>ι</em></strong></span> <span class='ocrx_word' id='word_1_418' title='bbox 3580 2995 3638 3051; x_wconf 90' lang='lat' dir='ltr'>Si</span> <span class='ocrx_word' id='word_1_419' title='bbox 3667 3013 3790 3066; x_wconf 88' lang='lat' dir='ltr'>vos,</span> <span class='ocrx_word' id='word_1_420' title='bbox 3826 2994 3915 3051; x_wconf 82' lang='lat' dir='ltr'>in-</span> 
     </span>
    </p>
   </div>
   <div class='ocr_carea' id='block_1_61' title="bbox 2261 3079 3910 3157">
    <p class='ocr_par' dir='ltr' id='par_1_61' title="bbox 2261 3079 3910 3157">
     <span class='ocr_line' id='line_1_61' title="bbox 2261 3079 3910 3157; baseline 0.005 -24"><span class='ocrx_word' id='word_1_421' title='bbox 2261 3079 2406 3151; x_wconf 92' lang='lat' dir='ltr'>quit,</span> <span class='ocrx_word' id='word_1_422' title='bbox 2440 3080 2560 3135; x_wconf 87' lang='lat' dir='ltr'>hac</span> <span class='ocrx_word' id='word_1_423' title='bbox 2592 3099 2718 3153; x_wconf 83' lang='lat' dir='ltr'>qua</span> <span class='ocrx_word' id='word_1_424' title='bbox 2752 3082 3013 3138; x_wconf 88' lang='lat' dir='ltr'>sustineo</span> <span class='ocrx_word' id='word_1_425' title='bbox 3070 3084 3416 3157; x_wconf 90' lang='lat' dir='ltr'>pateremini</span> <span class='ocrx_word' id='word_1_426' title='bbox 3450 3100 3463 3138; x_wconf 89' lang='lat'>:</span> <span class='ocrx_word' id='word_1_427' title='bbox 3499 3101 3616 3141; x_wconf 87' lang='lat' dir='ltr'>non</span> <span class='ocrx_word' id='word_1_428' title='bbox 3647 3084 3725 3141; x_wconf 88' lang='lat' dir='ltr'>ita</span> <span class='ocrx_word' id='word_1_429' title='bbox 3754 3083 3910 3142; x_wconf 81' lang='lat' dir='ltr'>circa</span> 
     </span>
    </p>
   </div>
   <div class='ocr_carea' id='block_1_62' title="bbox 2260 3172 3802 3246">
    <p class='ocr_par' dir='ltr' id='par_1_62' title="bbox 2260 3172 3802 3246">
     <span class='ocr_line' id='line_1_62' title="bbox 2260 3172 3802 3246; baseline 0.005 -23"><span class='ocrx_word' id='word_1_430' title='bbox 2260 3186 2361 3225; x_wconf 87' lang='lat' dir='ltr'>vos</span> <span class='ocrx_word' id='word_1_431' title='bbox 2392 3172 2648 3242; x_wconf 88' lang='lat' dir='ltr'>agerem)</span> <span class='ocrx_word' id='word_1_432' title='bbox 2681 3176 2745 3226; x_wconf 92' lang='lat' dir='ltr'>ut</span> <span class='ocrx_word' id='word_1_433' title='bbox 2774 3189 2873 3228; x_wconf 92' lang='lat' dir='ltr'>vos</span> <span class='ocrx_word' id='word_1_434' title='bbox 2903 3188 3039 3245; x_wconf 88' lang='lat' dir='ltr'>erga</span> <span class='ocrx_word' id='word_1_435' title='bbox 3070 3190 3163 3228; x_wconf 90' lang='lat' dir='ltr'>me</span> <span class='ocrx_word' id='word_1_436' title='bbox 3194 3189 3366 3246; x_wconf 90' lang='lat' dir='ltr'>agere</span> <span class='ocrx_word' id='word_1_437' title='bbox 3396 3190 3511 3229; x_wconf 89' lang='lat' dir='ltr'>non</span> <span class='ocrx_word' id='word_1_438' title='bbox 3541 3173 3802 3230; x_wconf 88' lang='lat' dir='ltr'>cessatis.</span> 
     </span>
    </p>
   </div>
   <div class='ocr_carea' id='block_1_63' title="bbox 503 3240 3913 3332">
    <p class='ocr_par' dir='ltr' id='par_1_63' title="bbox 503 3240 3913 3332">
     <span class='ocr_line' id='line_1_63' title="bbox 503 3240 3913 3332; baseline 0.005 -19"><span class='ocrx_word' id='word_1_439' title='bbox 503 3258 739 3331; x_wconf 90' lang='lat' dir='ltr'>quando</span> <span class='ocrx_word' id='word_1_440' title='bbox 770 3240 1022 3331; x_wconf 88' lang='lat' dir='ltr'>populus</span> <span class='ocrx_word' id='word_1_441' title='bbox 1041 3276 1142 3315; x_wconf 85' lang='lat' dir='ltr'>seu</span> <span class='ocrx_word' id='word_1_442' title='bbox 1174 3261 1384 3327; x_wconf 90' lang='lat' dir='ltr'>bonus,</span> <span class='ocrx_word' id='word_1_443' title='bbox 1404 3279 1505 3317; x_wconf 88' lang='lat' dir='ltr'>seu</span> <span class='ocrx_word' id='word_1_444' title='bbox 1539 3264 1918 3330; x_wconf 88' lang='lat' dir='ltr'>malus.Quod</span> <span class='ocrx_word' id='word_1_445' title='bbox 1953 3274 2149 3325; x_wconf 89' lang='lat' dir='ltr'>autem</span> <span class='ocrx_word' id='word_1_446' title='bbox 2182 3240 2225 3307; x_wconf 65' lang='grc' dir='ltr'><strong>θ</strong></span> <span class='ocrx_word' id='word_1_447' title='bbox 2337 3280 2364 3308; x_wconf 75' lang='grc' dir='ltr'>ί(</span> <span class='ocrx_word' id='word_1_448' title='bbox 2395 3258 2739 3315; x_wconf 67' lang='lat' dir='ltr'>Consolarer</span> <span class='ocrx_word' id='word_1_449' title='bbox 2783 3264 2839 3315; x_wconf 71' lang='lat' dir='ltr'>et</span> <span class='ocrx_word' id='word_1_450' title='bbox 2887 3277 2992 3332; x_wconf 75' lang='lat'>680</span> <span class='ocrx_word' id='word_1_451' title='bbox 3047 3278 3148 3317; x_wconf 78' lang='lat' dir='ltr'>V08</span> <span class='ocrx_word' id='word_1_452' title='bbox 3208 3261 3601 3329; x_wconf 65' lang='lat' dir='ltr'>sermonibus,</span> <span class='ocrx_word' id='word_1_453' title='bbox 3634 3267 3692 3318; x_wconf 63' lang='grc' dir='ltr'><strong>εἴ</strong></span> <span class='ocrx_word' id='word_1_454' title='bbox 3720 3279 3913 3320; x_wconf 72' lang='lat' dir='ltr'>move-</span> 
     </span>
    </p>
   </div>
   <div class='ocr_carea' id='block_1_64' title="bbox 503 3346 2149 3430">
    <p class='ocr_par' dir='ltr' id='par_1_64' title="bbox 503 3346 2149 3430">
     <span class='ocr_line' id='line_1_64' title="bbox 503 3346 2149 3430; baseline 0.007 -27"><span class='ocrx_word' id='word_1_455' title='bbox 503 3347 670 3420; x_wconf 88' lang='lat' dir='ltr'>dixit,</span> <span class='ocrx_word' id='word_1_456' title='bbox 702 3346 1044 3420; x_wconf 87' lang='lat' dir='ltr'>vastabitur,</span> <span class='ocrx_word' id='word_1_457' title='bbox 1078 3349 1199 3405; x_wconf 89' lang='lat' dir='ltr'>sive</span> <span class='ocrx_word' id='word_1_458' title='bbox 1227 3356 1535 3417; x_wconf 84' lang='lat' dir='ltr'>evertetur,</span> <span class='ocrx_word' id='word_1_459' title='bbox 1570 3353 1651 3409; x_wconf 87' lang='lat' dir='ltr'>ita</span> <span class='ocrx_word' id='word_1_460' title='bbox 1680 3354 2149 3430; x_wconf 89' lang='lat' dir='ltr'>intelligendum,</span> 
     </span>
    </p>
   </div>
   <div class='ocr_carea' id='block_1_65' title="bbox 503 3435 2151 3510">
    <p class='ocr_par' dir='ltr' id='par_1_65' title="bbox 503 3435 2151 3510">
     <span class='ocr_line' id='line_1_65' title="bbox 503 3435 2151 3510; baseline 0.007 -18"><span class='ocrx_word' id='word_1_461' title='bbox 503 3436 658 3493; x_wconf 87' lang='lat' dir='ltr'>sicut</span> <span class='ocrx_word' id='word_1_462' title='bbox 685 3435 745 3493; x_wconf 89' lang='lat' dir='ltr'>in</span> <span class='ocrx_word' id='word_1_463' title='bbox 772 3436 1119 3510; x_wconf 84' lang='lat' dir='ltr'>Apocalypsi</span> <span class='ocrx_word' id='word_1_464' title='bbox 1150 3438 1431 3497; x_wconf 87' lang='lat' dir='ltr'>habetur:</span> <span class='ocrx_word' id='word_1_465' title='bbox 1457 3442 1611 3507; x_wconf 84' lang='lat' dir='ltr'>«Qui</span> <span class='ocrx_word' id='word_1_466' title='bbox 1644 3444 1841 3500; x_wconf 83' lang='lat' dir='ltr'>fecerit</span> <span class='ocrx_word' id='word_1_467' title='bbox 1874 3448 2151 3504; x_wconf 87' lang='lat' dir='ltr'>mandata</span> 
     </span>
    </p>
   </div>
   <div class='ocr_carea' id='block_1_66' title="bbox 500 3526 2148 3611">
    <p class='ocr_par' dir='ltr' id='par_1_66' title="bbox 500 3526 2148 3611">
     <span class='ocr_line' id='line_1_66' title="bbox 500 3526 2148 3611; baseline 0.006 -28"><span class='ocrx_word' id='word_1_468' title='bbox 500 3526 755 3594; x_wconf 88' lang='lat' dir='ltr'>Domini,</span> <span class='ocrx_word' id='word_1_469' title='bbox 786 3544 904 3583; x_wconf 91' lang='lat' dir='ltr'>non</span> <span class='ocrx_word' id='word_1_470' title='bbox 936 3526 1179 3584; x_wconf 89' lang='lat' dir='ltr'>ladetur</span> <span class='ocrx_word' id='word_1_471' title='bbox 1206 3533 1392 3585; x_wconf 89' lang='lat' dir='ltr'>morte</span> <span class='ocrx_word' id='word_1_472' title='bbox 1422 3533 1697 3589; x_wconf 88' lang='lat' dir='ltr'>secunda.</span> <span class='ocrx_word' id='word_1_473' title='bbox 1730 3556 1757 3583; x_wconf 84' lang='lat'>»</span> <span class='ocrx_word' id='word_1_474' title='bbox 1778 3534 1963 3592; x_wconf 90' lang='lat' dir='ltr'>Vinea</span> <span class='ocrx_word' id='word_1_475' title='bbox 1991 3553 2148 3611; x_wconf 89' lang='lat' dir='ltr'>ergo,</span> 
     </span>
    </p>
   </div>
   <div class='ocr_carea' id='block_1_67' title="bbox 500 3614 2150 3698">
    <p class='ocr_par' dir='ltr' id='par_1_67' title="bbox 500 3614 2150 3698">
     <span class='ocr_line' id='line_1_67' title="bbox 500 3614 2150 3698; baseline 0.005 -26"><span class='ocrx_word' id='word_1_476' title='bbox 500 3618 560 3672; x_wconf 91' lang='lat' dir='ltr'>et</span> <span class='ocrx_word' id='word_1_477' title='bbox 587 3614 757 3687; x_wconf 84' lang='lat' dir='ltr'>oliva,</span> <span class='ocrx_word' id='word_1_478' title='bbox 790 3615 954 3689; x_wconf 90' lang='lat' dir='ltr'>plebs</span> <span class='ocrx_word' id='word_1_479' title='bbox 982 3616 1317 3673; x_wconf 85' lang='lat' dir='ltr'>Judaorum</span> <span class='ocrx_word' id='word_1_480' title='bbox 1354 3623 1543 3691; x_wconf 87' lang='lat' dir='ltr'>potest</span> <span class='ocrx_word' id='word_1_481' title='bbox 1585 3621 1848 3693; x_wconf 84' lang='lat' dir='ltr'>intelligi.</span> <span class='ocrx_word' id='word_1_482' title='bbox 1882 3624 2011 3679; x_wconf 86' lang='lat' dir='ltr'>Hac</span> <span class='ocrx_word' id='word_1_483' title='bbox 2043 3627 2150 3698; x_wconf 90' lang='lat' dir='ltr'>igi-</span> 
     </span>
    </p>
   </div>
   <div class='ocr_carea' id='block_1_68' title="bbox 500 3704 2152 3775">
    <p class='ocr_par' dir='ltr' id='par_1_68' title="bbox 500 3704 2152 3775">
     <span class='ocr_line' id='line_1_68' title="bbox 500 3704 2152 3775; baseline 0.007 -15"><span class='ocrx_word' id='word_1_484' title='bbox 500 3707 599 3760; x_wconf 91' lang='lat' dir='ltr'>tur</span> <span class='ocrx_word' id='word_1_485' title='bbox 627 3704 798 3760; x_wconf 88' lang='lat' dir='ltr'>vinea</span> <span class='ocrx_word' id='word_1_486' title='bbox 845 3705 1064 3775; x_wconf 89' lang='lat' dir='ltr'>perdet,</span> <span class='ocrx_word' id='word_1_487' title='bbox 1084 3705 1219 3762; x_wconf 73' lang='lat' dir='ltr'>’sive</span> <span class='ocrx_word' id='word_1_488' title='bbox 1268 3708 1497 3764; x_wconf 90' lang='lat' dir='ltr'>amittet</span> <span class='ocrx_word' id='word_1_489' title='bbox 1522 3710 1773 3766; x_wconf 86' lang='lat' dir='ltr'>fructum</span> <span class='ocrx_word' id='word_1_490' title='bbox 1821 3714 2152 3772; x_wconf 81' lang='lat' dir='ltr'>sanctitatis</span> 
     </span>
    </p>
   </div>
   <div class='ocr_carea' id='block_1_69' title="bbox 503 3791 2151 3872">
    <p class='ocr_par' dir='ltr' id='par_1_69' title="bbox 503 3791 2151 3872">
     <span class='ocr_line' id='line_1_69' title="bbox 503 3791 2151 3872; baseline 0.007 -23"><span class='ocrx_word' id='word_1_491' title='bbox 503 3796 683 3865; x_wconf 87' lang='lat' dir='ltr'>atque</span> <span class='ocrx_word' id='word_1_492' title='bbox 719 3791 986 3864; x_wconf 85' lang='lat' dir='ltr'>justitia,</span> <span class='ocrx_word' id='word_1_493' title='bbox 1029 3794 1128 3864; x_wconf 92' lang='lat' dir='ltr'>qui</span> <span class='ocrx_word' id='word_1_494' title='bbox 1176 3794 1471 3852; x_wconf 89' lang='lat' dir='ltr'>Christum</span> <span class='ocrx_word' id='word_1_495' title='bbox 1524 3798 1783 3869; x_wconf 89' lang='lat' dir='ltr'>primum</span> <span class='ocrx_word' id='word_1_496' title='bbox 1836 3801 2059 3872; x_wconf 82' lang='lat' dir='ltr'>florem,</span> <span class='ocrx_word' id='word_1_497' title='bbox 2096 3811 2151 3861; x_wconf 90' lang='lat' dir='ltr'>et</span> 
     </span>
    </p>
   </div>
   <div class='ocr_carea' id='block_1_70' title="bbox 502 3880 2152 3963">
    <p class='ocr_par' dir='ltr' id='par_1_70' title="bbox 502 3880 2152 3963">
     <span class='ocr_line' id='line_1_70' title="bbox 502 3880 2152 3963; baseline 0.007 -24"><span class='ocrx_word' id='word_1_498' title='bbox 502 3880 793 3955; x_wconf 86' lang='lat' dir='ltr'>Optimum</span> <span class='ocrx_word' id='word_1_499' title='bbox 825 3884 1162 3938; x_wconf 89' lang='lat' dir='ltr'>sanctorum</span> <span class='ocrx_word' id='word_1_500' title='bbox 1194 3884 1458 3941; x_wconf 90' lang='lat' dir='ltr'>omnium</span> <span class='ocrx_word' id='word_1_501' title='bbox 1493 3886 1549 3940; x_wconf 91' lang='lat' dir='ltr'>in</span> <span class='ocrx_word' id='word_1_502' title='bbox 1583 3904 1722 3959; x_wconf 90' lang='lat' dir='ltr'>agro</span> <span class='ocrx_word' id='word_1_503' title='bbox 1752 3889 1899 3963; x_wconf 89' lang='lat' dir='ltr'>legis</span> <span class='ocrx_word' id='word_1_504' title='bbox 1938 3892 2152 3950; x_wconf 90' lang='lat' dir='ltr'>habere</span> 
     </span>
    </p>
   </div>
   <div class='ocr_carea' id='block_1_71' title="bbox 503 3969 2147 4054">
    <p class='ocr_par' dir='ltr' id='par_1_71' title="bbox 503 3969 2147 4054">
     <span class='ocr_line' id='line_1_71' title="bbox 503 3969 2147 4054; baseline 0.007 -28"><span class='ocrx_word' id='word_1_505' title='bbox 503 3969 711 4026; x_wconf 87' lang='lat' dir='ltr'>noluit.</span> <span class='ocrx_word' id='word_1_506' title='bbox 747 3969 876 4042; x_wconf 89' lang='lat' dir='ltr'>Ipse</span> <span class='ocrx_word' id='word_1_507' title='bbox 908 3972 1064 4026; x_wconf 89' lang='lat' dir='ltr'>enim</span> <span class='ocrx_word' id='word_1_508' title='bbox 1095 3972 1236 4028; x_wconf 88' lang='lat' dir='ltr'>dicit</span> <span class='ocrx_word' id='word_1_509' title='bbox 1269 4016 1280 4027; x_wconf 94' lang='lat'>.</span> <span class='ocrx_word' id='word_1_510' title='bbox 1314 3977 1433 4044; x_wconf 86' lang='lat' dir='ltr'>Ego</span> <span class='ocrx_word' id='word_1_511' title='bbox 1460 3974 1572 4047; x_wconf 76' lang='lat' dir='ltr'>ﬂos</span> <span class='ocrx_word' id='word_1_512' title='bbox 1600 3980 1783 4049; x_wconf 81' lang='lat' dir='ltr'>campi</span> <span class='ocrx_word' id='word_1_513' title='bbox 1808 3981 1987 4049; x_wconf 80' lang='lat' dir='ltr'>(Cant.</span> <span class='ocrx_word' id='word_1_514' title='bbox 2006 3984 2147 4054; x_wconf 63' lang='lat'>11,1).</span> 
     </span>
    </p>
   </div>
   <div class='ocr_carea' id='block_1_72' title="bbox 503 4058 2149 4134">
    <p class='ocr_par' dir='ltr' id='par_1_72' title="bbox 503 4058 2149 4134">
     <span class='ocr_line' id='line_1_72' title="bbox 503 4058 2149 4134; baseline 0.007 -17"><span class='ocrx_word' id='word_1_515' title='bbox 503 4060 615 4117; x_wconf 86' lang='lat' dir='ltr'>Sed</span> <span class='ocrx_word' id='word_1_516' title='bbox 649 4062 714 4116; x_wconf 90' lang='lat' dir='ltr'>ut</span> <span class='ocrx_word' id='word_1_517' title='bbox 741 4058 993 4116; x_wconf 89' lang='lat' dir='ltr'>inﬁdelis</span> <span class='ocrx_word' id='word_1_518' title='bbox 1015 4064 1189 4134; x_wconf 91' lang='lat' dir='ltr'>atque</span> <span class='ocrx_word' id='word_1_519' title='bbox 1221 4062 1545 4131; x_wconf 89' lang='lat' dir='ltr'>incredula,</span> <span class='ocrx_word' id='word_1_520' title='bbox 1570 4083 1642 4122; x_wconf 90' lang='lat' dir='ltr'>ne</span> <span class='ocrx_word' id='word_1_521' title='bbox 1664 4066 1745 4122; x_wconf 89' lang='lat' dir='ltr'>illi</span> <span class='ocrx_word' id='word_1_522' title='bbox 1770 4069 1915 4125; x_wconf 88' lang='lat' dir='ltr'>ﬁdes</span> <span class='ocrx_word' id='word_1_523' title='bbox 1936 4070 2149 4128; x_wconf 85' lang='lat' dir='ltr'>Christi</span> 
     </span>
    </p>
   </div>
   <div class='ocr_carea' id='block_1_73' title="bbox 502 4148 2150 4233">
    <p class='ocr_par' dir='ltr' id='par_1_73' title="bbox 502 4148 2150 4233">
     <span class='ocr_line' id='line_1_73' title="bbox 502 4148 2150 4233; baseline 0.008 -29"><span class='ocrx_word' id='word_1_524' title='bbox 502 4148 793 4222; x_wconf 89' lang='lat' dir='ltr'>ﬂagraret,</span> <span class='ocrx_word' id='word_1_525' title='bbox 824 4149 1066 4221; x_wconf 90' lang='lat' dir='ltr'>projecit</span> <span class='ocrx_word' id='word_1_526' title='bbox 1094 4167 1229 4207; x_wconf 90' lang='lat' dir='ltr'>enm</span> <span class='ocrx_word' id='word_1_527' title='bbox 1260 4170 1293 4207; x_wconf 87' lang='lat' dir='ltr'>a</span> <span class='ocrx_word' id='word_1_528' title='bbox 1351 4156 1701 4227; x_wconf 87' lang='lat' dir='ltr'>semetipsa:</span> <span class='ocrx_word' id='word_1_529' title='bbox 1734 4162 1791 4212; x_wconf 91' lang='lat' dir='ltr'>et</span> <span class='ocrx_word' id='word_1_530' title='bbox 1845 4158 1987 4214; x_wconf 89' lang='lat' dir='ltr'>dum</span> <span class='ocrx_word' id='word_1_531' title='bbox 2021 4180 2150 4233; x_wconf 86' lang='lat' dir='ltr'>pro-</span> 
     </span>
    </p>
   </div>
   <div class='ocr_carea' id='block_1_74' title="bbox 492 4238 2152 4321">
    <p class='ocr_par' dir='ltr' id='par_1_74' title="bbox 492 4238 2152 4321">
     <span class='ocr_line' id='line_1_74' title="bbox 492 4238 2152 4321; baseline 0.008 -28"><span class='ocrx_word' id='word_1_532' title='bbox 492 4238 626 4310; x_wconf 87' lang='lat' dir='ltr'>jicit</span> <span class='ocrx_word' id='word_1_533' title='bbox 656 4242 819 4294; x_wconf 86' lang='lat' dir='ltr'>extra</span> <span class='ocrx_word' id='word_1_534' title='bbox 848 4238 1097 4308; x_wconf 89' lang='lat' dir='ltr'>vineam,</span> <span class='ocrx_word' id='word_1_535' title='bbox 1122 4245 1230 4297; x_wconf 90' lang='lat' dir='ltr'>eta</span> <span class='ocrx_word' id='word_1_536' title='bbox 1261 4259 1321 4297; x_wconf 89' lang='lat' dir='ltr'>se</span> <span class='ocrx_word' id='word_1_537' title='bbox 1352 4242 1569 4298; x_wconf 77' lang='lat' dir='ltr'>excutit</span> <span class='ocrx_word' id='word_1_538' title='bbox 1590 4244 1748 4300; x_wconf 90' lang='lat' dir='ltr'>velut</span> <span class='ocrx_word' id='word_1_539' title='bbox 1778 4246 1999 4317; x_wconf 87' lang='lat' dir='ltr'>ﬂorem,</span> <span class='ocrx_word' id='word_1_540' title='bbox 2027 4250 2152 4321; x_wconf 89' lang='lat' dir='ltr'>ipsa</span> 
     </span>
    </p>
   </div>
   <div class='ocr_carea' id='block_1_75' title="bbox 501 4327 2147 4400">
    <p class='ocr_par' dir='ltr' id='par_1_75' title="bbox 501 4327 2147 4400">
     <span class='ocr_line' id='line_1_75' title="bbox 501 4327 2147 4400; baseline 0.006 -17"><span class='ocrx_word' id='word_1_541' title='bbox 501 4342 537 4383; x_wconf 72' lang='grc' dir='ltr'>ι</span> <span class='ocrx_word' id='word_1_542' title='bbox 566 4327 1030 4400; x_wconf 88' lang='lat' dir='ltr'>patriarcharum</span> <span class='ocrx_word' id='word_1_543' title='bbox 1053 4329 1246 4386; x_wconf 91' lang='lat' dir='ltr'>radice</span> <span class='ocrx_word' id='word_1_544' title='bbox 1266 4331 1465 4387; x_wconf 89' lang='lat' dir='ltr'>evulsa</span> <span class='ocrx_word' id='word_1_545' title='bbox 1485 4337 1594 4399; x_wconf 87' lang='lat' dir='ltr'>est,</span> <span class='ocrx_word' id='word_1_546' title='bbox 1617 4337 1675 4389; x_wconf 91' lang='lat' dir='ltr'>et</span> <span class='ocrx_word' id='word_1_547' title='bbox 1705 4333 1932 4391; x_wconf 83' lang='lat' dir='ltr'>Christo</span> <span class='ocrx_word' id='word_1_548' title='bbox 1960 4338 2147 4394; x_wconf 87' lang='lat' dir='ltr'>fructu</span> 
     </span>
    </p>
   </div>
   <div class='ocr_carea' id='block_1_76' title="bbox 507 4415 1257 4474">
    <p class='ocr_par' dir='ltr' id='par_1_76' title="bbox 507 4415 1257 4474">
     <span class='ocr_line' id='line_1_76' title="bbox 507 4415 1257 4474; baseline -0.001 -2"><span class='ocrx_word' id='word_1_549' title='bbox 507 4419 720 4473; x_wconf 86' lang='lat' dir='ltr'>nostra</span> <span class='ocrx_word' id='word_1_550' title='bbox 751 4415 962 4474; x_wconf 89' lang='lat' dir='ltr'>salutis</span> <span class='ocrx_word' id='word_1_551' title='bbox 978 4418 1257 4474; x_wconf 81' lang='lat' dir='ltr'>excussa.</span> 
     </span>
    </p>
   </div>
   <div class='ocr_carea' id='block_1_77' title="bbox 582 4504 2151 4588">
    <p class='ocr_par' dir='ltr' id='par_1_77' title="bbox 582 4504 2151 4588">
     <span class='ocr_line' id='line_1_77' title="bbox 582 4504 2151 4588; baseline 0.008 -29"><span class='ocrx_word' id='word_1_552' title='bbox 582 4525 605 4554; x_wconf 82' lang='grc' dir='ltr'>ι</span> <span class='ocrx_word' id='word_1_553' title='bbox 637 4504 1021 4578; x_wconf 89' lang='lat' dir='ltr'>Congregatio</span> <span class='ocrx_word' id='word_1_554' title='bbox 1051 4506 1207 4562; x_wconf 90' lang='lat' dir='ltr'>enim</span> <span class='ocrx_word' id='word_1_555' title='bbox 1240 4506 1553 4580; x_wconf 87' lang='lat' dir='ltr'>hypocrita</span> <span class='ocrx_word' id='word_1_556' title='bbox 1601 4511 1837 4568; x_wconf 90' lang='lat' dir='ltr'>sterilis.</span> <span class='ocrx_word' id='word_1_557' title='bbox 1874 4535 1900 4563; x_wconf 83' lang='grc'><strong>››</strong></span> <span class='ocrx_word' id='word_1_558' title='bbox 1935 4513 2151 4588; x_wconf 83' lang='lat' dir='ltr'>Rapto-</span> 
     </span>
    </p>
   </div>
   <div class='ocr_carea' id='block_1_78' title="bbox 2263 3351 3977 3421">
    <p class='ocr_par' dir='ltr' id='par_1_78' title="bbox 2263 3351 3977 3421">
     <span class='ocr_line' id='line_1_78' title="bbox 2263 3351 3977 3421; baseline 0.005 -20"><span class='ocrx_word' id='word_1_559' title='bbox 2263 3363 2384 3403; x_wconf 89' lang='lat' dir='ltr'>rem</span> <span class='ocrx_word' id='word_1_560' title='bbox 2419 3352 2595 3420; x_wconf 88' lang='lat' dir='ltr'>caput</span> <span class='ocrx_word' id='word_1_561' title='bbox 2626 3365 2826 3405; x_wconf 90' lang='lat' dir='ltr'>meum</span> <span class='ocrx_word' id='word_1_562' title='bbox 2887 3365 3065 3421; x_wconf 91' lang='lat' dir='ltr'>super</span> <span class='ocrx_word' id='word_1_563' title='bbox 3119 3367 3241 3405; x_wconf 89' lang='lat' dir='ltr'>vos.</span> <span class='ocrx_word' id='word_1_564' title='bbox 3303 3351 3652 3407; x_wconf 81' lang='lat' dir='ltr'>Raborarem</span> <span class='ocrx_word' id='word_1_565' title='bbox 3683 3369 3784 3408; x_wconf 92' lang='lat' dir='ltr'>vos</span> <span class='ocrx_word' id='word_1_566' title='bbox 3813 3369 3915 3409; x_wconf 89' lang='lat' dir='ltr'>ore</span> <span class='ocrx_word' id='word_1_567' title='bbox 3966 3359 3977 3365; x_wconf 71' lang='grc'>“</span> 
     </span>
    </p>
   </div>
   <div class='ocr_carea' id='block_1_79' title="bbox 2263 3438 3913 3512">
    <p class='ocr_par' dir='ltr' id='par_1_79' title="bbox 2263 3438 3913 3512">
     <span class='ocr_line' id='line_1_79' title="bbox 2263 3438 3913 3512; baseline 0.004 -21"><span class='ocrx_word' id='word_1_568' title='bbox 2263 3453 2414 3504; x_wconf 90' lang='lat' dir='ltr'>meo,</span> <span class='ocrx_word' id='word_1_569' title='bbox 2447 3442 2505 3492; x_wconf 91' lang='lat' dir='ltr'>et</span> <span class='ocrx_word' id='word_1_570' title='bbox 2537 3454 2824 3493; x_wconf 89' lang='lat' dir='ltr'>moverem</span> <span class='ocrx_word' id='word_1_571' title='bbox 2885 3438 3043 3493; x_wconf 88' lang='lat' dir='ltr'>labia</span> <span class='ocrx_word' id='word_1_572' title='bbox 3072 3455 3224 3509; x_wconf 89' lang='lat' dir='ltr'>mea,</span> <span class='ocrx_word' id='word_1_573' title='bbox 3283 3441 3451 3511; x_wconf 91' lang='lat' dir='ltr'>quasi</span> <span class='ocrx_word' id='word_1_574' title='bbox 3513 3457 3757 3512; x_wconf 89' lang='lat' dir='ltr'>parcens</span> <span class='ocrx_word' id='word_1_575' title='bbox 3812 3457 3913 3497; x_wconf 87' lang='lat' dir='ltr'>vo-</span> 
     </span>
    </p>
   </div>
   <div class='ocr_carea' id='block_1_80' title="bbox 2261 3525 3911 3599">
    <p class='ocr_par' dir='ltr' id='par_1_80' title="bbox 2261 3525 3911 3599">
     <span class='ocr_line' id='line_1_80' title="bbox 2261 3525 3911 3599; baseline 0.004 -20"><span class='ocrx_word' id='word_1_576' title='bbox 2261 3525 2371 3581; x_wconf 86' lang='lat' dir='ltr'>bis.</span> <span class='ocrx_word' id='word_1_577' title='bbox 2426 3548 2454 3576; x_wconf 81' lang='lat'><strong>»</strong></span> <span class='ocrx_word' id='word_1_578' title='bbox 2514 3526 2924 3583; x_wconf 88' lang='lat' dir='ltr'>Blandimento</span> <span class='ocrx_word' id='word_1_579' title='bbox 2986 3528 3191 3599; x_wconf 91' lang='lat' dir='ltr'>utique</span> <span class='ocrx_word' id='word_1_580' title='bbox 3247 3545 3586 3585; x_wconf 87' lang='lat' dir='ltr'>sermonum</span> <span class='ocrx_word' id='word_1_581' title='bbox 3644 3546 3911 3585; x_wconf 89' lang='lat' dir='ltr'>meorum</span> 
     </span>
    </p>
   </div>
   <div class='ocr_carea' id='block_1_81' title="bbox 2260 3608 3914 3686">
    <p class='ocr_par' dir='ltr' id='par_1_81' title="bbox 2260 3608 3914 3686">
     <span class='ocr_line' id='line_1_81' title="bbox 2260 3608 3914 3686; baseline 0.002 -17"><span class='ocrx_word' id='word_1_582' title='bbox 2260 3631 2361 3670; x_wconf 92' lang='lat' dir='ltr'>vos</span> <span class='ocrx_word' id='word_1_583' title='bbox 2394 3608 2589 3686; x_wconf 74' lang='lat' dir='ltr'>potius</span> <span class='ocrx_word' id='word_1_584' title='bbox 2634 3616 2972 3672; x_wconf 89' lang='lat' dir='ltr'>cohortarer</span> <span class='ocrx_word' id='word_1_585' title='bbox 3014 3633 3027 3671; x_wconf 92' lang='lat'>:</span> <span class='ocrx_word' id='word_1_586' title='bbox 3066 3621 3292 3673; x_wconf 87' lang='lat' dir='ltr'>mentes</span> <span class='ocrx_word' id='word_1_587' title='bbox 3323 3617 3499 3675; x_wconf 90' lang='lat' dir='ltr'>etiam</span> <span class='ocrx_word' id='word_1_588' title='bbox 3529 3622 3751 3675; x_wconf 89' lang='lat' dir='ltr'>vestras</span> <span class='ocrx_word' id='word_1_589' title='bbox 3804 3618 3914 3674; x_wconf 88' lang='lat' dir='ltr'>tri-</span> 
     </span>
    </p>
   </div>
   <div class='ocr_carea' id='block_1_82' title="bbox 2261 3702 3913 3779">
    <p class='ocr_par' dir='ltr' id='par_1_82' title="bbox 2261 3702 3913 3779">
     <span class='ocr_line' id='line_1_82' title="bbox 2261 3702 3913 3779; baseline 0.003 -22"><span class='ocrx_word' id='word_1_590' title='bbox 2261 3702 2666 3761; x_wconf 87' lang='lat' dir='ltr'>bulationibus</span> <span class='ocrx_word' id='word_1_591' title='bbox 2726 3706 2949 3761; x_wconf 89' lang='lat' dir='ltr'>acerbis</span> <span class='ocrx_word' id='word_1_592' title='bbox 2998 3710 3393 3778; x_wconf 82' lang='lat' dir='ltr'>exasperatas,</span> <span class='ocrx_word' id='word_1_593' title='bbox 3446 3724 3516 3763; x_wconf 91' lang='lat' dir='ltr'>ne</span> <span class='ocrx_word' id='word_1_594' title='bbox 3560 3708 3618 3763; x_wconf 90' lang='lat' dir='ltr'>in</span> <span class='ocrx_word' id='word_1_595' title='bbox 3674 3706 3913 3779; x_wconf 89' lang='lat' dir='ltr'>lapsum</span> 
     </span>
    </p>
   </div>
   <div class='ocr_carea' id='block_1_83' title="bbox 2260 3792 3913 3867">
    <p class='ocr_par' dir='ltr' id='par_1_83' title="bbox 2260 3792 3913 3867">
     <span class='ocr_line' id='line_1_83' title="bbox 2260 3792 3913 3867; baseline 0.003 -19"><span class='ocrx_word' id='word_1_596' title='bbox 2260 3792 2645 3865; x_wconf 81' lang='lat' dir='ltr'>blasphemia</span> <span class='ocrx_word' id='word_1_597' title='bbox 2700 3795 2994 3863; x_wconf 87' lang='lat' dir='ltr'>caderent,</span> <span class='ocrx_word' id='word_1_598' title='bbox 3056 3795 3163 3850; x_wconf 91' lang='lat' dir='ltr'>levi</span> <span class='ocrx_word' id='word_1_599' title='bbox 3244 3812 3515 3852; x_wconf 90' lang='lat' dir='ltr'>sermone</span> <span class='ocrx_word' id='word_1_600' title='bbox 3572 3799 3631 3852; x_wconf 84' lang='lat' dir='ltr'>et</span> <span class='ocrx_word' id='word_1_601' title='bbox 3682 3795 3913 3867; x_wconf 88' lang='lat' dir='ltr'>placido</span> 
     </span>
    </p>
   </div>
   <div class='ocr_carea' id='block_1_84' title="bbox 2261 3882 2637 3938">
    <p class='ocr_par' dir='ltr' id='par_1_84' title="bbox 2261 3882 2637 3938">
     <span class='ocr_line' id='line_1_84' title="bbox 2261 3882 2637 3938; baseline 0.005 -2"><span class='ocrx_word' id='word_1_602' title='bbox 2261 3882 2637 3938; x_wconf 88' lang='lat' dir='ltr'>sustinerem.</span> 
     </span>
    </p>
   </div>
   <div class='ocr_carea' id='block_1_85' title="bbox 2336 3971 3913 4046">
    <p class='ocr_par' dir='ltr' id='par_1_85' title="bbox 2336 3971 3913 4046">
     <span class='ocr_line' id='line_1_85' title="bbox 2336 3971 3913 4046; baseline 0.004 -23"><span class='ocrx_word' id='word_1_603' title='bbox 2336 3994 2362 4020; x_wconf 89' lang='grc'><em>‹‹</em></span> <span class='ocrx_word' id='word_1_604' title='bbox 2396 3972 2505 4027; x_wconf 86' lang='lat' dir='ltr'>Sed</span> <span class='ocrx_word' id='word_1_605' title='bbox 2538 3971 2679 4043; x_wconf 90' lang='lat' dir='ltr'>quid</span> <span class='ocrx_word' id='word_1_606' title='bbox 2712 3988 2883 4045; x_wconf 88' lang='lat' dir='ltr'>agam</span> <span class='ocrx_word' id='word_1_607' title='bbox 2914 3972 2942 4027; x_wconf 66' lang='grc' dir='ltr'>’ἶ</span> <span class='ocrx_word' id='word_1_608' title='bbox 2972 3972 3031 4028; x_wconf 90' lang='lat' dir='ltr'>Si</span> <span class='ocrx_word' id='word_1_609' title='bbox 3077 3972 3309 4028; x_wconf 91' lang='lat' dir='ltr'>locutus</span> <span class='ocrx_word' id='word_1_610' title='bbox 3368 3974 3549 4042; x_wconf 83' lang='lat' dir='ltr'>fuero,</span> <span class='ocrx_word' id='word_1_611' title='bbox 3584 3990 3700 4029; x_wconf 89' lang='lat' dir='ltr'>non</span> <span class='ocrx_word' id='word_1_612' title='bbox 3747 3972 3913 4046; x_wconf 89' lang='lat' dir='ltr'>quie-</span> 
     </span>
    </p>
   </div>
   <div class='ocr_carea' id='block_1_86' title="bbox 2262 4060 3916 4133">
    <p class='ocr_par' dir='ltr' id='par_1_86' title="bbox 2262 4060 3916 4133">
     <span class='ocr_line' id='line_1_86' title="bbox 2262 4060 3916 4133; baseline 0.002 -17"><span class='ocrx_word' id='word_1_613' title='bbox 2262 4066 2386 4116; x_wconf 87' lang='lat' dir='ltr'>scet</span> <span class='ocrx_word' id='word_1_614' title='bbox 2443 4060 2607 4116; x_wconf 88' lang='lat' dir='ltr'>dolor</span> <span class='ocrx_word' id='word_1_615' title='bbox 2663 4078 2830 4117; x_wconf 90' lang='lat' dir='ltr'>meus</span> <span class='ocrx_word' id='word_1_616' title='bbox 2889 4066 2946 4116; x_wconf 90' lang='lat' dir='ltr'>et</span> <span class='ocrx_word' id='word_1_617' title='bbox 3005 4062 3052 4117; x_wconf 92' lang='lat' dir='ltr'>si</span> <span class='ocrx_word' id='word_1_618' title='bbox 3112 4067 3366 4133; x_wconf 81' lang='lat' dir='ltr'>tacuero,</span> <span class='ocrx_word' id='word_1_619' title='bbox 3428 4079 3540 4118; x_wconf 90' lang='lat' dir='ltr'>non</span> <span class='ocrx_word' id='word_1_620' title='bbox 3604 4063 3833 4119; x_wconf 84' lang='lat' dir='ltr'>recedet</span> <span class='ocrx_word' id='word_1_621' title='bbox 3877 4080 3916 4119; x_wconf 88' lang='lat' dir='ltr'>a</span> 
     </span>
    </p>
   </div>
   <div class='ocr_carea' id='block_1_87' title="bbox 2262 4150 3913 4223">
    <p class='ocr_par' dir='ltr' id='par_1_87' title="bbox 2262 4150 3913 4223">
     <span class='ocr_line' id='line_1_87' title="bbox 2262 4150 3913 4223; baseline 0.002 -20"><span class='ocrx_word' id='word_1_622' title='bbox 2262 4166 2374 4205; x_wconf 89' lang='lat' dir='ltr'>me.</span> <span class='ocrx_word' id='word_1_623' title='bbox 2428 4172 2456 4199; x_wconf 83' lang='lat'><strong><em>«</em></strong></span> <span class='ocrx_word' id='word_1_624' title='bbox 2511 4150 2571 4204; x_wconf 93' lang='lat' dir='ltr'>Id</span> <span class='ocrx_word' id='word_1_625' title='bbox 2619 4155 2707 4205; x_wconf 90' lang='lat' dir='ltr'>est</span> <span class='ocrx_word' id='word_1_626' title='bbox 2766 4150 2885 4206; x_wconf 89' lang='lat' dir='ltr'>sive</span> <span class='ocrx_word' id='word_1_627' title='bbox 2936 4151 3142 4223; x_wconf 89' lang='lat' dir='ltr'>loquar</span> <span class='ocrx_word' id='word_1_628' title='bbox 3182 4150 3293 4206; x_wconf 90' lang='lat' dir='ltr'>ista</span> <span class='ocrx_word' id='word_1_629' title='bbox 3347 4168 3501 4206; x_wconf 89' lang='lat' dir='ltr'>nunc</span> <span class='ocrx_word' id='word_1_630' title='bbox 3557 4151 3745 4221; x_wconf 89' lang='lat' dir='ltr'>vobis,</span> <span class='ocrx_word' id='word_1_631' title='bbox 3788 4151 3913 4208; x_wconf 85' lang='lat' dir='ltr'>sive</span> 
     </span>
    </p>
   </div>
   <div class='ocr_carea' id='block_1_88' title="bbox 2260 4240 3909 4310">
    <p class='ocr_par' dir='ltr' id='par_1_88' title="bbox 2260 4240 3909 4310">
     <span class='ocr_line' id='line_1_88' title="bbox 2260 4240 3909 4310; baseline 0.001 -15"><span class='ocrx_word' id='word_1_632' title='bbox 2260 4240 2438 4295; x_wconf 84' lang='lat' dir='ltr'>etiam</span> <span class='ocrx_word' id='word_1_633' title='bbox 2472 4244 2695 4295; x_wconf 86' lang='lat' dir='ltr'>taceam</span> <span class='ocrx_word' id='word_1_634' title='bbox 2758 4256 2770 4295; x_wconf 90' lang='lat'>:</span> <span class='ocrx_word' id='word_1_635' title='bbox 2821 4240 2928 4295; x_wconf 89' lang='lat' dir='ltr'>hoc</span> <span class='ocrx_word' id='word_1_636' title='bbox 2986 4240 3178 4296; x_wconf 86' lang='lat' dir='ltr'>solum</span> <span class='ocrx_word' id='word_1_637' title='bbox 3238 4257 3331 4295; x_wconf 90' lang='lat' dir='ltr'>me</span> <span class='ocrx_word' id='word_1_638' title='bbox 3388 4255 3560 4297; x_wconf 89' lang='lat' dir='ltr'>nosse</span> <span class='ocrx_word' id='word_1_639' title='bbox 3610 4241 3909 4310; x_wconf 89' lang='lat' dir='ltr'>conﬁteor,</span> 
     </span>
    </p>
   </div>
   <div class='ocr_carea' id='block_1_89' title="bbox 2263 4328 3383 4399">
    <p class='ocr_par' dir='ltr' id='par_1_89' title="bbox 2263 4328 3383 4399">
     <span class='ocr_line' id='line_1_89' title="bbox 2263 4328 3383 4399; baseline 0.002 -17"><span class='ocrx_word' id='word_1_640' title='bbox 2263 4329 2417 4399; x_wconf 91' lang='lat' dir='ltr'>quod</span> <span class='ocrx_word' id='word_1_641' title='bbox 2453 4328 2786 4384; x_wconf 89' lang='lat' dir='ltr'>incessabili</span> <span class='ocrx_word' id='word_1_642' title='bbox 2819 4328 3019 4386; x_wconf 90' lang='lat' dir='ltr'>dolore</span> <span class='ocrx_word' id='word_1_643' title='bbox 3043 4328 3383 4385; x_wconf 89' lang='lat' dir='ltr'>discrucior.</span> 
     </span>
    </p>
   </div>
   <div class='ocr_carea' id='block_1_90' title="bbox 2334 4417 3909 4490">
    <p class='ocr_par' dir='ltr' id='par_1_90' title="bbox 2334 4417 3909 4490">
     <span class='ocr_line' id='line_1_90' title="bbox 2334 4417 3909 4490; baseline 0.001 -19"><span class='ocrx_word' id='word_1_644' title='bbox 2334 4440 2361 4465; x_wconf 88' lang='grc'>‹‹</span> <span class='ocrx_word' id='word_1_645' title='bbox 2397 4417 2563 4473; x_wconf 84' lang='lat' dir='ltr'>Nunc</span> <span class='ocrx_word' id='word_1_646' title='bbox 2597 4422 2792 4473; x_wconf 89' lang='lat' dir='ltr'>autem</span> <span class='ocrx_word' id='word_1_647' title='bbox 2852 4417 3145 4490; x_wconf 88' lang='lat' dir='ltr'>oppressit</span> <span class='ocrx_word' id='word_1_648' title='bbox 3202 4434 3296 4473; x_wconf 91' lang='lat' dir='ltr'>me</span> <span class='ocrx_word' id='word_1_649' title='bbox 3352 4417 3517 4475; x_wconf 91' lang='lat' dir='ltr'>dolor</span> <span class='ocrx_word' id='word_1_650' title='bbox 3545 4434 3731 4490; x_wconf 91' lang='lat' dir='ltr'>meus,</span> <span class='ocrx_word' id='word_1_651' title='bbox 3764 4424 3820 4473; x_wconf 89' lang='lat' dir='ltr'>et</span> <span class='ocrx_word' id='word_1_652' title='bbox 3847 4418 3909 4474; x_wconf 88' lang='lat' dir='ltr'>in</span> 
     </span>
    </p>
   </div>
   <div class='ocr_carea' id='block_1_91' title="bbox 2262 4505 3910 4565">
    <p class='ocr_par' dir='ltr' id='par_1_91' title="bbox 2262 4505 3910 4565">
     <span class='ocr_line' id='line_1_91' title="bbox 2262 4505 3910 4565; baseline 0.002 -4"><span class='ocrx_word' id='word_1_653' title='bbox 2262 4505 2513 4561; x_wconf 67' lang='lat' dir='ltr'>nililum</span> <span class='ocrx_word' id='word_1_654' title='bbox 2565 4505 2784 4561; x_wconf 89' lang='lat' dir='ltr'>redacti</span> <span class='ocrx_word' id='word_1_655' title='bbox 2841 4512 2982 4561; x_wconf 91' lang='lat' dir='ltr'>sunt</span> <span class='ocrx_word' id='word_1_656' title='bbox 3038 4523 3241 4563; x_wconf 90' lang='lat' dir='ltr'>omnes</span> <span class='ocrx_word' id='word_1_657' title='bbox 3301 4511 3462 4563; x_wconf 89' lang='lat' dir='ltr'>artus</span> <span class='ocrx_word' id='word_1_658' title='bbox 3520 4507 3655 4564; x_wconf 90' lang='lat' dir='ltr'>mei.</span> <span class='ocrx_word' id='word_1_659' title='bbox 3714 4528 3742 4559; x_wconf 69' lang='grc' dir='ltr'><strong>λ</strong></span> <span class='ocrx_word' id='word_1_660' title='bbox 3791 4507 3910 4565; x_wconf 86' lang='grc' dir='ltr'>Ηοο</span> 
     </span>
    </p>
   </div>
   <div class='ocr_carea' id='block_1_92' title="bbox 503 4593 3425 4678">
    <p class='ocr_par' dir='ltr' id='par_1_92' title="bbox 503 4593 3425 4678">
     <span class='ocr_line' id='line_1_92' title="bbox 503 4593 3425 4678; baseline 0.004 -27"><span class='ocrx_word' id='word_1_661' title='bbox 503 4609 651 4659; x_wconf 88' lang='lat' dir='ltr'>rem,</span> <span class='ocrx_word' id='word_1_662' title='bbox 681 4598 740 4649; x_wconf 90' lang='lat' dir='ltr'>et</span> <span class='ocrx_word' id='word_1_663' title='bbox 783 4593 1102 4650; x_wconf 87' lang='lat' dir='ltr'>violentum</span> <span class='ocrx_word' id='word_1_664' title='bbox 1152 4595 1555 4654; x_wconf 87' lang='lat' dir='ltr'>simulatorem</span> <span class='ocrx_word' id='word_1_665' title='bbox 1606 4606 1873 4658; x_wconf 90' lang='lat' dir='ltr'>sanctum</span> <span class='ocrx_word' id='word_1_666' title='bbox 1922 4604 2031 4661; x_wconf 88' lang='lat' dir='ltr'>Job</span> <span class='ocrx_word' id='word_1_667' title='bbox 2065 4606 2157 4664; x_wconf 89' lang='lat' dir='ltr'>his</span> <span class='ocrx_word' id='word_1_668' title='bbox 2187 4613 2233 4678; x_wconf 81' lang='grc' dir='ltr'>ι)</span> <span class='ocrx_word' id='word_1_669' title='bbox 2266 4595 2442 4651; x_wconf 58' lang='lat' dir='ltr'>etiam</span> <span class='ocrx_word' id='word_1_670' title='bbox 2475 4597 2545 4651; x_wconf 68' lang='lat' dir='ltr'>de</span> <span class='ocrx_word' id='word_1_671' title='bbox 2576 4596 2806 4651; x_wconf 64' lang='lat' dir='ltr'>Christo</span> <span class='ocrx_word' id='word_1_672' title='bbox 2840 4594 3284 4667; x_wconf 73' lang='lat' dir='ltr'>intelligendum</span> <span class='ocrx_word' id='word_1_673' title='bbox 3318 4601 3425 4653; x_wconf 66' lang='grc' dir='ltr'>θεῖα</span> 
     </span>
    </p>
   </div>
   <div class='ocr_carea' id='block_1_93' title="bbox 501 4681 2154 4766">
    <p class='ocr_par' dir='ltr' id='par_1_93' title="bbox 501 4681 2154 4766">
     <span class='ocr_line' id='line_1_93' title="bbox 501 4681 2154 4766; baseline 0.007 -27"><span class='ocrx_word' id='word_1_674' title='bbox 501 4681 877 4739; x_wconf 85' lang='lat' dir='ltr'>sermonibus</span> <span class='ocrx_word' id='word_1_675' title='bbox 905 4683 1163 4750; x_wconf 88' lang='lat' dir='ltr'>denotat,</span> <span class='ocrx_word' id='word_1_676' title='bbox 1195 4689 1247 4740; x_wconf 90' lang='lat' dir='ltr'>et</span> <span class='ocrx_word' id='word_1_677' title='bbox 1278 4685 1419 4741; x_wconf 88' lang='lat' dir='ltr'>dicit</span> <span class='ocrx_word' id='word_1_678' title='bbox 1448 4690 1624 4759; x_wconf 87' lang='lat' dir='ltr'>quod,</span> <span class='ocrx_word' id='word_1_679' title='bbox 1658 4694 1714 4745; x_wconf 90' lang='lat' dir='ltr'>et</span> <span class='ocrx_word' id='word_1_680' title='bbox 1742 4690 1793 4746; x_wconf 91' lang='lat' dir='ltr'>ei</span> <span class='ocrx_word' id='word_1_681' title='bbox 1817 4709 1927 4748; x_wconf 91' lang='lat' dir='ltr'>non</span> <span class='ocrx_word' id='word_1_682' title='bbox 1952 4696 2154 4766; x_wconf 87' lang='lat' dir='ltr'>prode-</span> 
     </span>
    </p>
   </div>
   <div class='ocr_carea' id='block_1_94' title="bbox 502 4770 2152 4847">
    <p class='ocr_par' dir='ltr' id='par_1_94' title="bbox 502 4770 2152 4847">
     <span class='ocr_line' id='line_1_94' title="bbox 502 4770 2152 4847; baseline 0.008 -20"><span class='ocrx_word' id='word_1_683' title='bbox 502 4773 644 4827; x_wconf 86' lang='lat' dir='ltr'>runt</span> <span class='ocrx_word' id='word_1_684' title='bbox 691 4770 907 4828; x_wconf 87' lang='lat' dir='ltr'>divitia</span> <span class='ocrx_word' id='word_1_685' title='bbox 958 4788 1027 4830; x_wconf 86' lang='lat' dir='ltr'>ex</span> <span class='ocrx_word' id='word_1_686' title='bbox 1058 4773 1317 4847; x_wconf 90' lang='lat' dir='ltr'>iniquate</span> <span class='ocrx_word' id='word_1_687' title='bbox 1366 4776 1677 4834; x_wconf 85' lang='lat' dir='ltr'>collectata</span> <span class='ocrx_word' id='word_1_688' title='bbox 1713 4798 1725 4835; x_wconf 92' lang='lat'>:</span> <span class='ocrx_word' id='word_1_689' title='bbox 1756 4779 1836 4836; x_wconf 89' lang='lat' dir='ltr'>ita</span> <span class='ocrx_word' id='word_1_690' title='bbox 1865 4783 2020 4839; x_wconf 91' lang='lat' dir='ltr'>enim</span> <span class='ocrx_word' id='word_1_691' title='bbox 2051 4785 2152 4840; x_wconf 89' lang='lat' dir='ltr'>ad-</span> 
     </span>
    </p>
   </div>
   <div class='ocr_carea' id='block_1_95' title="bbox 500 4861 2155 4943">
    <p class='ocr_par' dir='ltr' id='par_1_95' title="bbox 500 4861 2155 4943">
     <span class='ocr_line' id='line_1_95' title="bbox 500 4861 2155 4943; baseline 0.008 -27"><span class='ocrx_word' id='word_1_692' title='bbox 500 4876 736 4917; x_wconf 88' lang='lat' dir='ltr'>versum</span> <span class='ocrx_word' id='word_1_693' title='bbox 768 4861 900 4931; x_wconf 88' lang='lat' dir='ltr'>Job,</span> <span class='ocrx_word' id='word_1_694' title='bbox 933 4865 990 4918; x_wconf 91' lang='lat' dir='ltr'>et</span> <span class='ocrx_word' id='word_1_695' title='bbox 1020 4862 1078 4917; x_wconf 90' lang='lat' dir='ltr'>in</span> <span class='ocrx_word' id='word_1_696' title='bbox 1110 4862 1300 4935; x_wconf 91' lang='lat' dir='ltr'>primo</span> <span class='ocrx_word' id='word_1_697' title='bbox 1329 4881 1598 4923; x_wconf 89' lang='lat' dir='ltr'>sermone</span> <span class='ocrx_word' id='word_1_698' title='bbox 1643 4868 1875 4925; x_wconf 90' lang='lat' dir='ltr'>locutus</span> <span class='ocrx_word' id='word_1_699' title='bbox 1909 4877 2020 4943; x_wconf 90' lang='lat' dir='ltr'>est,</span> <span class='ocrx_word' id='word_1_700' title='bbox 2054 4875 2155 4930; x_wconf 89' lang='lat' dir='ltr'>ubi</span> 
     </span>
    </p>
   </div>
   <div class='ocr_carea' id='block_1_96' title="bbox 502 4948 2156 5032">
    <p class='ocr_par' dir='ltr' id='par_1_96' title="bbox 502 4948 2156 5032">
     <span class='ocr_line' id='line_1_96' title="bbox 502 4948 2156 5032; baseline 0.009 -27"><span class='ocrx_word' id='word_1_701' title='bbox 502 4949 679 5006; x_wconf 89' lang='lat' dir='ltr'>etiam</span> <span class='ocrx_word' id='word_1_702' title='bbox 705 4948 859 5007; x_wconf 89' lang='lat' dir='ltr'>leoni</span> <span class='ocrx_word' id='word_1_703' title='bbox 883 4950 1529 5027; x_wconf 88' lang='lat' dir='ltr'>etleana,leonumque</span> <span class='ocrx_word' id='word_1_704' title='bbox 1551 4956 1742 5013; x_wconf 87' lang='lat' dir='ltr'>catulo</span> <span class='ocrx_word' id='word_1_705' title='bbox 1764 4965 1821 5014; x_wconf 89' lang='lat' dir='ltr'>et</span> <span class='ocrx_word' id='word_1_706' title='bbox 1842 4959 1973 5032; x_wconf 88' lang='lat' dir='ltr'>tigri</span> <span class='ocrx_word' id='word_1_707' title='bbox 1997 4979 2156 5019; x_wconf 90' lang='lat' dir='ltr'>com-</span> 
     </span>
    </p>
   </div>
   <div class='ocr_carea' id='block_1_97' title="bbox 501 5038 2153 5119">
    <p class='ocr_par' dir='ltr' id='par_1_97' title="bbox 501 5038 2153 5119">
     <span class='ocr_line' id='line_1_97' title="bbox 501 5038 2153 5119; baseline 0.008 -24"><span class='ocrx_word' id='word_1_708' title='bbox 501 5038 864 5113; x_wconf 86' lang='lat' dir='ltr'>paravit.Sed</span> <span class='ocrx_word' id='word_1_709' title='bbox 896 5039 1012 5097; x_wconf 89' lang='lat' dir='ltr'>Deo</span> <span class='ocrx_word' id='word_1_710' title='bbox 1035 5043 1223 5115; x_wconf 88' lang='lat' dir='ltr'>magis</span> <span class='ocrx_word' id='word_1_711' title='bbox 1255 5045 1609 5101; x_wconf 89' lang='lat' dir='ltr'>credendum</span> <span class='ocrx_word' id='word_1_712' title='bbox 1635 5049 1851 5119; x_wconf 88' lang='lat' dir='ltr'>est,qui</span> <span class='ocrx_word' id='word_1_713' title='bbox 1875 5067 2009 5106; x_wconf 90' lang='lat' dir='ltr'>eum</span> <span class='ocrx_word' id='word_1_714' title='bbox 2033 5050 2153 5107; x_wconf 89' lang='lat' dir='ltr'>lau-</span> 
     </span>
    </p>
   </div>
   <div class='ocr_carea' id='block_1_98' title="bbox 448 5128 2155 5203">
    <p class='ocr_par' dir='ltr' id='par_1_98' title="bbox 448 5128 2155 5203">
     <span class='ocr_line' id='line_1_98' title="bbox 448 5128 2155 5203; baseline 0.006 -18"><span class='ocrx_word' id='word_1_715' title='bbox 448 5136 455 5149; x_wconf 89' lang='lat'><strong>&#39;</strong></span> <span class='ocrx_word' id='word_1_716' title='bbox 500 5129 651 5185; x_wconf 86' lang='lat' dir='ltr'>dans</span> <span class='ocrx_word' id='word_1_717' title='bbox 680 5145 797 5186; x_wconf 90' lang='lat' dir='ltr'>non</span> <span class='ocrx_word' id='word_1_718' title='bbox 824 5128 1226 5188; x_wconf 88' lang='lat' dir='ltr'>simulatorem</span> <span class='ocrx_word' id='word_1_719' title='bbox 1258 5134 1526 5189; x_wconf 88' lang='lat' dir='ltr'>eﬂ&#39;ectum</span> <span class='ocrx_word' id='word_1_720' title='bbox 1562 5135 1847 5203; x_wconf 85' lang='lat' dir='ltr'>dixit,sed</span> <span class='ocrx_word' id='word_1_721' title='bbox 1884 5138 2155 5196; x_wconf 90' lang='lat' dir='ltr'>innocen-</span> 
     </span>
    </p>
   </div>
   <div class='ocr_carea' id='block_1_99' title="bbox 497 5217 2153 5297">
    <p class='ocr_par' dir='ltr' id='par_1_99' title="bbox 497 5217 2153 5297">
     <span class='ocr_line' id='line_1_99' title="bbox 497 5217 2153 5297; baseline 0.007 -23"><span class='ocrx_word' id='word_1_722' title='bbox 497 5222 617 5274; x_wconf 85' lang='lat' dir='ltr'>tem</span> <span class='ocrx_word' id='word_1_723' title='bbox 632 5222 690 5275; x_wconf 90' lang='lat' dir='ltr'>et</span> <span class='ocrx_word' id='word_1_724' title='bbox 710 5217 1037 5292; x_wconf 89' lang='lat' dir='ltr'>simplicem</span> <span class='ocrx_word' id='word_1_725' title='bbox 1056 5221 1571 5294; x_wconf 85' lang='lat' dir='ltr'>pradicavit.Quod</span> <span class='ocrx_word' id='word_1_726' title='bbox 1588 5228 1780 5281; x_wconf 90' lang='lat' dir='ltr'>autem</span> <span class='ocrx_word' id='word_1_727' title='bbox 1798 5226 2153 5297; x_wconf 87' lang='lat' dir='ltr'>aitEliphaz.</span> 
     </span>
    </p>
   </div>
   <div class='ocr_carea' id='block_1_100' title="bbox 570 5308 2153 5389">
    <p class='ocr_par' dir='ltr' id='par_1_100' title="bbox 570 5308 2153 5389">
     <span class='ocr_line' id='line_1_100' title="bbox 570 5308 2153 5389; baseline 0.009 -31"><span class='ocrx_word' id='word_1_728' title='bbox 570 5329 601 5358; x_wconf 86' lang='lat'><strong><em>«</em></strong></span> <span class='ocrx_word' id='word_1_729' title='bbox 645 5311 737 5363; x_wconf 22' lang='lat' dir='ltr'>Et.</span> <span class='ocrx_word' id='word_1_730' title='bbox 772 5308 925 5382; x_wconf 87' lang='lat' dir='ltr'>ignis</span> <span class='ocrx_word' id='word_1_731' title='bbox 974 5309 1273 5366; x_wconf 89' lang='lat' dir='ltr'>devorabit</span> <span class='ocrx_word' id='word_1_732' title='bbox 1328 5312 1700 5368; x_wconf 83' lang='lat' dir='ltr'>tabernacula</span> <span class='ocrx_word' id='word_1_733' title='bbox 1759 5330 1989 5383; x_wconf 85' lang='lat' dir='ltr'>eorum,</span> <span class='ocrx_word' id='word_1_734' title='bbox 2051 5319 2153 5389; x_wconf 90' lang='lat' dir='ltr'>qui</span> 
     </span>
    </p>
   </div>
   <div class='ocr_carea' id='block_1_101' title="bbox 499 5396 2150 5471">
    <p class='ocr_par' dir='ltr' id='par_1_101' title="bbox 499 5396 2150 5471">
     <span class='ocr_line' id='line_1_101' title="bbox 499 5396 2150 5471; baseline 0.007 -21"><span class='ocrx_word' id='word_1_735' title='bbox 499 5410 746 5453; x_wconf 88' lang='lat' dir='ltr'>munera</span> <span class='ocrx_word' id='word_1_736' title='bbox 776 5396 1026 5454; x_wconf 87' lang='lat' dir='ltr'>libenter</span> <span class='ocrx_word' id='word_1_737' title='bbox 1056 5398 1374 5471; x_wconf 90' lang='lat' dir='ltr'>accipiunt.</span> <span class='ocrx_word' id='word_1_738' title='bbox 1419 5422 1448 5450; x_wconf 84' lang='lat'>»</span> <span class='ocrx_word' id='word_1_739' title='bbox 1493 5401 1550 5455; x_wconf 85' lang='lat' dir='ltr'>In</span> <span class='ocrx_word' id='word_1_740' title='bbox 1585 5406 1852 5457; x_wconf 88' lang='lat' dir='ltr'>sanctum</span> <span class='ocrx_word' id='word_1_741' title='bbox 1901 5403 2008 5459; x_wconf 90' lang='lat' dir='ltr'>Job</span> <span class='ocrx_word' id='word_1_742' title='bbox 2056 5422 2150 5462; x_wconf 89' lang='lat' dir='ltr'>ca-</span> 
     </span>
    </p>
   </div>
   <div class='ocr_carea' id='block_1_102' title="bbox 500 5483 2147 5561">
    <p class='ocr_par' dir='ltr' id='par_1_102' title="bbox 500 5483 2147 5561">
     <span class='ocr_line' id='line_1_102' title="bbox 500 5483 2147 5561; baseline 0.008 -23"><span class='ocrx_word' id='word_1_743' title='bbox 500 5483 637 5539; x_wconf 89' lang='lat' dir='ltr'>dere</span> <span class='ocrx_word' id='word_1_744' title='bbox 694 5502 806 5540; x_wconf 90' lang='lat' dir='ltr'>non</span> <span class='ocrx_word' id='word_1_745' title='bbox 845 5491 1055 5557; x_wconf 73' lang='lat' dir='ltr'>potest.</span> <span class='ocrx_word' id='word_1_746' title='bbox 1116 5489 1263 5554; x_wconf 88' lang='lat' dir='ltr'>Quia</span> <span class='ocrx_word' id='word_1_747' title='bbox 1313 5490 1453 5561; x_wconf 79' lang='lat' dir='ltr'>ipse,</span> <span class='ocrx_word' id='word_1_748' title='bbox 1490 5495 1553 5543; x_wconf 88' lang='lat' dir='ltr'>ut</span> <span class='ocrx_word' id='word_1_749' title='bbox 1603 5491 1724 5559; x_wconf 87' lang='lat' dir='ltr'>jam</span> <span class='ocrx_word' id='word_1_750' title='bbox 1760 5492 1897 5560; x_wconf 81' lang='lat' dir='ltr'>dixi,</span> <span class='ocrx_word' id='word_1_751' title='bbox 1943 5510 2147 5550; x_wconf 73' lang='lat' dir='ltr'>secun-</span> 
     </span>
    </p>
   </div>
   <div class='ocr_carea' id='block_1_103' title="bbox 499 5571 2143 5650">
    <p class='ocr_par' dir='ltr' id='par_1_103' title="bbox 499 5571 2143 5650">
     <span class='ocr_line' id='line_1_103' title="bbox 499 5571 2143 5650; baseline 0.009 -24"><span class='ocrx_word' id='word_1_752' title='bbox 499 5571 645 5627; x_wconf 89' lang='lat' dir='ltr'>dum</span> <span class='ocrx_word' id='word_1_753' title='bbox 692 5572 792 5627; x_wconf 88' lang='lat' dir='ltr'>Dei</span> <span class='ocrx_word' id='word_1_754' title='bbox 839 5575 1238 5632; x_wconf 84' lang='lat' dir='ltr'>testimonium</span> <span class='ocrx_word' id='word_1_755' title='bbox 1289 5578 1359 5633; x_wconf 84' lang='lat' dir='ltr'>de</span> <span class='ocrx_word' id='word_1_756' title='bbox 1408 5578 1599 5650; x_wconf 87' lang='lat' dir='ltr'>seipso</span> <span class='ocrx_word' id='word_1_757' title='bbox 1645 5579 1725 5634; x_wconf 86' lang='lat' dir='ltr'>ita</span> <span class='ocrx_word' id='word_1_758' title='bbox 1758 5580 1985 5637; x_wconf 87' lang='lat' dir='ltr'>locutus</span> <span class='ocrx_word' id='word_1_759' title='bbox 2017 5589 2143 5640; x_wconf 88' lang='lat' dir='ltr'>est:</span> 
     </span>
    </p>
   </div>
   <div class='ocr_carea' id='block_1_104' title="bbox 499 5655 2144 5743">
    <p class='ocr_par' dir='ltr' id='par_1_104' title="bbox 499 5655 2144 5743">
     <span class='ocr_line' id='line_1_104' title="bbox 499 5655 2144 5743; baseline 0.009 -30"><span class='ocrx_word' id='word_1_760' title='bbox 499 5655 571 5713; x_wconf 83' lang='lat' dir='ltr'>Et</span> <span class='ocrx_word' id='word_1_761' title='bbox 601 5657 649 5712; x_wconf 91' lang='lat' dir='ltr'>si</span> <span class='ocrx_word' id='word_1_762' title='bbox 709 5657 766 5711; x_wconf 89' lang='lat' dir='ltr'>in</span> <span class='ocrx_word' id='word_1_763' title='bbox 800 5660 1072 5719; x_wconf 88' lang='lat' dir='ltr'>manibus</span> <span class='ocrx_word' id='word_1_764' title='bbox 1132 5664 1278 5720; x_wconf 90' lang='lat' dir='ltr'>meis</span> <span class='ocrx_word' id='word_1_765' title='bbox 1335 5665 1579 5722; x_wconf 75' lang='lat' dir='ltr'>adhaesit</span> <span class='ocrx_word' id='word_1_766' title='bbox 1621 5669 1868 5743; x_wconf 59' lang='lat' dir='ltr'>macula,</span> <span class='ocrx_word' id='word_1_767' title='bbox 1904 5687 2036 5725; x_wconf 88' lang='lat' dir='ltr'>cum</span> <span class='ocrx_word' id='word_1_768' title='bbox 2073 5673 2144 5728; x_wconf 91' lang='lat' dir='ltr'>de</span> 
     </span>
    </p>
   </div>
   <div class='ocr_carea' id='block_1_105' title="bbox 2339 4685 3909 4757">
    <p class='ocr_par' dir='ltr' id='par_1_105' title="bbox 2339 4685 3909 4757">
     <span class='ocr_line' id='line_1_105' title="bbox 2339 4685 3909 4757; baseline 0.002 -18"><span class='ocrx_word' id='word_1_769' title='bbox 2339 4706 2365 4733; x_wconf 85' lang='lat'><strong>«</strong></span> <span class='ocrx_word' id='word_1_770' title='bbox 2400 4685 2574 4757; x_wconf 80' lang='lat' dir='ltr'>Ruga</span> <span class='ocrx_word' id='word_1_771' title='bbox 2607 4702 2746 4741; x_wconf 87' lang='lat' dir='ltr'>mea</span> <span class='ocrx_word' id='word_1_772' title='bbox 2796 4685 3198 4741; x_wconf 88' lang='lat' dir='ltr'>testimonium</span> <span class='ocrx_word' id='word_1_773' title='bbox 3258 4686 3463 4741; x_wconf 90' lang='lat' dir='ltr'>dicunt</span> <span class='ocrx_word' id='word_1_774' title='bbox 3500 4689 3702 4742; x_wconf 92' lang='lat' dir='ltr'>contra</span> <span class='ocrx_word' id='word_1_775' title='bbox 3731 4702 3844 4742; x_wconf 90' lang='lat' dir='ltr'>me.</span> <span class='ocrx_word' id='word_1_776' title='bbox 3881 4708 3909 4736; x_wconf 88' lang='lat'><strong>»</strong></span> 
     </span>
    </p>
   </div>
   <div class='ocr_carea' id='block_1_106' title="bbox 2264 4772 3908 4845">
    <p class='ocr_par' dir='ltr' id='par_1_106' title="bbox 2264 4772 3908 4845">
     <span class='ocr_line' id='line_1_106' title="bbox 2264 4772 3908 4845; baseline 0.001 -17"><span class='ocrx_word' id='word_1_777' title='bbox 2264 4772 2589 4829; x_wconf 87' lang='lat' dir='ltr'>Contractio</span> <span class='ocrx_word' id='word_1_778' title='bbox 2620 4774 2772 4830; x_wconf 91' lang='lat' dir='ltr'>cutis</span> <span class='ocrx_word' id='word_1_779' title='bbox 2822 4791 3021 4845; x_wconf 85' lang='lat' dir='ltr'>quam,</span> <span class='ocrx_word' id='word_1_780' title='bbox 3080 4774 3407 4831; x_wconf 87' lang='lat' dir='ltr'>exsiccante</span> <span class='ocrx_word' id='word_1_781' title='bbox 3461 4776 3662 4831; x_wconf 89' lang='lat' dir='ltr'>eadem</span> <span class='ocrx_word' id='word_1_782' title='bbox 3722 4774 3908 4845; x_wconf 90' lang='lat' dir='ltr'>sanie,</span> 
     </span>
    </p>
   </div>
   <div class='ocr_carea' id='block_1_107' title="bbox 2264 4862 3911 4935">
    <p class='ocr_par' dir='ltr' id='par_1_107' title="bbox 2264 4862 3911 4935">
     <span class='ocr_line' id='line_1_107' title="bbox 2264 4862 3911 4935; baseline 0.001 -18"><span class='ocrx_word' id='word_1_783' title='bbox 2264 4862 2454 4933; x_wconf 88' lang='lat' dir='ltr'>patior</span> <span class='ocrx_word' id='word_1_784' title='bbox 2487 4863 2921 4935; x_wconf 89' lang='lat' dir='ltr'>quodammodo</span> <span class='ocrx_word' id='word_1_785' title='bbox 2949 4863 3421 4920; x_wconf 88' lang='lat' dir='ltr'>manifestatione</span> <span class='ocrx_word' id='word_1_786' title='bbox 3461 4863 3553 4919; x_wconf 91' lang='lat' dir='ltr'>sui</span> <span class='ocrx_word' id='word_1_787' title='bbox 3584 4864 3682 4920; x_wconf 91' lang='lat' dir='ltr'>dat</span> <span class='ocrx_word' id='word_1_788' title='bbox 3711 4863 3911 4919; x_wconf 87' lang='lat' dir='ltr'>adver-</span> 
     </span>
    </p>
   </div>
   <div class='ocr_carea' id='block_1_108' title="bbox 2264 4952 3909 5026">
    <p class='ocr_par' dir='ltr' id='par_1_108' title="bbox 2264 4952 3909 5026">
     <span class='ocr_line' id='line_1_108' title="bbox 2264 4952 3909 5026; baseline 0.002 -20"><span class='ocrx_word' id='word_1_789' title='bbox 2264 4968 2395 5007; x_wconf 91' lang='lat' dir='ltr'>sum</span> <span class='ocrx_word' id='word_1_790' title='bbox 2430 4969 2522 5006; x_wconf 89' lang='lat' dir='ltr'>me</span> <span class='ocrx_word' id='word_1_791' title='bbox 2573 4952 3000 5025; x_wconf 87' lang='lat' dir='ltr'>testimonium,</span> <span class='ocrx_word' id='word_1_792' title='bbox 3033 4958 3089 5009; x_wconf 86' lang='lat' dir='ltr'>et</span> <span class='ocrx_word' id='word_1_793' title='bbox 3120 4952 3289 5025; x_wconf 83' lang='lat' dir='ltr'>quasi</span> <span class='ocrx_word' id='word_1_794' title='bbox 3342 4952 3623 5026; x_wconf 88' lang='lat' dir='ltr'>loquitur,</span> <span class='ocrx_word' id='word_1_795' title='bbox 3656 4956 3909 5025; x_wconf 84' lang='lat' dir='ltr'>quantos</span> 
     </span>
    </p>
   </div>
   <div class='ocr_carea' id='block_1_109' title="bbox 2265 5041 3341 5098">
    <p class='ocr_par' dir='ltr' id='par_1_109' title="bbox 2265 5041 3341 5098">
     <span class='ocr_line' id='line_1_109' title="bbox 2265 5041 3341 5098; baseline 0.001 -1"><span class='ocrx_word' id='word_1_796' title='bbox 2265 5041 2491 5097; x_wconf 90' lang='lat' dir='ltr'>dolores</span> <span class='ocrx_word' id='word_1_797' title='bbox 2522 5041 2640 5098; x_wconf 89' lang='lat' dir='ltr'>sive</span> <span class='ocrx_word' id='word_1_798' title='bbox 2671 5042 2964 5098; x_wconf 86' lang='lat' dir='ltr'>cruciatus</span> <span class='ocrx_word' id='word_1_799' title='bbox 2998 5043 3341 5098; x_wconf 86' lang='lat' dir='ltr'>sustineam.</span> 
     </span>
    </p>
   </div>
   <div class='ocr_carea' id='block_1_110' title="bbox 2341 5130 3907 5203">
    <p class='ocr_par' dir='ltr' id='par_1_110' title="bbox 2341 5130 3907 5203">
     <span class='ocr_line' id='line_1_110' title="bbox 2341 5130 3907 5203; baseline 0.004 -23"><span class='ocrx_word' id='word_1_800' title='bbox 2341 5154 2360 5180; x_wconf 79' lang='grc' dir='ltr'>ι</span> <span class='ocrx_word' id='word_1_801' title='bbox 2420 5132 2487 5186; x_wconf 88' lang='lat' dir='ltr'>Et</span> <span class='ocrx_word' id='word_1_802' title='bbox 2550 5131 2872 5188; x_wconf 85' lang='lat' dir='ltr'>suscitatur</span> <span class='ocrx_word' id='word_1_803' title='bbox 2922 5131 3271 5203; x_wconf 88' lang='lat' dir='ltr'>falsiloquus</span> <span class='ocrx_word' id='word_1_804' title='bbox 3346 5133 3626 5189; x_wconf 91' lang='lat' dir='ltr'>adversus</span> <span class='ocrx_word' id='word_1_805' title='bbox 3699 5130 3907 5187; x_wconf 85' lang='lat' dir='ltr'>faciem</span> 
     </span>
    </p>
   </div>
   <div class='ocr_carea' id='block_1_111' title="bbox 2267 5219 3906 5294">
    <p class='ocr_par' dir='ltr' id='par_1_111' title="bbox 2267 5219 3906 5294">
     <span class='ocr_line' id='line_1_111' title="bbox 2267 5219 3906 5294; baseline 0.001 -20"><span class='ocrx_word' id='word_1_806' title='bbox 2267 5237 2481 5285; x_wconf 87' lang='lat' dir='ltr'>meam,</span> <span class='ocrx_word' id='word_1_807' title='bbox 2511 5220 2916 5277; x_wconf 86' lang='lat' dir='ltr'>contradicens</span> <span class='ocrx_word' id='word_1_808' title='bbox 2949 5220 3116 5287; x_wconf 90' lang='lat' dir='ltr'>mihi,</span> <span class='ocrx_word' id='word_1_809' title='bbox 3150 5219 3394 5294; x_wconf 87' lang='lat' dir='ltr'>Collegit</span> <span class='ocrx_word' id='word_1_810' title='bbox 3424 5221 3680 5277; x_wconf 85' lang='lat' dir='ltr'>furorem</span> <span class='ocrx_word' id='word_1_811' title='bbox 3729 5237 3906 5277; x_wconf 89' lang='lat' dir='ltr'>suum</span> 
     </span>
    </p>
   </div>
   <div class='ocr_carea' id='block_1_112' title="bbox 2263 5308 3904 5383">
    <p class='ocr_par' dir='ltr' id='par_1_112' title="bbox 2263 5308 3904 5383">
     <span class='ocr_line' id='line_1_112' title="bbox 2263 5308 3904 5383; baseline 0 -19"><span class='ocrx_word' id='word_1_812' title='bbox 2263 5310 2319 5364; x_wconf 87' lang='lat' dir='ltr'>in</span> <span class='ocrx_word' id='word_1_813' title='bbox 2356 5326 2467 5365; x_wconf 89' lang='lat' dir='ltr'>me.</span> <span class='ocrx_word' id='word_1_814' title='bbox 2500 5329 2526 5360; x_wconf 74' lang='grc' dir='ltr'>ιι</span> <span class='ocrx_word' id='word_1_815' title='bbox 2565 5310 2668 5365; x_wconf 89' lang='lat' dir='ltr'>Hic</span> <span class='ocrx_word' id='word_1_816' title='bbox 2700 5317 2802 5365; x_wconf 85' lang='lat' dir='ltr'>aut</span> <span class='ocrx_word' id='word_1_817' title='bbox 2830 5310 3026 5382; x_wconf 90' lang='lat' dir='ltr'>ipsum</span> <span class='ocrx_word' id='word_1_818' title='bbox 3058 5309 3293 5382; x_wconf 86' lang='lat' dir='ltr'>Elipbaz</span> <span class='ocrx_word' id='word_1_819' title='bbox 3332 5309 3710 5383; x_wconf 87' lang='lat' dir='ltr'>falsiloquum</span> <span class='ocrx_word' id='word_1_820' title='bbox 3743 5308 3904 5382; x_wconf 89' lang='lat' dir='ltr'>dicit,</span> 
     </span>
    </p>
   </div>
   <div class='ocr_carea' id='block_1_113' title="bbox 2262 5398 3905 5472">
    <p class='ocr_par' dir='ltr' id='par_1_113' title="bbox 2262 5398 3905 5472">
     <span class='ocr_line' id='line_1_113' title="bbox 2262 5398 3905 5472; baseline 0.001 -19"><span class='ocrx_word' id='word_1_821' title='bbox 2262 5399 2404 5472; x_wconf 87' lang='lat' dir='ltr'>quia</span> <span class='ocrx_word' id='word_1_822' title='bbox 2434 5400 2742 5471; x_wconf 86' lang='lat' dir='ltr'>exprobrat</span> <span class='ocrx_word' id='word_1_823' title='bbox 2770 5405 2972 5454; x_wconf 86' lang='lat' dir='ltr'>sancto</span> <span class='ocrx_word' id='word_1_824' title='bbox 3023 5398 3153 5467; x_wconf 89' lang='lat' dir='ltr'>Joh,</span> <span class='ocrx_word' id='word_1_825' title='bbox 3185 5400 3337 5472; x_wconf 91' lang='lat' dir='ltr'>quod</span> <span class='ocrx_word' id='word_1_826' title='bbox 3367 5400 3488 5456; x_wconf 81' lang='lat' dir='ltr'>hac</span> <span class='ocrx_word' id='word_1_827' title='bbox 3535 5400 3608 5456; x_wconf 86' lang='lat' dir='ltr'>ob</span> <span class='ocrx_word' id='word_1_828' title='bbox 3641 5402 3905 5472; x_wconf 86' lang='lat' dir='ltr'>peccato-</span> 
     </span>
    </p>
   </div>
   <div class='ocr_carea' id='block_1_114' title="bbox 2262 5487 3904 5561">
    <p class='ocr_par' dir='ltr' id='par_1_114' title="bbox 2262 5487 3904 5561">
     <span class='ocr_line' id='line_1_114' title="bbox 2262 5487 3904 5561; baseline 0.001 -18"><span class='ocrx_word' id='word_1_829' title='bbox 2262 5506 2389 5543; x_wconf 88' lang='lat' dir='ltr'>rum</span> <span class='ocrx_word' id='word_1_830' title='bbox 2429 5489 2637 5543; x_wconf 86' lang='lat' dir='ltr'>merita</span> <span class='ocrx_word' id='word_1_831' title='bbox 2697 5488 3033 5557; x_wconf 84' lang='lat' dir='ltr'>sustineret,</span> <span class='ocrx_word' id='word_1_832' title='bbox 3084 5491 3185 5542; x_wconf 83' lang='lat' dir='ltr'>aut</span> <span class='ocrx_word' id='word_1_833' title='bbox 3245 5487 3566 5559; x_wconf 74' lang='lat' dir='ltr'>diabolum,</span> <span class='ocrx_word' id='word_1_834' title='bbox 3613 5490 3713 5561; x_wconf 90' lang='lat' dir='ltr'>qui</span> <span class='ocrx_word' id='word_1_835' title='bbox 3767 5504 3904 5544; x_wconf 90' lang='lat' dir='ltr'>cum</span> 
     </span>
    </p>
   </div>
   <div class='ocr_carea' id='block_1_115' title="bbox 2258 5575 3905 5651">
    <p class='ocr_par' dir='ltr' id='par_1_115' title="bbox 2258 5575 3905 5651">
     <span class='ocr_line' id='line_1_115' title="bbox 2258 5575 3905 5651; baseline 0 -17"><span class='ocrx_word' id='word_1_836' title='bbox 2258 5578 2481 5634; x_wconf 78' lang='lat' dir='ltr'>dixerat</span> <span class='ocrx_word' id='word_1_837' title='bbox 2514 5581 2897 5649; x_wconf 83' lang='lat' dir='ltr'>peccatorem.</span> <span class='ocrx_word' id='word_1_838' title='bbox 2931 5575 3133 5644; x_wconf 84' lang='lat' dir='ltr'>Aliter,</span> <span class='ocrx_word' id='word_1_839' title='bbox 3174 5576 3542 5651; x_wconf 86' lang='lat' dir='ltr'>falsiloquus,</span> <span class='ocrx_word' id='word_1_840' title='bbox 3598 5579 3626 5634; x_wconf 74' lang='grc' dir='ltr'><strong>ι]</strong></span> <span class='ocrx_word' id='word_1_841' title='bbox 3640 5579 3784 5634; x_wconf 91' lang='lat' dir='ltr'>udas</span> <span class='ocrx_word' id='word_1_842' title='bbox 3812 5576 3905 5634; x_wconf 85' lang='lat' dir='ltr'>vel</span> 
     </span>
    </p>
   </div>
   <div class='ocr_carea' id='block_1_116' title="bbox 2257 5665 3902 5743">
    <p class='ocr_par' dir='ltr' id='par_1_116' title="bbox 2257 5665 3902 5743">
     <span class='ocr_line' id='line_1_116' title="bbox 2257 5665 3902 5743; baseline 0.002 -20"><span class='ocrx_word' id='word_1_843' title='bbox 2257 5666 2508 5743; x_wconf 89' lang='lat' dir='ltr'>populus</span> <span class='ocrx_word' id='word_1_844' title='bbox 2550 5666 2889 5722; x_wconf 80' lang='lat' dir='ltr'>Judaorum</span> <span class='ocrx_word' id='word_1_845' title='bbox 2940 5665 3299 5739; x_wconf 88' lang='lat' dir='ltr'>intelligendi</span> <span class='ocrx_word' id='word_1_846' title='bbox 3349 5671 3507 5735; x_wconf 87' lang='lat' dir='ltr'>sunt,</span> <span class='ocrx_word' id='word_1_847' title='bbox 3563 5668 3664 5740; x_wconf 90' lang='lat' dir='ltr'>qui</span> <span class='ocrx_word' id='word_1_848' title='bbox 3696 5670 3902 5727; x_wconf 83' lang='lat' dir='ltr'>contra</span> 
     </span>
    </p>
   </div>
  </div>
