4310 6562
317 406 438 472 697

1384 412 1898 475 CUMMENTAR.
1947 410 2023 472 ΙΝ
2065 409 2229 472 JOB.
2277 412 2446 474 CAP.
2493 411 2653 475 XVI.

3608 411 3729 475 698

317 541 616 599 Christum
675 541 888 600 falsum
956 543 1240 600 dederunt
1299 543 1707 600 testimonium
1771 544 1956 614 (Mare.
1987 542 2262 612 Atenuit
2328 543 2608 599 cervicem
2683 559 2874 599 meam
2941 543 3061 599 sive
3131 548 3194 600 ut
3243 541 3354 600 "alii
3422 542 3722 613 dixerunt,

320 649 438 698 xxv,
469 633 584 702 58).

401 744 421 770 ι
459 721 527 776 Et
591 720 954 777 comminans
1021 721 1165 778 mihi
1232 722 1537 780 infremuit
1606 727 1808 780 contra
1873 737 1968 777 me

321 810 597 866 dentibus
651 809 858 866 suis.»
913 811 1021 867 Ore
1068 811 1392 868 amicorum
1436 817 1638 869 contra
1695 815 1963 868 sanctum

320 898 430 954 Job
495 899 956 971 disputantium,
1024 899 1288 957 diabolos
1355 901 1693 957 minabatur
1752 917 1763 954 :
1849 899 1968 955 sive

321 987 504 1042 Judzei
555 987 982 1045 infremuerunt
1027 999 1231 1046 contra
1281 989 1655 1047 Salvatorem.
1687 990 1818 1044 Alia
1847 988 1966 1045 edi-

317 1075 398 1130 tio
433 1093 444 1131 :
498 1099 526 1126 ‹‹
560 1077 793 1148 Sagittae
843 1078 1165 1150 piratarum
1215 1097 1394 1151 super
1425 1096 1515 1135 me
1547 1079 1900 1136 ceciderunt.
1939 1098 1967 1125 »

320 1163 522 1220 Piratae
573 1166 666 1221 isti
718 1167 932 1223 diaboli
983 1172 1124 1223 sunt
1174 1168 1451 1236 ministri,
1500 1169 1620 1225 sive
1673 1168 1968 1232 homines,

317 1253 438 1310 sive
492 1255 787 1312 daemones
843 1273 854 1313 :
926 1257 1028 1328 qui
1085 1262 1222 1312 tunc
1283 1258 1476 1330 piratis
1537 1258 1594 1313 in
1655 1257 1969 1331 Scripturis

317 1349 622 1410 vocantur,
656 1345 890 1416 quando
923 1345 1202 1402 sacculum
1238 1346 1392 1402 istud
1426 1364 1585 1403 mare
1616 1347 1964 1420 appellatur.

320 1432 558 1505 Sagittae
613 1451 745 1490 vero
806 1433 1034 1491 dolores
1089 1436 1175 1491 vel
1236 1435 1527 1491 cruciatus
1585 1437 1967 1509 intelligendi,

322 1537 471 1592 quos
519 1523 865 1594 patiebatur,
913 1529 977 1578 ut
1024 1525 1094 1580 ab
1144 1524 1228 1580 eis
1276 1525 1639 1580 transfossus
1689 1525 1970 1598 blasphe-

320 1610 442 1666 mia
473 1617 814 1667 moreretur.
847 1614 910 1667 Et
939 1612 1019 1669 ita
1049 1613 1288 1669 demum
1324 1631 1532 1670 aurum
1565 1618 1740 1686 atque
1769 1631 1969 1688 argen-

318 1703 444 1754 tum
502 1701 800 1771 sapientia:
855 1701 1003 1772 ejus,
1060 1707 1117 1758 et
1165 1702 1439 1770 scientiae,
1493 1708 1679 1760 vestes
1737 1721 1968 1776 quoque

320 1787 607 1858 pretiosas
636 1787 944 1853 virtutum,
968 1791 1093 1862 spei
1127 1796 1303 1863 atque
1337 1793 1468 1848 fidei
1501 1793 1558 1848 in
1583 1793 1790 1861 Deum,
1814 1794 1968 1849 aufe-

316 1879 446 1931 rent
496 1876 568 1932 ab
623 1893 711 1943 eo,
742 1882 799 1933 et
849 1880 1055 1951 grandi
1113 1880 1295 1952 pretio
1335 1886 1672 1953 comparata
1705 1881 1964 1938 monilia.

398 1987 418 2012 ι
456 1964 652 2021 Hostis
693 1981 860 2022 meus
907 1966 1268 2025 terribilibus
1313 1969 1499 2025 oculis
1562 1987 1654 2025 me
1712 1970 1967 2026 intuitus

314 2058 421 2110 est.
455 2074 483 2106 ιι
541 2056 602 2110 In
648 2054 832 2112 oculis
864 2057 1225 2114 terribilibus
1258 2058 1520 2115 animum
1554 2060 1875 2116 sauciantis
1907 2060 1966 2115 in

310 2159 374 2198 se
423 2143 702 2200 describit
755 2144 1065 2202 invisibilis
1099 2147 1345 2216 inimici,
1380 2147 1480 2220 qui
1512 2149 1630 2204 sive
1660 2167 1762 2221 per
1789 2149 1965 2205 visio-

312 2249 416 2287 nes
450 2237 784 2304 nocturnas,
819 2235 938 2290 sive
980 2253 1083 2307 per
1113 2238 1437 2292 amicorum
1468 2238 1695 2294 vultum
1729 2238 1962 2295 terribi-

315 2319 454 2388 lem,
481 2321 671 2378 minas
702 2323 1062 2380 intenderet:
1098 2325 1300 2396 sicque
1329 2326 1469 2382 dum
1490 2327 1599 2382 Job
1632 2328 1805 2384 amici
1839 2329 1967 2399 ejus

316 2414 520 2465 sancto
577 2411 828 2467 nefanda
883 2413 1328 2484 responderunt,
1377 2417 1739 2489 nutibusque
1789 2419 1965 2474 etiam

317 2514 452 2554 cum
477 2498 742 2556 irrisione
765 2500 1141 2570 deterrerent,
1157 2505 1227 2558 de
1245 2503 1474 2560 Christo
1498 2505 1964 2578 intelligendum.

392 2609 421 2638 «
454 2591 827 2660 Aperuerunt
849 2607 1026 2662 super
1056 2608 1148 2647 me
1179 2609 1282 2648 ora
1313 2610 1441 2662 sua,
1464 2598 1522 2649 et
1551 2596 1974 2672 exprobrantes.

316 2682 734 2749 percusserunt
782 2679 1079 2736 maxillam
1130 2697 1342 2752 meam,
1378 2682 1572 2738 satiati
1613 2690 1750 2741 sunt
1781 2685 1966 2758 poenis

319 2765 548 2821 meis.»
603 2767 786 2838 Igitur
839 2769 898 2822 in
952 2768 1208 2835 maxilla,
1248 2771 1478 2842 generis
1528 2777 1616 2827 est
1667 2773 1964 2843 nobilitas,

313 2854 433 2910 sive
464 2855 653 2912 honor
699 2857 951 2928 quidam
995 2857 1363 2915 manifestus.
1400 2862 1466 2916 Et
1495 2860 1649 2916 sicut
1679 2861 1774 2917 alii
1809 2863 1966 2918 dixe-

322 2947 479 3012 runt,
513 2945 724 3002 acriter
769 2951 858 3002 est
904 2963 1220 3019 percussus
1265 2948 1324 3004 in
1356 2951 1542 3021 genis,
1576 2951 1869 3007 intantum
1906 2957 1968 3007 ut

320 3033 392 3088 ab
442 3033 681 3102 honore,
714 3041 770 3091 et
817 3036 1140 3103 nobilitate,
1173 3041 1230 3092 et
1270 3037 1488 3095 divitiis
1524 3042 1686 3096 fieret
1717 3041 1964 3109 alienus,

317 3124 550 3194 quando
597 3123 894 3181 maxillam
945 3126 1078 3181 fidei
1131 3144 1248 3182 suae
1298 3127 1684 3185 collidendam
1735 3130 1965 3187 diabolo

317 3210 544 3268 fortiter
592 3213 860 3286 praebuit,
912 3232 1090 3287 quam
1152 3216 1246 3271 ille
1303 3219 1643 3289 perturbare
1693 3221 1965 3277 caedendo

315 3307 560 3357 conatus
609 3308 717 3372 est,
750 3302 918 3375 quasi
952 3306 1269 3376 quamdam
1301 3307 1548 3378 januam
1583 3308 1792 3364 divinis
1823 3327 1963 3365 con-
1996 3296 2038 3362 C

315 3387 589 3445 fessionis
635 3389 953 3462 eti'ringens
992 3391 1168 3464 (Joan.
1203 3410 1364 3458 xvm,
1397 3396 1508 3464 22),
1545 3396 1663 3452 sive
1693 3414 1825 3453 cum
1861 3397 1963 3453 fal-

313 3493 447 3533 sum
479 3477 884 3534 testimonium
917 3485 1118 3535 contra
1148 3482 1442 3538 Christum
1473 3483 1744 3540 dixerunt
1773 3487 1959 3555 (Marc.

312 3583 429 3633 xrv,
458 3567 574 3637 58),
606 3567 726 3623 sive
755 3567 924 3640 illud,
959 3568 1230 3641 Cruciﬁge
1256 3587 1380 3626 eum
1411 3575 1594 3641 (Joan.
1627 3591 1744 3642 xxx,
1775 3578 1851 3644 6).

388 3678 408 3705 α
444 3655 740 3712 Conclusit
770 3673 860 3713 me
895 3664 1043 3714 Deus
1075 3661 1228 3732 apud
1273 3661 1565 3733 iniquum,
1598 3667 1656 3719 et
1687 3665 1962 3720 manibus

311 3745 630 3818 impiorum
662 3762 755 3802 me
785 3746 1046 3802 tradidit.
1084 3770 1110 3796 »
1168 3748 1228 3804 Id
1269 3754 1358 3806 est
1391 3750 1621 3807 diabolo
1652 3757 1708 3808 et
1739 3754 1963 3827 angelis

313 3834 460 3905 ejus.
498 3835 627 3894 Sive
674 3836 746 3891 de
785 3835 1010 3892 Christo
1060 3837 1526 3911 intelligendum,
1561 3843 1794 3914 quando
1846 3848 1962 3900 tra-

315 3924 474 3980 ditus
504 3930 592 3981 est
622 3925 679 3981 in
712 3925 988 3982 manibus
1027 3926 1389 3984 Judaaorum.

390 4037 416 4064 ‹‹
445 4019 560 4087 Ego
590 4014 687 4078 ille
717 4017 1014 4088 quondam
1044 4016 1359 4088 opulentus
1407 4024 1642 4092 repente
1673 4024 1961 4081 contritus

314 4120 469 4160 sum.
516 4104 728 4160 Tenuit
782 4105 1064 4162 cervicem
1125 4123 1339 4176 meam,
1396 4110 1680 4182 confregit
1735 4129 1849 4179 me,
1908 4119 1964 4170 et

316 4192 514 4264 posuit
542 4210 635 4248 me
665 4193 776 4250 sibi
807 4194 976 4266 quasi
1008 4194 1066 4249 in
1100 4195 1357 4268 signum.
1398 4220 1425 4246 »
1484 4199 1542 4253 ld
1574 4203 1682 4266 est,
1715 4201 1786 4257 de
1817 4202 1960 4257 divi-

315 4286 373 4336 te
394 4282 586 4337 factus
616 4299 835 4354 pauper
864 4301 876 4339 :
908 4284 996 4340 vel
1018 4284 1305 4352 Christus,
1333 4286 1403 4341 de
1426 4291 1540 4342 Deo
1560 4287 1735 4345 homo
1765 4297 1958 4348 natus.

387 4393 414 4419 ‹‹
447 4371 840 4428 Circumdedit
887 4390 979 4429 me
1031 4373 1249 4430 lanceis
1304 4375 1478 4432 suis:
1529 4378 1961 4438 convulneravit

312 4458 547 4517 lumbos
600 4477 780 4518 meos.
813 4462 937 4519 Non
988 4462 1262 4535 pepercit,
1295 4467 1350 4519 et
1379 4464 1584 4521 effudit
1613 4466 1672 4522 in
1706 4471 1857 4526 terra
1885 4471 1961 4525 vi-

312 4565 476 4606 scera
533 4567 746 4607 mea.»
797 4551 1034 4608 Lanceae
1082 4551 1192 4608 hoc
1240 4552 1363 4610 loco
1415 4555 1750 4626 nominatae,
1800 4559 1959 4616 dolo-

315 4655 446 4694 rum
501 4641 1002 4733 compunctiones,
1037 4659 1186 4733 quas
1214 4643 1322 4699 Job
1353 4644 1708 4715 patiebatur,
1743 4647 1963 4720 signiﬁ-
1991 4666 2040 4733 D

313 4732 512 4784 canter
542 4729 957 4802 intelliguntur
991 4747 1002 4786 :
1052 4732 1169 4786 sive
1200 4733 1272 4788 de
1303 4733 1528 4790 Christo
1560 4734 1958 4808 blasphemia,

311 4834 461 4890 quas
491 4834 705 4890 passus
747 4821 837 4874 est
884 4837 918 4875 a
965 4820 1206 4888 Judazis,
1240 4820 1629 4895 intelligenda
1660 4830 1818 4882 sunt.
1848 4827 1959 4884 Job

307 4923 443 4963 vero
494 4925 606 4964 non
659 4907 852 4964 solum
901 4909 1118 4966 deforis
1163 4914 1282 4967 toto
1313 4928 1554 4986 corpore
1586 4919 1956 4987 computrue-

308 5001 422 5064 rat,
451 5011 656 5052 verum
711 4997 890 5054 etiam
937 4998 1165 5072 puteris
1199 5000 1372 5056 .sanie
1422 5001 1828 5074 liquescebat:
1880 5007 1961 5064 ita

310 5090 378 5142 ut
406 5085 532 5158 ipse
559 5085 668 5142 Job
700 5086 938 5156 diceret,
971 5089 1217 5146 Halitum
1245 5107 1428 5147 meum
1480 5092 1772 5150 exhorruit
1813 5113 1958 5153 uxor

305 5191 434 5230 mea
485 5174 621 5245 (Job,
653 5193 768 5244 xxx,
806 5177 913 5247 17).
946 5177 1156 5234 Omnia
1203 5179 1356 5236 circa
1405 5179 1638 5238 lumbos
1682 5183 1809 5254 ejus
1849 5202 1954 5258 pu-

303 5268 596 5319 truerunt.
643 5264 773 5322 Sive
827 5266 900 5322 de
946 5265 1173 5324 Christo
1230 5267 1698 5343 intelligendum,
1759 5295 1786 5324 «
1817 5289 1953 5329 con-

303 5353 632 5410 vulneravit
661 5353 896 5412 lumbos
928 5373 1107 5414 meos.
1147 5380 1167 5408 ι
1223 5358 1370 5425 Quia
1418 5359 1601 5415 Judaei
1657 5379 1841 5433 usque
1881 5365 1951 5420 ad

301 5442 411 5499 hoc
442 5444 731 5515 persecuti
761 5449 902 5502 sunt
933 5447 1251 5518 apostolos,
1285 5448 1384 5521 qui
1429 5450 1601 5520 quasi
1633 5451 1704 5506 de
1734 5451 1953 5509 lumbis

300 5532 576 5589 doctrinae
631 5552 750 5590 suae
807 5536 927 5590 nati
982 5536 1258 5594 fuerant:
1313 5543 1378 5594 ut
1424 5556 1522 5595 eos
1553 5539 1790 5596 vulnere
1820 5541 1950 5598 infi-

300 5620 560 5678 delitatis
590 5622 886 5681 Christum
922 5627 1187 5697 negando
1225 5628 1558 5684 sauciarent
1591 5646 1601 5684 :
1655 5629 1798 5685 dum
1846 5635 1949 5688 Pc-

299 5717 429 5769 trus
486 5711 657 5780 dicit,
717 5716 896 5770 nescio
953 5716 1227 5771 hominem
1287 5717 1473 5789 (Marc.
1534 5735 1656 5788 xxv,
1710 5719 1821 5791 71).
1883 5725 1949 5778 Et

2077 635 2264 687 tenens
2309 649 2523 688 comam
2575 649 2748 689 meam
2793 633 3024 689 divellit.
3058 634 3306 689 Proinde
3352 652 3509 710 nunc
3562 634 3728 690 intel-

2073 719 2328 795 ligamus
2351 739 2466 794 quo
2494 721 2686 777 furore
2708 721 2979 777 diabolus
3008 739 3072 777 ac
3092 723 3306 778 virtute
3328 722 3506 778 istum
3535 723 3723 779 virum

2076 811 2455 868 commoverit
2503 816 2678 883 atque
2736 811 3118 879 concusserit,
3178 811 3297 866 sive
3356 812 3722 884 confregerit,

2077 903 2142 954 ut
2171 900 2343 955 etiam
2379 917 2604 955 comam
2637 899 2980 973 capillorum
3013 901 3140 971 ejus
3172 899 3351 955 simul
3395 900 3720 972 apprehen-

2077 1006 2225 1056 sam,
2288 990 2365 1045 sit
2421 993 2664 1052 conatus
2720 987 2979 1046 evellere.
3038 989 3168 1045 Sive
3225 989 3297 1044 de
3353 988 3582 1046 Christo
3643 991 3724 1046 ita

2077 1077 2522 1151 intelligendum
2553 1097 2565 1134 :
2602 1083 2861 1149 tempore
2885 1078 3178 1150 passionis
3200 1095 3267 1134 ex
3297 1095 3404 1135 suo
3431 1080 3723 1152 permissu

2078 1167 2270 1222 tenuit
2317 1167 2705 1238 adversarius,
2738 1172 2795 1222 et
2845 1183 3033 1238 usque
3085 1168 3157 1222 ad
3204 1168 3411 1224 mortis
3443 1163 3721 1224 dormitai

2077 1257 2297 1312 tionem
2351 1257 2668 1326 inclinavit,
2706 1273 2880 1328 quem
2926 1257 3051 1326 jam
3103 1255 3460 1325 verberibus,
3494 1262 3552 1313 et
3597 1258 3724 1313 affi-

2077 1345 2246 1402 xionc
2275 1344 2570 1402 clavorum
2603 1347 2986 1417 confregcrat,
3017 1349 3074 1400 et
3126 1344 3360 1417 signum
3409 1345 3619 1402 salutis
3664 1347 3723 1402 in

2078 1435 2436 1490 contrarium
2477 1439 2700 1507 partem
2736 1438 3077 1506 posuerunt.

2149 1564 2175 1590 ‹‹
2211 1540 2508 1597 Conscidit
2564 1557 2656 1596 me
2709 1540 2945 1596 vulnere
3005 1557 3182 1612 super
3236 1541 3496 1598 vulnus:
3555 1542 3726 1599 irruit

2077 1629 2136 1684 in
2169 1647 2259 1684 me
2290 1628 2459 1700 quasi
2488 1630 2673 1702 gigas.
2708 1651 2735 1678 ››
2777 1629 2928 1684 Dum
2957 1628 3339 1701 languoribus
3370 1630 3516 1686 meis
3548 1635 3722 1703 atque

2074 1718 2416 1775 vulneribus
2447 1720 2747 1775 adduntur
2777 1717 2961 1792 plagas
2993 1718 3474 1786 innumerabiles,
3497 1718 3724 1775 dividor

2077 1812 2236 1864 totus
2267 1808 2561 1865 resolutus
2582 1813 2756 1880 atque
2781 1807 3168 1876 comminuor,
3195 1807 3276 1863 ita
3306 1812 3370 1862 ut
3400 1807 3630 1863 nullum
3664 1809 3724 1863 in

2077 1915 2170 1954 me
2201 1899 2601 1954 membrorum
2646 1898 2948 1954 residuum
2983 1897 3080 1964 sit,
3112 1899 3264 1967 quod
3296 1896 3493 1969 aliqua
3523 1897 3722 1953 solidi-

2077 1991 2194 2043 tate
2225 1988 2530 2044 subsistat.
2557 1993 2634 2042 De
2657 1987 2885 2046 Christo
2912 1986 3086 2042 etiam
3121 1985 3204 2042 sic
3237 1985 3682 2058 intelligendum
3709 2003 3723 2042 :

2075 2081 2217 2132 Cum
2268 2077 2452 2132 Judas
2500 2075 2700 2132 lethali
2749 2074 3055 2148 apostasia;
3106 2074 3345 2130 vulnere
3384 2079 3724 2148 peremptus

2075 2171 2185 2232 est,
2218 2183 2334 2222 non
2367 2166 2661 2238 pepercit:
2695 2165 2751 2220 in
2780 2169 2946 2220 tanta
2976 2179 3235 2235 namque
3267 2163 3488 2219 saevitia
3518 2164 3727 2220 debac-

2076 2255 2287 2311 chatus
2343 2261 2461 2316 est,
2520 2259 2585 2309 ut
2640 2253 2832 2311 scelus
2890 2253 3047 2325 quod
3106 2256 3299 2307 mente
3357 2257 3722 2325 conceperat,

2075 2344 2252 2400 etiam
2311 2361 2408 2400 ore
2465 2335 2788 2416 publicaret
2843 2343 3057 2414 (Matth.
3117 2359 3289 2409 xxvu,
3351 2342 3408 2409 4,
3464 2343 3575 2411 5):
3635 2341 3722 2396 vel

2077 2451 2255 2506 super
2281 2433 2523 2490 vulnera
2542 2433 2732 2489 crucis
2754 2430 3050 2487 clavorum
3085 2429 3326 2486 vulnera
3351 2430 3721 2486 addiderunt.

2147 2574 2176 2600 «
2210 2551 2454 2607 Saccum
2503 2548 2709 2605 consui
2754 2563 2932 2620 super
2963 2551 3154 2603 cutem
3189 2562 3405 2612 meam,
3436 2550 3494 2602 et
3523 2547 3721 2618 operui

2077 2639 2271 2696 cinere
2320 2654 2555 2694 carnem
2608 2655 2824 2694 meam.
2860 2659 2888 2686 »
2940 2637 3101 2700 Quod
3152 2635 3428 2691 similiter
3477 2635 3722 2706 dictum,

2076 2729 2146 2784 ad
2181 2727 2649 2784 humiliationem
2684 2726 2844 2799 regni
2889 2725 3018 2795 ejus
3049 2725 3335 2797 pertinere
3383 2722 3528 2779 mihi
3559 2723 3722 2780 vide-

2075 2821 2190 2873 tur.
2224 2818 2415 2873 Cornu
2449 2822 2665 2882 autem,
2701 2831 2944 2888 regnum
2989 2814 3049 2870 in
3083 2813 3400 2885 Scripturis
3431 2816 3672 2869 vocatur
3706 2828 3721 2869 :

2066 2907 2239 2978 juxta
2295 2906 2469 2975 illud,
2531 2905 2813 2960 Exaltabit
2875 2920 3047 2960 cornu
3113 2902 3316 2958 Christi
3379 2904 3471 2957 sui
3533 2903 3720 2973 (Psal.

2074 3012 2300 3064 cxnvm,
2333 2997 2440 3065 14).
2475 2995 2746 3050 Christus
2794 3009 2928 3048 vero
2969 2993 3155 3065 ipsam
3202 2995 3435 3064 gentem
3490 2991 3560 3046 de
3609 3007 3726 3062 qua

2075 3086 2362 3141 oriundus
2417 3089 2559 3151 erat,
2618 3100 2855 3140 saccum
2923 3080 3252 3154 appellavit.
3322 3081 3524 3136 Cinere
3590 3097 3722 3136 vero

2075 3173 2305 3246 operuit
2336 3174 2628 3246 principes
2659 3173 3022 3240 Judzeorum,
3055 3187 3190 3227 cum
3221 3171 3293 3226 ab
3344 3171 3428 3226 eis
3477 3187 3722 3242 regnum

2079 3280 2181 3336 pro
2213 3264 2541 3336 negationis
2570 3261 2873 3333 sacrilegio
2917 3260 3221 3317 transtulit
3249 3259 3320 3315 ad
3353 3263 3578 3332 gentes.

2148 3401 2176 3430 «
2207 3379 2402 3435 Facies
2435 3396 2565 3435 mea
2590 3377 2873 3434 intumuit
2902 3395 2936 3433 a
2967 3377 3127 3447 fletu,
3160 3378 3217 3432 et
3245 3375 3534 3446 palpebrae
3581 3392 3721 3432 mea:

2075 3470 2494 3542 caligaverunt.
2527 3489 2553 3521 ο
2613 3468 2808 3524 Fletus
2841 3467 2960 3522 sive
2991 3465 3258 3538 lacryma:
3291 3465 3350 3519 in
3383 3464 3621 3521 homine
3651 3466 3723 3521 de

2074 3558 2396 3626 doloribus,
2431 3559 2550 3614 sive
2580 3559 2650 3614 de
2682 3556 2922 3612 tristitia
2954 3558 3346 3627 generantur;
3401 3555 3502 3609 sed
3534 3553 3719 3626 lacry-

2073 3665 2182 3704 mae
2214 3647 2528 3720 aliquando
2573 3665 2674 3720 per
2719 3662 2898 3720 genas
2946 3661 3079 3700 cum
3125 3641 3359 3699 silentio
3409 3642 3716 3712 deﬂuunt;

2075 3737 2245 3794 ﬂetus
2291 3754 2425 3794 vero
2476 3754 2608 3793 cum
2656 3736 2908 3792 habeant
2935 3733 3245 3806 lacrymas,
3281 3749 3394 3788 non
3428 3732 3555 3788 sine
3585 3749 3720 3788 voce

2072 3831 2127 3882 et
2160 3826 2547 3882 commotione
2578 3825 2838 3898 corporis
2868 3824 3085 3878 dantur
3121 3839 3134 3879 :
3170 3839 3346 3895 quem
3380 3821 3581 3878 fletum
3610 3822 3720 3877 Job

2073 3933 2134 3972 se
2166 3917 2444 3972 habuisse
2490 3920 2756 3980 testatur,
2790 3915 2888 3987 qui
2939 3913 2989 3969 ei
3041 3914 3112 3968 de
3159 3913 3437 3967 (erumnis
3487 3911 3718 3980 animas,

2072 4022 2375 4078 pinnarum
2434 4022 2662 4077 quoque
2719 4003 3074 4059 cruciatibus
3141 4002 3510 4057 nascebatur.
3575 4001 3719 4057 Item

2071 4093 2242 4150 aliter
2275 4111 2286 4149 :
2338 4094 2655 4166 Prophetas,
2692 4093 2866 4148 facies
2898 4091 2994 4146 Dei
3027 4089 3435 4162 intelliguntur
3464 4107 3529 4144 eo
3561 4090 3718 4160 quod

2071 4182 2261 4238 sciant
2311 4183 2551 4238 futura:
2604 4182 2700 4255 qui
2763 4197 2895 4236 cum
2955 4179 3339 4252 perditionem
3401 4177 3719 4250 impiorum

2071 4271 2602 4344 contemplarentur
2658 4271 2715 4326 in
2773 4269 3005 4342 spiritu,
3054 4267 3371 4340 gemitibus
3421 4265 3718 4323 continuis

2071 4378 2171 4418 eos
2229 4362 2455 4419 flevisse
2504 4361 2921 4434 intelligamus.
2973 4357 3135 4414 Oculi
3195 4357 3375 4413 etiam
3433 4354 3714 4429 caligave-

2071 4454 2211 4506 runt
2257 4450 2493 4516 Christi,
2525 4450 2666 4505 dum
2719 4453 3002 4521 martyres
3053 4446 3172 4502 sive
3221 4445 3403 4502 sancti
3438 4445 3495 4500 in
3529 4448 3715 4502 tenta-

2069 4538 2328 4596 tionibus
2358 4539 2676 4595 titubantes
2706 4537 3036 4595 conturbati
3070 4541 3208 4592 sunt
3235 4554 3245 4591 :
3281 4536 3381 4592 sed
3409 4535 3597 4609 gratia
3617 4535 3714 4592 Dei

2070 4628 2297 4685 liberati
2333 4629 2390 4684 in
2422 4628 2645 4684 lumine
2676 4631 3148 4701 permanserunt.

2143 4759 2170 4786 ‹‹
2208 4737 2334 4792 ι]ωο
2356 4752 2568 4808 passus
2589 4753 2721 4791 sum
2745 4735 2967 4807 absque
2988 4734 3294 4806 iniquitate
3317 4749 3530 4791 manus
3553 4751 3718 4803 meae,

2071 4842 2206 4881 cum
2238 4825 2512 4881 haberem
2546 4825 2799 4880 mundas
2839 4825 2909 4880 ad
2942 4825 3124 4881 Deum
3172 4839 3391 4897 preces.
3431 4846 3452 4873 ιο
3507 4823 3719 4881 Nullus

2070 4920 2407 4972 sanctorum
2439 4915 2522 4971 ita
2552 4915 2805 4970 mundas
2834 4920 3010 4987 atque
3038 4913 3472 4979 immaculatas,
3495 4913 3717 4985 absque

2068 5005 2225 5061 omni
2259 5004 2344 5062 vel
2379 5004 2624 5061 minima
2653 5003 2782 5061 labe
2804 5003 3174 5078 cogitationis
3206 5019 3404 5076 preces
3435 5001 3506 5058 ad
3529 5002 3712 5058 Deum

2067 5094 2260 5163 habet,
2296 5099 2359 5150 ut
2407 5093 2692 5150 mediator
2726 5093 2842 5164 Dei,
2873 5099 2929 5150 et
2975 5093 3283 5150 hominum
3329 5091 3502 5146 homo
3541 5089 3712 5145 Jesus

2066 5184 2332 5241 Christus
2379 5185 2428 5254 (Ι
2470 5185 2603 5240 Tim.
2651 5200 2712 5249 ιι,
2755 5185 2832 5256 5),
2883 5183 2982 5256 qui
3031 5186 3334 5257 peccatum
3389 5194 3504 5235 non
3555 5177 3708 5249 fecit,

2066 5292 2168 5332 nec
2218 5274 2387 5331 dolus
2432 5274 2704 5330 inventus
2743 5281 2833 5330 est
2872 5273 2932 5330 in
2963 5291 3059 5330 ore
3092 5275 3217 5343 ejus
3249 5273 3297 5342 (I
3320 5270 3466 5324 Petr.
3503 5284 3564 5333 II,
3595 5267 3712 5333 22).

2063 5366 2219 5430 Quas
2248 5365 2452 5438 utique
2480 5381 2680 5436 preces
2712 5369 2886 5436 atque
2916 5364 3209 5419 orationes
3237 5357 3558 5416 secundum
3606 5355 3710 5412 ho-

2063 5455 2312 5522 minem,
2339 5470 2514 5526 quem
2546 5452 2890 5525 assumpsit,
2919 5453 2989 5507 ad
3027 5458 3202 5506 Deum
3234 5447 3446 5503 habere
3476 5444 3709 5501 creden-

2061 5543 2200 5599 dum
2253 5549 2341 5600 est
2372 5560 2383 5598 :
2437 5559 2570 5598 cum
2618 5543 2939 5598 secundum
2974 5539 3333 5596 divinitatem
3369 5551 3537 5592 suam
3571 5551 3708 5593 cum

2061 5633 2226 5689 Patre
2275 5634 2398 5707 ipse
2447 5633 2737 5688 exaudiat.
2773 5631 2900 5685 Sive
2933 5627 3138 5696 sancti,
3172 5627 3272 5698 qui
3315 5643 3418 5698 pro
3469 5624 3710 5683 nomine

2057 5723 2185 5794 ejus
2236 5723 2394 5797 passi
2438 5726 2575 5780 sunt
2613 5722 2740 5777 sine
2771 5719 3078 5791 iniquitate
3110 5715 3442 5774 rebellionis
3473 5715 3560 5772 vel
3593 5715 3705 5776 cri-
