  <div class='ocr_page' id='page_1' title='image "/cluster/home/n/w/nwhite01/storage/ocr_20150623/26/umn.31951002477320a/353.png"; bbox 0 0 4310 6572; ppageno 0'>
   <div class='ocr_carea' id='block_1_1' title="bbox 577 414 695 484">
    <p class='ocr_par' dir='ltr' id='par_1_1' title="bbox 577 414 695 484">
     <span class='ocr_line' id='line_1_1' title="bbox 577 414 695 484; baseline 0 -6"><span class='ocrx_word' id='word_1_1' title='bbox 577 414 695 484; x_wconf 77' lang='lat'><strong>699</strong></span> 
     </span>
    </p>
   </div>
   <div class='ocr_carea' id='block_1_2' title="bbox 2071 427 2487 490">
    <p class='ocr_par' dir='ltr' id='par_1_2' title="bbox 2071 427 2487 490">
     <span class='ocr_line' id='line_1_2' title="bbox 2071 427 2487 490; baseline -0.005 -1"><span class='ocrx_word' id='word_1_2' title='bbox 2071 436 2116 489; x_wconf 85' lang='grc' dir='ltr'><strong>Α</strong></span> <span class='ocrx_word' id='word_1_3' title='bbox 2132 427 2487 490; x_wconf 82' lang='lat' dir='ltr'><strong>PPENDIX.</strong></span> 
     </span>
    </p>
   </div>
   <div class='ocr_carea' id='block_1_3' title="bbox 3867 429 3998 491">
    <p class='ocr_par' dir='ltr' id='par_1_3' title="bbox 3867 429 3998 491">
     <span class='ocr_line' id='line_1_3' title="bbox 3867 429 3998 491; baseline 0.023 -3"><span class='ocrx_word' id='word_1_4' title='bbox 3867 429 3998 491; x_wconf 84' lang='lat'><strong>700</strong></span> 
     </span>
    </p>
   </div>
   <div class='ocr_carea' id='block_1_4' title="bbox 578 551 3998 637">
    <p class='ocr_par' dir='ltr' id='par_1_4' title="bbox 578 551 3998 637">
     <span class='ocr_line' id='line_1_4' title="bbox 578 551 3998 637; baseline 0.003 -29"><span class='ocrx_word' id='word_1_5' title='bbox 578 551 755 610; x_wconf 82' lang='lat' dir='ltr'><strong>minis</strong></span> <span class='ocrx_word' id='word_1_6' title='bbox 789 553 1040 629; x_wconf 83' lang='lat' dir='ltr'><strong>alicujus</strong></span> <span class='ocrx_word' id='word_1_7' title='bbox 1082 573 1117 614; x_wconf 90' lang='lat' dir='ltr'><strong>a</strong></span> <span class='ocrx_word' id='word_1_8' title='bbox 1162 564 1635 632; x_wconf 81' lang='lat' dir='ltr'><strong>persecutoribus</strong></span> <span class='ocrx_word' id='word_1_9' title='bbox 1665 564 1839 621; x_wconf 86' lang='lat' dir='ltr'><strong>occisi</strong></span> <span class='ocrx_word' id='word_1_10' title='bbox 1874 581 1886 621; x_wconf 90' lang='lat'><strong>:</strong></span> <span class='ocrx_word' id='word_1_11' title='bbox 1939 567 2226 637; x_wconf 88' lang='lat' dir='ltr'><strong>quantum</strong></span> <span class='ocrx_word' id='word_1_12' title='bbox 2260 565 2306 628; x_wconf 81' lang='grc' dir='ltr'><strong>Α</strong></span> <span class='ocrx_word' id='word_1_13' title='bbox 2341 559 2660 634; x_wconf 84' lang='lat' dir='ltr'><strong>loquimur,</strong></span> <span class='ocrx_word' id='word_1_14' title='bbox 2693 577 2807 633; x_wconf 91' lang='lat' dir='ltr'><strong>qua</strong></span> <span class='ocrx_word' id='word_1_15' title='bbox 2857 559 3109 636; x_wconf 88' lang='lat' dir='ltr'><strong>elongati</strong></span> <span class='ocrx_word' id='word_1_16' title='bbox 3150 564 3308 632; x_wconf 90' lang='lat' dir='ltr'><strong>sunt,</strong></span> <span class='ocrx_word' id='word_1_17' title='bbox 3341 565 3407 616; x_wconf 93' lang='lat' dir='ltr'><strong>ut</strong></span> <span class='ocrx_word' id='word_1_18' title='bbox 3436 577 3549 616; x_wconf 89' lang='lat' dir='ltr'><strong>non</strong></span> <span class='ocrx_word' id='word_1_19' title='bbox 3584 559 3998 634; x_wconf 83' lang='lat' dir='ltr'><strong>apprehende-</strong></span> 
     </span>
    </p>
   </div>
   <div class='ocr_carea' id='block_1_5' title="bbox 578 642 2112 724">
    <p class='ocr_par' dir='ltr' id='par_1_5' title="bbox 578 642 2112 724">
     <span class='ocr_line' id='line_1_5' title="bbox 578 642 2112 724; baseline 0.008 -27"><span class='ocrx_word' id='word_1_20' title='bbox 578 642 648 699; x_wconf 87' lang='lat' dir='ltr'><strong>ad</strong></span> <span class='ocrx_word' id='word_1_21' title='bbox 681 642 812 700; x_wconf 91' lang='lat' dir='ltr'><strong>illos</strong></span> <span class='ocrx_word' id='word_1_22' title='bbox 858 652 1276 720; x_wconf 82' lang='lat' dir='ltr'><strong>persecutores,</strong></span> <span class='ocrx_word' id='word_1_23' title='bbox 1309 654 1494 724; x_wconf 91' lang='lat' dir='ltr'><strong>gratis</strong></span> <span class='ocrx_word' id='word_1_24' title='bbox 1527 655 1698 710; x_wconf 80' lang='lat' dir='ltr'><strong>morti</strong></span> <span class='ocrx_word' id='word_1_25' title='bbox 1730 654 1924 710; x_wconf 84' lang='lat' dir='ltr'><strong>traditi</strong></span> <span class='ocrx_word' id='word_1_26' title='bbox 1958 659 2112 710; x_wconf 88' lang='lat' dir='ltr'><strong>sunt.</strong></span> 
     </span>
    </p>
   </div>
   <div class='ocr_carea' id='block_1_6' title="bbox 653 732 2226 814">
    <p class='ocr_par' dir='ltr' id='par_1_6' title="bbox 653 732 2226 814">
     <span class='ocr_line' id='line_1_6' title="bbox 653 732 2226 814; baseline 0.007 -29"><span class='ocrx_word' id='word_1_27' title='bbox 653 751 681 784; x_wconf 71' lang='grc' dir='ltr'>α</span> <span class='ocrx_word' id='word_1_28' title='bbox 710 732 909 800; x_wconf 84' lang='lat' dir='ltr'><strong>Terra,</strong></span> <span class='ocrx_word' id='word_1_29' title='bbox 959 753 1031 792; x_wconf 90' lang='lat' dir='ltr'><strong>ne</strong></span> <span class='ocrx_word' id='word_1_30' title='bbox 1075 739 1304 809; x_wconf 90' lang='lat' dir='ltr'><strong>operias</strong></span> <span class='ocrx_word' id='word_1_31' title='bbox 1354 743 1703 814; x_wconf 90' lang='lat' dir='ltr'><strong>sanguinem</strong></span> <span class='ocrx_word' id='word_1_32' title='bbox 1767 759 1985 806; x_wconf 88' lang='lat' dir='ltr'><strong>meum,</strong></span> <span class='ocrx_word' id='word_1_33' title='bbox 2037 756 2226 812; x_wconf 91' lang='lat' dir='ltr'><strong>neque</strong></span> 
     </span>
    </p>
   </div>
   <div class='ocr_carea' id='block_1_7' title="bbox 578 821 2223 887">
    <p class='ocr_par' dir='ltr' id='par_1_7' title="bbox 578 821 2223 887">
     <span class='ocr_line' id='line_1_7' title="bbox 578 821 2223 887; baseline 0.005 -12"><span class='ocrx_word' id='word_1_34' title='bbox 578 821 834 878; x_wconf 82' lang='lat' dir='ltr'><strong>inveniat</strong></span> <span class='ocrx_word' id='word_1_35' title='bbox 861 824 918 878; x_wconf 91' lang='lat' dir='ltr'><strong>in</strong></span> <span class='ocrx_word' id='word_1_36' title='bbox 954 829 1008 880; x_wconf 92' lang='lat' dir='ltr'><strong>te</strong></span> <span class='ocrx_word' id='word_1_37' title='bbox 1039 825 1232 882; x_wconf 89' lang='lat' dir='ltr'><strong>locum</strong></span> <span class='ocrx_word' id='word_1_38' title='bbox 1261 828 1478 885; x_wconf 87' lang='lat' dir='ltr'><strong>latendi</strong></span> <span class='ocrx_word' id='word_1_39' title='bbox 1502 830 1722 887; x_wconf 88' lang='lat' dir='ltr'><strong>clamor</strong></span> <span class='ocrx_word' id='word_1_40' title='bbox 1743 848 1927 887; x_wconf 89' lang='lat' dir='ltr'><strong>meus.</strong></span> <span class='ocrx_word' id='word_1_41' title='bbox 1952 851 1980 884; x_wconf 69' lang='grc' dir='ltr'>ι</span> <span class='ocrx_word' id='word_1_42' title='bbox 2012 831 2223 886; x_wconf 90' lang='lat' dir='ltr'><strong>Totum</strong></span> 
     </span>
    </p>
   </div>
   <div class='ocr_carea' id='block_1_8' title="bbox 575 909 2222 988">
    <p class='ocr_par' dir='ltr' id='par_1_8' title="bbox 575 909 2222 988">
     <span class='ocr_line' id='line_1_8' title="bbox 575 909 2222 988; baseline 0.004 -22"><span class='ocrx_word' id='word_1_43' title='bbox 575 909 684 966; x_wconf 89' lang='lat' dir='ltr'><strong>hoc</strong></span> <span class='ocrx_word' id='word_1_44' title='bbox 738 917 829 968; x_wconf 88' lang='lat' dir='ltr'><strong>est</strong></span> <span class='ocrx_word' id='word_1_45' title='bbox 882 916 1033 985; x_wconf 92' lang='lat' dir='ltr'><strong>quod</strong></span> <span class='ocrx_word' id='word_1_46' title='bbox 1091 915 1250 983; x_wconf 89' lang='lat' dir='ltr'><strong>dicit,</strong></span> <span class='ocrx_word' id='word_1_47' title='bbox 1291 935 1362 974; x_wconf 88' lang='lat' dir='ltr'><strong>ne</strong></span> <span class='ocrx_word' id='word_1_48' title='bbox 1411 919 1760 988; x_wconf 87' lang='lat' dir='ltr'><strong>innocentis,</strong></span> <span class='ocrx_word' id='word_1_49' title='bbox 1807 926 1864 976; x_wconf 90' lang='lat' dir='ltr'><strong>et</strong></span> <span class='ocrx_word' id='word_1_50' title='bbox 1914 921 2060 975; x_wconf 87' lang='lat' dir='ltr'><strong>bene</strong></span> <span class='ocrx_word' id='word_1_51' title='bbox 2112 919 2222 974; x_wconf 89' lang='lat' dir='ltr'><strong>sibi</strong></span> 
     </span>
    </p>
   </div>
   <div class='ocr_carea' id='block_1_9' title="bbox 575 1001 2220 1080">
    <p class='ocr_par' dir='ltr' id='par_1_9' title="bbox 575 1001 2220 1080">
     <span class='ocr_line' id='line_1_9' title="bbox 575 1001 2220 1080; baseline 0.005 -27"><span class='ocrx_word' id='word_1_52' title='bbox 575 1001 792 1055; x_wconf 86' lang='lat' dir='ltr'><strong>conscii</strong></span> <span class='ocrx_word' id='word_1_53' title='bbox 836 1003 1109 1060; x_wconf 90' lang='lat' dir='ltr'><strong>meritum</strong></span> <span class='ocrx_word' id='word_1_54' title='bbox 1170 1005 1384 1063; x_wconf 85' lang='lat' dir='ltr'><strong>lateat:</strong></span> <span class='ocrx_word' id='word_1_55' title='bbox 1418 1009 1740 1080; x_wconf 82' lang='lat' dir='ltr'><strong>praesertim</strong></span> <span class='ocrx_word' id='word_1_56' title='bbox 1769 1026 1903 1064; x_wconf 92' lang='lat' dir='ltr'><strong>cum</strong></span> <span class='ocrx_word' id='word_1_57' title='bbox 1933 1009 2220 1064; x_wconf 86' lang='lat' dir='ltr'><strong>insontem</strong></span> 
     </span>
    </p>
   </div>
   <div class='ocr_carea' id='block_1_10' title="bbox 575 1088 2220 1170">
    <p class='ocr_par' dir='ltr' id='par_1_10' title="bbox 575 1088 2220 1170">
     <span class='ocr_line' id='line_1_10' title="bbox 575 1088 2220 1170; baseline 0.005 -28"><span class='ocrx_word' id='word_1_58' title='bbox 575 1103 636 1143; x_wconf 92' lang='lat' dir='ltr'><strong>se</strong></span> <span class='ocrx_word' id='word_1_59' title='bbox 667 1088 822 1145; x_wconf 89' lang='lat' dir='ltr'><strong>mala</strong></span> <span class='ocrx_word' id='word_1_60' title='bbox 851 1096 1013 1148; x_wconf 90' lang='lat' dir='ltr'><strong>tanta</strong></span> <span class='ocrx_word' id='word_1_61' title='bbox 1043 1111 1281 1166; x_wconf 83' lang='lat' dir='ltr'><strong>passum</strong></span> <span class='ocrx_word' id='word_1_62' title='bbox 1314 1098 1544 1154; x_wconf 82' lang='lat' dir='ltr'><strong>referat.</strong></span> <span class='ocrx_word' id='word_1_63' title='bbox 1579 1098 1895 1170; x_wconf 83' lang='lat' dir='ltr'><strong>Sanguinis</strong></span> <span class='ocrx_word' id='word_1_64' title='bbox 1935 1113 2066 1153; x_wconf 91' lang='lat' dir='ltr'><strong>vero</strong></span> <span class='ocrx_word' id='word_1_65' title='bbox 2114 1114 2220 1151; x_wconf 90' lang='lat' dir='ltr'><strong>no-</strong></span> 
     </span>
    </p>
   </div>
   <div class='ocr_carea' id='block_1_11' title="bbox 573 1176 2217 1256">
    <p class='ocr_par' dir='ltr' id='par_1_11' title="bbox 573 1176 2217 1256">
     <span class='ocr_line' id='line_1_11' title="bbox 573 1176 2217 1256; baseline 0.006 -25"><span class='ocrx_word' id='word_1_66' title='bbox 573 1176 752 1243; x_wconf 90' lang='lat' dir='ltr'><strong>mine,</strong></span> <span class='ocrx_word' id='word_1_67' title='bbox 786 1181 909 1235; x_wconf 70' lang='lat' dir='ltr'><strong>vitas</strong></span> <span class='ocrx_word' id='word_1_68' title='bbox 959 1183 1132 1239; x_wconf 85' lang='lat' dir='ltr'><strong>istius</strong></span> <span class='ocrx_word' id='word_1_69' title='bbox 1181 1186 1483 1256; x_wconf 70' lang='lat' dir='ltr'><strong>praesentis</strong></span> <span class='ocrx_word' id='word_1_70' title='bbox 1533 1191 1753 1242; x_wconf 90' lang='lat' dir='ltr'><strong>statum</strong></span> <span class='ocrx_word' id='word_1_71' title='bbox 1795 1187 1984 1241; x_wconf 90' lang='lat' dir='ltr'><strong>dicere</strong></span> <span class='ocrx_word' id='word_1_72' title='bbox 2013 1184 2217 1241; x_wconf 91' lang='lat' dir='ltr'><strong>voluit.</strong></span> 
     </span>
    </p>
   </div>
   <div class='ocr_carea' id='block_1_12' title="bbox 572 1265 2220 1348">
    <p class='ocr_par' dir='ltr' id='par_1_12' title="bbox 572 1265 2220 1348">
     <span class='ocr_line' id='line_1_12' title="bbox 572 1265 2220 1348; baseline 0.004 -26"><span class='ocrx_word' id='word_1_73' title='bbox 572 1265 689 1322; x_wconf 88' lang='lat' dir='ltr'><strong>Hoc</strong></span> <span class='ocrx_word' id='word_1_74' title='bbox 739 1273 935 1325; x_wconf 86' lang='lat' dir='ltr'><strong>autem</strong></span> <span class='ocrx_word' id='word_1_75' title='bbox 985 1271 1109 1327; x_wconf 94' lang='lat' dir='ltr'><strong>loco</strong></span> <span class='ocrx_word' id='word_1_76' title='bbox 1157 1273 1470 1332; x_wconf 88' lang='lat' dir='ltr'><strong>clamorem</strong></span> <span class='ocrx_word' id='word_1_77' title='bbox 1524 1276 1800 1348; x_wconf 88' lang='lat' dir='ltr'><strong>positum,</strong></span> <span class='ocrx_word' id='word_1_78' title='bbox 1843 1276 2034 1347; x_wconf 86' lang='lat' dir='ltr'><strong>ipsam</strong></span> <span class='ocrx_word' id='word_1_79' title='bbox 2084 1292 2220 1330; x_wconf 87' lang='lat' dir='ltr'><strong>san-</strong></span> 
     </span>
    </p>
   </div>
   <div class='ocr_carea' id='block_1_13' title="bbox 573 1355 2216 1436">
    <p class='ocr_par' dir='ltr' id='par_1_13' title="bbox 573 1355 2216 1436">
     <span class='ocr_line' id='line_1_13' title="bbox 573 1355 2216 1436; baseline 0.005 -26"><span class='ocrx_word' id='word_1_80' title='bbox 573 1355 833 1412; x_wconf 90' lang='lat' dir='ltr'><strong>ctitatem</strong></span> <span class='ocrx_word' id='word_1_81' title='bbox 866 1360 994 1429; x_wconf 88' lang='lat' dir='ltr'><strong>ejus</strong></span> <span class='ocrx_word' id='word_1_82' title='bbox 1045 1368 1250 1418; x_wconf 90' lang='lat' dir='ltr'><strong>contra</strong></span> <span class='ocrx_word' id='word_1_83' title='bbox 1295 1382 1495 1436; x_wconf 78' lang='lat' dir='ltr'><strong>pcenas</strong></span> <span class='ocrx_word' id='word_1_84' title='bbox 1523 1361 1704 1420; x_wconf 74' lang='lat' dir='ltr'><strong>&#39;illius</strong></span> <span class='ocrx_word' id='word_1_85' title='bbox 1753 1364 2169 1420; x_wconf 86' lang='lat' dir='ltr'><strong>reclamantem</strong></span> <span class='ocrx_word' id='word_1_86' title='bbox 2203 1377 2216 1417; x_wconf 91' lang='lat'><strong>:</strong></span> 
     </span>
    </p>
   </div>
   <div class='ocr_carea' id='block_1_14' title="bbox 572 1446 2220 1523">
    <p class='ocr_par' dir='ltr' id='par_1_14' title="bbox 572 1446 2220 1523">
     <span class='ocr_line' id='line_1_14' title="bbox 572 1446 2220 1523; baseline 0.005 -26"><span class='ocrx_word' id='word_1_87' title='bbox 572 1460 696 1514; x_wconf 71' lang='lat' dir='ltr'><strong>quas</strong></span> <span class='ocrx_word' id='word_1_88' title='bbox 728 1446 947 1516; x_wconf 88' lang='lat' dir='ltr'><strong>iniquis</strong></span> <span class='ocrx_word' id='word_1_89' title='bbox 982 1450 1188 1506; x_wconf 89' lang='lat' dir='ltr'><strong>merito</strong></span> <span class='ocrx_word' id='word_1_90' title='bbox 1217 1452 1553 1509; x_wconf 88' lang='lat' dir='ltr'><strong>inferuntur</strong></span> <span class='ocrx_word' id='word_1_91' title='bbox 1582 1454 1652 1510; x_wconf 90' lang='lat' dir='ltr'><strong>ad</strong></span> <span class='ocrx_word' id='word_1_92' title='bbox 1685 1450 2220 1523; x_wconf 89' lang='lat' dir='ltr'><strong>vindictam,justis</strong></span> 
     </span>
    </p>
   </div>
   <div class='ocr_carea' id='block_1_15' title="bbox 571 1536 2218 1615">
    <p class='ocr_par' dir='ltr' id='par_1_15' title="bbox 571 1536 2218 1615">
     <span class='ocr_line' id='line_1_15' title="bbox 571 1536 2218 1615; baseline 0.004 -27"><span class='ocrx_word' id='word_1_93' title='bbox 571 1536 764 1590; x_wconf 89' lang='lat' dir='ltr'><strong>autem</strong></span> <span class='ocrx_word' id='word_1_94' title='bbox 815 1538 886 1592; x_wconf 92' lang='lat' dir='ltr'><strong>ad</strong></span> <span class='ocrx_word' id='word_1_95' title='bbox 940 1540 1368 1610; x_wconf 88' lang='lat' dir='ltr'><strong>probationem.</strong></span> <span class='ocrx_word' id='word_1_96' title='bbox 1399 1543 1729 1615; x_wconf 82' lang='lat' dir='ltr'><strong>Aliquando</strong></span> <span class='ocrx_word' id='word_1_97' title='bbox 1767 1542 1944 1598; x_wconf 88' lang='lat' dir='ltr'><strong>etiam</strong></span> <span class='ocrx_word' id='word_1_98' title='bbox 1976 1541 2034 1596; x_wconf 91' lang='lat' dir='ltr'><strong>in</strong></span> <span class='ocrx_word' id='word_1_99' title='bbox 2067 1540 2218 1596; x_wconf 89' lang='lat' dir='ltr'><strong>Scri-</strong></span> 
     </span>
    </p>
   </div>
   <div class='ocr_carea' id='block_1_16' title="bbox 571 1623 2217 1694">
    <p class='ocr_par' dir='ltr' id='par_1_16' title="bbox 571 1623 2217 1694">
     <span class='ocr_line' id='line_1_16' title="bbox 571 1623 2217 1694; baseline 0.004 -17"><span class='ocrx_word' id='word_1_100' title='bbox 571 1623 762 1694; x_wconf 88' lang='lat' dir='ltr'><strong>pturis</strong></span> <span class='ocrx_word' id='word_1_101' title='bbox 811 1625 1033 1684; x_wconf 88' lang='lat' dir='ltr'><strong>clamor</strong></span> <span class='ocrx_word' id='word_1_102' title='bbox 1080 1631 1322 1686; x_wconf 81' lang='lat' dir='ltr'><strong>affectus</strong></span> <span class='ocrx_word' id='word_1_103' title='bbox 1371 1632 1554 1686; x_wconf 91' lang='lat' dir='ltr'><strong>animi</strong></span> <span class='ocrx_word' id='word_1_104' title='bbox 1605 1631 1868 1686; x_wconf 91' lang='lat' dir='ltr'><strong>intentus</strong></span> <span class='ocrx_word' id='word_1_105' title='bbox 1918 1630 1988 1685; x_wconf 90' lang='lat' dir='ltr'><strong>ad</strong></span> <span class='ocrx_word' id='word_1_106' title='bbox 2041 1631 2217 1684; x_wconf 92' lang='lat' dir='ltr'><strong>Deum</strong></span> 
     </span>
    </p>
   </div>
   <div class='ocr_carea' id='block_1_17' title="bbox 571 1712 2217 1792">
    <p class='ocr_par' dir='ltr' id='par_1_17' title="bbox 571 1712 2217 1792">
     <span class='ocr_line' id='line_1_17' title="bbox 571 1712 2217 1792; baseline 0.004 -26"><span class='ocrx_word' id='word_1_107' title='bbox 571 1712 923 1781; x_wconf 88' lang='lat' dir='ltr'><strong>ostenditur,</strong></span> <span class='ocrx_word' id='word_1_108' title='bbox 949 1715 1036 1772; x_wconf 92' lang='lat' dir='ltr'><strong>vel</strong></span> <span class='ocrx_word' id='word_1_109' title='bbox 1067 1718 1243 1774; x_wconf 91' lang='lat' dir='ltr'><strong>etiam</strong></span> <span class='ocrx_word' id='word_1_110' title='bbox 1266 1719 1486 1776; x_wconf 89' lang='lat' dir='ltr'><strong>clamor</strong></span> <span class='ocrx_word' id='word_1_111' title='bbox 1510 1719 1840 1792; x_wconf 87' lang='lat' dir='ltr'><strong>iniquitatis</strong></span> <span class='ocrx_word' id='word_1_112' title='bbox 1872 1718 2094 1792; x_wconf 90' lang='lat' dir='ltr'><strong>populi,</strong></span> <span class='ocrx_word' id='word_1_113' title='bbox 2119 1718 2217 1790; x_wconf 90' lang='lat' dir='ltr'><strong>qui</strong></span> 
     </span>
    </p>
   </div>
   <div class='ocr_carea' id='block_1_18' title="bbox 571 1803 2215 1880">
    <p class='ocr_par' dir='ltr' id='par_1_18' title="bbox 571 1803 2215 1880">
     <span class='ocr_line' id='line_1_18' title="bbox 571 1803 2215 1880; baseline 0.004 -25"><span class='ocrx_word' id='word_1_114' title='bbox 571 1803 1020 1873; x_wconf 77' lang='lat' dir='ltr'><strong>exspectabatur</strong></span> <span class='ocrx_word' id='word_1_115' title='bbox 1058 1812 1122 1862; x_wconf 92' lang='lat' dir='ltr'><strong>ut</strong></span> <span class='ocrx_word' id='word_1_116' title='bbox 1160 1809 1372 1865; x_wconf 85' lang='lat' dir='ltr'><strong>faceret</strong></span> <span class='ocrx_word' id='word_1_117' title='bbox 1404 1826 1566 1876; x_wconf 89' lang='lat' dir='ltr'><strong>uvas,</strong></span> <span class='ocrx_word' id='word_1_118' title='bbox 1600 1814 1657 1865; x_wconf 89' lang='lat' dir='ltr'><strong>et</strong></span> <span class='ocrx_word' id='word_1_119' title='bbox 1687 1809 1824 1865; x_wconf 90' lang='lat' dir='ltr'><strong>fecit</strong></span> <span class='ocrx_word' id='word_1_120' title='bbox 1851 1809 2051 1880; x_wconf 89' lang='lat' dir='ltr'><strong>spinas</strong></span> <span class='ocrx_word' id='word_1_121' title='bbox 2080 1812 2215 1876; x_wconf 77' lang='lat' dir='ltr'><strong>(lsa.</strong></span> 
     </span>
    </p>
   </div>
   <div class='ocr_carea' id='block_1_19' title="bbox 571 1891 2220 1970">
    <p class='ocr_par' dir='ltr' id='par_1_19' title="bbox 571 1891 2220 1970">
     <span class='ocr_line' id='line_1_19' title="bbox 571 1891 2220 1970; baseline 0.004 -26"><span class='ocrx_word' id='word_1_122' title='bbox 571 1905 626 1957; x_wconf 90' lang='lat' dir='ltr'><strong>v,</strong></span> <span class='ocrx_word' id='word_1_123' title='bbox 657 1892 734 1962; x_wconf 87' lang='lat'><strong>2).</strong></span> <span class='ocrx_word' id='word_1_124' title='bbox 769 1891 886 1948; x_wconf 86' lang='lat' dir='ltr'><strong>Nec</strong></span> <span class='ocrx_word' id='word_1_125' title='bbox 915 1896 1109 1952; x_wconf 87' lang='lat' dir='ltr'><strong>omnis</strong></span> <span class='ocrx_word' id='word_1_126' title='bbox 1155 1897 1436 1970; x_wconf 88' lang='lat' dir='ltr'><strong>iniquitas</strong></span> <span class='ocrx_word' id='word_1_127' title='bbox 1466 1898 1690 1954; x_wconf 88' lang='lat' dir='ltr'><strong>clamor</strong></span> <span class='ocrx_word' id='word_1_128' title='bbox 1720 1899 1956 1968; x_wconf 88' lang='lat' dir='ltr'><strong>dicitur,</strong></span> <span class='ocrx_word' id='word_1_129' title='bbox 1989 1897 2088 1952; x_wconf 91' lang='lat' dir='ltr'><strong>sed</strong></span> <span class='ocrx_word' id='word_1_130' title='bbox 2120 1895 2220 1952; x_wconf 88' lang='lat' dir='ltr'><strong>illa</strong></span> 
     </span>
    </p>
   </div>
   <div class='ocr_carea' id='block_1_20' title="bbox 573 1981 1078 2052">
    <p class='ocr_par' dir='ltr' id='par_1_20' title="bbox 573 1981 1078 2052">
     <span class='ocr_line' id='line_1_20' title="bbox 573 1981 1078 2052; baseline 0.014 -20"><span class='ocrx_word' id='word_1_131' title='bbox 573 1993 701 2050; x_wconf 67' lang='lat' dir='ltr'><strong>qua:</strong></span> <span class='ocrx_word' id='word_1_132' title='bbox 731 1981 964 2052; x_wconf 88' lang='lat' dir='ltr'><strong>publice</strong></span> <span class='ocrx_word' id='word_1_133' title='bbox 995 1984 1078 2039; x_wconf 87' lang='lat' dir='ltr'><strong>fit.</strong></span> 
     </span>
    </p>
   </div>
   <div class='ocr_carea' id='block_1_21' title="bbox 645 2070 2216 2134">
    <p class='ocr_par' dir='ltr' id='par_1_21' title="bbox 645 2070 2216 2134">
     <span class='ocr_line' id='line_1_21' title="bbox 645 2070 2216 2134; baseline 0.004 -10"><span class='ocrx_word' id='word_1_134' title='bbox 645 2091 673 2118; x_wconf 89' lang='grc'><strong>‹‹</strong></span> <span class='ocrx_word' id='word_1_135' title='bbox 709 2070 848 2125; x_wconf 90' lang='lat' dir='ltr'><strong>Ecce</strong></span> <span class='ocrx_word' id='word_1_136' title='bbox 869 2071 1026 2128; x_wconf 90' lang='lat' dir='ltr'><strong>enim</strong></span> <span class='ocrx_word' id='word_1_137' title='bbox 1051 2073 1109 2130; x_wconf 92' lang='lat' dir='ltr'><strong>in</strong></span> <span class='ocrx_word' id='word_1_138' title='bbox 1133 2076 1277 2132; x_wconf 72' lang='lat' dir='ltr'><strong>cmlo</strong></span> <span class='ocrx_word' id='word_1_139' title='bbox 1300 2077 1468 2132; x_wconf 91' lang='lat' dir='ltr'><strong>testis</strong></span> <span class='ocrx_word' id='word_1_140' title='bbox 1491 2093 1657 2134; x_wconf 90' lang='lat' dir='ltr'><strong>meus</strong></span> <span class='ocrx_word' id='word_1_141' title='bbox 1681 2081 1738 2133; x_wconf 91' lang='lat' dir='ltr'><strong>et</strong></span> <span class='ocrx_word' id='word_1_142' title='bbox 1758 2075 2028 2133; x_wconf 89' lang='lat' dir='ltr'><strong>conscius</strong></span> <span class='ocrx_word' id='word_1_143' title='bbox 2051 2091 2216 2131; x_wconf 87' lang='lat' dir='ltr'><strong>meus</strong></span> 
     </span>
    </p>
   </div>
   <div class='ocr_carea' id='block_1_22' title="bbox 573 2157 2212 2237">
    <p class='ocr_par' dir='ltr' id='par_1_22' title="bbox 573 2157 2212 2237">
     <span class='ocr_line' id='line_1_22' title="bbox 573 2157 2212 2237; baseline 0.005 -25"><span class='ocrx_word' id='word_1_144' title='bbox 573 2157 632 2213; x_wconf 88' lang='lat' dir='ltr'><strong>in</strong></span> <span class='ocrx_word' id='word_1_145' title='bbox 656 2159 917 2217; x_wconf 87' lang='lat' dir='ltr'><strong>excelsis.</strong></span> <span class='ocrx_word' id='word_1_146' title='bbox 932 2181 958 2212; x_wconf 75' lang='grc' dir='ltr'><strong><em>η</em></strong></span> <span class='ocrx_word' id='word_1_147' title='bbox 979 2164 1288 2228; x_wconf 88' lang='lat' dir='ltr'><strong>QuiaDeus</strong></span> <span class='ocrx_word' id='word_1_148' title='bbox 1307 2165 1377 2222; x_wconf 90' lang='lat' dir='ltr'><strong>de</strong></span> <span class='ocrx_word' id='word_1_149' title='bbox 1393 2183 1459 2222; x_wconf 91' lang='lat' dir='ltr'><strong>eo</strong></span> <span class='ocrx_word' id='word_1_150' title='bbox 1477 2166 1879 2222; x_wconf 88' lang='lat' dir='ltr'><strong>testimonium</strong></span> <span class='ocrx_word' id='word_1_151' title='bbox 1898 2164 2212 2237; x_wconf 88' lang='lat' dir='ltr'><strong>perhibuit.</strong></span> 
     </span>
    </p>
   </div>
   <div class='ocr_carea' id='block_1_23' title="bbox 644 2249 2215 2322">
    <p class='ocr_par' dir='ltr' id='par_1_23' title="bbox 644 2249 2215 2322">
     <span class='ocr_line' id='line_1_23' title="bbox 644 2249 2215 2322; baseline 0.008 -25"><span class='ocrx_word' id='word_1_152' title='bbox 644 2271 672 2298; x_wconf 87' lang='grc'><strong><em>‹‹</em></strong></span> <span class='ocrx_word' id='word_1_153' title='bbox 704 2249 945 2308; x_wconf 90' lang='lat' dir='ltr'><strong>Verbosi</strong></span> <span class='ocrx_word' id='word_1_154' title='bbox 976 2254 1149 2309; x_wconf 90' lang='lat' dir='ltr'><strong>amici</strong></span> <span class='ocrx_word' id='word_1_155' title='bbox 1184 2256 1317 2310; x_wconf 91' lang='lat' dir='ltr'><strong>mei.</strong></span> <span class='ocrx_word' id='word_1_156' title='bbox 1357 2279 1377 2304; x_wconf 76' lang='grc' dir='ltr'>ι</span> <span class='ocrx_word' id='word_1_157' title='bbox 1431 2255 1539 2322; x_wconf 88' lang='lat' dir='ltr'><strong>Qui</strong></span> <span class='ocrx_word' id='word_1_158' title='bbox 1575 2256 1750 2312; x_wconf 91' lang='lat' dir='ltr'><strong>verba</strong></span> <span class='ocrx_word' id='word_1_159' title='bbox 1780 2272 1895 2311; x_wconf 91' lang='lat' dir='ltr'><strong>non</strong></span> <span class='ocrx_word' id='word_1_160' title='bbox 1927 2255 1998 2310; x_wconf 93' lang='lat' dir='ltr'><strong>ad</strong></span> <span class='ocrx_word' id='word_1_161' title='bbox 2031 2255 2215 2310; x_wconf 90' lang='lat' dir='ltr'><strong>Deum</strong></span> 
     </span>
    </p>
   </div>
   <div class='ocr_carea' id='block_1_24' title="bbox 572 2337 2216 2415">
    <p class='ocr_par' dir='ltr' id='par_1_24' title="bbox 572 2337 2216 2415">
     <span class='ocr_line' id='line_1_24' title="bbox 572 2337 2216 2415; baseline 0.002 -21"><span class='ocrx_word' id='word_1_162' title='bbox 572 2337 922 2410; x_wconf 85' lang='lat' dir='ltr'><strong>pertinentia</strong></span> <span class='ocrx_word' id='word_1_163' title='bbox 959 2341 1240 2415; x_wconf 90' lang='lat' dir='ltr'><strong>loquitur,</strong></span> <span class='ocrx_word' id='word_1_164' title='bbox 1273 2347 1551 2402; x_wconf 90' lang='lat' dir='ltr'><strong>verbosus</strong></span> <span class='ocrx_word' id='word_1_165' title='bbox 1601 2351 1882 2401; x_wconf 85' lang='lat' dir='ltr'><strong>vocatur:</strong></span> <span class='ocrx_word' id='word_1_166' title='bbox 1937 2343 2036 2415; x_wconf 89' lang='lat' dir='ltr'><strong>qui</strong></span> <span class='ocrx_word' id='word_1_167' title='bbox 2084 2360 2216 2399; x_wconf 92' lang='lat' dir='ltr'><strong>vero</strong></span> 
     </span>
    </p>
   </div>
   <div class='ocr_carea' id='block_1_25' title="bbox 570 2428 2214 2506">
    <p class='ocr_par' dir='ltr' id='par_1_25' title="bbox 570 2428 2214 2506">
     <span class='ocr_line' id='line_1_25' title="bbox 570 2428 2214 2506; baseline 0.004 -26"><span class='ocrx_word' id='word_1_168' title='bbox 570 2429 746 2482; x_wconf 81' lang='lat' dir='ltr'><strong>verba</strong></span> <span class='ocrx_word' id='word_1_169' title='bbox 778 2428 874 2484; x_wconf 89' lang='lat' dir='ltr'><strong>Dei</strong></span> <span class='ocrx_word' id='word_1_170' title='bbox 905 2428 1183 2504; x_wconf 90' lang='lat' dir='ltr'><strong>loquitur,</strong></span> <span class='ocrx_word' id='word_1_171' title='bbox 1216 2435 1496 2491; x_wconf 88' lang='lat' dir='ltr'><strong>verbosus</strong></span> <span class='ocrx_word' id='word_1_172' title='bbox 1542 2451 1656 2491; x_wconf 88' lang='lat' dir='ltr'><strong>non</strong></span> <span class='ocrx_word' id='word_1_173' title='bbox 1709 2438 1899 2506; x_wconf 87' lang='lat' dir='ltr'><strong>potest</strong></span> <span class='ocrx_word' id='word_1_174' title='bbox 1937 2432 2214 2504; x_wconf 91' lang='lat' dir='ltr'><strong>judicari.</strong></span> 
     </span>
    </p>
   </div>
   <div class='ocr_carea' id='block_1_26' title="bbox 645 2516 2218 2594">
    <p class='ocr_par' dir='ltr' id='par_1_26' title="bbox 645 2516 2218 2594">
     <span class='ocr_line' id='line_1_26' title="bbox 645 2516 2218 2594; baseline 0.003 -24"><span class='ocrx_word' id='word_1_175' title='bbox 645 2540 672 2565; x_wconf 77' lang='grc' dir='ltr'><strong>ιι</strong></span> <span class='ocrx_word' id='word_1_176' title='bbox 707 2516 792 2572; x_wconf 85' lang='lat' dir='ltr'><strong>Ad</strong></span> <span class='ocrx_word' id='word_1_177' title='bbox 825 2517 1009 2575; x_wconf 89' lang='lat' dir='ltr'><strong>Deum</strong></span> <span class='ocrx_word' id='word_1_178' title='bbox 1035 2521 1220 2579; x_wconf 83' lang='lat' dir='ltr'><strong>stillat</strong></span> <span class='ocrx_word' id='word_1_179' title='bbox 1248 2522 1454 2580; x_wconf 88' lang='lat' dir='ltr'><strong>oculus</strong></span> <span class='ocrx_word' id='word_1_180' title='bbox 1485 2540 1672 2580; x_wconf 87' lang='lat' dir='ltr'><strong>meus.</strong></span> <span class='ocrx_word' id='word_1_181' title='bbox 1708 2545 1735 2572; x_wconf 86' lang='lat'>»</span> <span class='ocrx_word' id='word_1_182' title='bbox 1767 2523 1913 2578; x_wconf 88' lang='lat' dir='ltr'><strong>Cum</strong></span> <span class='ocrx_word' id='word_1_183' title='bbox 1943 2521 2218 2594; x_wconf 85' lang='lat' dir='ltr'><strong>lacrymis</strong></span> 
     </span>
    </p>
   </div>
   <div class='ocr_carea' id='block_1_27' title="bbox 571 2600 1147 2677">
    <p class='ocr_par' dir='ltr' id='par_1_27' title="bbox 571 2600 1147 2677">
     <span class='ocr_line' id='line_1_27' title="bbox 571 2600 1147 2677; baseline 0.012 -19"><span class='ocrx_word' id='word_1_184' title='bbox 571 2600 906 2677; x_wconf 86' lang='lat' dir='ltr'><strong>interpellat</strong></span> <span class='ocrx_word' id='word_1_185' title='bbox 943 2608 1147 2665; x_wconf 91' lang='lat' dir='ltr'><strong>Deum.</strong></span> 
     </span>
    </p>
   </div>
   <div class='ocr_carea' id='block_1_28' title="bbox 642 2699 2214 2772">
    <p class='ocr_par' dir='ltr' id='par_1_28' title="bbox 642 2699 2214 2772">
     <span class='ocr_line' id='line_1_28' title="bbox 642 2699 2214 2772; baseline 0.003 -23"><span class='ocrx_word' id='word_1_186' title='bbox 642 2716 670 2744; x_wconf 86' lang='lat'><strong>«</strong></span> <span class='ocrx_word' id='word_1_187' title='bbox 703 2701 899 2768; x_wconf 90' lang='lat' dir='ltr'><strong>Atque</strong></span> <span class='ocrx_word' id='word_1_188' title='bbox 938 2699 1161 2754; x_wconf 86' lang='lat' dir='ltr'><strong>utinam</strong></span> <span class='ocrx_word' id='word_1_189' title='bbox 1195 2699 1278 2756; x_wconf 92' lang='lat' dir='ltr'><strong>sic</strong></span> <span class='ocrx_word' id='word_1_190' title='bbox 1318 2701 1687 2772; x_wconf 89' lang='lat' dir='ltr'><strong>judicaretur</strong></span> <span class='ocrx_word' id='word_1_191' title='bbox 1734 2701 1818 2756; x_wconf 92' lang='lat' dir='ltr'><strong>vir</strong></span> <span class='ocrx_word' id='word_1_192' title='bbox 1865 2716 2001 2756; x_wconf 89' lang='lat' dir='ltr'><strong>cum</strong></span> <span class='ocrx_word' id='word_1_193' title='bbox 2051 2699 2166 2755; x_wconf 91' lang='lat' dir='ltr'><strong>Deo</strong></span> <span class='ocrx_word' id='word_1_194' title='bbox 2201 2716 2214 2754; x_wconf 91' lang='lat'><strong>:</strong></span> 
     </span>
    </p>
   </div>
   <div class='ocr_carea' id='block_1_29' title="bbox 571 2785 2215 2860">
    <p class='ocr_par' dir='ltr' id='par_1_29' title="bbox 571 2785 2215 2860">
     <span class='ocr_line' id='line_1_29' title="bbox 571 2785 2215 2860; baseline 0.002 -21"><span class='ocrx_word' id='word_1_195' title='bbox 571 2785 1182 2858; x_wconf 85' lang='lat' dir='ltr'><strong>quomodojudicatur</strong></span> <span class='ocrx_word' id='word_1_196' title='bbox 1198 2788 1356 2845; x_wconf 81' lang='lat' dir='ltr'><strong>filius</strong></span> <span class='ocrx_word' id='word_1_197' title='bbox 1372 2789 1628 2847; x_wconf 90' lang='lat' dir='ltr'><strong>hominis</strong></span> <span class='ocrx_word' id='word_1_198' title='bbox 1647 2806 1781 2845; x_wconf 90' lang='lat' dir='ltr'><strong>cum</strong></span> <span class='ocrx_word' id='word_1_199' title='bbox 1803 2788 2026 2860; x_wconf 84' lang='lat' dir='ltr'><strong>collega</strong></span> <span class='ocrx_word' id='word_1_200' title='bbox 2041 2804 2170 2844; x_wconf 90' lang='lat' dir='ltr'><strong>suo.</strong></span> <span class='ocrx_word' id='word_1_201' title='bbox 2187 2808 2215 2836; x_wconf 87' lang='lat'>»</span> 
     </span>
    </p>
   </div>
   <div class='ocr_carea' id='block_1_30' title="bbox 573 2871 2217 2951">
    <p class='ocr_par' dir='ltr' id='par_1_30' title="bbox 573 2871 2217 2951">
     <span class='ocr_line' id='line_1_30' title="bbox 573 2871 2217 2951; baseline 0.004 -25"><span class='ocrx_word' id='word_1_202' title='bbox 573 2871 688 2928; x_wconf 76' lang='lat' dir='ltr'><strong>Hoc</strong></span> <span class='ocrx_word' id='word_1_203' title='bbox 735 2873 878 2930; x_wconf 89' lang='lat' dir='ltr'><strong>dicit</strong></span> <span class='ocrx_word' id='word_1_204' title='bbox 910 2893 923 2932; x_wconf 92' lang='lat'><strong>:</strong></span> <span class='ocrx_word' id='word_1_205' title='bbox 978 2876 1210 2934; x_wconf 88' lang='lat' dir='ltr'><strong>Utinam</strong></span> <span class='ocrx_word' id='word_1_206' title='bbox 1253 2879 1396 2935; x_wconf 88' lang='lat' dir='ltr'><strong>mihi</strong></span> <span class='ocrx_word' id='word_1_207' title='bbox 1436 2885 1590 2936; x_wconf 85' lang='lat' dir='ltr'><strong>esset</strong></span> <span class='ocrx_word' id='word_1_208' title='bbox 1619 2879 1786 2951; x_wconf 88' lang='lat' dir='ltr'><strong>copia</strong></span> <span class='ocrx_word' id='word_1_209' title='bbox 1815 2896 1948 2934; x_wconf 89' lang='lat' dir='ltr'><strong>cum</strong></span> <span class='ocrx_word' id='word_1_210' title='bbox 1979 2877 2217 2933; x_wconf 86' lang='lat' dir='ltr'><strong>homine</strong></span> 
     </span>
    </p>
   </div>
   <div class='ocr_carea' id='block_1_31' title="bbox 571 2959 2214 3039">
    <p class='ocr_par' dir='ltr' id='par_1_31' title="bbox 571 2959 2214 3039">
     <span class='ocr_line' id='line_1_31' title="bbox 571 2959 2214 3039; baseline 0.003 -24"><span class='ocrx_word' id='word_1_211' title='bbox 571 2959 933 3034; x_wconf 88' lang='lat' dir='ltr'><strong>disputandi,</strong></span> <span class='ocrx_word' id='word_1_212' title='bbox 986 2971 1051 3020; x_wconf 91' lang='lat' dir='ltr'><strong>ut</strong></span> <span class='ocrx_word' id='word_1_213' title='bbox 1105 2983 1198 3023; x_wconf 91' lang='lat' dir='ltr'><strong>me</strong></span> <span class='ocrx_word' id='word_1_214' title='bbox 1249 2967 1619 3025; x_wconf 86' lang='lat' dir='ltr'><strong>innocentem</strong></span> <span class='ocrx_word' id='word_1_215' title='bbox 1665 2968 1912 3039; x_wconf 89' lang='lat' dir='ltr'><strong>probare</strong></span> <span class='ocrx_word' id='word_1_216' title='bbox 1960 2982 2214 3038; x_wconf 89' lang='lat' dir='ltr'><strong>possem.</strong></span> 
     </span>
    </p>
   </div>
   <div class='ocr_carea' id='block_1_32' title="bbox 571 3052 2214 3126">
    <p class='ocr_par' dir='ltr' id='par_1_32' title="bbox 571 3052 2214 3126">
     <span class='ocr_line' id='line_1_32' title="bbox 571 3052 2214 3126; baseline 0.004 -23"><span class='ocrx_word' id='word_1_217' title='bbox 571 3052 754 3105; x_wconf 89' lang='lat' dir='ltr'><strong>Deum</strong></span> <span class='ocrx_word' id='word_1_218' title='bbox 807 3057 1005 3109; x_wconf 87' lang='lat' dir='ltr'><strong>autem</strong></span> <span class='ocrx_word' id='word_1_219' title='bbox 1053 3071 1252 3112; x_wconf 87' lang='lat' dir='ltr'><strong>meum</strong></span> <span class='ocrx_word' id='word_1_220' title='bbox 1292 3057 1426 3113; x_wconf 89' lang='lat' dir='ltr'><strong>nolo</strong></span> <span class='ocrx_word' id='word_1_221' title='bbox 1457 3057 1676 3113; x_wconf 88' lang='lat' dir='ltr'><strong>intrare</strong></span> <span class='ocrx_word' id='word_1_222' title='bbox 1708 3073 1938 3112; x_wconf 90' lang='lat' dir='ltr'><strong>mecum</strong></span> <span class='ocrx_word' id='word_1_223' title='bbox 1971 3055 2029 3110; x_wconf 91' lang='lat' dir='ltr'><strong>in</strong></span> <span class='ocrx_word' id='word_1_224' title='bbox 2053 3055 2214 3126; x_wconf 89' lang='lat' dir='ltr'><strong>judi-</strong></span> 
     </span>
    </p>
   </div>
   <div class='ocr_carea' id='block_1_33' title="bbox 570 3138 2218 3211">
    <p class='ocr_par' dir='ltr' id='par_1_33' title="bbox 570 3138 2218 3211">
     <span class='ocr_line' id='line_1_33' title="bbox 570 3138 2218 3211; baseline 0.004 -19"><span class='ocrx_word' id='word_1_225' title='bbox 570 3138 752 3208; x_wconf 89' lang='lat' dir='ltr'><strong>cium,</strong></span> <span class='ocrx_word' id='word_1_226' title='bbox 793 3139 896 3211; x_wconf 90' lang='lat' dir='ltr'><strong>qui</strong></span> <span class='ocrx_word' id='word_1_227' title='bbox 949 3147 1007 3198; x_wconf 86' lang='lat' dir='ltr'><strong>et</strong></span> <span class='ocrx_word' id='word_1_228' title='bbox 1057 3148 1330 3201; x_wconf 90' lang='lat' dir='ltr'><strong>scrutans</strong></span> <span class='ocrx_word' id='word_1_229' title='bbox 1376 3146 1553 3202; x_wconf 87' lang='lat' dir='ltr'><strong>corda</strong></span> <span class='ocrx_word' id='word_1_230' title='bbox 1602 3149 1661 3201; x_wconf 89' lang='lat' dir='ltr'><strong>et</strong></span> <span class='ocrx_word' id='word_1_231' title='bbox 1709 3161 1876 3201; x_wconf 89' lang='lat' dir='ltr'><strong>renes</strong></span> <span class='ocrx_word' id='word_1_232' title='bbox 1924 3145 2078 3200; x_wconf 90' lang='lat' dir='ltr'><strong>Deus</strong></span> <span class='ocrx_word' id='word_1_233' title='bbox 2127 3148 2218 3198; x_wconf 88' lang='lat' dir='ltr'><strong>est</strong></span> 
     </span>
    </p>
   </div>
   <div class='ocr_carea' id='block_1_34' title="bbox 570 3225 2218 3306">
    <p class='ocr_par' dir='ltr' id='par_1_34' title="bbox 570 3225 2218 3306">
     <span class='ocr_line' id='line_1_34' title="bbox 570 3225 2218 3306; baseline 0.004 -25"><span class='ocrx_word' id='word_1_234' title='bbox 570 3225 752 3299; x_wconf 79' lang='lat' dir='ltr'><strong>(Apoc.</strong></span> <span class='ocrx_word' id='word_1_235' title='bbox 786 3246 844 3297; x_wconf 80' lang='grc' dir='ltr'><strong>ιι,</strong></span> <span class='ocrx_word' id='word_1_236' title='bbox 877 3231 968 3301; x_wconf 90' lang='grc'>23)</span> <span class='ocrx_word' id='word_1_237' title='bbox 995 3248 1008 3288; x_wconf 86' lang='lat'><strong>:</strong></span> <span class='ocrx_word' id='word_1_238' title='bbox 1037 3233 1207 3304; x_wconf 91' lang='lat' dir='ltr'><strong>cujus</strong></span> <span class='ocrx_word' id='word_1_239' title='bbox 1228 3233 1522 3306; x_wconf 88' lang='lat' dir='ltr'><strong>judicium</strong></span> <span class='ocrx_word' id='word_1_240' title='bbox 1555 3234 1675 3290; x_wconf 88' lang='lat' dir='ltr'><strong>falli</strong></span> <span class='ocrx_word' id='word_1_241' title='bbox 1708 3234 1948 3290; x_wconf 91' lang='lat' dir='ltr'><strong>omnino</strong></span> <span class='ocrx_word' id='word_1_242' title='bbox 1979 3249 2094 3289; x_wconf 90' lang='lat' dir='ltr'><strong>non</strong></span> <span class='ocrx_word' id='word_1_243' title='bbox 2125 3249 2218 3304; x_wconf 87' lang='lat' dir='ltr'><strong>po-</strong></span> 
     </span>
    </p>
   </div>
   <div class='ocr_carea' id='block_1_35' title="bbox 2337 651 3993 724">
    <p class='ocr_par' dir='ltr' id='par_1_35' title="bbox 2337 651 3993 724">
     <span class='ocr_line' id='line_1_35' title="bbox 2337 651 3993 724; baseline 0.001 -19"><span class='ocrx_word' id='word_1_244' title='bbox 2337 657 2463 706; x_wconf 91' lang='lat' dir='ltr'><strong>rent</strong></span> <span class='ocrx_word' id='word_1_245' title='bbox 2490 651 2884 724; x_wconf 89' lang='lat' dir='ltr'><strong>disciplinam,</strong></span> <span class='ocrx_word' id='word_1_246' title='bbox 2919 651 3056 722; x_wconf 86' lang='lat' dir='ltr'><strong>quia</strong></span> <span class='ocrx_word' id='word_1_247' title='bbox 3087 651 3497 706; x_wconf 84' lang='lat' dir='ltr'><strong>exaltationem</strong></span> <span class='ocrx_word' id='word_1_248' title='bbox 3551 651 3712 706; x_wconf 65' lang='lat' dir='ltr'><strong>bona:</strong></span> <span class='ocrx_word' id='word_1_249' title='bbox 3764 657 3993 707; x_wconf 70' lang='lat' dir='ltr'><strong>natura</strong></span> 
     </span>
    </p>
   </div>
   <div class='ocr_carea' id='block_1_36' title="bbox 2335 739 3798 812">
    <p class='ocr_par' dir='ltr' id='par_1_36' title="bbox 2335 739 3798 812">
     <span class='ocr_line' id='line_1_36' title="bbox 2335 739 3798 812; baseline 0 -17"><span class='ocrx_word' id='word_1_250' title='bbox 2335 757 2452 796; x_wconf 70' lang='lat' dir='ltr'><strong>sua:</strong></span> <span class='ocrx_word' id='word_1_251' title='bbox 2484 741 2760 811; x_wconf 88' lang='lat' dir='ltr'><strong>debitam,</strong></span> <span class='ocrx_word' id='word_1_252' title='bbox 2794 739 3088 796; x_wconf 86' lang='lat' dir='ltr'><strong>voluntate</strong></span> <span class='ocrx_word' id='word_1_253' title='bbox 3135 740 3366 812; x_wconf 88' lang='lat' dir='ltr'><strong>propria</strong></span> <span class='ocrx_word' id='word_1_254' title='bbox 3399 740 3798 811; x_wconf 90' lang='lat' dir='ltr'><strong>perdiderunt.</strong></span> 
     </span>
    </p>
   </div>
   <div class='ocr_carea' id='block_1_37' title="bbox 2411 828 3986 901">
    <p class='ocr_par' dir='ltr' id='par_1_37' title="bbox 2411 828 3986 901">
     <span class='ocr_line' id='line_1_37' title="bbox 2411 828 3986 901; baseline 0.002 -18"><span class='ocrx_word' id='word_1_255' title='bbox 2411 851 2430 876; x_wconf 76' lang='grc' dir='ltr'><strong>ε</strong></span> <span class='ocrx_word' id='word_1_256' title='bbox 2470 830 2728 884; x_wconf 59' lang='lat' dir='ltr'><strong>Praedam</strong></span> <span class='ocrx_word' id='word_1_257' title='bbox 2791 829 3099 901; x_wconf 86' lang='lat' dir='ltr'><strong>pollicetur</strong></span> <span class='ocrx_word' id='word_1_258' title='bbox 3154 829 3349 895; x_wconf 89' lang='lat' dir='ltr'><strong>sociis,</strong></span> <span class='ocrx_word' id='word_1_259' title='bbox 3403 834 3459 884; x_wconf 92' lang='lat' dir='ltr'><strong>et</strong></span> <span class='ocrx_word' id='word_1_260' title='bbox 3515 828 3666 883; x_wconf 88' lang='lat' dir='ltr'><strong>oculi</strong></span> <span class='ocrx_word' id='word_1_261' title='bbox 3724 829 3986 886; x_wconf 76' lang='lat' dir='ltr'><strong>filiorum</strong></span> 
     </span>
    </p>
   </div>
   <div class='ocr_carea' id='block_1_38' title="bbox 2332 918 4042 989">
    <p class='ocr_par' dir='ltr' id='par_1_38' title="bbox 2332 918 4042 989">
     <span class='ocr_line' id='line_1_38' title="bbox 2332 918 4042 989; baseline 0.002 -17"><span class='ocrx_word' id='word_1_262' title='bbox 2332 918 2461 989; x_wconf 88' lang='lat' dir='ltr'><strong>ejus</strong></span> <span class='ocrx_word' id='word_1_263' title='bbox 2509 919 2798 974; x_wconf 85' lang='lat' dir='ltr'><strong>deficient.</strong></span> <span class='ocrx_word' id='word_1_264' title='bbox 2851 918 3051 973; x_wconf 87' lang='lat' dir='ltr'><strong>Posuit</strong></span> <span class='ocrx_word' id='word_1_265' title='bbox 3111 934 3201 972; x_wconf 89' lang='lat' dir='ltr'><strong>me</strong></span> <span class='ocrx_word' id='word_1_266' title='bbox 3259 918 3427 989; x_wconf 88' lang='lat' dir='ltr'><strong>quasi</strong></span> <span class='ocrx_word' id='word_1_267' title='bbox 3487 919 3546 973; x_wconf 92' lang='lat' dir='ltr'><strong>in</strong></span> <span class='ocrx_word' id='word_1_268' title='bbox 3607 919 3985 989; x_wconf 87' lang='lat' dir='ltr'><strong>proverbium</strong></span> <span class='ocrx_word' id='word_1_269' title='bbox 4039 943 4042 946; x_wconf 94' lang='grc'>·</span> 
     </span>
    </p>
   </div>
   <div class='ocr_carea' id='block_1_39' title="bbox 2331 1006 3986 1081">
    <p class='ocr_par' dir='ltr' id='par_1_39' title="bbox 2331 1006 3986 1081">
     <span class='ocr_line' id='line_1_39' title="bbox 2331 1006 3986 1081; baseline 0.002 -20"><span class='ocrx_word' id='word_1_270' title='bbox 2331 1007 2509 1079; x_wconf 83' lang='lat' dir='ltr'><strong>vulgi,</strong></span> <span class='ocrx_word' id='word_1_271' title='bbox 2543 1014 2599 1062; x_wconf 89' lang='lat' dir='ltr'><strong>et</strong></span> <span class='ocrx_word' id='word_1_272' title='bbox 2647 1008 2979 1081; x_wconf 82' lang='lat' dir='ltr'><strong>exemplum</strong></span> <span class='ocrx_word' id='word_1_273' title='bbox 3031 1025 3162 1063; x_wconf 90' lang='lat' dir='ltr'><strong>sum</strong></span> <span class='ocrx_word' id='word_1_274' title='bbox 3215 1024 3411 1063; x_wconf 89' lang='lat' dir='ltr'><strong>coram</strong></span> <span class='ocrx_word' id='word_1_275' title='bbox 3457 1006 3561 1062; x_wconf 88' lang='lat' dir='ltr'><strong>eis.</strong></span> <span class='ocrx_word' id='word_1_276' title='bbox 3596 1029 3624 1056; x_wconf 89' lang='lat'><strong>»</strong></span> <span class='ocrx_word' id='word_1_277' title='bbox 3677 1008 3828 1062; x_wconf 92' lang='lat' dir='ltr'><strong>Socii</strong></span> <span class='ocrx_word' id='word_1_278' title='bbox 3862 1009 3986 1065; x_wconf 85' lang='lat' dir='ltr'><strong>sive</strong></span> 
     </span>
    </p>
   </div>
   <div class='ocr_carea' id='block_1_40' title="bbox 2332 1095 3987 1168">
    <p class='ocr_par' dir='ltr' id='par_1_40' title="bbox 2332 1095 3987 1168">
     <span class='ocr_line' id='line_1_40' title="bbox 2332 1095 3987 1168; baseline 0.001 -18"><span class='ocrx_word' id='word_1_279' title='bbox 2332 1095 2436 1150; x_wconf 83' lang='lat' dir='ltr'><strong>filii</strong></span> <span class='ocrx_word' id='word_1_280' title='bbox 2467 1096 2705 1165; x_wconf 90' lang='lat' dir='ltr'><strong>diaboli,</strong></span> <span class='ocrx_word' id='word_1_281' title='bbox 2736 1097 2912 1152; x_wconf 91' lang='lat' dir='ltr'><strong>iidem</strong></span> <span class='ocrx_word' id='word_1_282' title='bbox 2963 1102 3101 1152; x_wconf 90' lang='lat' dir='ltr'><strong>sunt</strong></span> <span class='ocrx_word' id='word_1_283' title='bbox 3153 1096 3405 1151; x_wconf 90' lang='lat' dir='ltr'><strong>ministri</strong></span> <span class='ocrx_word' id='word_1_284' title='bbox 3455 1097 3631 1168; x_wconf 82' lang='lat' dir='ltr'><strong>eius:</strong></span> <span class='ocrx_word' id='word_1_285' title='bbox 3686 1098 3786 1152; x_wconf 89' lang='lat' dir='ltr'><strong>sed</strong></span> <span class='ocrx_word' id='word_1_286' title='bbox 3838 1096 3987 1152; x_wconf 87' lang='lat' dir='ltr'><strong>socii</strong></span> 
     </span>
    </p>
   </div>
   <div class='ocr_carea' id='block_1_41' title="bbox 2329 1184 3985 1257">
    <p class='ocr_par' dir='ltr' id='par_1_41' title="bbox 2329 1184 3985 1257">
     <span class='ocr_line' id='line_1_41' title="bbox 2329 1184 3985 1257; baseline 0.001 -17"><span class='ocrx_word' id='word_1_287' title='bbox 2329 1185 2607 1240; x_wconf 90' lang='lat' dir='ltr'><strong>dicuntur</strong></span> <span class='ocrx_word' id='word_1_288' title='bbox 2637 1190 2872 1257; x_wconf 91' lang='lat' dir='ltr'><strong>propter</strong></span> <span class='ocrx_word' id='word_1_289' title='bbox 2901 1185 3352 1241; x_wconf 87' lang='lat' dir='ltr'><strong>contubernium</strong></span> <span class='ocrx_word' id='word_1_290' title='bbox 3391 1184 3844 1256; x_wconf 88' lang='lat' dir='ltr'><strong>conspirationis</strong></span> <span class='ocrx_word' id='word_1_291' title='bbox 3875 1186 3985 1241; x_wconf 86' lang='lat' dir='ltr'><strong>ad-</strong></span> 
     </span>
    </p>
   </div>
   <div class='ocr_carea' id='block_1_42' title="bbox 2328 1273 3982 1346">
    <p class='ocr_par' dir='ltr' id='par_1_42' title="bbox 2328 1273 3982 1346">
     <span class='ocr_line' id='line_1_42' title="bbox 2328 1273 3982 1346; baseline 0.001 -18"><span class='ocrx_word' id='word_1_292' title='bbox 2328 1290 2528 1329; x_wconf 87' lang='lat' dir='ltr'><strong>versus</strong></span> <span class='ocrx_word' id='word_1_293' title='bbox 2560 1280 2762 1330; x_wconf 90' lang='lat' dir='ltr'><strong>Deum.</strong></span> <span class='ocrx_word' id='word_1_294' title='bbox 2793 1274 2914 1329; x_wconf 82' lang='lat' dir='ltr'><strong>Filii</strong></span> <span class='ocrx_word' id='word_1_295' title='bbox 2945 1280 3182 1346; x_wconf 91' lang='lat' dir='ltr'><strong>propter</strong></span> <span class='ocrx_word' id='word_1_296' title='bbox 3213 1274 3599 1330; x_wconf 89' lang='lat' dir='ltr'><strong>imitationem</strong></span> <span class='ocrx_word' id='word_1_297' title='bbox 3632 1273 3818 1345; x_wconf 91' lang='lat' dir='ltr'><strong>ipsius</strong></span> <span class='ocrx_word' id='word_1_298' title='bbox 3847 1274 3982 1330; x_wconf 88' lang='lat' dir='ltr'><strong>dia-</strong></span> 
     </span>
    </p>
   </div>
   <div class='ocr_carea' id='block_1_43' title="bbox 2330 1361 3983 1436">
    <p class='ocr_par' dir='ltr' id='par_1_43' title="bbox 2330 1361 3983 1436">
     <span class='ocr_line' id='line_1_43' title="bbox 2330 1361 3983 1436; baseline 0 -18"><span class='ocrx_word' id='word_1_299' title='bbox 2330 1361 2466 1418; x_wconf 91' lang='lat' dir='ltr'><strong>boli.</strong></span> <span class='ocrx_word' id='word_1_300' title='bbox 2491 1363 2592 1418; x_wconf 86' lang='lat' dir='ltr'><strong>Ilis</strong></span> <span class='ocrx_word' id='word_1_301' title='bbox 2626 1362 2803 1436; x_wconf 85' lang='lat' dir='ltr'><strong>igitur</strong></span> <span class='ocrx_word' id='word_1_302' title='bbox 2829 1362 3194 1418; x_wconf 66' lang='lat' dir='ltr'><strong>dmmonibus</strong></span> <span class='ocrx_word' id='word_1_303' title='bbox 3226 1362 3465 1418; x_wconf 88' lang='lat' dir='ltr'><strong>beatum</strong></span> <span class='ocrx_word' id='word_1_304' title='bbox 3487 1361 3596 1418; x_wconf 85' lang='lat' dir='ltr'><strong>Job</strong></span> <span class='ocrx_word' id='word_1_305' title='bbox 3629 1362 3688 1417; x_wconf 92' lang='lat' dir='ltr'><strong>in</strong></span> <span class='ocrx_word' id='word_1_306' title='bbox 3720 1363 3983 1435; x_wconf 73' lang='lat' dir='ltr'><strong>praedam</strong></span> 
     </span>
    </p>
   </div>
   <div class='ocr_carea' id='block_1_44' title="bbox 2328 1450 3982 1524">
    <p class='ocr_par' dir='ltr' id='par_1_44' title="bbox 2328 1450 3982 1524">
     <span class='ocr_line' id='line_1_44' title="bbox 2328 1450 3982 1524; baseline 0.001 -17"><span class='ocrx_word' id='word_1_307' title='bbox 2328 1453 2610 1518; x_wconf 89' lang='lat' dir='ltr'><strong>dandum,</strong></span> <span class='ocrx_word' id='word_1_308' title='bbox 2637 1457 2800 1524; x_wconf 91' lang='lat' dir='ltr'><strong>pater</strong></span> <span class='ocrx_word' id='word_1_309' title='bbox 2829 1469 3030 1507; x_wconf 90' lang='lat' dir='ltr'><strong>eorum</strong></span> <span class='ocrx_word' id='word_1_310' title='bbox 3061 1457 3116 1507; x_wconf 92' lang='lat' dir='ltr'><strong>et</strong></span> <span class='ocrx_word' id='word_1_311' title='bbox 3147 1450 3480 1507; x_wconf 88' lang='lat' dir='ltr'><strong>rebellionis</strong></span> <span class='ocrx_word' id='word_1_312' title='bbox 3511 1456 3686 1523; x_wconf 89' lang='lat' dir='ltr'><strong>caput</strong></span> <span class='ocrx_word' id='word_1_313' title='bbox 3707 1451 3982 1508; x_wconf 90' lang='lat' dir='ltr'><strong>diabolus</strong></span> 
     </span>
    </p>
   </div>
   <div class='ocr_carea' id='block_1_45' title="bbox 2329 1539 3979 1614">
    <p class='ocr_par' dir='ltr' id='par_1_45' title="bbox 2329 1539 3979 1614">
     <span class='ocr_line' id='line_1_45' title="bbox 2329 1539 3979 1614; baseline 0 -18"><span class='ocrx_word' id='word_1_314' title='bbox 2329 1541 2725 1614; x_wconf 90' lang='lat' dir='ltr'><strong>promittebat,</strong></span> <span class='ocrx_word' id='word_1_315' title='bbox 2758 1543 2898 1596; x_wconf 89' lang='lat' dir='ltr'><strong>dum</strong></span> <span class='ocrx_word' id='word_1_316' title='bbox 2931 1558 3065 1597; x_wconf 89' lang='lat' dir='ltr'><strong>eum</strong></span> <span class='ocrx_word' id='word_1_317' title='bbox 3098 1559 3199 1612; x_wconf 88' lang='lat' dir='ltr'><strong>per</strong></span> <span class='ocrx_word' id='word_1_318' title='bbox 3229 1546 3424 1596; x_wconf 89' lang='lat' dir='ltr'><strong>tantos</strong></span> <span class='ocrx_word' id='word_1_319' title='bbox 3456 1539 3685 1596; x_wconf 89' lang='lat' dir='ltr'><strong>dolores</strong></span> <span class='ocrx_word' id='word_1_320' title='bbox 3716 1541 3787 1596; x_wconf 91' lang='lat' dir='ltr'><strong>ad</strong></span> <span class='ocrx_word' id='word_1_321' title='bbox 3821 1539 3979 1596; x_wconf 84' lang='lat' dir='ltr'><strong>blas-</strong></span> 
     </span>
    </p>
   </div>
   <div class='ocr_carea' id='block_1_46' title="bbox 2328 1629 3983 1702">
    <p class='ocr_par' dir='ltr' id='par_1_46' title="bbox 2328 1629 3983 1702">
     <span class='ocr_line' id='line_1_46' title="bbox 2328 1629 3983 1702; baseline 0 -18"><span class='ocrx_word' id='word_1_322' title='bbox 2328 1629 2622 1702; x_wconf 85' lang='lat' dir='ltr'><strong>phemiam</strong></span> <span class='ocrx_word' id='word_1_323' title='bbox 2657 1630 3100 1702; x_wconf 89' lang='lat' dir='ltr'><strong>impellendum,</strong></span> <span class='ocrx_word' id='word_1_324' title='bbox 3124 1635 3181 1684; x_wconf 92' lang='lat' dir='ltr'><strong>et</strong></span> <span class='ocrx_word' id='word_1_325' title='bbox 3209 1647 3243 1684; x_wconf 92' lang='lat' dir='ltr'><strong>a</strong></span> <span class='ocrx_word' id='word_1_326' title='bbox 3262 1629 3378 1685; x_wconf 94' lang='lat' dir='ltr'><strong>Deo</strong></span> <span class='ocrx_word' id='word_1_327' title='bbox 3408 1629 3480 1685; x_wconf 93' lang='lat' dir='ltr'><strong>ob</strong></span> <span class='ocrx_word' id='word_1_328' title='bbox 3512 1629 3619 1685; x_wconf 90' lang='lat' dir='ltr'><strong>hoc</strong></span> <span class='ocrx_word' id='word_1_329' title='bbox 3647 1629 3983 1701; x_wconf 85' lang='lat' dir='ltr'><strong>relinquen-</strong></span> 
     </span>
    </p>
   </div>
   <div class='ocr_carea' id='block_1_47' title="bbox 2329 1718 3984 1790">
    <p class='ocr_par' dir='ltr' id='par_1_47' title="bbox 2329 1718 3984 1790">
     <span class='ocr_line' id='line_1_47' title="bbox 2329 1718 3984 1790; baseline 0.001 -17"><span class='ocrx_word' id='word_1_330' title='bbox 2329 1719 2468 1774; x_wconf 89' lang='lat' dir='ltr'><strong>dum</strong></span> <span class='ocrx_word' id='word_1_331' title='bbox 2501 1735 2628 1774; x_wconf 89' lang='lat' dir='ltr'><strong>esse</strong></span> <span class='ocrx_word' id='word_1_332' title='bbox 2659 1719 2932 1774; x_wconf 89' lang='lat' dir='ltr'><strong>credebat</strong></span> <span class='ocrx_word' id='word_1_333' title='bbox 2965 1737 2977 1774; x_wconf 89' lang='lat'><strong>:</strong></span> <span class='ocrx_word' id='word_1_334' title='bbox 3015 1718 3133 1774; x_wconf 89' lang='lat' dir='ltr'><strong>sive</strong></span> <span class='ocrx_word' id='word_1_335' title='bbox 3167 1719 3401 1790; x_wconf 90' lang='lat' dir='ltr'><strong>quando</strong></span> <span class='ocrx_word' id='word_1_336' title='bbox 3431 1734 3566 1774; x_wconf 91' lang='lat' dir='ltr'><strong>eum</strong></span> <span class='ocrx_word' id='word_1_337' title='bbox 3599 1719 3756 1774; x_wconf 89' lang='lat' dir='ltr'><strong>omni</strong></span> <span class='ocrx_word' id='word_1_338' title='bbox 3793 1718 3984 1790; x_wconf 83' lang='lat' dir='ltr'><strong>gloria</strong></span> 
     </span>
    </p>
   </div>
   <div class='ocr_carea' id='block_1_48' title="bbox 2327 1807 3260 1879">
    <p class='ocr_par' dir='ltr' id='par_1_48' title="bbox 2327 1807 3260 1879">
     <span class='ocr_line' id='line_1_48' title="bbox 2327 1807 3260 1879; baseline 0 -17"><span class='ocrx_word' id='word_1_339' title='bbox 2327 1807 2562 1874; x_wconf 89' lang='lat' dir='ltr'><strong>domus,</strong></span> <span class='ocrx_word' id='word_1_340' title='bbox 2593 1813 2648 1862; x_wconf 90' lang='lat' dir='ltr'><strong>et</strong></span> <span class='ocrx_word' id='word_1_341' title='bbox 2679 1807 2933 1863; x_wconf 84' lang='lat' dir='ltr'><strong>filiorum</strong></span> <span class='ocrx_word' id='word_1_342' title='bbox 2971 1807 3260 1879; x_wconf 88' lang='lat' dir='ltr'><strong>spoliavit.</strong></span> 
     </span>
    </p>
   </div>
   <div class='ocr_carea' id='block_1_49' title="bbox 2399 1895 3984 1970">
    <p class='ocr_par' dir='ltr' id='par_1_49' title="bbox 2399 1895 3984 1970">
     <span class='ocr_line' id='line_1_49' title="bbox 2399 1895 3984 1970; baseline 0.004 -25"><span class='ocrx_word' id='word_1_343' title='bbox 2399 1920 2425 1945; x_wconf 83' lang='lat'><strong>((</strong></span> <span class='ocrx_word' id='word_1_344' title='bbox 2459 1896 2738 1970; x_wconf 89' lang='lat' dir='ltr'><strong>Caligavit</strong></span> <span class='ocrx_word' id='word_1_345' title='bbox 2789 1897 2858 1952; x_wconf 92' lang='lat' dir='ltr'><strong>ad</strong></span> <span class='ocrx_word' id='word_1_346' title='bbox 2909 1896 3375 1967; x_wconf 88' lang='lat' dir='ltr'><strong>indignationem</strong></span> <span class='ocrx_word' id='word_1_347' title='bbox 3426 1895 3633 1951; x_wconf 86' lang='lat' dir='ltr'><strong>oculus</strong></span> <span class='ocrx_word' id='word_1_348' title='bbox 3682 1912 3870 1962; x_wconf 90' lang='lat' dir='ltr'><strong>meus,</strong></span> <span class='ocrx_word' id='word_1_349' title='bbox 3921 1901 3984 1952; x_wconf 89' lang='lat' dir='ltr'><strong>et</strong></span> 
     </span>
    </p>
   </div>
   <div class='ocr_carea' id='block_1_50' title="bbox 2327 1985 3979 2057">
    <p class='ocr_par' dir='ltr' id='par_1_50' title="bbox 2327 1985 3979 2057">
     <span class='ocr_line' id='line_1_50' title="bbox 2327 1985 3979 2057; baseline -0.001 -16"><span class='ocrx_word' id='word_1_350' title='bbox 2327 1986 2591 2041; x_wconf 88' lang='lat' dir='ltr'><strong>membra</strong></span> <span class='ocrx_word' id='word_1_351' title='bbox 2615 2003 2742 2041; x_wconf 89' lang='lat' dir='ltr'><strong>mea</strong></span> <span class='ocrx_word' id='word_1_352' title='bbox 2763 1985 2929 2057; x_wconf 86' lang='lat' dir='ltr'><strong>quasi</strong></span> <span class='ocrx_word' id='word_1_353' title='bbox 2955 1985 3012 2040; x_wconf 92' lang='lat' dir='ltr'><strong>in</strong></span> <span class='ocrx_word' id='word_1_354' title='bbox 3038 1985 3285 2040; x_wconf 86' lang='lat' dir='ltr'><strong>nihilum</strong></span> <span class='ocrx_word' id='word_1_355' title='bbox 3313 1985 3544 2040; x_wconf 89' lang='lat' dir='ltr'><strong>redacta</strong></span> <span class='ocrx_word' id='word_1_356' title='bbox 3567 1990 3724 2042; x_wconf 90' lang='lat' dir='ltr'><strong>sunt.</strong></span> <span class='ocrx_word' id='word_1_357' title='bbox 3750 2009 3770 2037; x_wconf 77' lang='grc' dir='ltr'><strong><em>ι</em></strong></span> <span class='ocrx_word' id='word_1_358' title='bbox 3798 1989 3979 2040; x_wconf 85' lang='lat' dir='ltr'><strong>Juxta</strong></span> 
     </span>
    </p>
   </div>
   <div class='ocr_carea' id='block_1_51' title="bbox 2324 2074 3980 2146">
    <p class='ocr_par' dir='ltr' id='par_1_51' title="bbox 2324 2074 3980 2146">
     <span class='ocr_line' id='line_1_51' title="bbox 2324 2074 3980 2146; baseline 0.001 -17"><span class='ocrx_word' id='word_1_359' title='bbox 2324 2074 2468 2130; x_wconf 91' lang='lat' dir='ltr'><strong>illud</strong></span> <span class='ocrx_word' id='word_1_360' title='bbox 2525 2075 2865 2145; x_wconf 81' lang='lat' dir='ltr'><strong>Evangelii:</strong></span> <span class='ocrx_word' id='word_1_361' title='bbox 2915 2076 3157 2130; x_wconf 82' lang='lat' dir='ltr'><strong>Lucerna</strong></span> <span class='ocrx_word' id='word_1_362' title='bbox 3207 2076 3451 2146; x_wconf 74' lang='lat' dir='ltr'><strong>corporis</strong></span> <span class='ocrx_word' id='word_1_363' title='bbox 3508 2075 3600 2130; x_wconf 79' lang='lat' dir='ltr'><strong>tui</strong></span> <span class='ocrx_word' id='word_1_364' title='bbox 3654 2079 3734 2130; x_wconf 75' lang='lat' dir='ltr'><strong>est</strong></span> <span class='ocrx_word' id='word_1_365' title='bbox 3788 2076 3980 2130; x_wconf 79' lang='lat' dir='ltr'><strong>oculus</strong></span> 
     </span>
    </p>
   </div>
   <div class='ocr_carea' id='block_1_52' title="bbox 2327 2162 3980 2236">
    <p class='ocr_par' dir='ltr' id='par_1_52' title="bbox 2327 2162 3980 2236">
     <span class='ocr_line' id='line_1_52' title="bbox 2327 2162 3980 2236; baseline -0.001 -17"><span class='ocrx_word' id='word_1_366' title='bbox 2327 2169 2451 2219; x_wconf 74' lang='lat' dir='ltr'><strong>tuus</strong></span> <span class='ocrx_word' id='word_1_367' title='bbox 2480 2165 2689 2233; x_wconf 72' lang='lat' dir='ltr'><strong>(Malm.</strong></span> <span class='ocrx_word' id='word_1_368' title='bbox 2724 2182 2802 2229; x_wconf 84' lang='lat' dir='ltr'><strong>v1,</strong></span> <span class='ocrx_word' id='word_1_369' title='bbox 2832 2165 2945 2235; x_wconf 82' lang='lat'><strong>22.)</strong></span> <span class='ocrx_word' id='word_1_370' title='bbox 2985 2165 3145 2219; x_wconf 83' lang='lat' dir='ltr'><strong>Hunc</strong></span> <span class='ocrx_word' id='word_1_371' title='bbox 3197 2163 3375 2236; x_wconf 87' lang='lat' dir='ltr'><strong>igitur</strong></span> <span class='ocrx_word' id='word_1_372' title='bbox 3424 2162 3660 2220; x_wconf 90' lang='lat' dir='ltr'><strong>oculum</strong></span> <span class='ocrx_word' id='word_1_373' title='bbox 3703 2164 3813 2219; x_wconf 87' lang='lat' dir='ltr'><strong>Job</strong></span> <span class='ocrx_word' id='word_1_374' title='bbox 3861 2163 3980 2219; x_wconf 91' lang='lat' dir='ltr'><strong>sibi</strong></span> 
     </span>
    </p>
   </div>
   <div class='ocr_carea' id='block_1_53' title="bbox 2327 2251 3978 2326">
    <p class='ocr_par' dir='ltr' id='par_1_53' title="bbox 2327 2251 3978 2326">
     <span class='ocr_line' id='line_1_53' title="bbox 2327 2251 3978 2326; baseline -0.001 -17"><span class='ocrx_word' id='word_1_375' title='bbox 2327 2252 2610 2326; x_wconf 83' lang='lat' dir='ltr'><strong>caligasse</strong></span> <span class='ocrx_word' id='word_1_376' title='bbox 2661 2253 3038 2325; x_wconf 91' lang='lat' dir='ltr'><strong>conqueritur</strong></span> <span class='ocrx_word' id='word_1_377' title='bbox 3067 2253 3171 2308; x_wconf 85' lang='lat' dir='ltr'><strong>illa</strong></span> <span class='ocrx_word' id='word_1_378' title='bbox 3201 2251 3602 2323; x_wconf 90' lang='lat' dir='ltr'><strong>indignatione</strong></span> <span class='ocrx_word' id='word_1_379' title='bbox 3635 2268 3750 2326; x_wconf 91' lang='lat' dir='ltr'><strong>qua</strong></span> <span class='ocrx_word' id='word_1_380' title='bbox 3782 2269 3978 2324; x_wconf 81' lang='lat' dir='ltr'><strong>ipsum</strong></span> 
     </span>
    </p>
   </div>
   <div class='ocr_carea' id='block_1_54' title="bbox 2327 2342 3982 2413">
    <p class='ocr_par' dir='ltr' id='par_1_54' title="bbox 2327 2342 3982 2413">
     <span class='ocr_line' id='line_1_54' title="bbox 2327 2342 3982 2413; baseline -0.001 -15"><span class='ocrx_word' id='word_1_381' title='bbox 2327 2343 2658 2398; x_wconf 85' lang='lat' dir='ltr'><strong>sanctitatis</strong></span> <span class='ocrx_word' id='word_1_382' title='bbox 2720 2360 2836 2398; x_wconf 78' lang='lat' dir='ltr'><strong>suae</strong></span> <span class='ocrx_word' id='word_1_383' title='bbox 2905 2342 3114 2397; x_wconf 88' lang='lat' dir='ltr'><strong>merita</strong></span> <span class='ocrx_word' id='word_1_384' title='bbox 3175 2342 3641 2397; x_wconf 85' lang='lat' dir='ltr'><strong>conservabsnt:</strong></span> <span class='ocrx_word' id='word_1_385' title='bbox 3690 2357 3756 2397; x_wconf 94' lang='lat' dir='ltr'><strong>eo</strong></span> <span class='ocrx_word' id='word_1_386' title='bbox 3823 2342 3982 2413; x_wconf 91' lang='lat' dir='ltr'><strong>quod</strong></span> 
     </span>
    </p>
   </div>
   <div class='ocr_carea' id='block_1_55' title="bbox 2327 2430 3833 2503">
    <p class='ocr_par' dir='ltr' id='par_1_55' title="bbox 2327 2430 3833 2503">
     <span class='ocr_line' id='line_1_55' title="bbox 2327 2430 3833 2503; baseline -0.001 -15"><span class='ocrx_word' id='word_1_387' title='bbox 2327 2433 2480 2488; x_wconf 90' lang='lat' dir='ltr'><strong>bona</strong></span> <span class='ocrx_word' id='word_1_388' title='bbox 2526 2432 2884 2488; x_wconf 90' lang='lat' dir='ltr'><strong>conscientia</strong></span> <span class='ocrx_word' id='word_1_389' title='bbox 2936 2448 3138 2502; x_wconf 64' lang='lat' dir='ltr'><strong>paenae</strong></span> <span class='ocrx_word' id='word_1_390' title='bbox 3187 2435 3485 2503; x_wconf 90' lang='lat' dir='ltr'><strong>pateretur</strong></span> <span class='ocrx_word' id='word_1_391' title='bbox 3524 2430 3833 2486; x_wconf 80' lang='lat' dir='ltr'><strong>indebitae.</strong></span> 
     </span>
    </p>
   </div>
   <div class='ocr_carea' id='block_1_56' title="bbox 2398 2519 3984 2593">
    <p class='ocr_par' dir='ltr' id='par_1_56' title="bbox 2398 2519 3984 2593">
     <span class='ocr_line' id='line_1_56' title="bbox 2398 2519 3984 2593; baseline 0.003 -22"><span class='ocrx_word' id='word_1_392' title='bbox 2398 2544 2426 2570; x_wconf 82' lang='lat'><strong><em>«</em></strong></span> <span class='ocrx_word' id='word_1_393' title='bbox 2458 2522 2788 2593; x_wconf 86' lang='lat' dir='ltr'><strong>Stupebunt</strong></span> <span class='ocrx_word' id='word_1_394' title='bbox 2828 2520 2976 2591; x_wconf 89' lang='lat' dir='ltr'><strong>justi</strong></span> <span class='ocrx_word' id='word_1_395' title='bbox 3026 2537 3203 2592; x_wconf 90' lang='lat' dir='ltr'><strong>super</strong></span> <span class='ocrx_word' id='word_1_396' title='bbox 3250 2519 3379 2575; x_wconf 88' lang='lat' dir='ltr'><strong>hoc.</strong></span> <span class='ocrx_word' id='word_1_397' title='bbox 3416 2541 3442 2570; x_wconf 85' lang='lat'>»</span> <span class='ocrx_word' id='word_1_398' title='bbox 3495 2519 3866 2575; x_wconf 82' lang='lat' dir='ltr'><strong>Admirantes</strong></span> <span class='ocrx_word' id='word_1_399' title='bbox 3907 2519 3984 2576; x_wconf 89' lang='lat' dir='ltr'><strong>de</strong></span> 
     </span>
    </p>
   </div>
   <div class='ocr_carea' id='block_1_57' title="bbox 2318 2608 3979 2682">
    <p class='ocr_par' dir='ltr' id='par_1_57' title="bbox 2318 2608 3979 2682">
     <span class='ocr_line' id='line_1_57' title="bbox 2318 2608 3979 2682; baseline -0.002 -16"><span class='ocrx_word' id='word_1_400' title='bbox 2318 2611 2500 2681; x_wconf 90' lang='lat' dir='ltr'><strong>justis</strong></span> <span class='ocrx_word' id='word_1_401' title='bbox 2545 2611 2645 2667; x_wconf 91' lang='lat' dir='ltr'><strong>Dei</strong></span> <span class='ocrx_word' id='word_1_402' title='bbox 2690 2609 2952 2682; x_wconf 90' lang='lat' dir='ltr'><strong>judiciis,</strong></span> <span class='ocrx_word' id='word_1_403' title='bbox 2985 2609 3278 2681; x_wconf 89' lang='lat' dir='ltr'><strong>quomodo</strong></span> <span class='ocrx_word' id='word_1_404' title='bbox 3317 2609 3541 2680; x_wconf 88' lang='lat' dir='ltr'><strong>justus,</strong></span> <span class='ocrx_word' id='word_1_405' title='bbox 3575 2613 3633 2665; x_wconf 90' lang='lat' dir='ltr'><strong>et</strong></span> <span class='ocrx_word' id='word_1_406' title='bbox 3681 2608 3808 2665; x_wconf 88' lang='lat' dir='ltr'><strong>sine</strong></span> <span class='ocrx_word' id='word_1_407' title='bbox 3863 2609 3979 2664; x_wconf 87' lang='lat' dir='ltr'><strong>cri-</strong></span> 
     </span>
    </p>
   </div>
   <div class='ocr_carea' id='block_1_58' title="bbox 2327 2699 3051 2772">
    <p class='ocr_par' dir='ltr' id='par_1_58' title="bbox 2327 2699 3051 2772">
     <span class='ocr_line' id='line_1_58' title="bbox 2327 2699 3051 2772; baseline -0.001 -17"><span class='ocrx_word' id='word_1_408' title='bbox 2327 2701 2485 2756; x_wconf 89' lang='lat' dir='ltr'><strong>mine</strong></span> <span class='ocrx_word' id='word_1_409' title='bbox 2516 2699 2702 2772; x_wconf 77' lang='lat' dir='ltr'><strong>pmnis</strong></span> <span class='ocrx_word' id='word_1_410' title='bbox 2736 2699 3051 2772; x_wconf 85' lang='lat' dir='ltr'><strong>affligatur.</strong></span> 
     </span>
    </p>
   </div>
   <div class='ocr_carea' id='block_1_59' title="bbox 2403 2785 3980 2860">
    <p class='ocr_par' dir='ltr' id='par_1_59' title="bbox 2403 2785 3980 2860">
     <span class='ocr_line' id='line_1_59' title="bbox 2403 2785 3980 2860; baseline -0.002 -16"><span class='ocrx_word' id='word_1_411' title='bbox 2403 2812 2423 2838; x_wconf 78' lang='grc' dir='ltr'>ι</span> <span class='ocrx_word' id='word_1_412' title='bbox 2462 2790 2527 2844; x_wconf 88' lang='lat' dir='ltr'><strong>Et</strong></span> <span class='ocrx_word' id='word_1_413' title='bbox 2557 2789 2837 2844; x_wconf 89' lang='lat' dir='ltr'><strong>innocens</strong></span> <span class='ocrx_word' id='word_1_414' title='bbox 2869 2793 3071 2844; x_wconf 89' lang='lat' dir='ltr'><strong>contra</strong></span> <span class='ocrx_word' id='word_1_415' title='bbox 3099 2785 3462 2860; x_wconf 88' lang='lat' dir='ltr'><strong>hypocritam</strong></span> <span class='ocrx_word' id='word_1_416' title='bbox 3506 2787 3910 2844; x_wconf 90' lang='lat' dir='ltr'><strong>suscitabitur.</strong></span> <span class='ocrx_word' id='word_1_417' title='bbox 3949 2809 3980 2836; x_wconf 85' lang='lat'>»</span> 
     </span>
    </p>
   </div>
   <div class='ocr_carea' id='block_1_60' title="bbox 2325 2877 3978 2952">
    <p class='ocr_par' dir='ltr' id='par_1_60' title="bbox 2325 2877 3978 2952">
     <span class='ocr_line' id='line_1_60' title="bbox 2325 2877 3978 2952; baseline -0.002 -17"><span class='ocrx_word' id='word_1_418' title='bbox 2325 2879 2636 2952; x_wconf 80' lang='lat' dir='ltr'><strong>Hypocrita</strong></span> <span class='ocrx_word' id='word_1_419' title='bbox 2679 2884 2767 2934; x_wconf 91' lang='lat' dir='ltr'><strong>est</strong></span> <span class='ocrx_word' id='word_1_420' title='bbox 2807 2879 2930 2950; x_wconf 90' lang='lat' dir='ltr'><strong>ipse</strong></span> <span class='ocrx_word' id='word_1_421' title='bbox 2959 2877 3249 2944; x_wconf 90' lang='lat' dir='ltr'><strong>diabolus,</strong></span> <span class='ocrx_word' id='word_1_422' title='bbox 3282 2877 3404 2948; x_wconf 91' lang='lat' dir='ltr'><strong>qui,</strong></span> <span class='ocrx_word' id='word_1_423' title='bbox 3438 2892 3572 2932; x_wconf 91' lang='lat' dir='ltr'><strong>cum</strong></span> <span class='ocrx_word' id='word_1_424' title='bbox 3604 2877 3681 2933; x_wconf 92' lang='lat' dir='ltr'><strong>sit</strong></span> <span class='ocrx_word' id='word_1_425' title='bbox 3711 2878 3978 2933; x_wconf 89' lang='lat' dir='ltr'><strong>tenebra-</strong></span> 
     </span>
    </p>
   </div>
   <div class='ocr_carea' id='block_1_61' title="bbox 2327 2966 3981 3038">
    <p class='ocr_par' dir='ltr' id='par_1_61' title="bbox 2327 2966 3981 3038">
     <span class='ocr_line' id='line_1_61' title="bbox 2327 2966 3981 3038; baseline -0.002 -14"><span class='ocrx_word' id='word_1_426' title='bbox 2327 2986 2482 3036; x_wconf 88' lang='lat' dir='ltr'><strong>rum,</strong></span> <span class='ocrx_word' id='word_1_427' title='bbox 2508 2967 2564 3023; x_wconf 86' lang='lat' dir='ltr'><strong>id</strong></span> <span class='ocrx_word' id='word_1_428' title='bbox 2599 2973 2688 3023; x_wconf 92' lang='lat' dir='ltr'><strong>est</strong></span> <span class='ocrx_word' id='word_1_429' title='bbox 2718 2967 2935 3036; x_wconf 90' lang='lat' dir='ltr'><strong>delicti,</strong></span> <span class='ocrx_word' id='word_1_430' title='bbox 2960 2966 3247 3033; x_wconf 90' lang='lat' dir='ltr'><strong>inventor,</strong></span> <span class='ocrx_word' id='word_1_431' title='bbox 3274 2967 3400 3038; x_wconf 90' lang='lat' dir='ltr'><strong>ipse</strong></span> <span class='ocrx_word' id='word_1_432' title='bbox 3431 2966 3752 3022; x_wconf 89' lang='lat' dir='ltr'><strong>recedendo</strong></span> <span class='ocrx_word' id='word_1_433' title='bbox 3781 2983 3815 3021; x_wconf 92' lang='lat' dir='ltr'><strong>a</strong></span> <span class='ocrx_word' id='word_1_434' title='bbox 3843 2982 3981 3021; x_wconf 92' lang='lat' dir='ltr'><strong>vero</strong></span> 
     </span>
    </p>
   </div>
   <div class='ocr_carea' id='block_1_62' title="bbox 2326 3055 3986 3123">
    <p class='ocr_par' dir='ltr' id='par_1_62' title="bbox 2326 3055 3986 3123">
     <span class='ocr_line' id='line_1_62' title="bbox 2326 3055 3986 3123; baseline -0.002 -11"><span class='ocrx_word' id='word_1_435' title='bbox 2326 3056 2570 3123; x_wconf 88' lang='lat' dir='ltr'><strong>lumine,</strong></span> <span class='ocrx_word' id='word_1_436' title='bbox 2631 3062 2720 3112; x_wconf 91' lang='lat' dir='ltr'><strong>est</strong></span> <span class='ocrx_word' id='word_1_437' title='bbox 2779 3058 3125 3113; x_wconf 88' lang='lat' dir='ltr'><strong>tenebrosus</strong></span> <span class='ocrx_word' id='word_1_438' title='bbox 3183 3056 3443 3112; x_wconf 75' lang='lat' dir='ltr'><strong>effectus.</strong></span> <span class='ocrx_word' id='word_1_439' title='bbox 3505 3055 3678 3121; x_wconf 89' lang='lat' dir='ltr'><strong>Quasi</strong></span> <span class='ocrx_word' id='word_1_440' title='bbox 3750 3055 3986 3110; x_wconf 77' lang='lat' dir='ltr'><strong>Lucifer</strong></span> 
     </span>
    </p>
   </div>
   <div class='ocr_carea' id='block_1_63' title="bbox 2328 3144 3986 3218">
    <p class='ocr_par' dir='ltr' id='par_1_63' title="bbox 2328 3144 3986 3218">
     <span class='ocr_line' id='line_1_63' title="bbox 2328 3144 3986 3218; baseline -0.002 -16"><span class='ocrx_word' id='word_1_441' title='bbox 2328 3145 2524 3218; x_wconf 90' lang='lat' dir='ltr'><strong>posuit</strong></span> <span class='ocrx_word' id='word_1_442' title='bbox 2556 3147 2613 3200; x_wconf 90' lang='lat' dir='ltr'><strong>in</strong></span> <span class='ocrx_word' id='word_1_443' title='bbox 2645 3147 2786 3200; x_wconf 72' lang='lat' dir='ltr'><strong>cmlo</strong></span> <span class='ocrx_word' id='word_1_444' title='bbox 2821 3146 3016 3200; x_wconf 90' lang='lat' dir='ltr'><strong>sedem</strong></span> <span class='ocrx_word' id='word_1_445' title='bbox 3049 3162 3219 3201; x_wconf 89' lang='lat' dir='ltr'><strong>suam</strong></span> <span class='ocrx_word' id='word_1_446' title='bbox 3251 3147 3378 3211; x_wconf 73' lang='lat' dir='ltr'><strong>(13a.</strong></span> <span class='ocrx_word' id='word_1_447' title='bbox 3411 3160 3533 3212; x_wconf 76' lang='lat' dir='ltr'><strong>xxv,</strong></span> <span class='ocrx_word' id='word_1_448' title='bbox 3565 3144 3674 3214; x_wconf 89' lang='grc'><strong>13),</strong></span> <span class='ocrx_word' id='word_1_449' title='bbox 3707 3147 3763 3200; x_wconf 89' lang='lat' dir='ltr'><strong>et</strong></span> <span class='ocrx_word' id='word_1_450' title='bbox 3793 3149 3986 3199; x_wconf 90' lang='lat' dir='ltr'><strong>trans-</strong></span> 
     </span>
    </p>
   </div>
   <div class='ocr_carea' id='block_1_64' title="bbox 2327 3233 3985 3308">
    <p class='ocr_par' dir='ltr' id='par_1_64' title="bbox 2327 3233 3985 3308">
     <span class='ocr_line' id='line_1_64' title="bbox 2327 3233 3985 3308; baseline -0.002 -18"><span class='ocrx_word' id='word_1_451' title='bbox 2327 3234 2600 3308; x_wconf 82' lang='lat' dir='ltr'><strong>tiguravit</strong></span> <span class='ocrx_word' id='word_1_452' title='bbox 2647 3251 2708 3290; x_wconf 91' lang='lat' dir='ltr'><strong>se</strong></span> <span class='ocrx_word' id='word_1_453' title='bbox 2755 3234 2815 3290; x_wconf 90' lang='lat' dir='ltr'><strong>in</strong></span> <span class='ocrx_word' id='word_1_454' title='bbox 2857 3233 3133 3306; x_wconf 90' lang='lat' dir='ltr'><strong>angelum</strong></span> <span class='ocrx_word' id='word_1_455' title='bbox 3164 3233 3313 3289; x_wconf 91' lang='lat' dir='ltr'><strong>lucis</strong></span> <span class='ocrx_word' id='word_1_456' title='bbox 3343 3234 3422 3304; x_wconf 77' lang='lat' dir='ltr'><strong>(II</strong></span> <span class='ocrx_word' id='word_1_457' title='bbox 3454 3233 3580 3289; x_wconf 85' lang='lat' dir='ltr'><strong>Cor.</strong></span> <span class='ocrx_word' id='word_1_458' title='bbox 3612 3250 3691 3300; x_wconf 73' lang='grc' dir='ltr'><strong>χι,</strong></span> <span class='ocrx_word' id='word_1_459' title='bbox 3727 3233 3835 3303; x_wconf 87' lang='grc'>13).</span> <span class='ocrx_word' id='word_1_460' title='bbox 3867 3233 3985 3287; x_wconf 86' lang='lat' dir='ltr'><strong>Aut</strong></span> 
     </span>
    </p>
   </div>
   <div class='ocr_carea' id='block_1_65' title="bbox 571 3312 3981 3396">
    <p class='ocr_par' dir='ltr' id='par_1_65' title="bbox 571 3312 3981 3396">
     <span class='ocr_line' id='line_1_65' title="bbox 571 3312 3981 3396; baseline 0.001 -24"><span class='ocrx_word' id='word_1_461' title='bbox 571 3320 686 3372; x_wconf 90' lang='lat' dir='ltr'><strong>test</strong></span> <span class='ocrx_word' id='word_1_462' title='bbox 720 3335 732 3374; x_wconf 90' lang='lat'><strong>:</strong></span> <span class='ocrx_word' id='word_1_463' title='bbox 785 3335 974 3392; x_wconf 88' lang='lat' dir='ltr'><strong>neque</strong></span> <span class='ocrx_word' id='word_1_464' title='bbox 1022 3322 1146 3395; x_wconf 91' lang='lat' dir='ltr'><strong>ipse</strong></span> <span class='ocrx_word' id='word_1_465' title='bbox 1196 3324 1496 3380; x_wconf 91' lang='lat' dir='ltr'><strong>consuevit</strong></span> <span class='ocrx_word' id='word_1_466' title='bbox 1547 3324 1761 3381; x_wconf 91' lang='lat' dir='ltr'><strong>discuti</strong></span> <span class='ocrx_word' id='word_1_467' title='bbox 1810 3341 1843 3378; x_wconf 92' lang='lat' dir='ltr'><strong>a</strong></span> <span class='ocrx_word' id='word_1_468' title='bbox 1895 3339 2214 3394; x_wconf 87' lang='lat' dir='ltr'><strong>quoquam.</strong></span> <span class='ocrx_word' id='word_1_469' title='bbox 2250 3312 2293 3380; x_wconf 88' lang='lat' dir='ltr'>C</span> <span class='ocrx_word' id='word_1_470' title='bbox 2331 3329 2485 3381; x_wconf 92' lang='lat' dir='ltr'><strong>certe</strong></span> <span class='ocrx_word' id='word_1_471' title='bbox 2514 3341 2998 3396; x_wconf 88' lang='lat' dir='ltr'><strong>unumquemque</strong></span> <span class='ocrx_word' id='word_1_472' title='bbox 3030 3323 3354 3380; x_wconf 89' lang='lat' dir='ltr'><strong>amicorum</strong></span> <span class='ocrx_word' id='word_1_473' title='bbox 3386 3338 3628 3378; x_wconf 89' lang='lat' dir='ltr'><strong>suorum</strong></span> <span class='ocrx_word' id='word_1_474' title='bbox 3658 3321 3766 3378; x_wconf 86' lang='lat' dir='ltr'><strong>Job</strong></span> <span class='ocrx_word' id='word_1_475' title='bbox 3797 3321 3981 3394; x_wconf 85' lang='lat' dir='ltr'><strong>hypo-</strong></span> 
     </span>
    </p>
   </div>
   <div class='ocr_carea' id='block_1_66' title="bbox 639 3407 2216 3478">
    <p class='ocr_par' dir='ltr' id='par_1_66' title="bbox 639 3407 2216 3478">
     <span class='ocr_line' id='line_1_66' title="bbox 639 3407 2216 3478; baseline 0.003 -16"><span class='ocrx_word' id='word_1_476' title='bbox 639 3430 665 3456; x_wconf 93' lang='grc'><strong>‹‹</strong></span> <span class='ocrx_word' id='word_1_477' title='bbox 703 3407 847 3465; x_wconf 89' lang='lat' dir='ltr'><strong>Ecce</strong></span> <span class='ocrx_word' id='word_1_478' title='bbox 875 3409 1032 3467; x_wconf 89' lang='lat' dir='ltr'><strong>enim</strong></span> <span class='ocrx_word' id='word_1_479' title='bbox 1067 3412 1268 3469; x_wconf 90' lang='lat' dir='ltr'><strong>breves</strong></span> <span class='ocrx_word' id='word_1_480' title='bbox 1300 3413 1437 3470; x_wconf 90' lang='lat' dir='ltr'><strong>anni</strong></span> <span class='ocrx_word' id='word_1_481' title='bbox 1480 3418 1811 3478; x_wconf 89' lang='lat' dir='ltr'><strong>transeunt,</strong></span> <span class='ocrx_word' id='word_1_482' title='bbox 1843 3418 1898 3468; x_wconf 88' lang='lat' dir='ltr'><strong>et</strong></span> <span class='ocrx_word' id='word_1_483' title='bbox 1945 3411 2216 3467; x_wconf 89' lang='lat' dir='ltr'><strong>semitam</strong></span> 
     </span>
    </p>
   </div>
   <div class='ocr_carea' id='block_1_67' title="bbox 569 3500 2219 3574">
    <p class='ocr_par' dir='ltr' id='par_1_67' title="bbox 569 3500 2219 3574">
     <span class='ocr_line' id='line_1_67' title="bbox 569 3500 2219 3574; baseline 0.001 -22"><span class='ocrx_word' id='word_1_484' title='bbox 569 3511 673 3568; x_wconf 90' lang='lat' dir='ltr'><strong>per</strong></span> <span class='ocrx_word' id='word_1_485' title='bbox 718 3513 896 3569; x_wconf 88' lang='lat' dir='ltr'><strong>quam</strong></span> <span class='ocrx_word' id='word_1_486' title='bbox 951 3517 1066 3556; x_wconf 92' lang='lat' dir='ltr'><strong>non</strong></span> <span class='ocrx_word' id='word_1_487' title='bbox 1115 3507 1387 3574; x_wconf 88' lang='lat' dir='ltr'><strong>revertar,</strong></span> <span class='ocrx_word' id='word_1_488' title='bbox 1432 3503 1691 3559; x_wconf 88' lang='lat' dir='ltr'><strong>ambulo.</strong></span> <span class='ocrx_word' id='word_1_489' title='bbox 1727 3527 1749 3554; x_wconf 77' lang='grc' dir='ltr'><strong><em>ι</em></strong></span> <span class='ocrx_word' id='word_1_490' title='bbox 1810 3502 1896 3557; x_wconf 87' lang='lat' dir='ltr'><strong>Ita</strong></span> <span class='ocrx_word' id='word_1_491' title='bbox 1947 3500 2219 3557; x_wconf 87' lang='lat' dir='ltr'><strong>credebat</strong></span> 
     </span>
    </p>
   </div>
   <div class='ocr_carea' id='block_1_68' title="bbox 572 3587 2216 3666">
    <p class='ocr_par' dir='ltr' id='par_1_68' title="bbox 572 3587 2216 3666">
     <span class='ocr_line' id='line_1_68' title="bbox 572 3587 2216 3666; baseline 0.001 -24"><span class='ocrx_word' id='word_1_492' title='bbox 572 3587 728 3659; x_wconf 90' lang='lat' dir='ltr'><strong>quod</strong></span> <span class='ocrx_word' id='word_1_493' title='bbox 781 3605 886 3644; x_wconf 92' lang='lat' dir='ltr'><strong>nec</strong></span> <span class='ocrx_word' id='word_1_494' title='bbox 935 3591 1006 3645; x_wconf 88' lang='lat' dir='ltr'><strong>ad</strong></span> <span class='ocrx_word' id='word_1_495' title='bbox 1055 3592 1300 3648; x_wconf 87' lang='lat' dir='ltr'><strong>mortale</strong></span> <span class='ocrx_word' id='word_1_496' title='bbox 1349 3610 1562 3666; x_wconf 91' lang='lat' dir='ltr'><strong>corpus</strong></span> <span class='ocrx_word' id='word_1_497' title='bbox 1609 3609 1807 3659; x_wconf 90' lang='lat' dir='ltr'><strong>suum,</strong></span> <span class='ocrx_word' id='word_1_498' title='bbox 1840 3607 1945 3647; x_wconf 90' lang='lat' dir='ltr'><strong>nec</strong></span> <span class='ocrx_word' id='word_1_499' title='bbox 1989 3590 2061 3646; x_wconf 89' lang='lat' dir='ltr'><strong>ad</strong></span> <span class='ocrx_word' id='word_1_500' title='bbox 2093 3594 2216 3646; x_wconf 85' lang='lat' dir='ltr'><strong>tor-</strong></span> 
     </span>
    </p>
   </div>
   <div class='ocr_carea' id='block_1_69' title="bbox 571 3679 1998 3750">
    <p class='ocr_par' dir='ltr' id='par_1_69' title="bbox 571 3679 1998 3750">
     <span class='ocr_line' id='line_1_69' title="bbox 571 3679 1998 3750; baseline 0.004 -20"><span class='ocrx_word' id='word_1_501' title='bbox 571 3679 770 3731; x_wconf 88' lang='lat' dir='ltr'><strong>menta</strong></span> <span class='ocrx_word' id='word_1_502' title='bbox 798 3679 1058 3750; x_wconf 90' lang='lat' dir='ltr'><strong>corporis</strong></span> <span class='ocrx_word' id='word_1_503' title='bbox 1086 3681 1177 3736; x_wconf 90' lang='lat' dir='ltr'><strong>sui</strong></span> <span class='ocrx_word' id='word_1_504' title='bbox 1207 3688 1362 3738; x_wconf 89' lang='lat' dir='ltr'><strong>esset</strong></span> <span class='ocrx_word' id='word_1_505' title='bbox 1391 3682 1604 3738; x_wconf 90' lang='lat' dir='ltr'><strong>iterum</strong></span> <span class='ocrx_word' id='word_1_506' title='bbox 1637 3697 1998 3738; x_wconf 89' lang='lat' dir='ltr'><strong>reversurus.</strong></span> 
     </span>
    </p>
   </div>
   <div class='ocr_carea' id='block_1_70' title="bbox 1178 3770 1612 3827">
    <p class='ocr_par' dir='ltr' id='par_1_70' title="bbox 1178 3770 1612 3827">
     <span class='ocr_line' id='line_1_70' title="bbox 1178 3770 1612 3827; baseline 0 -1"><span class='ocrx_word' id='word_1_507' title='bbox 1178 3770 1411 3826; x_wconf 88' lang='lat' dir='ltr'><strong>CAPUT</strong></span> <span class='ocrx_word' id='word_1_508' title='bbox 1443 3770 1612 3827; x_wconf 89' lang='lat' dir='ltr'><strong>XVII.</strong></span> 
     </span>
    </p>
   </div>
   <div class='ocr_carea' id='block_1_71' title="bbox 648 3853 2224 3928">
    <p class='ocr_par' dir='ltr' id='par_1_71' title="bbox 648 3853 2224 3928">
     <span class='ocr_line' id='line_1_71' title="bbox 648 3853 2224 3928; baseline 0.004 -23"><span class='ocrx_word' id='word_1_509' title='bbox 648 3853 962 3928; x_wconf 88' lang='lat' dir='ltr'><strong>«Spiritus</strong></span> <span class='ocrx_word' id='word_1_510' title='bbox 1029 3874 1196 3914; x_wconf 90' lang='lat' dir='ltr'><strong>meus</strong></span> <span class='ocrx_word' id='word_1_511' title='bbox 1271 3860 1708 3927; x_wconf 87' lang='lat' dir='ltr'><strong>attenuabitur,</strong></span> <span class='ocrx_word' id='word_1_512' title='bbox 1775 3863 1833 3914; x_wconf 92' lang='lat' dir='ltr'><strong>et</strong></span> <span class='ocrx_word' id='word_1_513' title='bbox 1904 3859 2029 3914; x_wconf 92' lang='lat' dir='ltr'><strong>dies</strong></span> <span class='ocrx_word' id='word_1_514' title='bbox 2103 3857 2224 3922; x_wconf 77' lang='lat' dir='ltr'><strong>mei</strong></span> 
     </span>
    </p>
   </div>
   <div class='ocr_carea' id='block_1_72' title="bbox 575 3942 2218 4020">
    <p class='ocr_par' dir='ltr' id='par_1_72' title="bbox 575 3942 2218 4020">
     <span class='ocr_line' id='line_1_72' title="bbox 575 3942 2218 4020; baseline 0.001 -22"><span class='ocrx_word' id='word_1_515' title='bbox 575 3942 1014 4002; x_wconf 89' lang='lat' dir='ltr'><strong>breviabuntur.</strong></span> <span class='ocrx_word' id='word_1_516' title='bbox 1049 3970 1076 3996; x_wconf 82' lang='lat'>»</span> <span class='ocrx_word' id='word_1_517' title='bbox 1126 3947 1242 4004; x_wconf 88' lang='lat' dir='ltr'><strong>Hoc</strong></span> <span class='ocrx_word' id='word_1_518' title='bbox 1273 3949 1433 4016; x_wconf 91' lang='lat' dir='ltr'><strong>dicit,</strong></span> <span class='ocrx_word' id='word_1_519' title='bbox 1467 3949 1622 4020; x_wconf 91' lang='lat' dir='ltr'><strong>quod</strong></span> <span class='ocrx_word' id='word_1_520' title='bbox 1673 3948 1731 4003; x_wconf 92' lang='lat' dir='ltr'><strong>in</strong></span> <span class='ocrx_word' id='word_1_521' title='bbox 1783 3947 2062 4003; x_wconf 89' lang='lat' dir='ltr'><strong>brevitate</strong></span> <span class='ocrx_word' id='word_1_522' title='bbox 2092 3947 2218 4001; x_wconf 66' lang='lat' dir='ltr'><strong>vita</strong></span> 
     </span>
    </p>
   </div>
   <div class='ocr_carea' id='block_1_73' title="bbox 573 4034 2216 4108">
    <p class='ocr_par' dir='ltr' id='par_1_73' title="bbox 573 4034 2216 4108">
     <span class='ocr_line' id='line_1_73' title="bbox 573 4034 2216 4108; baseline 0.001 -20"><span class='ocrx_word' id='word_1_523' title='bbox 573 4047 712 4099; x_wconf 62' lang='lat' dir='ltr'><strong>suae,</strong></span> <span class='ocrx_word' id='word_1_524' title='bbox 772 4034 1016 4107; x_wconf 90' lang='lat' dir='ltr'><strong>spiritus</strong></span> <span class='ocrx_word' id='word_1_525' title='bbox 1069 4037 1199 4108; x_wconf 87' lang='lat' dir='ltr'><strong>ejus</strong></span> <span class='ocrx_word' id='word_1_526' title='bbox 1251 4037 1471 4094; x_wconf 89' lang='lat' dir='ltr'><strong>sensim</strong></span> <span class='ocrx_word' id='word_1_527' title='bbox 1531 4042 1868 4094; x_wconf 87' lang='lat' dir='ltr'><strong>attenuatus</strong></span> <span class='ocrx_word' id='word_1_528' title='bbox 1925 4035 2216 4092; x_wconf 81' lang='lat' dir='ltr'><strong>defecerit.</strong></span> 
     </span>
    </p>
   </div>
   <div class='ocr_carea' id='block_1_74' title="bbox 649 4124 2222 4200">
    <p class='ocr_par' dir='ltr' id='par_1_74' title="bbox 649 4124 2222 4200">
     <span class='ocr_line' id='line_1_74' title="bbox 649 4124 2222 4200; baseline 0.001 -21"><span class='ocrx_word' id='word_1_529' title='bbox 649 4144 677 4172; x_wconf 85' lang='lat'><strong><em>«</em></strong></span> <span class='ocrx_word' id='word_1_530' title='bbox 708 4124 778 4179; x_wconf 91' lang='lat' dir='ltr'><strong>Et</strong></span> <span class='ocrx_word' id='word_1_531' title='bbox 825 4124 1016 4181; x_wconf 91' lang='lat' dir='ltr'><strong>solum</strong></span> <span class='ocrx_word' id='word_1_532' title='bbox 1075 4125 1218 4183; x_wconf 90' lang='lat' dir='ltr'><strong>mihi</strong></span> <span class='ocrx_word' id='word_1_533' title='bbox 1279 4133 1548 4200; x_wconf 88' lang='lat' dir='ltr'><strong>superest</strong></span> <span class='ocrx_word' id='word_1_534' title='bbox 1603 4127 1961 4199; x_wconf 91' lang='lat' dir='ltr'><strong>sepulcrum.</strong></span> <span class='ocrx_word' id='word_1_535' title='bbox 1996 4148 2023 4174; x_wconf 84' lang='lat'>»</span> <span class='ocrx_word' id='word_1_536' title='bbox 2075 4125 2222 4192; x_wconf 86' lang='lat' dir='ltr'><strong>Quia</strong></span> 
     </span>
    </p>
   </div>
   <div class='ocr_carea' id='block_1_75' title="bbox 578 4215 1824 4274">
    <p class='ocr_par' dir='ltr' id='par_1_75' title="bbox 578 4215 1824 4274">
     <span class='ocr_line' id='line_1_75' title="bbox 578 4215 1824 4274; baseline 0.003 -6"><span class='ocrx_word' id='word_1_537' title='bbox 578 4229 737 4270; x_wconf 90' lang='lat' dir='ltr'><strong>mors</strong></span> <span class='ocrx_word' id='word_1_538' title='bbox 783 4218 874 4271; x_wconf 90' lang='lat' dir='ltr'><strong>est</strong></span> <span class='ocrx_word' id='word_1_539' title='bbox 915 4215 1050 4272; x_wconf 83' lang='lat' dir='ltr'><strong>finis</strong></span> <span class='ocrx_word' id='word_1_540' title='bbox 1080 4217 1345 4273; x_wconf 90' lang='lat' dir='ltr'><strong>omnium</strong></span> <span class='ocrx_word' id='word_1_541' title='bbox 1375 4221 1824 4274; x_wconf 90' lang='lat' dir='ltr'><strong>tormentorum.</strong></span> 
     </span>
    </p>
   </div>
   <div class='ocr_carea' id='block_1_76' title="bbox 649 4303 2223 4377">
    <p class='ocr_par' dir='ltr' id='par_1_76' title="bbox 649 4303 2223 4377">
     <span class='ocr_line' id='line_1_76' title="bbox 649 4303 2223 4377; baseline -0.001 -18"><span class='ocrx_word' id='word_1_542' title='bbox 649 4326 676 4352; x_wconf 92' lang='grc'><strong>‹‹</strong></span> <span class='ocrx_word' id='word_1_543' title='bbox 709 4303 835 4359; x_wconf 89' lang='lat' dir='ltr'><strong>Non</strong></span> <span class='ocrx_word' id='word_1_544' title='bbox 884 4305 1136 4377; x_wconf 89' lang='lat' dir='ltr'><strong>peccavi,</strong></span> <span class='ocrx_word' id='word_1_545' title='bbox 1188 4310 1246 4363; x_wconf 91' lang='lat' dir='ltr'><strong>et</strong></span> <span class='ocrx_word' id='word_1_546' title='bbox 1294 4307 1352 4362; x_wconf 94' lang='lat' dir='ltr'><strong>in</strong></span> <span class='ocrx_word' id='word_1_547' title='bbox 1409 4305 1902 4362; x_wconf 87' lang='lat' dir='ltr'><strong>amaritudinibus</strong></span> <span class='ocrx_word' id='word_1_548' title='bbox 1960 4307 2223 4359; x_wconf 89' lang='lat' dir='ltr'><strong>moratur</strong></span> 
     </span>
    </p>
   </div>
   <div class='ocr_carea' id='block_1_77' title="bbox 573 4391 2219 4466">
    <p class='ocr_par' dir='ltr' id='par_1_77' title="bbox 573 4391 2219 4466">
     <span class='ocr_line' id='line_1_77' title="bbox 573 4391 2219 4466; baseline 0 -18"><span class='ocrx_word' id='word_1_549' title='bbox 573 4391 779 4448; x_wconf 90' lang='lat' dir='ltr'><strong>oculus</strong></span> <span class='ocrx_word' id='word_1_550' title='bbox 809 4409 998 4450; x_wconf 91' lang='lat' dir='ltr'><strong>meus.</strong></span> <span class='ocrx_word' id='word_1_551' title='bbox 1033 4416 1062 4444; x_wconf 88' lang='lat'>»</span> <span class='ocrx_word' id='word_1_552' title='bbox 1105 4394 1314 4450; x_wconf 88' lang='lat' dir='ltr'><strong>Verum</strong></span> <span class='ocrx_word' id='word_1_553' title='bbox 1347 4398 1458 4465; x_wconf 91' lang='lat' dir='ltr'><strong>est,</strong></span> <span class='ocrx_word' id='word_1_554' title='bbox 1490 4394 1643 4466; x_wconf 91' lang='lat' dir='ltr'><strong>quod</strong></span> <span class='ocrx_word' id='word_1_555' title='bbox 1677 4394 1792 4448; x_wconf 90' lang='lat' dir='ltr'><strong>Deo</strong></span> <span class='ocrx_word' id='word_1_556' title='bbox 1823 4391 2075 4464; x_wconf 91' lang='lat' dir='ltr'><strong>placitus</strong></span> <span class='ocrx_word' id='word_1_557' title='bbox 2105 4410 2219 4448; x_wconf 88' lang='lat' dir='ltr'><strong>non</strong></span> 
     </span>
    </p>
   </div>
   <div class='ocr_carea' id='block_1_78' title="bbox 572 4481 2218 4556">
    <p class='ocr_par' dir='ltr' id='par_1_78' title="bbox 572 4481 2218 4556">
     <span class='ocr_line' id='line_1_78' title="bbox 572 4481 2218 4556; baseline 0.001 -19"><span class='ocrx_word' id='word_1_558' title='bbox 572 4481 825 4553; x_wconf 90' lang='lat' dir='ltr'><strong>peccavi.</strong></span> <span class='ocrx_word' id='word_1_559' title='bbox 857 4483 926 4538; x_wconf 91' lang='lat' dir='ltr'><strong>Et</strong></span> <span class='ocrx_word' id='word_1_560' title='bbox 952 4481 1088 4540; x_wconf 91' lang='lat' dir='ltr'><strong>licet</strong></span> <span class='ocrx_word' id='word_1_561' title='bbox 1117 4483 1304 4556; x_wconf 90' lang='lat' dir='ltr'><strong>possit</strong></span> <span class='ocrx_word' id='word_1_562' title='bbox 1333 4483 1428 4538; x_wconf 90' lang='lat' dir='ltr'><strong>hic</strong></span> <span class='ocrx_word' id='word_1_563' title='bbox 1457 4482 1621 4539; x_wconf 93' lang='lat' dir='ltr'><strong>locus</strong></span> <span class='ocrx_word' id='word_1_564' title='bbox 1652 4483 1734 4538; x_wconf 88' lang='lat' dir='ltr'><strong>ita</strong></span> <span class='ocrx_word' id='word_1_565' title='bbox 1763 4481 2030 4554; x_wconf 89' lang='lat' dir='ltr'><strong>intelligi,</strong></span> <span class='ocrx_word' id='word_1_566' title='bbox 2064 4482 2218 4554; x_wconf 89' lang='lat' dir='ltr'><strong>quod</strong></span> 
     </span>
    </p>
   </div>
   <div class='ocr_carea' id='block_1_79' title="bbox 575 4569 2218 4645">
    <p class='ocr_par' dir='ltr' id='par_1_79' title="bbox 575 4569 2218 4645">
     <span class='ocr_line' id='line_1_79' title="bbox 575 4569 2218 4645; baseline 0.001 -21"><span class='ocrx_word' id='word_1_567' title='bbox 575 4569 634 4624; x_wconf 90' lang='lat' dir='ltr'><strong>in</strong></span> <span class='ocrx_word' id='word_1_568' title='bbox 667 4575 779 4626; x_wconf 92' lang='lat' dir='ltr'><strong>Deo</strong></span> <span class='ocrx_word' id='word_1_569' title='bbox 810 4572 1048 4642; x_wconf 90' lang='lat' dir='ltr'><strong>quidem</strong></span> <span class='ocrx_word' id='word_1_570' title='bbox 1081 4589 1196 4628; x_wconf 90' lang='lat' dir='ltr'><strong>non</strong></span> <span class='ocrx_word' id='word_1_571' title='bbox 1227 4572 1565 4645; x_wconf 88' lang='lat' dir='ltr'><strong>peccaverit,</strong></span> <span class='ocrx_word' id='word_1_572' title='bbox 1599 4576 1655 4628; x_wconf 89' lang='lat' dir='ltr'><strong>et</strong></span> <span class='ocrx_word' id='word_1_573' title='bbox 1702 4575 1898 4628; x_wconf 90' lang='lat' dir='ltr'><strong>tamen</strong></span> <span class='ocrx_word' id='word_1_574' title='bbox 1942 4571 2111 4644; x_wconf 89' lang='lat' dir='ltr'><strong>quasi</strong></span> <span class='ocrx_word' id='word_1_575' title='bbox 2158 4571 2218 4626; x_wconf 91' lang='lat' dir='ltr'><strong>in</strong></span> 
     </span>
    </p>
   </div>
   <div class='ocr_carea' id='block_1_80' title="bbox 2327 3409 3985 3484">
    <p class='ocr_par' dir='ltr' id='par_1_80' title="bbox 2327 3409 3985 3484">
     <span class='ocr_line' id='line_1_80' title="bbox 2327 3409 3985 3484; baseline -0.002 -15"><span class='ocrx_word' id='word_1_576' title='bbox 2327 3414 2532 3470; x_wconf 87' lang='lat' dir='ltr'><strong>critam</strong></span> <span class='ocrx_word' id='word_1_577' title='bbox 2583 3413 2776 3469; x_wconf 82' lang='lat' dir='ltr'><strong>dixit:</strong></span> <span class='ocrx_word' id='word_1_578' title='bbox 2833 3414 2934 3484; x_wconf 90' lang='lat' dir='ltr'><strong>qui</strong></span> <span class='ocrx_word' id='word_1_579' title='bbox 2985 3413 3096 3469; x_wconf 90' lang='lat' dir='ltr'><strong>sub</strong></span> <span class='ocrx_word' id='word_1_580' title='bbox 3143 3412 3334 3468; x_wconf 87' lang='lat' dir='ltr'><strong>verbis</strong></span> <span class='ocrx_word' id='word_1_581' title='bbox 3378 3409 3786 3466; x_wconf 90' lang='lat' dir='ltr'><strong>consolatoriis</strong></span> <span class='ocrx_word' id='word_1_582' title='bbox 3818 3409 3985 3466; x_wconf 92' lang='lat' dir='ltr'><strong>dolos</strong></span> 
     </span>
    </p>
   </div>
   <div class='ocr_carea' id='block_1_81' title="bbox 2327 3502 3083 3574">
    <p class='ocr_par' dir='ltr' id='par_1_81' title="bbox 2327 3502 3083 3574">
     <span class='ocr_line' id='line_1_81' title="bbox 2327 3502 3083 3574; baseline -0.003 -16"><span class='ocrx_word' id='word_1_583' title='bbox 2327 3503 2411 3559; x_wconf 91' lang='lat' dir='ltr'><strong>eis</strong></span> <span class='ocrx_word' id='word_1_584' title='bbox 2443 3502 2640 3558; x_wconf 92' lang='lat' dir='ltr'><strong>dolose</strong></span> <span class='ocrx_word' id='word_1_585' title='bbox 2671 3502 3083 3574; x_wconf 91' lang='lat' dir='ltr'><strong>loquebantur.</strong></span> 
     </span>
    </p>
   </div>
   <div class='ocr_carea' id='block_1_82' title="bbox 2406 3588 3977 3662">
    <p class='ocr_par' dir='ltr' id='par_1_82' title="bbox 2406 3588 3977 3662">
     <span class='ocr_line' id='line_1_82' title="bbox 2406 3588 3977 3662; baseline -0.001 -17"><span class='ocrx_word' id='word_1_586' title='bbox 2406 3613 2432 3644; x_wconf 77' lang='grc' dir='ltr'><strong>α</strong></span> <span class='ocrx_word' id='word_1_587' title='bbox 2464 3592 2530 3647; x_wconf 90' lang='lat' dir='ltr'><strong>Et</strong></span> <span class='ocrx_word' id='word_1_588' title='bbox 2560 3591 2782 3648; x_wconf 90' lang='lat' dir='ltr'><strong>tenebit</strong></span> <span class='ocrx_word' id='word_1_589' title='bbox 2819 3592 3022 3662; x_wconf 90' lang='lat' dir='ltr'><strong>justus</strong></span> <span class='ocrx_word' id='word_1_590' title='bbox 3074 3590 3224 3646; x_wconf 88' lang='lat' dir='ltr'><strong>viam</strong></span> <span class='ocrx_word' id='word_1_591' title='bbox 3264 3605 3457 3654; x_wconf 89' lang='lat' dir='ltr'><strong>suam,</strong></span> <span class='ocrx_word' id='word_1_592' title='bbox 3491 3594 3547 3644; x_wconf 92' lang='lat' dir='ltr'><strong>et</strong></span> <span class='ocrx_word' id='word_1_593' title='bbox 3578 3588 3814 3644; x_wconf 89' lang='lat' dir='ltr'><strong>mundis</strong></span> <span class='ocrx_word' id='word_1_594' title='bbox 3847 3603 3977 3643; x_wconf 88' lang='lat' dir='ltr'><strong>ma-</strong></span> 
     </span>
    </p>
   </div>
   <div class='ocr_carea' id='block_1_83' title="bbox 2328 3677 3981 3750">
    <p class='ocr_par' dir='ltr' id='par_1_83' title="bbox 2328 3677 3981 3750">
     <span class='ocr_line' id='line_1_83' title="bbox 2328 3677 3981 3750; baseline -0.002 -14"><span class='ocrx_word' id='word_1_595' title='bbox 2328 3680 2503 3737; x_wconf 88' lang='lat' dir='ltr'><strong>nibus</strong></span> <span class='ocrx_word' id='word_1_596' title='bbox 2570 3681 2744 3736; x_wconf 88' lang='lat' dir='ltr'><strong>addet</strong></span> <span class='ocrx_word' id='word_1_597' title='bbox 2809 3679 3240 3736; x_wconf 87' lang='lat' dir='ltr'><strong>fortitudinem.</strong></span> <span class='ocrx_word' id='word_1_598' title='bbox 3276 3699 3304 3728; x_wconf 86' lang='lat'>»</span> <span class='ocrx_word' id='word_1_599' title='bbox 3371 3679 3434 3733; x_wconf 90' lang='lat' dir='ltr'><strong>In</strong></span> <span class='ocrx_word' id='word_1_600' title='bbox 3505 3694 3653 3750; x_wconf 91' lang='lat' dir='ltr'><strong>quas</strong></span> <span class='ocrx_word' id='word_1_601' title='bbox 3719 3677 3981 3750; x_wconf 87' lang='lat' dir='ltr'><strong>profecto</strong></span> 
     </span>
    </p>
   </div>
   <div class='ocr_carea' id='block_1_84' title="bbox 2326 3765 3635 3842">
    <p class='ocr_par' dir='ltr' id='par_1_84' title="bbox 2326 3765 3635 3842">
     <span class='ocr_line' id='line_1_84' title="bbox 2326 3765 3635 3842; baseline -0.002 -18"><span class='ocrx_word' id='word_1_602' title='bbox 2326 3768 2569 3824; x_wconf 92' lang='lat' dir='ltr'><strong>virtutes</strong></span> <span class='ocrx_word' id='word_1_603' title='bbox 2617 3785 2680 3824; x_wconf 91' lang='lat' dir='ltr'><strong>se</strong></span> <span class='ocrx_word' id='word_1_604' title='bbox 2729 3767 2917 3842; x_wconf 89' lang='lat' dir='ltr'><strong>magis</strong></span> <span class='ocrx_word' id='word_1_605' title='bbox 2966 3783 3227 3824; x_wconf 90' lang='lat' dir='ltr'><strong>crescere</strong></span> <span class='ocrx_word' id='word_1_606' title='bbox 3282 3765 3635 3822; x_wconf 88' lang='lat' dir='ltr'><strong>manifestat.</strong></span> 
     </span>
    </p>
   </div>
   <div class='ocr_carea' id='block_1_85' title="bbox 2401 3855 3981 3930">
    <p class='ocr_par' dir='ltr' id='par_1_85' title="bbox 2401 3855 3981 3930">
     <span class='ocr_line' id='line_1_85' title="bbox 2401 3855 3981 3930; baseline -0.001 -17"><span class='ocrx_word' id='word_1_607' title='bbox 2401 3882 2427 3908; x_wconf 87' lang='grc'><strong>‹‹</strong></span> <span class='ocrx_word' id='word_1_608' title='bbox 2462 3858 2647 3930; x_wconf 84' lang='lat' dir='ltr'><strong>Igitur</strong></span> <span class='ocrx_word' id='word_1_609' title='bbox 2695 3874 2900 3914; x_wconf 89' lang='lat' dir='ltr'><strong>omnes</strong></span> <span class='ocrx_word' id='word_1_610' title='bbox 2937 3873 3040 3913; x_wconf 90' lang='lat' dir='ltr'><strong>vos</strong></span> <span class='ocrx_word' id='word_1_611' title='bbox 3079 3856 3504 3928; x_wconf 87' lang='lat' dir='ltr'><strong>convertimini,</strong></span> <span class='ocrx_word' id='word_1_612' title='bbox 3537 3860 3594 3911; x_wconf 92' lang='lat' dir='ltr'><strong>et</strong></span> <span class='ocrx_word' id='word_1_613' title='bbox 3638 3855 3824 3912; x_wconf 89' lang='lat' dir='ltr'><strong>venite</strong></span> <span class='ocrx_word' id='word_1_614' title='bbox 3857 3871 3870 3912; x_wconf 91' lang='lat'><strong>:</strong></span> <span class='ocrx_word' id='word_1_615' title='bbox 3922 3860 3981 3913; x_wconf 90' lang='lat' dir='ltr'><strong>et</strong></span> 
     </span>
    </p>
   </div>
   <div class='ocr_carea' id='block_1_86' title="bbox 2330 3945 3978 4017">
    <p class='ocr_par' dir='ltr' id='par_1_86' title="bbox 2330 3945 3978 4017">
     <span class='ocr_line' id='line_1_86' title="bbox 2330 3945 3978 4017; baseline -0.001 -15"><span class='ocrx_word' id='word_1_616' title='bbox 2330 3963 2445 4002; x_wconf 89' lang='lat' dir='ltr'><strong>non</strong></span> <span class='ocrx_word' id='word_1_617' title='bbox 2475 3946 2766 4002; x_wconf 89' lang='lat' dir='ltr'><strong>inveniam</strong></span> <span class='ocrx_word' id='word_1_618' title='bbox 2823 3947 2882 4001; x_wconf 91' lang='lat' dir='ltr'><strong>in</strong></span> <span class='ocrx_word' id='word_1_619' title='bbox 2932 3946 3096 4001; x_wconf 91' lang='lat' dir='ltr'><strong>vobis</strong></span> <span class='ocrx_word' id='word_1_620' title='bbox 3145 3945 3333 4002; x_wconf 91' lang='lat' dir='ltr'><strong>ullum</strong></span> <span class='ocrx_word' id='word_1_621' title='bbox 3367 3945 3711 4017; x_wconf 84' lang='lat' dir='ltr'><strong>sapientem.</strong></span> <span class='ocrx_word' id='word_1_622' title='bbox 3750 3968 3771 3994; x_wconf 75' lang='grc' dir='ltr'>ι</span> <span class='ocrx_word' id='word_1_623' title='bbox 3829 3945 3978 4001; x_wconf 90' lang='lat' dir='ltr'><strong>Con-</strong></span> 
     </span>
    </p>
   </div>
   <div class='ocr_carea' id='block_1_87' title="bbox 2330 4034 3980 4107">
    <p class='ocr_par' dir='ltr' id='par_1_87' title="bbox 2330 4034 3980 4107">
     <span class='ocr_line' id='line_1_87' title="bbox 2330 4034 3980 4107; baseline 0 -17"><span class='ocrx_word' id='word_1_624' title='bbox 2330 4035 2656 4101; x_wconf 91' lang='lat' dir='ltr'><strong>vertimini,</strong></span> <span class='ocrx_word' id='word_1_625' title='bbox 2719 4036 2819 4102; x_wconf 89' lang='lat' dir='ltr'><strong>ait,</strong></span> <span class='ocrx_word' id='word_1_626' title='bbox 2877 4053 2910 4089; x_wconf 93' lang='lat' dir='ltr'><strong>a</strong></span> <span class='ocrx_word' id='word_1_627' title='bbox 2967 4035 3250 4107; x_wconf 90' lang='lat' dir='ltr'><strong>pravitate</strong></span> <span class='ocrx_word' id='word_1_628' title='bbox 3315 4034 3635 4102; x_wconf 64' lang='lat' dir='ltr'><strong>sententiae,</strong></span> <span class='ocrx_word' id='word_1_629' title='bbox 3702 4049 3817 4105; x_wconf 88' lang='lat' dir='ltr'><strong>qua</strong></span> <span class='ocrx_word' id='word_1_630' title='bbox 3884 4050 3980 4090; x_wconf 88' lang='lat' dir='ltr'><strong>me</strong></span> 
     </span>
    </p>
   </div>
   <div class='ocr_carea' id='block_1_88' title="bbox 2329 4122 3978 4182">
    <p class='ocr_par' dir='ltr' id='par_1_88' title="bbox 2329 4122 3978 4182">
     <span class='ocr_line' id='line_1_88' title="bbox 2329 4122 3978 4182; baseline -0.001 -1"><span class='ocrx_word' id='word_1_631' title='bbox 2329 4126 2723 4182; x_wconf 90' lang='lat' dir='ltr'><strong>condemnare</strong></span> <span class='ocrx_word' id='word_1_632' title='bbox 2754 4141 2988 4180; x_wconf 90' lang='lat' dir='ltr'><strong>summo</strong></span> <span class='ocrx_word' id='word_1_633' title='bbox 3021 4125 3216 4180; x_wconf 92' lang='lat' dir='ltr'><strong>studio</strong></span> <span class='ocrx_word' id='word_1_634' title='bbox 3249 4140 3363 4180; x_wconf 89' lang='lat' dir='ltr'><strong>non</strong></span> <span class='ocrx_word' id='word_1_635' title='bbox 3402 4123 3701 4179; x_wconf 89' lang='lat' dir='ltr'><strong>desistitis.</strong></span> <span class='ocrx_word' id='word_1_636' title='bbox 3734 4122 3935 4179; x_wconf 87' lang='lat' dir='ltr'><strong>Venite</strong></span> <span class='ocrx_word' id='word_1_637' title='bbox 3964 4141 3978 4179; x_wconf 90' lang='lat'><strong>:</strong></span> 
     </span>
    </p>
   </div>
   <div class='ocr_carea' id='block_1_89' title="bbox 2331 4211 3976 4285">
    <p class='ocr_par' dir='ltr' id='par_1_89' title="bbox 2331 4211 3976 4285">
     <span class='ocr_line' id='line_1_89' title="bbox 2331 4211 3976 4285; baseline -0.002 -13"><span class='ocrx_word' id='word_1_638' title='bbox 2331 4231 2524 4272; x_wconf 90' lang='lat' dir='ltr'><strong>sermo</strong></span> <span class='ocrx_word' id='word_1_639' title='bbox 2555 4214 2860 4270; x_wconf 88' lang='lat' dir='ltr'><strong>invitantis</strong></span> <span class='ocrx_word' id='word_1_640' title='bbox 2893 4220 2983 4269; x_wconf 89' lang='lat' dir='ltr'><strong>est</strong></span> <span class='ocrx_word' id='word_1_641' title='bbox 3013 4215 3085 4269; x_wconf 91' lang='lat' dir='ltr'><strong>ad</strong></span> <span class='ocrx_word' id='word_1_642' title='bbox 3127 4212 3385 4269; x_wconf 89' lang='lat' dir='ltr'><strong>melioris</strong></span> <span class='ocrx_word' id='word_1_643' title='bbox 3427 4211 3555 4267; x_wconf 76' lang='lat' dir='ltr'><strong>vitaa</strong></span> <span class='ocrx_word' id='word_1_644' title='bbox 3605 4213 3926 4285; x_wconf 89' lang='lat' dir='ltr'><strong>profectum</strong></span> <span class='ocrx_word' id='word_1_645' title='bbox 3961 4229 3976 4268; x_wconf 91' lang='lat'><strong>:</strong></span> 
     </span>
    </p>
   </div>
   <div class='ocr_carea' id='block_1_90' title="bbox 2331 4300 3980 4376">
    <p class='ocr_par' dir='ltr' id='par_1_90' title="bbox 2331 4300 3980 4376">
     <span class='ocr_line' id='line_1_90' title="bbox 2331 4300 3980 4376; baseline -0.001 -16"><span class='ocrx_word' id='word_1_646' title='bbox 2331 4305 2486 4376; x_wconf 90' lang='lat' dir='ltr'><strong>quod</strong></span> <span class='ocrx_word' id='word_1_647' title='bbox 2536 4307 2645 4370; x_wconf 89' lang='lat' dir='ltr'><strong>est,</strong></span> <span class='ocrx_word' id='word_1_648' title='bbox 2677 4321 2708 4359; x_wconf 96' lang='lat' dir='ltr'><strong>o</strong></span> <span class='ocrx_word' id='word_1_649' title='bbox 2757 4320 2858 4359; x_wconf 92' lang='lat' dir='ltr'><strong>vos</strong></span> <span class='ocrx_word' id='word_1_650' title='bbox 2903 4302 3234 4375; x_wconf 62' lang='lat' dir='ltr'><strong>hypocrita,</strong></span> <span class='ocrx_word' id='word_1_651' title='bbox 3267 4306 3324 4358; x_wconf 91' lang='lat' dir='ltr'><strong>et</strong></span> <span class='ocrx_word' id='word_1_652' title='bbox 3351 4318 3468 4356; x_wconf 92' lang='lat' dir='ltr'><strong>non</strong></span> <span class='ocrx_word' id='word_1_653' title='bbox 3495 4301 3615 4357; x_wconf 89' lang='lat' dir='ltr'><strong>veri</strong></span> <span class='ocrx_word' id='word_1_654' title='bbox 3644 4317 3748 4358; x_wconf 88' lang='lat' dir='ltr'><strong>nec</strong></span> <span class='ocrx_word' id='word_1_655' title='bbox 3777 4300 3980 4358; x_wconf 83' lang='lat' dir='ltr'><strong>fideles</strong></span> 
     </span>
    </p>
   </div>
   <div class='ocr_carea' id='block_1_91' title="bbox 2331 4390 3982 4466">
    <p class='ocr_par' dir='ltr' id='par_1_91' title="bbox 2331 4390 3982 4466">
     <span class='ocr_line' id='line_1_91' title="bbox 2331 4390 3982 4466; baseline -0.002 -16"><span class='ocrx_word' id='word_1_656' title='bbox 2331 4393 2524 4462; x_wconf 90' lang='lat' dir='ltr'><strong>amici,</strong></span> <span class='ocrx_word' id='word_1_657' title='bbox 2557 4394 2628 4448; x_wconf 90' lang='lat' dir='ltr'><strong>ad</strong></span> <span class='ocrx_word' id='word_1_658' title='bbox 2661 4392 3020 4466; x_wconf 87' lang='lat' dir='ltr'><strong>agnitionem</strong></span> <span class='ocrx_word' id='word_1_659' title='bbox 3050 4391 3312 4447; x_wconf 90' lang='lat' dir='ltr'><strong>veritatis</strong></span> <span class='ocrx_word' id='word_1_660' title='bbox 3344 4390 3621 4458; x_wconf 88' lang='lat' dir='ltr'><strong>accedite,</strong></span> <span class='ocrx_word' id='word_1_661' title='bbox 3656 4407 3834 4463; x_wconf 91' lang='lat' dir='ltr'><strong>quam</strong></span> <span class='ocrx_word' id='word_1_662' title='bbox 3878 4406 3982 4446; x_wconf 93' lang='lat' dir='ltr'><strong>vos</strong></span> 
     </span>
    </p>
   </div>
   <div class='ocr_carea' id='block_1_92' title="bbox 2330 4481 3148 4539">
    <p class='ocr_par' dir='ltr' id='par_1_92' title="bbox 2330 4481 3148 4539">
     <span class='ocr_line' id='line_1_92' title="bbox 2330 4481 3148 4539; baseline -0.002 -1"><span class='ocrx_word' id='word_1_663' title='bbox 2330 4483 2544 4539; x_wconf 90' lang='lat' dir='ltr'><strong>habere</strong></span> <span class='ocrx_word' id='word_1_664' title='bbox 2575 4483 2818 4539; x_wconf 89' lang='lat' dir='ltr'><strong>minime</strong></span> <span class='ocrx_word' id='word_1_665' title='bbox 2850 4481 3148 4537; x_wconf 89' lang='lat' dir='ltr'><strong>noveritis.</strong></span> 
     </span>
    </p>
   </div>
   <div class='ocr_carea' id='block_1_93' title="bbox 2402 4569 3982 4642">
    <p class='ocr_par' dir='ltr' id='par_1_93' title="bbox 2402 4569 3982 4642">
     <span class='ocr_line' id='line_1_93' title="bbox 2402 4569 3982 4642; baseline -0.001 -15"><span class='ocrx_word' id='word_1_666' title='bbox 2402 4596 2430 4623; x_wconf 84' lang='lat'>«</span> <span class='ocrx_word' id='word_1_667' title='bbox 2466 4573 2596 4629; x_wconf 84' lang='lat' dir='ltr'><strong>Dies</strong></span> <span class='ocrx_word' id='word_1_668' title='bbox 2655 4572 2768 4627; x_wconf 87' lang='lat' dir='ltr'><strong>mei</strong></span> <span class='ocrx_word' id='word_1_669' title='bbox 2829 4570 3216 4627; x_wconf 89' lang='lat' dir='ltr'><strong>transierunt.</strong></span> <span class='ocrx_word' id='word_1_670' title='bbox 3271 4593 3300 4620; x_wconf 86' lang='grc'><strong>››</strong></span> <span class='ocrx_word' id='word_1_671' title='bbox 3369 4569 3504 4626; x_wconf 89' lang='lat' dir='ltr'><strong>Dies</strong></span> <span class='ocrx_word' id='word_1_672' title='bbox 3560 4569 3621 4625; x_wconf 94' lang='lat' dir='ltr'><strong>hi</strong></span> <span class='ocrx_word' id='word_1_673' title='bbox 3682 4570 3982 4642; x_wconf 65' lang='lat' dir='ltr'><strong>prater-its:</strong></span> 
     </span>
    </p>
   </div>
   <div class='ocr_carea' id='block_1_94' title="bbox 577 4657 3981 4746">
    <p class='ocr_par' dir='ltr' id='par_1_94' title="bbox 577 4657 3981 4746">
     <span class='ocr_line' id='line_1_94' title="bbox 577 4657 3981 4746; baseline 0 -33"><span class='ocrx_word' id='word_1_674' title='bbox 577 4657 704 4730; x_wconf 83' lang='lat' dir='ltr'><strong>ipso</strong></span> <span class='ocrx_word' id='word_1_675' title='bbox 735 4660 1080 4731; x_wconf 86' lang='lat' dir='ltr'><strong>peccaverit,</strong></span> <span class='ocrx_word' id='word_1_676' title='bbox 1114 4678 1314 4732; x_wconf 76' lang='lat' dir='ltr'><strong>poenas</strong></span> <span class='ocrx_word' id='word_1_677' title='bbox 1353 4661 1888 4733; x_wconf 90' lang='lat' dir='ltr'><strong>blasphemantium</strong></span> <span class='ocrx_word' id='word_1_678' title='bbox 1939 4661 2215 4734; x_wconf 89' lang='lat' dir='ltr'><strong>patiatur.</strong></span> <span class='ocrx_word' id='word_1_679' title='bbox 2254 4680 2304 4746; x_wconf 70' lang='grc' dir='ltr'><strong>Β</strong></span> <span class='ocrx_word' id='word_1_680' title='bbox 2332 4662 2628 4718; x_wconf 90' lang='lat' dir='ltr'><strong>felicitatis</strong></span> <span class='ocrx_word' id='word_1_681' title='bbox 2675 4665 2923 4732; x_wconf 90' lang='lat' dir='ltr'><strong>possunt</strong></span> <span class='ocrx_word' id='word_1_682' title='bbox 2970 4659 3240 4731; x_wconf 90' lang='lat' dir='ltr'><strong>intelligi,</strong></span> <span class='ocrx_word' id='word_1_683' title='bbox 3272 4659 3332 4715; x_wconf 90' lang='lat' dir='ltr'><strong>in</strong></span> <span class='ocrx_word' id='word_1_684' title='bbox 3363 4658 3579 4730; x_wconf 91' lang='lat' dir='ltr'><strong>quibus</strong></span> <span class='ocrx_word' id='word_1_685' title='bbox 3609 4657 3833 4732; x_wconf 93' lang='lat' dir='ltr'><strong>pollens</strong></span> <span class='ocrx_word' id='word_1_686' title='bbox 3864 4661 3981 4715; x_wconf 89' lang='lat' dir='ltr'><strong>vir-</strong></span> 
     </span>
    </p>
   </div>
   <div class='ocr_carea' id='block_1_95' title="bbox 577 4746 3980 4823">
    <p class='ocr_par' dir='ltr' id='par_1_95' title="bbox 577 4746 3980 4823">
     <span class='ocr_line' id='line_1_95' title="bbox 577 4746 3980 4823; baseline 0.001 -21"><span class='ocrx_word' id='word_1_687' title='bbox 577 4747 646 4803; x_wconf 86' lang='lat' dir='ltr'><strong>Et</strong></span> <span class='ocrx_word' id='word_1_688' title='bbox 676 4748 820 4805; x_wconf 84' lang='lat' dir='ltr'><strong>forte</strong></span> <span class='ocrx_word' id='word_1_689' title='bbox 851 4749 1128 4821; x_wconf 78' lang='lat' dir='ltr'><strong>quoniam</strong></span> <span class='ocrx_word' id='word_1_690' title='bbox 1169 4767 1203 4806; x_wconf 88' lang='lat' dir='ltr'><strong>a</strong></span> <span class='ocrx_word' id='word_1_691' title='bbox 1243 4749 1358 4806; x_wconf 89' lang='lat' dir='ltr'><strong>Deo</strong></span> <span class='ocrx_word' id='word_1_692' title='bbox 1389 4752 1447 4806; x_wconf 90' lang='lat' dir='ltr'><strong>in</strong></span> <span class='ocrx_word' id='word_1_693' title='bbox 1480 4751 1749 4823; x_wconf 62' lang='lat' dir='ltr'><strong>praesenti</strong></span> <span class='ocrx_word' id='word_1_694' title='bbox 1779 4750 2072 4819; x_wconf 88' lang='lat' dir='ltr'><strong>laudatur,</strong></span> <span class='ocrx_word' id='word_1_695' title='bbox 2107 4766 2221 4806; x_wconf 92' lang='lat' dir='ltr'><strong>non</strong></span> <span class='ocrx_word' id='word_1_696' title='bbox 2332 4752 2561 4808; x_wconf 91' lang='lat' dir='ltr'><strong>tutibus</strong></span> <span class='ocrx_word' id='word_1_697' title='bbox 2609 4751 2833 4805; x_wconf 90' lang='lat' dir='ltr'><strong>vivebat</strong></span> <span class='ocrx_word' id='word_1_698' title='bbox 2876 4750 3080 4804; x_wconf 90' lang='lat' dir='ltr'><strong>beatus</strong></span> <span class='ocrx_word' id='word_1_699' title='bbox 3119 4748 3246 4803; x_wconf 91' lang='lat' dir='ltr'><strong>Job.</strong></span> <span class='ocrx_word' id='word_1_700' title='bbox 3277 4748 3394 4804; x_wconf 88' lang='lat' dir='ltr'><strong>Hos</strong></span> <span class='ocrx_word' id='word_1_701' title='bbox 3442 4746 3622 4821; x_wconf 89' lang='lat' dir='ltr'><strong>igitur</strong></span> <span class='ocrx_word' id='word_1_702' title='bbox 3666 4748 3790 4804; x_wconf 90' lang='lat' dir='ltr'><strong>dies</strong></span> <span class='ocrx_word' id='word_1_703' title='bbox 3836 4766 3870 4804; x_wconf 89' lang='lat' dir='ltr'><strong>a</strong></span> <span class='ocrx_word' id='word_1_704' title='bbox 3917 4765 3980 4805; x_wconf 90' lang='lat' dir='ltr'><strong>se</strong></span> 
     </span>
    </p>
   </div>
   <div class='ocr_carea' id='block_1_96' title="bbox 577 4840 2224 4914">
    <p class='ocr_par' dir='ltr' id='par_1_96' title="bbox 577 4840 2224 4914">
     <span class='ocr_line' id='line_1_96' title="bbox 577 4840 2224 4914; baseline 0.002 -21"><span class='ocrx_word' id='word_1_705' title='bbox 577 4843 960 4909; x_wconf 88' lang='lat' dir='ltr'><strong>peccaverat:</strong></span> <span class='ocrx_word' id='word_1_706' title='bbox 1013 4841 1112 4896; x_wconf 91' lang='lat' dir='ltr'><strong>sed</strong></span> <span class='ocrx_word' id='word_1_707' title='bbox 1168 4841 1227 4896; x_wconf 91' lang='lat' dir='ltr'><strong>in</strong></span> <span class='ocrx_word' id='word_1_708' title='bbox 1278 4840 1586 4914; x_wconf 67' lang='lat' dir='ltr'><strong>praeteritis</strong></span> <span class='ocrx_word' id='word_1_709' title='bbox 1631 4840 2031 4897; x_wconf 64' lang='lat' dir='ltr'><strong>adolescentia</strong></span> <span class='ocrx_word' id='word_1_710' title='bbox 2074 4846 2224 4896; x_wconf 90' lang='lat' dir='ltr'><strong>tem-</strong></span> 
     </span>
    </p>
   </div>
   <div class='ocr_carea' id='block_1_97' title="bbox 576 4928 1471 5004">
    <p class='ocr_par' dir='ltr' id='par_1_97' title="bbox 576 4928 1471 5004">
     <span class='ocr_line' id='line_1_97' title="bbox 576 4928 1471 5004; baseline 0.003 -21"><span class='ocrx_word' id='word_1_711' title='bbox 576 4928 822 5002; x_wconf 90' lang='lat' dir='ltr'><strong>poribus</strong></span> <span class='ocrx_word' id='word_1_712' title='bbox 844 4945 1116 5002; x_wconf 89' lang='lat' dir='ltr'><strong>peccasse</strong></span> <span class='ocrx_word' id='word_1_713' title='bbox 1139 4947 1254 4986; x_wconf 90' lang='lat' dir='ltr'><strong>non</strong></span> <span class='ocrx_word' id='word_1_714' title='bbox 1279 4935 1471 5004; x_wconf 89' lang='lat' dir='ltr'><strong>negat.</strong></span> 
     </span>
    </p>
   </div>
   <div class='ocr_carea' id='block_1_98' title="bbox 656 5019 2224 5092">
    <p class='ocr_par' dir='ltr' id='par_1_98' title="bbox 656 5019 2224 5092">
     <span class='ocr_line' id='line_1_98' title="bbox 656 5019 2224 5092; baseline 0.001 -20"><span class='ocrx_word' id='word_1_715' title='bbox 656 5039 682 5072; x_wconf 71' lang='grc' dir='ltr'><strong>α</strong></span> <span class='ocrx_word' id='word_1_716' title='bbox 714 5019 919 5076; x_wconf 90' lang='lat' dir='ltr'><strong>Libera</strong></span> <span class='ocrx_word' id='word_1_717' title='bbox 965 5036 1078 5089; x_wconf 89' lang='lat' dir='ltr'><strong>me,</strong></span> <span class='ocrx_word' id='word_1_718' title='bbox 1111 5024 1170 5076; x_wconf 91' lang='lat' dir='ltr'><strong>et</strong></span> <span class='ocrx_word' id='word_1_719' title='bbox 1209 5036 1357 5092; x_wconf 89' lang='lat' dir='ltr'><strong>pone</strong></span> <span class='ocrx_word' id='word_1_720' title='bbox 1390 5037 1483 5075; x_wconf 92' lang='lat' dir='ltr'><strong>me</strong></span> <span class='ocrx_word' id='word_1_721' title='bbox 1506 5021 1677 5090; x_wconf 79' lang='lat' dir='ltr'><strong>juxta</strong></span> <span class='ocrx_word' id='word_1_722' title='bbox 1703 5024 1780 5088; x_wconf 91' lang='lat' dir='ltr'><strong>te,</strong></span> <span class='ocrx_word' id='word_1_723' title='bbox 1813 5024 1871 5075; x_wconf 91' lang='lat' dir='ltr'><strong>et</strong></span> <span class='ocrx_word' id='word_1_724' title='bbox 1919 5020 2089 5091; x_wconf 92' lang='lat' dir='ltr'><strong>cujus</strong></span> <span class='ocrx_word' id='word_1_725' title='bbox 2137 5019 2224 5074; x_wconf 90' lang='lat' dir='ltr'><strong>vis</strong></span> 
     </span>
    </p>
   </div>
   <div class='ocr_carea' id='block_1_99' title="bbox 577 5109 2221 5181">
    <p class='ocr_par' dir='ltr' id='par_1_99' title="bbox 577 5109 2221 5181">
     <span class='ocr_line' id='line_1_99' title="bbox 577 5109 2221 5181; baseline -0.001 -17"><span class='ocrx_word' id='word_1_726' title='bbox 577 5124 792 5165; x_wconf 89' lang='lat' dir='ltr'><strong>manus</strong></span> <span class='ocrx_word' id='word_1_727' title='bbox 821 5113 1045 5181; x_wconf 88' lang='lat' dir='ltr'><strong>pugnet</strong></span> <span class='ocrx_word' id='word_1_728' title='bbox 1078 5115 1281 5166; x_wconf 89' lang='lat' dir='ltr'><strong>contra</strong></span> <span class='ocrx_word' id='word_1_729' title='bbox 1309 5125 1424 5165; x_wconf 91' lang='lat' dir='ltr'><strong>me.</strong></span> <span class='ocrx_word' id='word_1_730' title='bbox 1462 5131 1489 5158; x_wconf 85' lang='lat'>»</span> <span class='ocrx_word' id='word_1_731' title='bbox 1537 5109 1654 5164; x_wconf 89' lang='lat' dir='ltr'><strong>Sub</strong></span> <span class='ocrx_word' id='word_1_732' title='bbox 1685 5114 1850 5165; x_wconf 91' lang='lat' dir='ltr'><strong>scuto</strong></span> <span class='ocrx_word' id='word_1_733' title='bbox 1883 5109 2060 5178; x_wconf 89' lang='lat' dir='ltr'><strong>igitur</strong></span> <span class='ocrx_word' id='word_1_734' title='bbox 2092 5125 2221 5181; x_wconf 91' lang='lat' dir='ltr'><strong>pro-</strong></span> 
     </span>
    </p>
   </div>
   <div class='ocr_carea' id='block_1_100' title="bbox 573 5197 2223 5270">
    <p class='ocr_par' dir='ltr' id='par_1_100' title="bbox 573 5197 2223 5270">
     <span class='ocr_line' id='line_1_100' title="bbox 573 5197 2223 5270; baseline -0.001 -16"><span class='ocrx_word' id='word_1_735' title='bbox 573 5197 846 5254; x_wconf 89' lang='lat' dir='ltr'><strong>tectionis</strong></span> <span class='ocrx_word' id='word_1_736' title='bbox 875 5198 975 5254; x_wconf 91' lang='lat' dir='ltr'><strong>Dei</strong></span> <span class='ocrx_word' id='word_1_737' title='bbox 1008 5197 1187 5255; x_wconf 89' lang='lat' dir='ltr'><strong>latere</strong></span> <span class='ocrx_word' id='word_1_738' title='bbox 1215 5203 1380 5270; x_wconf 91' lang='lat' dir='ltr'><strong>optat</strong></span> <span class='ocrx_word' id='word_1_739' title='bbox 1411 5216 1424 5254; x_wconf 91' lang='lat'><strong>:</strong></span> <span class='ocrx_word' id='word_1_740' title='bbox 1473 5215 1587 5270; x_wconf 91' lang='lat' dir='ltr'><strong>quo</strong></span> <span class='ocrx_word' id='word_1_741' title='bbox 1619 5197 1884 5253; x_wconf 90' lang='lat' dir='ltr'><strong>munitus</strong></span> <span class='ocrx_word' id='word_1_742' title='bbox 1914 5203 2089 5270; x_wconf 90' lang='lat' dir='ltr'><strong>atque</strong></span> <span class='ocrx_word' id='word_1_743' title='bbox 2120 5197 2223 5252; x_wconf 90' lang='lat' dir='ltr'><strong>de-</strong></span> 
     </span>
    </p>
   </div>
   <div class='ocr_carea' id='block_1_101' title="bbox 575 5287 1830 5359">
    <p class='ocr_par' dir='ltr' id='par_1_101' title="bbox 575 5287 1830 5359">
     <span class='ocr_line' id='line_1_101' title="bbox 575 5287 1830 5359; baseline -0.002 -16"><span class='ocrx_word' id='word_1_744' title='bbox 575 5287 798 5359; x_wconf 66' lang='lat' dir='ltr'><strong>fensus,</strong></span> <span class='ocrx_word' id='word_1_745' title='bbox 833 5287 1167 5344; x_wconf 70' lang='lat' dir='ltr'><strong>saevientem</strong></span> <span class='ocrx_word' id='word_1_746' title='bbox 1198 5287 1426 5344; x_wconf 87' lang='lat' dir='ltr'><strong>hostem</strong></span> <span class='ocrx_word' id='word_1_747' title='bbox 1459 5303 1574 5341; x_wconf 88' lang='lat' dir='ltr'><strong>non</strong></span> <span class='ocrx_word' id='word_1_748' title='bbox 1606 5287 1830 5342; x_wconf 90' lang='lat' dir='ltr'><strong>timeat.</strong></span> 
     </span>
    </p>
   </div>
   <div class='ocr_carea' id='block_1_102' title="bbox 649 5374 2226 5449">
    <p class='ocr_par' dir='ltr' id='par_1_102' title="bbox 649 5374 2226 5449">
     <span class='ocr_line' id='line_1_102' title="bbox 649 5374 2226 5449; baseline -0.003 -15"><span class='ocrx_word' id='word_1_749' title='bbox 649 5401 677 5427; x_wconf 91' lang='grc'><strong>‹‹</strong></span> <span class='ocrx_word' id='word_1_750' title='bbox 711 5379 822 5434; x_wconf 90' lang='lat' dir='ltr'><strong>Cor</strong></span> <span class='ocrx_word' id='word_1_751' title='bbox 867 5394 1068 5433; x_wconf 86' lang='lat' dir='ltr'><strong>eorum</strong></span> <span class='ocrx_word' id='word_1_752' title='bbox 1123 5377 1294 5449; x_wconf 91' lang='lat' dir='ltr'><strong>longe</strong></span> <span class='ocrx_word' id='word_1_753' title='bbox 1351 5375 1536 5432; x_wconf 88' lang='lat' dir='ltr'><strong>fecisti</strong></span> <span class='ocrx_word' id='word_1_754' title='bbox 1584 5393 1618 5430; x_wconf 92' lang='lat' dir='ltr'><strong>a</strong></span> <span class='ocrx_word' id='word_1_755' title='bbox 1671 5374 2032 5447; x_wconf 90' lang='lat' dir='ltr'><strong>disciplina:</strong></span> <span class='ocrx_word' id='word_1_756' title='bbox 2088 5391 2226 5447; x_wconf 84' lang='lat' dir='ltr'><strong>pro-</strong></span> 
     </span>
    </p>
   </div>
   <div class='ocr_carea' id='block_1_103' title="bbox 573 5463 2222 5537">
    <p class='ocr_par' dir='ltr' id='par_1_103' title="bbox 573 5463 2222 5537">
     <span class='ocr_line' id='line_1_103' title="bbox 573 5463 2222 5537; baseline 0 -17"><span class='ocrx_word' id='word_1_757' title='bbox 573 5470 774 5537; x_wconf 87' lang='lat' dir='ltr'><strong>pterea</strong></span> <span class='ocrx_word' id='word_1_758' title='bbox 824 5481 942 5520; x_wconf 87' lang='lat' dir='ltr'><strong>non</strong></span> <span class='ocrx_word' id='word_1_759' title='bbox 992 5465 1426 5522; x_wconf 84' lang='lat' dir='ltr'><strong>exaltabuntur.</strong></span> <span class='ocrx_word' id='word_1_760' title='bbox 1462 5487 1490 5514; x_wconf 87' lang='grc'><strong>››</strong></span> <span class='ocrx_word' id='word_1_761' title='bbox 1541 5465 1687 5528; x_wconf 89' lang='lat' dir='ltr'><strong>Quia</strong></span> <span class='ocrx_word' id='word_1_762' title='bbox 1734 5463 1806 5520; x_wconf 84' lang='lat' dir='ltr'><strong>ad</strong></span> <span class='ocrx_word' id='word_1_763' title='bbox 1863 5465 2042 5520; x_wconf 89' lang='lat' dir='ltr'><strong>Deum</strong></span> <span class='ocrx_word' id='word_1_764' title='bbox 2102 5465 2222 5520; x_wconf 64' lang='lat' dir='ltr'><strong>hec</strong></span> 
     </span>
    </p>
   </div>
   <div class='ocr_carea' id='block_1_104' title="bbox 576 5552 2224 5626">
    <p class='ocr_par' dir='ltr' id='par_1_104' title="bbox 576 5552 2224 5626">
     <span class='ocr_line' id='line_1_104' title="bbox 576 5552 2224 5626; baseline 0.001 -18"><span class='ocrx_word' id='word_1_765' title='bbox 576 5553 841 5624; x_wconf 88' lang='lat' dir='ltr'><strong>loquitur</strong></span> <span class='ocrx_word' id='word_1_766' title='bbox 861 5555 968 5610; x_wconf 91' lang='lat' dir='ltr'><strong>Job</strong></span> <span class='ocrx_word' id='word_1_767' title='bbox 993 5572 1006 5610; x_wconf 89' lang='lat'><strong>:</strong></span> <span class='ocrx_word' id='word_1_768' title='bbox 1035 5555 1106 5610; x_wconf 89' lang='lat' dir='ltr'><strong>de</strong></span> <span class='ocrx_word' id='word_1_769' title='bbox 1131 5555 1363 5610; x_wconf 90' lang='lat' dir='ltr'><strong>diabolo</strong></span> <span class='ocrx_word' id='word_1_770' title='bbox 1387 5553 1612 5626; x_wconf 90' lang='lat' dir='ltr'><strong>utique,</strong></span> <span class='ocrx_word' id='word_1_771' title='bbox 1639 5559 1697 5609; x_wconf 91' lang='lat' dir='ltr'><strong>et</strong></span> <span class='ocrx_word' id='word_1_772' title='bbox 1727 5552 2077 5610; x_wconf 89' lang='lat' dir='ltr'><strong>satellitibus</strong></span> <span class='ocrx_word' id='word_1_773' title='bbox 2097 5555 2224 5624; x_wconf 91' lang='lat' dir='ltr'><strong>ejus</strong></span> 
     </span>
    </p>
   </div>
   <div class='ocr_carea' id='block_1_105' title="bbox 579 5642 2223 5715">
    <p class='ocr_par' dir='ltr' id='par_1_105' title="bbox 579 5642 2223 5715">
     <span class='ocr_line' id='line_1_105' title="bbox 579 5642 2223 5715; baseline 0.002 -19"><span class='ocrx_word' id='word_1_774' title='bbox 579 5649 1004 5714; x_wconf 74' lang='lat' dir='ltr'><strong>praecesserunt</strong></span> <span class='ocrx_word' id='word_1_775' title='bbox 1033 5650 1267 5715; x_wconf 86' lang='lat' dir='ltr'><strong>peccata</strong></span> <span class='ocrx_word' id='word_1_776' title='bbox 1300 5660 1313 5697; x_wconf 88' lang='lat'><strong>:</strong></span> <span class='ocrx_word' id='word_1_777' title='bbox 1366 5643 1580 5715; x_wconf 90' lang='lat' dir='ltr'><strong>quippe</strong></span> <span class='ocrx_word' id='word_1_778' title='bbox 1612 5659 1714 5713; x_wconf 91' lang='lat' dir='ltr'><strong>pro</strong></span> <span class='ocrx_word' id='word_1_779' title='bbox 1741 5642 1958 5713; x_wconf 89' lang='lat' dir='ltr'><strong>quibus</strong></span> <span class='ocrx_word' id='word_1_780' title='bbox 1993 5661 2223 5713; x_wconf 66' lang='lat' dir='ltr'><strong>poenam</strong></span> 
     </span>
    </p>
   </div>
   <div class='ocr_carea' id='block_1_106' title="bbox 581 5729 2226 5805">
    <p class='ocr_par' dir='ltr' id='par_1_106' title="bbox 581 5729 2226 5805">
     <span class='ocr_line' id='line_1_106' title="bbox 581 5729 2226 5805; baseline 0.003 -19"><span class='ocrx_word' id='word_1_781' title='bbox 581 5729 986 5797; x_wconf 84' lang='lat' dir='ltr'><strong>obdurationis</strong></span> <span class='ocrx_word' id='word_1_782' title='bbox 1029 5738 1396 5804; x_wconf 82' lang='lat' dir='ltr'><strong>acceperunt.</strong></span> <span class='ocrx_word' id='word_1_783' title='bbox 1429 5735 1613 5789; x_wconf 89' lang='lat' dir='ltr'><strong>Causa</strong></span> <span class='ocrx_word' id='word_1_784' title='bbox 1660 5730 1839 5804; x_wconf 88' lang='lat' dir='ltr'><strong>igitur</strong></span> <span class='ocrx_word' id='word_1_785' title='bbox 1885 5733 1955 5789; x_wconf 92' lang='lat' dir='ltr'><strong>de</strong></span> <span class='ocrx_word' id='word_1_786' title='bbox 2008 5735 2226 5805; x_wconf 87' lang='lat' dir='ltr'><strong>quibus</strong></span> 
     </span>
    </p>
   </div>
   <div class='ocr_carea' id='block_1_107' title="bbox 2333 4837 3984 4911">
    <p class='ocr_par' dir='ltr' id='par_1_107' title="bbox 2333 4837 3984 4911">
     <span class='ocr_line' id='line_1_107' title="bbox 2333 4837 3984 4911; baseline -0.001 -16"><span class='ocrx_word' id='word_1_787' title='bbox 2333 4857 2450 4896; x_wconf 90' lang='lat' dir='ltr'><strong>non</strong></span> <span class='ocrx_word' id='word_1_788' title='bbox 2473 4841 2599 4897; x_wconf 90' lang='lat' dir='ltr'><strong>sine</strong></span> <span class='ocrx_word' id='word_1_789' title='bbox 2621 4839 2840 4911; x_wconf 90' lang='lat' dir='ltr'><strong>gemitu</strong></span> <span class='ocrx_word' id='word_1_790' title='bbox 2866 4838 3126 4910; x_wconf 91' lang='lat' dir='ltr'><strong>loquitur</strong></span> <span class='ocrx_word' id='word_1_791' title='bbox 3151 4837 3499 4910; x_wconf 63' lang='lat' dir='ltr'><strong>presterisse,</strong></span> <span class='ocrx_word' id='word_1_792' title='bbox 3517 4838 3750 4908; x_wconf 89' lang='lat' dir='ltr'><strong>quando</strong></span> <span class='ocrx_word' id='word_1_793' title='bbox 3773 4837 3984 4895; x_wconf 89' lang='lat' dir='ltr'><strong>multis</strong></span> 
     </span>
    </p>
   </div>
   <div class='ocr_carea' id='block_1_108' title="bbox 2336 4925 3984 4998">
    <p class='ocr_par' dir='ltr' id='par_1_108' title="bbox 2336 4925 3984 4998">
     <span class='ocr_line' id='line_1_108' title="bbox 2336 4925 3984 4998; baseline 0.001 -15"><span class='ocrx_word' id='word_1_794' title='bbox 2336 4927 2590 4984; x_wconf 90' lang='lat' dir='ltr'><strong>miseriis</strong></span> <span class='ocrx_word' id='word_1_795' title='bbox 2613 4927 3010 4984; x_wconf 89' lang='lat' dir='ltr'><strong>circumdatus</strong></span> <span class='ocrx_word' id='word_1_796' title='bbox 3032 4930 3140 4996; x_wconf 88' lang='lat' dir='ltr'><strong>est,</strong></span> <span class='ocrx_word' id='word_1_797' title='bbox 3167 4931 3224 4983; x_wconf 90' lang='lat' dir='ltr'><strong>et</strong></span> <span class='ocrx_word' id='word_1_798' title='bbox 3255 4925 3428 4998; x_wconf 88' lang='lat' dir='ltr'><strong>plaga</strong></span> <span class='ocrx_word' id='word_1_799' title='bbox 3451 4925 3802 4983; x_wconf 85' lang='lat' dir='ltr'><strong>intolerabili</strong></span> <span class='ocrx_word' id='word_1_800' title='bbox 3829 4927 3984 4984; x_wconf 88' lang='lat' dir='ltr'><strong>dolo-</strong></span> 
     </span>
    </p>
   </div>
   <div class='ocr_carea' id='block_1_109' title="bbox 2335 5017 2838 5089">
    <p class='ocr_par' dir='ltr' id='par_1_109' title="bbox 2335 5017 2838 5089">
     <span class='ocr_line' id='line_1_109' title="bbox 2335 5017 2838 5089; baseline -0.004 -16"><span class='ocrx_word' id='word_1_801' title='bbox 2335 5033 2457 5074; x_wconf 89' lang='lat' dir='ltr'><strong>rem</strong></span> <span class='ocrx_word' id='word_1_802' title='bbox 2490 5017 2838 5089; x_wconf 88' lang='lat' dir='ltr'><strong>patiebatur.</strong></span> 
     </span>
    </p>
   </div>
   <div class='ocr_carea' id='block_1_110' title="bbox 2407 5103 3990 5179">
    <p class='ocr_par' dir='ltr' id='par_1_110' title="bbox 2407 5103 3990 5179">
     <span class='ocr_line' id='line_1_110' title="bbox 2407 5103 3990 5179; baseline 0.004 -22"><span class='ocrx_word' id='word_1_803' title='bbox 2407 5129 2436 5157; x_wconf 82' lang='lat'><strong><em>«</em></strong></span> <span class='ocrx_word' id='word_1_804' title='bbox 2469 5105 2864 5179; x_wconf 87' lang='lat' dir='ltr'><strong>Cogitationes</strong></span> <span class='ocrx_word' id='word_1_805' title='bbox 2914 5121 3055 5162; x_wconf 63' lang='lat' dir='ltr'><strong>mea</strong></span> <span class='ocrx_word' id='word_1_806' title='bbox 3105 5103 3401 5177; x_wconf 60' lang='lat' dir='ltr'><strong>dissipatis</strong></span> <span class='ocrx_word' id='word_1_807' title='bbox 3455 5107 3614 5172; x_wconf 90' lang='lat' dir='ltr'><strong>sunt,</strong></span> <span class='ocrx_word' id='word_1_808' title='bbox 3646 5108 3990 5178; x_wconf 88' lang='lat' dir='ltr'><strong>torquentes</strong></span> 
     </span>
    </p>
   </div>
   <div class='ocr_carea' id='block_1_111' title="bbox 2336 5192 3990 5261">
    <p class='ocr_par' dir='ltr' id='par_1_111' title="bbox 2336 5192 3990 5261">
     <span class='ocr_line' id='line_1_111' title="bbox 2336 5192 3990 5261; baseline 0.001 -9"><span class='ocrx_word' id='word_1_809' title='bbox 2336 5213 2434 5252; x_wconf 94' lang='lat' dir='ltr'><strong>cor</strong></span> <span class='ocrx_word' id='word_1_810' title='bbox 2482 5213 2700 5252; x_wconf 90' lang='lat' dir='ltr'><strong>meum.</strong></span> <span class='ocrx_word' id='word_1_811' title='bbox 2738 5195 2980 5253; x_wconf 87' lang='lat' dir='ltr'><strong>Noctem</strong></span> <span class='ocrx_word' id='word_1_812' title='bbox 3013 5197 3310 5251; x_wconf 90' lang='lat' dir='ltr'><strong>verterunt</strong></span> <span class='ocrx_word' id='word_1_813' title='bbox 3346 5193 3407 5249; x_wconf 92' lang='lat' dir='ltr'><strong>in</strong></span> <span class='ocrx_word' id='word_1_814' title='bbox 3455 5192 3632 5261; x_wconf 87' lang='lat' dir='ltr'><strong>diem,</strong></span> <span class='ocrx_word' id='word_1_815' title='bbox 3665 5199 3722 5250; x_wconf 87' lang='lat' dir='ltr'><strong>et</strong></span> <span class='ocrx_word' id='word_1_816' title='bbox 3751 5211 3990 5253; x_wconf 89' lang='lat' dir='ltr'><strong>rursum</strong></span> 
     </span>
    </p>
   </div>
   <div class='ocr_carea' id='block_1_112' title="bbox 2335 5283 3992 5359">
    <p class='ocr_par' dir='ltr' id='par_1_112' title="bbox 2335 5283 3992 5359">
     <span class='ocr_line' id='line_1_112' title="bbox 2335 5283 3992 5359; baseline -0.001 -17"><span class='ocrx_word' id='word_1_817' title='bbox 2335 5291 2469 5359; x_wconf 86' lang='lat' dir='ltr'><strong>post</strong></span> <span class='ocrx_word' id='word_1_818' title='bbox 2499 5286 2770 5342; x_wconf 88' lang='lat' dir='ltr'><strong>tenebras</strong></span> <span class='ocrx_word' id='word_1_819' title='bbox 2802 5301 2971 5358; x_wconf 88' lang='lat' dir='ltr'><strong>spero</strong></span> <span class='ocrx_word' id='word_1_820' title='bbox 3002 5284 3214 5340; x_wconf 88' lang='lat' dir='ltr'><strong>lucem.</strong></span> <span class='ocrx_word' id='word_1_821' title='bbox 3253 5305 3280 5333; x_wconf 83' lang='grc'><strong>››</strong></span> <span class='ocrx_word' id='word_1_822' title='bbox 3329 5283 3474 5339; x_wconf 89' lang='lat' dir='ltr'><strong>Cum</strong></span> <span class='ocrx_word' id='word_1_823' title='bbox 3523 5283 3583 5339; x_wconf 91' lang='lat' dir='ltr'><strong>in</strong></span> <span class='ocrx_word' id='word_1_824' title='bbox 3626 5285 3802 5341; x_wconf 91' lang='lat' dir='ltr'><strong>unius</strong></span> <span class='ocrx_word' id='word_1_825' title='bbox 3825 5286 3992 5359; x_wconf 84' lang='lat' dir='ltr'><strong>jugi-</strong></span> 
     </span>
    </p>
   </div>
   <div class='ocr_carea' id='block_1_113' title="bbox 2333 5373 3995 5447">
    <p class='ocr_par' dir='ltr' id='par_1_113' title="bbox 2333 5373 3995 5447">
     <span class='ocr_line' id='line_1_113' title="bbox 2333 5373 3995 5447; baseline 0.001 -15"><span class='ocrx_word' id='word_1_826' title='bbox 2333 5379 2423 5432; x_wconf 92' lang='lat' dir='ltr'><strong>ter</strong></span> <span class='ocrx_word' id='word_1_827' title='bbox 2474 5374 2987 5447; x_wconf 86' lang='lat' dir='ltr'><strong>contemplationis</strong></span> <span class='ocrx_word' id='word_1_828' title='bbox 3037 5373 3361 5429; x_wconf 90' lang='lat' dir='ltr'><strong>intentione</strong></span> <span class='ocrx_word' id='word_1_829' title='bbox 3413 5373 3641 5445; x_wconf 91' lang='lat' dir='ltr'><strong>positus</strong></span> <span class='ocrx_word' id='word_1_830' title='bbox 3687 5391 3904 5443; x_wconf 89' lang='lat' dir='ltr'><strong>essem,</strong></span> <span class='ocrx_word' id='word_1_831' title='bbox 3933 5382 3995 5433; x_wconf 91' lang='lat' dir='ltr'><strong>et</strong></span> 
     </span>
    </p>
   </div>
   <div class='ocr_carea' id='block_1_114' title="bbox 2336 5463 3989 5538">
    <p class='ocr_par' dir='ltr' id='par_1_114' title="bbox 2336 5463 3989 5538">
     <span class='ocr_line' id='line_1_114' title="bbox 2336 5463 3989 5538; baseline 0 -16"><span class='ocrx_word' id='word_1_832' title='bbox 2336 5465 2718 5538; x_wconf 88' lang='lat' dir='ltr'><strong>cogitationes</strong></span> <span class='ocrx_word' id='word_1_833' title='bbox 2773 5481 2935 5520; x_wconf 90' lang='lat' dir='ltr'><strong>meas</strong></span> <span class='ocrx_word' id='word_1_834' title='bbox 2984 5464 3262 5519; x_wconf 87' lang='lat' dir='ltr'><strong>haberem</strong></span> <span class='ocrx_word' id='word_1_835' title='bbox 3314 5479 3547 5536; x_wconf 91' lang='lat' dir='ltr'><strong>semper</strong></span> <span class='ocrx_word' id='word_1_836' title='bbox 3603 5463 3861 5521; x_wconf 89' lang='lat' dir='ltr'><strong>intentas</strong></span> <span class='ocrx_word' id='word_1_837' title='bbox 3915 5468 3989 5522; x_wconf 87' lang='lat' dir='ltr'><strong>ad</strong></span> 
     </span>
    </p>
   </div>
   <div class='ocr_carea' id='block_1_115' title="bbox 2335 5552 3983 5628">
    <p class='ocr_par' dir='ltr' id='par_1_115' title="bbox 2335 5552 3983 5628">
     <span class='ocr_line' id='line_1_115' title="bbox 2335 5552 3983 5628; baseline 0.001 -18"><span class='ocrx_word' id='word_1_838' title='bbox 2335 5555 2520 5612; x_wconf 89' lang='lat' dir='ltr'><strong>Deum</strong></span> <span class='ocrx_word' id='word_1_839' title='bbox 2557 5573 2570 5610; x_wconf 92' lang='lat'><strong>:</strong></span> <span class='ocrx_word' id='word_1_840' title='bbox 2618 5554 2798 5628; x_wconf 67' lang='lat' dir='ltr'><strong>plagae</strong></span> <span class='ocrx_word' id='word_1_841' title='bbox 2831 5554 3010 5624; x_wconf 92' lang='lat' dir='ltr'><strong>hujus</strong></span> <span class='ocrx_word' id='word_1_842' title='bbox 3041 5552 3502 5626; x_wconf 90' lang='lat' dir='ltr'><strong>supervenientis</strong></span> <span class='ocrx_word' id='word_1_843' title='bbox 3535 5552 3677 5608; x_wconf 87' lang='lat' dir='ltr'><strong>mihi</strong></span> <span class='ocrx_word' id='word_1_844' title='bbox 3707 5554 3983 5625; x_wconf 68' lang='lat' dir='ltr'><strong>miserisa,</strong></span> 
     </span>
    </p>
   </div>
   <div class='ocr_carea' id='block_1_116' title="bbox 2336 5643 3981 5718">
    <p class='ocr_par' dir='ltr' id='par_1_116' title="bbox 2336 5643 3981 5718">
     <span class='ocr_line' id='line_1_116' title="bbox 2336 5643 3981 5718; baseline 0.001 -18"><span class='ocrx_word' id='word_1_845' title='bbox 2336 5645 2570 5700; x_wconf 88' lang='lat' dir='ltr'><strong>easdem</strong></span> <span class='ocrx_word' id='word_1_846' title='bbox 2629 5643 3008 5718; x_wconf 87' lang='lat' dir='ltr'><strong>cogitationes</strong></span> <span class='ocrx_word' id='word_1_847' title='bbox 3065 5659 3224 5700; x_wconf 87' lang='lat' dir='ltr'><strong>meas</strong></span> <span class='ocrx_word' id='word_1_848' title='bbox 3283 5659 3318 5698; x_wconf 91' lang='lat' dir='ltr'><strong>a</strong></span> <span class='ocrx_word' id='word_1_849' title='bbox 3383 5659 3493 5699; x_wconf 89' lang='lat' dir='ltr'><strong>sua</strong></span> <span class='ocrx_word' id='word_1_850' title='bbox 3549 5643 3721 5701; x_wconf 89' lang='lat' dir='ltr'><strong>unica</strong></span> <span class='ocrx_word' id='word_1_851' title='bbox 3778 5643 3981 5702; x_wconf 89' lang='lat' dir='ltr'><strong>solidi-</strong></span> 
     </span>
    </p>
   </div>
   <div class='ocr_carea' id='block_1_117' title="bbox 2335 5731 3984 5806">
    <p class='ocr_par' dir='ltr' id='par_1_117' title="bbox 2335 5731 3984 5806">
     <span class='ocr_line' id='line_1_117' title="bbox 2335 5731 3984 5806; baseline 0.001 -16"><span class='ocrx_word' id='word_1_852' title='bbox 2335 5736 2452 5792; x_wconf 88' lang='lat' dir='ltr'><strong>tate</strong></span> <span class='ocrx_word' id='word_1_853' title='bbox 2482 5733 2541 5788; x_wconf 91' lang='lat' dir='ltr'><strong>in</strong></span> <span class='ocrx_word' id='word_1_854' title='bbox 2573 5749 2667 5790; x_wconf 90' lang='lat' dir='ltr'><strong>me</strong></span> <span class='ocrx_word' id='word_1_855' title='bbox 2695 5733 2858 5791; x_wconf 90' lang='lat' dir='ltr'><strong>video</strong></span> <span class='ocrx_word' id='word_1_856' title='bbox 2889 5732 3227 5806; x_wconf 85' lang='lat' dir='ltr'><strong>dissipatas,</strong></span> <span class='ocrx_word' id='word_1_857' title='bbox 3258 5736 3317 5788; x_wconf 88' lang='lat' dir='ltr'><strong>et</strong></span> <span class='ocrx_word' id='word_1_858' title='bbox 3359 5733 3432 5788; x_wconf 92' lang='lat' dir='ltr'><strong>ob</strong></span> <span class='ocrx_word' id='word_1_859' title='bbox 3475 5731 3584 5789; x_wconf 89' lang='lat' dir='ltr'><strong>hoc</strong></span> <span class='ocrx_word' id='word_1_860' title='bbox 3611 5734 3984 5794; x_wconf 79' lang='lat' dir='ltr'><strong>excruciatur</strong></span> 
     </span>
    </p>
   </div>
  </div>
