4310 6590
303 454 416 518 701

1340 451 1858 516 COMMENTAR.
1904 451 1984 514 IN
2023 449 2189 514 J08.
2234 450 2404 512 CAP.
2451 442 2666 512 XVIII.

3587 434 3706 496 702

306 605 406 646 cor
434 604 632 646 meum
664 607 682 644 :
713 603 778 646 eo
809 585 958 660 quod
1001 601 1204 642 earum
1256 583 1666 642 dilaceratione
1715 588 1949 657 torque-
1980 585 2036 652 Α
2066 581 2388 640 animantia
2417 598 2515 638 eos
2545 583 2784 637 sanctus
2813 577 2925 634 Job
2956 570 3365 648 despexerit,et
3390 566 3709 660 vilissimas

307 682 428 749 tur,
457 678 660 735 videns
691 694 782 734 me
811 675 964 733 mala
985 675 1350 748 simplicitati
1376 691 1518 731 mete
1543 673 1954 730 inconvenien-

308 769 389 824 tia
416 768 727 824 sustinere.

382 879 410 908 ‹‹
445 857 504 914 Si
533 856 843 923 sustinero,
878 855 1145 912 infernus
1173 855 1386 910 domus
1438 871 1568 912 mea
1625 859 1733 923 est,
1793 857 1850 909 et
1896 851 1956 907 in

307 946 561 1003 tenebris
616 945 794 1001 stravi
843 944 1122 1001 lectulum
1191 961 1411 1000 meum.
1449 966 1477 993 ››
1525 943 1714 1000 Poenis
1755 959 1957 1016 corpo-

312 1036 394 1090 ris
424 1034 961 1106 cogitationumque
993 1033 1436 1099 stimulis,sicut
1468 1033 1569 1105 ait,
1601 1031 1958 1088 indesinenti

309 1129 570 1196 tempore
600 1125 885 1196 agebatur
914 1128 972 1180 et
999 1123 1214 1179 idcirco
1248 1139 1451 1194 poenas
1474 1122 1816 1190 inferorum,
1834 1122 1960 1192 jam

311 1228 373 1268 se
403 1213 523 1285 pati
551 1212 863 1269 clamabat.
896 1215 1006 1268 Aut
1043 1212 1188 1268 forte
1219 1211 1509 1283 separatio
1569 1209 1670 1265 illa
1723 1225 1839 1281 qua
1889 1209 1961 1264 ab

311 1301 648 1358 hominibus
679 1303 867 1358 factus
896 1305 985 1358 est
1014 1301 1242 1358 alienus
1269 1305 1431 1356 extra
1484 1299 1798 1367 civitatem,
1860 1314 1960 1354 se-

312 1391 456 1446 dens
507 1391 566 1446 in
616 1390 1010 1463 sterquilinio,
1061 1391 1311 1446 tenebrm
1373 1389 1540 1445 dictae
1596 1391 1755 1454 sunt,
1820 1386 1963 1458 quia

314 1479 507 1537 lucem
541 1481 784 1537 humani
818 1479 1007 1537 solatii
1037 1497 1153 1536 non
1175 1479 1475 1535 haberent.

391 1594 419 1619 «
452 1569 755 1626 Putredini
786 1569 926 1640 dixi,
960 1574 1122 1642 pater
1151 1584 1317 1624 meus
1373 1583 1435 1623 es
1469 1584 1481 1622 :
1515 1569 1700 1622 mater
1749 1581 1880 1622 mea
1909 1567 1968 1620 et

321 1675 487 1716 soror
515 1675 645 1715 mea
671 1657 988 1714 vermibus.
1022 1679 1051 1709 «
1083 1658 1229 1713 Tam
1287 1656 1482 1730 longo,
1545 1655 1762 1728 inquit,
1815 1659 1958 1710 tem.

321 1764 460 1820 pore
483 1753 906 1820 computresco,
937 1751 1001 1804 ut
1057 1747 1247 1819 ipsam
1300 1745 1696 1818 putredinem,
1755 1748 1812 1800 et
1839 1760 1965 1800 ver-

323 1853 447 1893 mes
481 1841 786 1893 nascentes
814 1836 873 1891 in
917 1837 1045 1908 ejus
1077 1836 1240 1893 sanie
1297 1840 1570 1908 parentes
1628 1834 1915 1908 appellem
1952 1851 1966 1889 :

323 1943 390 1982 ac
420 1942 522 1997 per
567 1926 676 1982 hoc
724 1925 1227 1998 quemadmodum
1277 1924 1572 1997 quispiam
1625 1923 1966 1980 mortalium

323 2015 448 2071 sine
499 2015 841 2087 parentibus
884 2031 1000 2070 non
1061 2017 1252 2086 potest
1327 2015 1570 2070 existere
1603 2030 1615 2068 :
1648 2015 1729 2068 ita
1777 2017 1835 2069 et
1864 2029 1970 2085 ego

323 2105 512 2160 factus
543 2121 698 2170 sum,
732 2103 901 2176 quasi
932 2105 1058 2159 sine
1089 2103 1416 2176 putredine,
1437 2108 1494 2159 et
1515 2102 1813 2158 vermibus
1843 2118 1971 2158 esse

323 2209 438 2248 non
471 2208 726 2265 possem.
763 2192 870 2256 Qui
904 2192 984 2248 ita
1011 2192 1071 2247 in
1102 2209 1275 2248 carne
1304 2209 1434 2248 mea
1463 2191 1623 2248 velut
1670 2192 1728 2246 in
1761 2196 1973 2248 natura

324 2298 433 2336 sua
463 2285 642 2350 sunt;
674 2285 956 2352 tanquam
1006 2281 1056 2337 si
1105 2297 1174 2337 ex
1229 2281 1314 2336 eis
1373 2281 1500 2353 ipse
1561 2280 1969 2338 subsisterem.

323 2370 469 2426 Cum
502 2369 586 2426 illi
640 2386 733 2426 me
787 2371 857 2426 de
907 2369 1098 2426 carnis
1157 2387 1296 2426 meae
1337 2370 1496 2426 sanie
1549 2370 1742 2442 potius
1799 2386 1972 2442 gene-

325 2463 544 2530 rentur,
577 2475 694 2515 non
724 2475 830 2533 ego
860 2474 930 2514 ex
959 2459 1098 2515 illis.
1145 2459 1252 2516 Ubi
1311 2459 1500 2531 magis
1559 2458 1973 2515 mortalitatem

325 2561 430 2620 per
459 2552 762 2619 peccatum
796 2549 1009 2604 factam
1043 2547 1396 2621 significavit
1429 2566 1442 2604 :
1476 2548 1569 2604 cui
1601 2548 1754 2604 inest
1774 2564 1972 2604 corru-

327 2634 469 2707 ptio.
501 2640 558 2691 et
589 2636 950 2708 corruptioni
982 2637 1246 2708 putredo.
1278 2637 1506 2694 Patrem
1560 2653 1689 2693 vero
1720 2635 1975 2709 appella-

327 2723 411 2777 vit
440 2724 638 2796 ipsum
668 2728 866 2780 ortum
922 2723 1168 2780 humani
1226 2725 1458 2797 generis
1516 2725 1575 2780 in
1635 2726 1840 2793 Adam,
1875 2724 1971 2798 qui

327 2814 700 2885 corruptione
732 2814 920 2870 factus
954 2819 1044 2870 est
1094 2814 1513 2887 putrescibilis.
1569 2815 1811 2870 Matrem
1845 2830 1975 2870 vero

330 2907 602 2958 naturam
657 2901 980 2958 humanam
1040 2903 1206 2970 dixit,
1264 2904 1636 2976 corruptione
1690 2903 1970 2959 vitiatam.

326 2991 589 3046 Sororem
613 3007 745 3046 vero
775 3007 1009 3047 omnem
1041 2991 1439 3063 posteritatem
1462 2992 1599 3046 Adae
1648 2991 1812 3062 dixit,
1846 3008 1975 3063 quae

327 3079 399 3135 de
428 3079 797 3150 corruptione
828 3079 1220 3148 mortalitatis,
1254 3079 1412 3136 velut
1469 3081 1538 3136 de
1569 3081 1732 3136 sanie
1781 3084 1978 3153 putre-

328 3168 483 3224 dinis
515 3169 777 3232 nascitur
810 3187 822 3224 :
859 3169 1015 3240 quod
1050 3174 1107 3225 et
1141 3168 1358 3226 Baldad
1421 3169 1565 3225 dixit
1601 3187 1612 3226 :
1649 3172 1818 3226 Homo
1869 3186 1974 3242 pu-

332 3257 520 3327 thedo,
551 3260 602 3314 et
630 3259 781 3328 ﬁlius
810 3258 1050 3314 hominis
1078 3261 1292 3315 vermis
1325 3259 1461 3330 (Job.
1493 3275 1621 3331 xxv,
1651 3260 1730 3330 6).

2064 678 2121 731 et
2148 671 2595 745 indignissimos
2641 667 2928 740 colloquio
2987 660 3405 721 existimaverit
3456 675 3468 715 :
3519 662 3576 714 et
3631 657 3715 713 ita

2065 762 2366 820 irrcundia
2396 776 2723 834 possessos,
2746 762 2811 812 ut
2843 754 3177 829 phrenesim
3209 750 3326 824 pati
3356 749 3712 804 viderentur.

2139 876 2166 903 ‹‹
2200 852 2347 917 Quid
2381 850 2577 924 perdis
2607 848 2866 904 animam
2916 861 3106 900 meam
3164 842 3224 896 in
3275 841 3468 896 furore
3497 841 3596 893 tuo
3627 835 3713 924 ‘?7»

2070 923 2395 1014 Loquendo
2411 943 2615 996 contra
2635 937 2890 992 divinam
2902 927 3440 1006 justitiam,furoris
3465 923 3722 982 amentia

2070 1031 2414 1095 concitatus,
2448 1028 2657 1084 animae
2686 1031 2798 1082 tuae
2831 1039 3066 1081 necesse
3096 1025 3188 1078 est
3206 1019 3424 1075 inferas
3447 1020 3717 1072 mortem.

2145 1117 2504 1190 «Numquid
2537 1120 2774 1189 propter
2822 1122 2875 1169 te
2934 1111 3378 1181 derelinquetur
3433 1110 3608 1171 terra,
3666 1106 3725 1159 et

2071 1209 2504 1266 transferentur
2535 1221 2712 1278 rupes
2759 1205 2829 1260 de
2858 1202 2985 1258 loco
3039 1216 3146 1257 suo
3176 1199 3204 1254 ?
3239 1221 3260 1247 η
3295 1198 3605 1267 Tanquam
3667 1191 3718 1247 si

2072 1301 2291 1356 diceret
2327 1316 2340 1354 :
2370 1295 2659 1369 numquid
2691 1297 2930 1366 propter
2957 1295 3012 1346 te
3044 1288 3303 1344 mundus
3332 1286 3402 1341 ad
3437 1289 3720 1340 rectorem

2073 1406 2248 1447 suum
2276 1405 2390 1444 non
2428 1383 2776 1460 pertinebit:
2811 1379 2946 1437 utsi
2973 1395 3122 1452 quos
3175 1378 3506 1450 peccatores
3561 1373 3719 1428 inve-

2074 1478 2245 1548 nerit,
2278 1478 2432 1533 sicut
2460 1479 2518 1531 et
2575 1474 2852 1546 teipsum,
2913 1487 3026 1525 non
3087 1466 3313 1540 puniat,
3371 1464 3559 1518 Terras
3588 1475 3722 1515 vero

2075 1572 2132 1624 et
2161 1567 2395 1640 rupium
2419 1564 2656 1620 nomine
2700 1557 3143 1633 metaphoricais
3203 1554 3472 1611 universa
3522 1549 3721 1605 multi-

2074 1657 2217 1714 tudo
2250 1654 2623 1728 populorum,
2673 1656 2731 1707 et
2785 1648 2994 1706 excelsi
3043 1645 3260 1719 quique
3303 1641 3507 1698 mundi
3538 1643 3596 1695 et
3623 1654 3722 1694 su-

2078 1747 2263 1820 perbi,
2332 1760 2397 1800 ac
2461 1744 2745 1816 potentes,
2823 1739 3074 1812 possunt
3133 1731 3404 1805 intelligi.
3473 1730 3724 1785 Possunt

2077 1819 2276 1908 rupes,
2299 1837 2356 1890 et
2383 1833 2592 1889 animae
2624 1829 2952 1898 hominum,
2987 1832 3052 1883 ut
3079 1830 3255 1889 terra,
3288 1838 3420 1878 caro
3450 1819 3712 1875 humana

2077 1923 2462 1996 intelligi.Sed
2495 1925 2553 1978 et
2573 1919 2764 1992 angeli
2797 1921 3034 1992 propter
3061 1911 3467 1971 celsitudinem
3500 1911 3722 1964 natura:

2080 2031 2197 2070 suae
2228 2013 2700 2082 eminentemque
2729 2008 3030 2068 honorem.
3074 2018 3250 2076 rupes
3305 1999 3419 2056 dici
3452 1999 3721 2070 possunt.

2155 2124 2183 2154 «
2213 2107 2415 2158 Nonne
2443 2099 2542 2156 lux
2571 2097 2737 2170 impii
2769 2095 3174 2166 exstinguetur
3201 2108 3213 2146 :
3248 2105 3355 2146 nec
3395 2083 3728 2160 splendebit

2081 2191 2321 2246 ﬂamma
2351 2187 2646 2262 ignisejus
2677 2186 2705 2241 ?
2737 2207 2764 2235 »
2797 2185 2951 2240 Duce
2985 2181 3317 2238 felicitatem
3375 2177 3724 2250 praesentem

2082 2295 2260 2352 quam
2285 2282 2522 2334 sanctus
2553 2276 2661 2333 Job
2718 2273 3011 2348 gloriosus
3071 2270 3297 2343 agebat,
3357 2263 3729 2339 significavit,

2082 2369 2235 2425 sicut
2264 2371 2321 2424 et
2349 2366 2626 2423 Salomon
2683 2363 2807 2420 ait:
2844 2367 3050 2419 Lumen
3105 2374 3230 2416 vero
3286 2357 3588 2428 impiorum
3641 2368 3732 2407 ea:-

2080 2460 2394 2528 stinguetur
2423 2458 2606 2528 (Prov.
2640 2470 2766 2520 xm,
2791 2453 2868 2523 9).
2929 2455 3090 2506 Hanc
3143 2448 3326 2521 igitur
3381 2444 3728 2501 exstinctam

2083 2545 2272 2602 dixit:
2308 2544 2541 2618 quando
2571 2543 2679 2600 Job
2731 2541 3046 2598 destitutus
3106 2541 3195 2594 est
3249 2534 3409 2592 omni
3457 2531 3730 2589 felicitate

2083 2635 2428 2701 senti.Quod
2461 2637 2658 2690 autem
2690 2634 2790 2688 ait:
2816 2630 2931 2686 Nec
2963 2626 3293 2701 splendebit
3315 2619 3729 2694 ﬂammaignis

2084 2725 2214 2796 ejus
2248 2741 2260 2780 :
2293 2725 2347 2782 Id
2382 2727 2471 2779 est
2503 2739 2616 2777 non
2650 2719 2862 2776 redibit
2895 2719 2966 2774 ad
3001 2715 3310 2790 pristinam
3369 2709 3725 2767 felicitatem.

2157 2836 2184 2864 ‹‹
2252 2818 2369 2868 Lux
2426 2804 2866 2868 obtenebreséet
2920 2807 2980 2862 in
3032 2801 3408 2862 tabernaculo
3462 2799 3646 2867 illius,
3673 2801 3732 2853 et

2085 2903 2325 2961 lucerna
2353 2919 2480 2973 quae
2513 2917 2690 2972 snper
2718 2915 2852 2955 eum
2896 2901 3004 2961 est,
3057 2893 3479 2965 exstinguetur.
3541 2910 3570 2938 »
3602 2887 3725 2943 Non

2085 2991 2279 3048 solum
2312 2990 2525 3063 inquit,
2557 2992 2901 3061 praesentem
2953 2984 3287 3041 felicitatem
3345 2978 3594 3044 amittet,
3627 2976 3725 3033 sed

2085 3081 2260 3138 etiam
2293 3081 2390 3136 lux
2422 3077 2843 3135 recordationis
2885 3074 3008 3132 Dei.
3041 3090 3169 3146 quis
3219 3073 3345 3127 erat
3373 3069 3433 3125 in
3463 3067 3707 3124 taberna

2085 3170 2218 3228 culo
2251 3170 2442 3227 cordis
2472 3169 2600 3241 ejus
2633 3164 3130 3233 obtenebrabitur,
3155 3164 3220 3216 ut
3249 3159 3300 3216 ei
3329 3161 3480 3216 Deus
3513 3157 3734 3214 scilicet

2084 3259 2144 3315 in
2177 3259 2523 3318 memoriam
2554 3274 2667 3314 non
2700 3254 2996 3324 ascendat,
3027 3257 3084 3308 et
3131 3266 3233 3322 pro
3265 3249 3472 3304 merito
3497 3246 3736 3302 lucerna

403 3369 431 3397 «
467 3346 572 3403 Ubi
604 3350 694 3403 est
723 3363 859 3420 ergo
891 3363 1048 3403 nunc
1080 3347 1432 3418 praestolatio
1466 3364 1615 3416 mea,
1665 3353 1722 3405 et
1751 3349 1978 3421 patien-
2008 3331 2051 3398 C
2090 3348 2462 3423 protectionis
2492 3346 2724 3411 divinis,
2756 3360 2884 3416 quae
2915 3357 3094 3414 super
3119 3355 3255 3395 eum
3284 3338 3493 3405 fuerat,
3523 3333 3736 3394 exstin-

329 3435 475 3491 tiam
509 3451 702 3491 meam
734 3436 867 3508 quis
899 3436 1232 3492 considerat
1263 3437 1290 3491 ?
1327 3459 1348 3486 ιι
1371 3438 1532 3502 Quod
1565 3438 1733 3504 ait,et
1762 3438 1982 3510 patien-

331 3524 475 3580 tiam
499 3541 692 3580 meam
725 3524 858 3596 quis
888 3524 1221 3580 considerat
1250 3525 1277 3580 ?
1328 3531 1528 3598 aperte
1589 3527 1795 3582 fortem
1829 3543 1892 3584 se
1921 3527 1980 3582 in

332 3612 452 3669 illis
506 3613 862 3670 cruciatibus
912 3613 1253 3670 manifestat
1308 3632 1320 3670 :
1371 3631 1476 3688 pro
1537 3615 1754 3688 quibus
1811 3618 1980 3689 quasi

331 3701 618 3775 queritur,
651 3703 806 3775 quod
837 3703 909 3758 ad
943 3703 1386 3760 retributionem
1416 3705 1563 3760 tanti
1625 3704 1842 3762 laboris
1889 3706 1979 3762 sui

332 3807 451 3848 non
474 3791 686 3864 poterit
715 3791 1032 3864 pervenire.

402 3903 432 3931 α
456 3881 519 3936 In
550 3881 1083 3954 profundissimum
1125 3881 1419 3939 infernum
1478 3884 1831 3940 descendent
1859 3901 1980 3942 om-

330 3970 447 4026 nia.
486 3993 513 4020 »
546 3971 658 4026 Alii
691 3971 986 4040 dixerunt,
1033 3973 1222 4028 omnia
1272 3973 1416 4029 bona
1462 3989 1606 4030 mea.
1663 3979 1823 4030 Bona
1870 3991 1980 4031 sua

328 4058 469 4115 dicit
497 4061 568 4116 ad
595 4060 811 4117 inferos
843 4062 1217 4128 descensura,
1251 4063 1406 4134 quod
1437 4067 1528 4120 est
1558 4064 1754 4120 anima
1799 4081 1929 4120 mea
1960 4082 1973 4120 :

326 4149 418 4204 vel
447 4149 574 4220 ipse
603 4166 707 4221 pro
730 4149 845 4206 illis
877 4167 1011 4207 sum
1055 4151 1468 4209 descensurus.
1514 4153 1660 4210 Vere
1706 4170 1823 4209 non
1853 4169 1976 4210 cre-

332 4236 532 4292 dimus
554 4237 1044 4312 dejustitia,quod
1059 4243 1258 4296 tantus
1279 4257 1347 4297 ac
1367 4241 1502 4297 talis
1514 4242 1605 4298 vir
1623 4259 1727 4314 pro
1751 4244 1977 4300 sanctis

331 4324 606 4398 Operibus
642 4327 764 4382 suis
795 4328 1008 4384 rustari
1065 4329 1342 4401 potuerit.
1375 4329 1536 4394 Quod
1593 4336 1788 4388 autem
1848 4332 1928 4388 ait
1957 4349 1972 4388 :

400 4436 430 4464 α
463 4413 716 4472 Putasne
747 4415 956 4474 saltem
983 4417 1062 4472 ibi
1120 4417 1230 4474 erit
1259 4420 1490 4491 requies
1523 4419 1667 4475 mihi
1698 4419 1726 4475 ‘I
1754 4443 1782 4471 »
1813 4421 1974 4478 Istud

325 4507 417 4560 est
448 4521 460 4560 :
495 4504 542 4559 si
574 4505 634 4560 in
666 4505 774 4562 hac
804 4506 922 4562 vita
951 4524 1154 4580 poenas
1194 4508 1390 4580 patior
1445 4508 1830 4578 infernarum,
1865 4527 1973 4583 pu-

320 4597 490 4650 tasne
519 4594 579 4649 in
608 4594 754 4652 locis
787 4613 1090 4668 poenarum
1122 4597 1232 4654 erit
1260 4597 1460 4671 aliqua
1507 4599 1740 4671 requies
1771 4599 1916 4655 mihi
1946 4599 1974 4654 ?

2134 3445 2322 3496 uetur.

2090 3455 2618 3584 gustggtabuntur
2646 3539 2884 3598 gressus
2913 3519 3152 3575 virtutis
3173 3518 3387 3589 ejus,et
3410 3513 3734 3588 praecipita-

2097 3617 2184 3673 bit
2210 3634 2344 3674 eum
2375 3615 2689 3673 consilium
2721 3628 2918 3669 suum.
2957 3632 2982 3658 η
3011 3608 3083 3665 Ut
3113 3606 3402 3680 superbus
3434 3604 3734 3660 conlidens

2090 3707 2150 3765 in
2177 3707 2387 3764 virtute
2417 3723 2527 3763 sua
2555 3710 2708 3761 recte
2738 3701 3008 3758 incedere
3057 3697 3375 3753 arbitratur
3421 3693 3733 3751 conclude-

2115 3814 2186 3852 ur
2214 3795 2663 3853 tribulationum
2708 3789 3000 3865 angustiis
3045 3792 3104 3844 et
3141 3785 3454 3860 pressuris,
3505 3787 3571 3840 ut
3597 3782 3735 3840 inde

2088 3887 2328 3943 omnino
2357 3885 2511 3943 exire
2541 3902 2656 3942 non
2689 3881 2893 3956 possit.

2160 3997 2188 4026 «
2230 3975 2481 4032 Immisit
2512 3974 2666 4031 enim
2698 3973 2755 4028 in
2786 3974 2904 4028 rete
2923 3968 3100 4042 pedes
3122 3983 3280 4034 suos,
3305 3970 3364 4022 et
3392 3965 3453 4022 in
3485 3963 3734 4023 maculis

2085 4065 2214 4136 ejus
2242 4063 2523 4121 ambulat.
2555 4086 2584 4115 »
2619 4063 2777 4120 Retis
2832 4065 3068 4118 nomine
3125 4063 3296 4130 atque
3355 4057 3722 4112 macularum

2085 4154 2234 4225 ejus,
2264 4151 2595 4210 inevitabile
2629 4153 2848 4208 malum
2878 4152 3246 4226 significatur
3277 4169 3289 4207 :
3325 4150 3479 4222 quod
3527 4146 3728 4203 volens

2084 4243 2334 4316 quisque
2362 4259 2591 4307 exuere,
2642 4243 2769 4316 ipso
2815 4242 3121 4300 conamine
3170 4240 3506 4314 impeditur.
3553 4243 3727 4310 atque

2083 4331 2421 4406 implicatur
2442 4337 2507 4388 ut
2537 4336 2794 4388 corruat.

2155 4443 2183 4472 «
2216 4421 2533 4478 Tenebitur
2579 4421 2777 4488 planta
2815 4421 2976 4478 illius
3019 4421 3253 4494 laqueo,
3298 4424 3354 4476 et
3403 4415 3727 4475 exardescit

2083 4514 2286 4565 contra
2315 4525 2449 4566 eum
2485 4510 2634 4567 sitis.
2668 4534 2696 4562 »
2733 4512 3005 4583 Laqueus
3037 4510 3131 4567 hic
3162 4511 3286 4583 ipse
3315 4507 3582 4565 diabolus
3613 4523 3729 4563 non

2082 4599 2335 4656 absurde
2365 4600 2635 4669 sentitur,
2669 4600 2807 4673 quia
2861 4601 2932 4656 ad
2989 4599 3494 4674 supplantandum
3543 4595 3731 4654 calca-

320 4682 440 4739 Hoc
463 4687 661 4740 autem
692 4692 967 4758 gravatus
990 4687 1248 4744 miseriis
1277 4687 1763 4760 loquitur,potius
1795 4704 1972 4761 quam
2003 4709 2050 4774 Ι)
2083 4704 2284 4754 neum,
2320 4695 2652 4760 peccatores
2681 4690 2971 4758 observat,
3004 4695 3061 4747 et
3090 4691 3214 4763 ipse
3234 4688 3620 4746 nihilominus
3651 4686 3728 4743 si-

317 4771 509 4828 victus
539 4773 866 4830 difﬁdentia
899 4792 913 4830 :
951 4776 1092 4848 quia
1146 4775 1280 4832 aliis
1338 4776 1482 4834 locis
1541 4778 1625 4833 ait
1671 4778 1744 4834 ad
1773 4777 1969 4834 Domi-

319 4877 462 4916 num
499 4878 513 4918 :
546 4861 672 4918 Scio
703 4867 836 4935 quia
865 4865 926 4919 in
951 4865 1178 4937 inferno
1205 4870 1464 4938 protegas
1511 4883 1602 4924 me
1629 4866 1796 4925 donec
1842 4883 1970 4940 per-

319 4955 573 5008 transeat
597 4954 764 5023 furor
793 4957 923 5009 tuus
953 4955 1094 5027 (Job:
1123 4973 1240 5022 xiv,
1272 4957 1380 5028 13).

909 5043 1142 5101 CAPUT
1173 5045 1370 5102 XVIII.

400 5152 421 5178 ιι
460 5129 840 5203 Respondens
865 5137 1060 5190 autem
1092 5133 1311 5191 Baldad
1338 5136 1532 5194 Suites
1562 5135 1706 5194 dixit
1739 5155 1753 5206 ;
1779 5138 1976 5210 Usque

324 5219 398 5275 ad
433 5233 608 5291 quem
641 5221 815 5278 finem
846 5224 1022 5280 verba
1050 5225 1302 5298 jactabls
1331 5225 1360 5282 ‘I
1389 5225 1646 5299 intelligo
1702 5226 1886 5300 prius,
1919 5231 1977 5284 et

321 5307 409 5364 sic
440 5308 774 5381 loquamur.
807 5331 834 5364 ιο
876 5313 938 5369 Id
969 5317 1079 5382 est,
1108 5315 1240 5388 quis
1274 5315 1408 5373 finis
1439 5315 1549 5372 erit
1603 5315 1783 5389 hujus
1840 5335 1974 5374 ver-

319 5397 616 5465 bositatis,
651 5401 818 5472 quasi
850 5419 965 5458 non
999 5402 1077 5459 sit
1106 5404 1370 5462 sincerus
1404 5423 1416 5460 :
1450 5405 1537 5462 vel
1596 5405 1757 5462 solus
1803 5407 1908 5462 Job
1942 5424 1975 5462 a

318 5485 535 5544 Baldad
569 5489 851 5547 verbosus
880 5493 1183 5565 arguitur:
1216 5493 1304 5550 vel
1361 5494 1529 5566 quasi
1589 5494 1831 5569 spiritus
1871 5512 1968 5553 ne-

317 5576 440 5632 scio
468 5593 583 5649 quo
615 5578 931 5653 instigatus
961 5580 1119 5654 loqui
1145 5598 1260 5639 non
1293 5584 1542 5641 desinat.

395 5686 423 5716 α
453 5667 644 5731 Quare
672 5669 921 5742 reputati
956 5687 1164 5727 sumus
1198 5674 1260 5728 ut
1280 5673 1572 5746 jumenta,
1633 5678 1690 5730 et
1740 5675 1970 5731 sordui-

2080 4776 2156 4833 tis
2189 4778 2424 4834 nomine
2455 4777 2781 4851 appellatur
2811 4796 2824 4836 :
2857 4797 2923 4836 eo
2953 4781 3109 4852 quod
3141 4779 3299 4837 velut
3319 4779 3376 4834 in
3409 4777 3606 4852 aliquo
3635 4777 3732 4834 bo-

2080 4883 2155 4924 no
2187 4871 2444 4923 testuans
2477 4868 2638 4924 sitiat
2669 4868 2927 4926 hominis
2960 4875 3228 4927 mortem.

2154 4978 2183 5006 «
2216 4957 2576 5014 Abscondita
2605 4963 2697 5014 est
2726 4957 2785 5014 in
2811 4962 2967 5015 terra
2997 4961 3202 5032 pedica
3229 4959 3444 5032 ejus,et
3470 4959 3731 5032 dicipula

2083 5043 2246 5103 illius
2277 5063 2455 5120 super
2481 5047 2770 5104 semitam.
2798 5071 2826 5100 »
2861 5049 3025 5107 Latet
3055 5049 3221 5107 illum
3254 5049 3470 5123 quibus
3498 5048 3729 5105 insidiis

2083 5137 2346 5209 perditus
2378 5137 2497 5194 sive
2525 5137 2584 5194 in
2617 5139 2932 5212 semetipso
2963 5139 3246 5212 pedicam,
3307 5157 3423 5213 qua
3453 5136 3730 5210 prmpedit

2082 5225 2259 5298 pedes
2289 5227 2630 5297 suos,habet
2657 5229 3081 5286 absconditam:
3117 5230 3173 5286 id
3195 5227 3727 5301 est,obligationem

2083 5317 2322 5388 peccati,
2356 5322 2414 5374 et
2443 5318 2499 5374 in
2531 5319 2753 5375 saevitia
2781 5319 3247 5376 conversationis
3305 5335 3444 5385 suis,
3504 5332 3617 5387 qua
3664 5331 3725 5371 sc

2082 5411 2236 5463 recte
2269 5411 2436 5479 putat
2466 5408 2754 5475 incedere,
2785 5409 2999 5464 erroris
3032 5407 3200 5464 istius
3245 5405 3387 5462 latet
3432 5403 3721 5479 decipula.

2157 5517 2185 5547 ‹‹
2223 5496 2490 5570 Undique
2519 5499 2825 5554 terrebunt
2872 5515 3003 5554 cum
3041 5496 3400 5562 formidines,
3430 5499 3487 5551 et
3536 5495 3722 5552 invol-

2079 5590 2213 5643 vent
2244 5587 2419 5659 pedes
2450 5587 2596 5659 ejus.
2629 5608 2656 5635 »
2689 5586 2817 5644 Sive
2851 5587 3096 5643 dolores.
3150 5585 3449 5656 Superbus
3503 5585 3726 5643 scilicet

2079 5679 2296 5733 terrore
2315 5681 2568 5732 venturae
2598 5675 2946 5734 calamitatis
2977 5690 3207 5746 semper
3228 5674 3554 5732 terrebitur.
3589 5675 3724 5733 Pos-

318 5770 454 5814 mus
484 5771 686 5814 coram
709 5763 768 5814 te
794 5758 822 5813 ?
855 5781 876 5809 ι
914 5760 1033 5818 Hoc
1063 5760 1224 5831 dicit,
1259 5763 1412 5834 quod
1470 5768 1755 5838 tanquam
1801 5766 1972 5824 bruta
2079 5770 2218 5822 sunt
2248 5765 2425 5824 etiam
2466 5765 2828 5834 formidines,
2892 5764 3000 5821 hoc
3043 5762 3169 5820 loco
3227 5779 3343 5822 non
3392 5765 3724 5824 affectiones
