4310 6576
548 399 663 461 703

2044 406 2457 470 APPENDIX.

3825 413 3942 475 ’104

545 537 738 594 cordis
769 535 1014 612 intelligi
1047 555 1059 594 :
1094 541 1192 596 sed
1227 539 1338 612 ipsi
1389 540 1584 614 potius
1644 541 1896 598 ministri
1951 541 2184 596 diaboli.
2219 545 2271 609 Α
2373 543 2493 598 Non
2529 544 2636 598 erit
2665 561 2867 602 semen
2927 546 3074 617 ejus,
3123 560 3312 616 neque
3362 543 3667 618 progenies
3727 544 3781 598 in
3843 561 3940 616 po-

545 627 613 681 Hi
647 627 825 700 igitur
854 629 1058 685 multis
1089 630 1277 686 modis
1309 635 1525 687 terrere
1555 637 1819 688 sanctum
1849 633 1980 698 Job,
2017 636 2079 686 ut
2109 631 2192 686 eis

544 717 793 784 cederet,
829 718 1186 776 institerunt.

615 830 643 854 υ
675 808 1019 864 Attenuetur
1051 809 1202 866 fame
1234 811 1411 866 robur
1440 813 1587 884 ejus,
1649 818 1703 868 et
1736 811 1927 867 inedia
1959 810 2192 864 invadat

544 899 735 951 costas
767 897 942 953 illius.
974 898 1168 954 Potest
1200 902 1385 956 fames
1418 907 1474 956 et
1505 902 1629 974 ipse
1686 901 1956 958 diabolus
2020 898 2189 954 intel-

542 983 681 1057 ligi:
717 988 814 1057 qui
848 987 1186 1058 hujusmodi
1219 991 1428 1046 famem
1464 993 1704 1063 patitur,
1739 1010 1855 1064 qua
1886 1009 2187 1063 nunquam

542 1074 613 1130 de
645 1075 882 1131 necibus
911 1077 1214 1133 hominum
1239 1084 1550 1136 saturetur.
1585 1082 1713 1136 Sive
1733 1087 1788 1137 et
1819 1081 1942 1153 ipse
1973 1082 2185 1136 famem

547 1164 801 1234 patitur;
855 1165 993 1236 quia
1036 1169 1275 1223 verbum
1328 1171 1482 1240 quod
1534 1171 1793 1242 procedit
1834 1171 1905 1225 de
1953 1188 2050 1226 ore
2088 1170 2181 1223 Uei

540 1253 716 1321 (Desit.
752 1272 872 1322 vm,
905 1257 980 1322 3),
1042 1257 1304 1330 accipere
1363 1277 1476 1314 non
1538 1265 1817 1315 meretur.
1874 1262 1940 1314 Et
1973 1261 2186 1315 ideirco

545 1343 654 1396 sub
687 1345 922 1398 nomine
954 1351 1274 1412 costarum,
1309 1347 1564 1403 thoracis
1596 1348 1967 1404 munimenta
1998 1349 2186 1420 signi-

542 1427 808 1487 ﬁcantur:
845 1434 1059 1504 quibus
1092 1453 1154 1491 se
1183 1435 1341 1491 velut
1364 1438 1618 1508 quadam
1650 1437 2033 1493 obduratione
2055 1455 2187 1492 con-

539 1519 752 1587 strixit,
783 1525 848 1576 ut
875 1539 1009 1577 eum
1037 1523 1202 1578 cibus
1234 1524 1412 1579 divini
1446 1524 1659 1596 eloquii
1695 1543 1808 1579 non
1841 1525 2028 1580 adeat.
2061 1524 2184 1578 Sive

541 1607 716 1664 etiam
749 1611 1064 1682 impiorum
1097 1611 1326 1684 plagam
1360 1613 1658 1668 describit.

616 1721 640 1745 ‹‹
683 1699 920 1754 Devoret
949 1699 1440 1772 pulchritudinem
1466 1703 1616 1758 cutis
1646 1704 1858 1774 ejus,ct
1875 1707 2185 1758 consumat

541 1785 783 1841 brachia
812 1786 969 1843 illius
1001 1788 1386 1862 primogenita
1419 1808 1634 1847 mors.»
1678 1791 2181 1847 Pulchritudinem

2301 631 2436 704 pulo
2468 649 2591 689 suo.
2626 658 2652 684 »
2681 635 2796 690 Hoc
2823 634 2981 700 dicit,
3016 635 3170 704 quod
3213 633 3610 704 posteritatem
3642 633 3940 704 indignam

2305 722 2583 778 memoria
2613 724 2800 794 gentis
2833 742 2949 780 suae
3009 723 3094 777 vel
3157 723 3353 794 patrias
3405 722 3774 794 derelinquat
3807 740 3820 788 ;
3852 739 3940 776 se-

2299 813 2556 867 cundum
2582 811 2726 867 illud
2758 813 3074 884 psalmistae
3110 830 3120 866 :
3157 813 3446 866 Generatio
3475 820 3754 866 rectorum
3785 812 3942 866 bene-

2298 901 2510 956 dicetur
2538 903 2708 973 (Psat.
2747 920 2860 969 cxx,
2900 905 2976 971 2}.
3016 902 3213 957 Talem
3273 901 3450 972 igitur
3506 904 3940 972 generationem

2300 990 2356 1044 in
2391 991 2604 1062 populo
2628 1009 2733 1047 suo
2767 991 2953 1046 noluit
2985 1006 3322 1063 procreare;
3359 991 3511 1044 unde
3543 991 3599 1044 in
3631 989 3736 1044 hac
3771 995 3942 1060 gente

2299 1079 2586 1151 spirituali
2618 1080 2987 1151 gloriaretur,
3022 1085 3078 1134 et
3100 1079 3306 1151 patria.

2369 1192 2394 1216 «
2431 1169 2543 1223 Nec
2576 1169 2706 1224 ulla:
2730 1169 2985 1240 reliquias
3010 1169 3066 1222 in
3118 1167 3454 1239 regionibus
3513 1169 3658 1237 ejus.
3695 1192 3721 1215 »
3756 1169 3939 1222 Mani-

2297 1257 2509 1312 festum
2541 1263 2629 1312 est
2661 1259 2813 1328 quod
2849 1263 3050 1312 sancto
3079 1258 3185 1311 Job
3230 1256 3377 1311 nihil
3420 1257 3785 1312 remanserit.
3821 1257 3942 1328 Spi-

2295 1345 2584 1402 ritualiter
2616 1353 2810 1402 autem
2845 1348 2928 1402 sic
2953 1345 3638 1417 intelligendumznullas
3661 1345 3938 1416 reliquias

2294 1435 2685 1506 generationis
2709 1454 2826 1491 suae
2859 1436 3097 1492 habebit
3126 1435 3342 1506 impius
3373 1436 3431 1488 in
3465 1436 3680 1489 futuro.

2367 1547 2392 1571 ‹‹
2431 1529 2492 1578 In
2525 1525 2614 1579 die
2645 1526 2772 1595 ejus
2805 1526 3130 1596 stupebunt
3189 1523 3515 1580 novissimi.
3590 1547 3610 1572 ι
3644 1524 3702 1578 Id
3737 1528 3843 1593 est,
3879 1523 3936 1576 in

2293 1615 2551 1684 tempore
2577 1614 2969 1668 damnationis
3003 1615 3150 1684 ejus.

2365 1725 2389 1750 (ι
2428 1707 2493 1756 Et
2521 1702 2740 1772 primos
2771 1702 3004 1758 invadet
3061 1702 3284 1757 horror.
3320 1722 3347 1749 ››
3385 1701 3444 1756 Id
3491 1705 3600 1770 est,
3663 1700 3847 1754 intimi
3881 1706 3939 1754 et

2293 1808 2559 1862 proceres
2588 1797 2962 1846 terrebantur
2990 1810 3002 1858 ;
3037 1791 3190 1862 quod
3240 1795 3347 1856 est,
3392 1805 3558 1861 reges
3589 1795 3849 1861 potentes
3881 1794 3939 1841 et

541 1875 718 1942 cutis,
747 1875 804 1929 id
838 1881 926 1930 est
957 1884 1300 1934 ornamenta
1331 1879 1636 1950 virtutum,
1687 1885 1744 1936 et
1775 1881 2031 1946 brachia,
2070 1882 2180 1936 for-
2215 1915 2261 1979 Β
2296 1881 2512 1951 magni.
2547 1878 2672 1935 Sive
2704 1880 3002 1936 novissimi
3060 1885 3117 1934 et
3166 1878 3362 1950 primi,
3395 1878 3664 1933 homines
3721 1884 3776 1932 et
3833 1894 3936 1931 an-

538 1963 848 2019 titudinem
885 1966 1043 2037 regni
1077 1967 1226 2037 ejus,
1258 1969 1507 2025 confecit
1554 1969 1822 2025 diabolus
1865 1989 1877 2025 :
1913 1971 2009 2042 qui
2054 1971 2182 2026 ideo

541 2051 928 2125 primogenita
961 2073 1117 2111 mors
1150 2057 1476 2129 appellatus
1505 2064 1593 2114 est
1625 2077 1636 2113 :
1673 2059 1810 2131 quia
1853 2076 1954 2131 per
1985 2060 2178 2131 ipsum

539 2141 794 2211 primum
831 2145 1064 2199 intravit
1104 2162 1262 2201 mors
1321 2147 1377 2201 in
1441 2149 1640 2203 orbem
1701 2154 1990 2204 terrarum
2023 2152 2177 2221 (inp.

541 2247 602 2300 Ii,
632 2232 744 2301 2/1),
777 2236 833 2287 et
864 2233 989 2304 ipse
1019 2239 1106 2290 est
1136 2252 1252 2290 sua:
1286 2237 1490 2291 mortis
1517 2236 1802 2292 inventor.

615 2341 637 2370 α
671 2320 964 2376 Avellatur
995 2324 1066 2378 de
1095 2323 1468 2381 tabernaculo
1528 2343 1633 2381 suo
1695 2327 1908 2382 fiducia
1946 2328 2092 2398 ejus,
2126 2332 2182 2383 et

538 2407 721 2464 calcet
750 2427 926 2481 super
955 2428 1088 2466 eum
1123 2413 1289 2484 quasi
1325 2431 1420 2469 rex
1445 2413 1768 2471 interitus...
1807 2415 1971 2471 Hunc
2003 2417 2183 2489 igitur

537 2495 838 2554 interitum
871 2500 1168 2556 diabolum
1201 2519 1329 2558 esse
1357 2503 1520 2572 dixit,
1554 2505 1651 2575 qui
1710 2509 1802 2560 est
1860 2522 1956 2560 rex
2006 2523 2182 2578 super

538 2603 742 2643 omnes
802 2588 950 2646 ﬁlios
1002 2592 1287 2662 superbia:
1322 2593 1437 2663 (Job
1496 2611 1606 2664 xm,
1658 2596 1794 2663 25):
1841 2595 1942 2650 sed
2005 2612 2182 2667 super

539 2680 808 2732 sanctum
838 2677 968 2744 Job,
1023 2683 1085 2734 ut
1140 2696 1274 2734 eum
1334 2687 1727 2752 prosterneret
1785 2683 2006 2738 calcare
2066 2701 2176 2738 non

539 2764 745 2836 potuit.

616 2876 642 2905 ιι
669 2855 939 2912 Habitent
968 2856 1026 2912 in
1060 2859 1430 2914 tabernaculo
1480 2859 1638 2915 illius
1699 2861 1838 2916 socii
1899 2863 2046 2930 ejus,
2080 2862 2179 2932 qui

539 2959 652 2998 non
685 2949 824 3000 est.»
859 2947 1029 3016 Socii,
1062 2947 1236 3014 sales,
1267 2948 1385 3003 sive
1418 2948 1540 3018 ﬁlii,
1601 2953 1664 3004 ut
1721 2967 1902 3021 supra
1960 2950 2176 3005 dictum

539 3035 648 3097 est,
684 3033 934 3088 ministri
968 3036 1183 3091 diaboli
1217 3041 1357 3092 sunt
1389 3054 1401 3091 :
1435 3039 1536 3109 qui
1567 3037 1674 3093 hoc
1732 3037 1856 3093 loco
1909 3056 2017 3094 non
2054 3055 2182 3094 esse

538 3119 752 3176 dicitur
780 3128 836 3177 et
867 3139 998 3178 cum
1034 3124 1111 3180 sit
1139 3131 1357 3180 naturas
1399 3143 1516 3180 suae
1573 3127 1922 3198 proprietate
1983 3128 2179 3184 subsi-

541 3215 724 3277 stens,
758 3217 952 3268 tamen
987 3231 1099 3268 non
1159 3223 1268 3278 est,
1328 3221 1394 3270 ut
1450 3217 1567 3270 dixi
1603 3216 1781 3287 :quia
1838 3234 2176 3289 prazvarica-

536 3297 694 3355 tione
726 3301 914 3356 factus
946 3307 1034 3358 est
1063 3302 1289 3359 alienus
1320 3322 1354 3358 a
1385 3305 1519 3360 Deo.

610 3411 638 3439 «
665 3391 1026 3463 Aspergatur
1056 3393 1112 3448 in
1138 3393 1514 3450 tabernaculo
1545 3395 1672 3466 ejus
1731 3395 2004 3466 sulphur.
2050 3417 2075 3444 ι)
2111 3397 2183 3452 Ut

547 3478 778 3535 fumum
809 3479 900 3535 hic
931 3482 1146 3537 sentiat
1177 3483 1599 3555 gehennarum.

614 3591 641 3617 «
677 3574 961 3626 Deorsum
993 3572 1220 3628 radices
1251 3574 1379 3643 ejus
1411 3573 1704 3629 siccentur
1736 3591 1749 3629 :
1780 3591 2017 3630 sursum
2072 3593 2179 3630 au-

541 3659 657 3713 tem
691 3663 973 3714 atteratur
1006 3662 1215 3716 messis
1247 3663 1396 3732 ejus.
1430 3685 1456 3711 »
1492 3663 1698 3718 Messis
1729 3679 1905 3735 Opera
1937 3669 2185 3734 possunt

540 3743 808 3819 intelligi,
843 3764 970 3818 qua:
1001 3750 1152 3804 foras
1183 3754 1356 3820 atque
1388 3753 1444 3804 in
1480 3751 1782 3821 publicum
1829 3767 1898 3805 ex
1947 3751 2183 3806 interio-

541 3833 706 3889 ribus
739 3837 1124 3908 erumpentia,
1159 3838 1227 3892 de
1261 3839 1391 3893 ﬁdei
1427 3839 1619 3894 radice
1649 3844 2031 3910 consurgunt.
2065 3839 2182 3892 Ali-

541 3926 666 3978 ter:
698 3924 983 3980 Deorsum
1016 3926 1241 3982 radices
1269 3928 1396 3997 ejus
1429 3928 1739 3993 siccentur,
1785 3928 1837 3981 id
1871 3932 1958 3982 est
1988 3944 2183 3999 opera,

543 4029 667 4084 qua:
707 4013 763 4068 in
799 4013 907 4069 hoc
937 4015 1148 4070 saeculo
1182 4017 1549 4088 perpetravit,
1607 4017 1977 4072 inveniantur
2026 4033 2186 4070 mor-

542 4105 662 4171 tua,
699 4104 1061 4178 mortuisque
1091 4106 1365 4161 ariditate
1397 4105 1636 4162 similia.
1689 4107 1937 4161 Sursum
1991 4112 2185 4162 autem

543 4196 828 4248 atteratur
859 4195 1068 4251 messis
1101 4197 1228 4267 ejus
1264 4214 1277 4262 ;
1306 4197 1364 4252 in
1394 4197 1588 4252 futuro
1622 4195 1825 4266 utique
1860 4196 2186 4251 mercedem

545 4279 766 4339 laboris
795 4285 884 4340 sui
922 4286 1164 4341 minime
1195 4293 1606 4357 consequatur.

622 4391 643 4416 α
680 4371 958 4429 Memoria
989 4373 1150 4429 illius
1184 4379 1379 4446 pereat
1409 4374 1478 4428 de
1510 4379 1680 4428 terra.
1720 4395 1744 4419 ››
1778 4374 1839 4427 Id
1900 4378 2008 4441 est,
2043 4371 2186 4426 nihil

546 4461 829 4517 memoria
857 4479 963 4517 sua
988 4463 1232 4535 dignum
1259 4467 1527 4534 operetur
1563 4479 1576 4516 :
1609 4460 1694 4516 vel
1736 4461 1933 4527 etiam,
1969 4477 2188 4517 memo-

547 4549 634 4604 ria
662 4550 789 4620 ejus
821 4556 1017 4621 pereat
1045 4553 1116 4607 de
1144 4556 1298 4608 terra
1326 4551 1664 4606 viventium.

621 4661 646 4686 «
674 4639 743 4693 Et
774 4656 888 4695 non
914 4639 1239 4696 celebretur
1270 4656 1484 4696 nomen
1534 4641 1661 4711 ejus
1719 4639 1774 4694 in
1810 4638 2036 4711 plateis.
2069 4662 2094 4688 ››
2131 4644 2190 4695 In
2223 4653 2268 4716 D

549 4725 741 4798 platea
773 4729 1053 4784 sedebant
1083 4729 1429 4802 reges,inter
1459 4746 1605 4802 quos
1628 4733 1788 4801 optat
1810 4745 1941 4784 eum
1976 4729 2188 4784 famam

544 4816 788 4886 justitia:
820 4835 933 4874 non
964 4819 1191 4875 mereri.
1226 4820 1432 4874 Platore
1464 4819 1704 4874 virtutes
1739 4817 2145 4891 intelliguntur
2177 4836 2189 4874 :

551 4905 608 4960 in
643 4907 858 4979 quibus
891 4909 1178 4981 sapientia
1238 4908 1584 4964 ﬁducialiter
1639 4909 1761 4980 agit
1817 4913 1874 4963 et
1930 4908 2202 4964 circumit

553 4996 842 5054 civitatem
877 4997 978 5054 Dei
1008 4999 1356 5062 Jerusalem,
1383 4998 1469 5067 Iin
1502 5015 1618 5068 qua
1675 4997 2053 5053 sacramentis
2109 4997 2195 5051 di-

551 5087 702 5143 vinis
762 5093 936 5160 atque
994 5089 1286 5160 mysteriis
1347 5087 1529 5142 latum
1607 5092 1696 5142 est
1765 5087 2197 5158 Scripturarum

551 5177 917 5233 mandatum.
957 5179 1346 5233 Vehementer
1372 5177 1554 5249 igitur
1606 5176 1664 5230 in
1715 5175 1808 5230 his
1863 5175 2070 5248 plateis
2108 5175 2195 5230 lu-

554 5267 696 5324 dent
725 5285 916 5339 sencs,
950 5273 1008 5322 et
1040 5284 1209 5332 anus,
1242 5271 1298 5321 et
1326 5266 1598 5321 infantes.

623 5383 651 5408 ‹‹
685 5357 945 5430 Expellet
973 5374 1107 5413 eum
1152 5357 1222 5412 de
1248 5355 1374 5410 luce
1432 5356 1487 5410 in
1549 5355 1838 5422 tenebras,
1871 5359 1926 5410 ct
1958 5355 2026 5410 de
2057 5355 2199 5411 urbe

557 5450 866 5506 transferet
895 5464 1050 5502 eum.
1087 5470 1114 5495 ››
1147 5447 1226 5502 De
1256 5446 1364 5501 hac
1415 5445 1615 5516 utique
1665 5444 1790 5499 luce
1849 5444 2200 5516 temporaria

557 5539 823 5593 mittetur
880 5538 933 5591 in
1002 5542 1244 5591 aeternas
1305 5535 1571 5589 tenebras
1629 5534 1944 5589 inferorum
2007 5550 2019 5588 :
2081 5534 2199 5588 sive

553 5627 729 5682 etiam
761 5628 831 5681 de
877 5633 1037 5700 parte
1085 5627 1259 5682 sortis
1319 5629 1652 5681 sanctorum
1717 5624 2106 5680 retrudendus
2140 5625 2198 5678 in

554 5715 826 5788 tenebras
858 5721 1302 5772 tormentorum.

2291 1969 2404 2039 geli
2439 1987 2450 2034 ;
2487 1969 2672 2024 sancti
2703 1986 2934 2041 quoque
2966 1974 3021 2024 et
3053 1973 3382 2040 peccatores
3414 1984 3528 2022 non
3562 1966 3814 2022 absurde
3848 1965 3933 2018 in-

2289 2057 2657 2130 telliguntur.

2367 2171 2392 2196 α
2417 2148 2545 2202 Ηίθο
2577 2153 2716 2202 sunt
2746 2165 2880 2219 ergo
2915 2145 3286 2202 tabernacula
3318 2144 3525 2216 iniqui,
3559 2148 3615 2198 et
3643 2144 3751 2198 iste
3774 2143 3936 2206 locus

2291 2237 2418 2307 ejus
2449 2237 2548 2306 qui
2582 2237 2808 2308 ignorat
2836 2237 3040 2292 Deum.
3083 2259 3111 2286 ››
3143 2233 3482 2290 Enarrantis
3510 2231 3937 2288 maledictionis

2291 2327 2639 2381 sententiam
2670 2326 2901 2380 videtur
2951 2326 3110 2390 dare,
3142 2333 3197 2379 et
3245 2324 3404 2391 dicit,
3450 2321 3547 2377 ubi
3596 2320 3936 2391 hujusmodi

2292 2415 2601 2484 superbus,
2636 2413 2876 2480 scilicet,
2913 2412 3248 2484 impiusquc
3278 2411 3648 2467 habitaturus
3681 2411 3757 2465 sit
3789 2428 3800 2465 :
3835 2410 3933 2465 sed

2289 2503 2394 2559 Job
2427 2503 2666 2575 iniquus
2699 2520 2812 2558 non
2847 2508 2952 2573 est,
2987 2520 3161 2573 quem
3220 2507 3442 2557 rectum
3481 2506 3531 2556 et
3569 2501 3936 2556 innocentem

2290 2593 2442 2648 Deus
2471 2591 2742 2665 appellat.

2912 2680 3144 2736 CAPUT
3176 2680 3315 2734 XIX.

2367 2794 2386 2819 α
2443 2771 2823 2842 Respondeas
2897 2773 3094 2824 autem
3175 2769 3304 2836 Job,
3359 2767 3558 2823 dixit:
3622 2767 3934 2838 Usquequo

2291 2859 2552 2931 afﬁigitis
2583 2860 2837 2914 animam
2875 2875 3085 2920 meam,
3119 2863 3175 2913 et
3232 2856 3480 2912 atteritis
3525 2873 3617 2911 me
3647 2855 3936 2911 sermoni-

2289 2949 2400 3004 bus
2430 2947 2458 3002 ?
2489 2971 2515 2997 »
2547 2948 2914 3004 Manifestum
2947 2952 3034 3002 est
3073 2946 3209 3018 quia
3255 2945 3755 3016 responsionibus,
3791 2944 3934 3000 ami-

2289 3055 2488 3093 corum
2525 3055 2765 3092 suorum
2798 3037 3051 3092 attribus
3082 3036 3176 3106 sit,
3211 3039 3268 3091 et
3316 3035 3570 3090 afﬂictus
3627 3034 3745 3091 sive
3803 3033 3936 3088 fati-

2288 3131 2460 3200 gatus
2493 3128 2589 3193 sit,
2623 3132 2680 3182 et
2711 3127 3066 3182 destructus.

2363 3240 2388 3265 ‹‹
2423 3217 2502 3272 En
2536 3217 2728 3272 decies
2761 3214 3120 3271 confunditis
3150 3230 3262 3281 me,
3313 3218 3369 3269 et
3399 3231 3515 3270 non
3565 3212 3933 3280 erubescitis,

2289 3305 2682 3377 opprimentes
2715 3322 2825 3360 me.
2862 3328 2888 3354 ››
2922 3303 3054 3359 Dies
3085 3305 3306 3370 :lecem,
3368 3321 3470 3374 pro
3530 3308 3648 3358 toto
3680 3306 3938 3373 tempore

2291 3395 2634 3465 nominavit,
2669 3395 2779 3450 Sed
2812 3394 3107 3466 quomodo
3139 3393 3197 3447 in
3232 3392 3388 3448 brevi
3421 3393 3753 3448 numero.in
3788 3398 3936 3460 Apo-

2291 3484 2510 3557 calypsi
2543 3485 2730 3554 major
2756 3500 3035 3539 numerus
3066 3482 3346 3554 temporis
3377 3481 3924 3552 intelligitur(.elpoc.

2290 3591 2369 3639 Vl,
2406 3576 2493 3642 10)
2528 3591 2539 3629 :
2577 3574 2655 3628 ita
2685 3578 2742 3628 et
2774 3573 2832 3628 in
2867 3573 2975 3627 hac
3007 3574 3207 3627 eadem
3229 3569 3706 3626 summanumeri
3739 3569 3938 3623 minus

2291 3663 2679 3735 signiﬁcatur,
2715 3667 2779 3716 ut
2829 3661 2940 3716 hoc
2995 3659 3182 3715 solido
3244 3674 3510 3727 numero,
3573 3662 3630 3712 et
3686 3657 3938 3728 perfecto

2293 3755 2565 3805 manente
2621 3767 2724 3821 pro
2778 3747 3112 3803 diversitate
3175 3746 3434 3800 locorum
3511 3745 3566 3800 in
3627 3744 3944 3815 Scripturis

2293 3838 2527 3907 divinis,
2565 3854 2719 3892 nunc
2750 3837 3033 3906 majorem
3096 3849 3432 3898 numerum,
3467 3849 3623 3887 nunc
3658 3834 3948 3888 minorem

2293 3926 2610 3998 signiﬁcari
2647 3925 2998 3980 noverimus.

2366 4037 2394 4063 «
2425 4015 2644 4086 Nempe
2676 4019 2733 4068 et
2761 4014 2811 4069 si
2847 4009 3129 4084 ignoravi,
3183 4023 3414 4063 mecum
3469 4007 3578 4063 erit
3616 4007 3949 4079 ignorantia

2296 4120 2445 4160 mea.
2475 4105 2542 4158 At
2570 4120 2670 4158 vos
2703 4107 2904 4158 contra
2943 4117 3034 4155 me
3084 4097 3403 4170 erigimini,
3453 4101 3509 4152 et
3555 4096 3801 4168 arguitis
3853 4113 3946 4150 me

2297 4192 2627 4266 opprobriis
2678 4191 2843 4246 meis.
2908 4215 2930 4242 ι
2996 4188 3217 4244 Putatis
3251 4203 3362 4255 me,
3415 4186 3624 4258 inquit,
3678 4186 3947 4257 ignorare

2299 4287 2501 4348 Deum,
2535 4282 2686 4336 sicut
2717 4285 2772 4334 et
2802 4279 3016 4348 dicitis,
3051 4276 3349 4347 Numquid
3401 4275 3622 4330 amicos
3665 4275 3827 4330 decet
3854 4275 3945 4329 in-

2298 4372 2518 4428 sultare
2543 4370 2862 4442 oppressis,
2899 4387 2930 4422 a
2960 4367 3176 4438 quibus
3221 4365 3410 4437 magis
3462 4362 3812 4420 tribulantes
3861 4381 3949 4419 so-

2301 4459 2443 4515 latia
2473 4459 2885 4532 prazstolantur
2911 4457 2938 4511 εἰ
2971 4458 3097 4512 Non
3141 4461 3229 4511 est
3260 4454 3367 4509 hoc
3422 4469 3572 4525 opus
3625 4452 3947 4508 amicorum

2302 4549 2587 4613 ﬁdelium,
2611 4549 2710 4604 sed
2743 4552 2833 4603 est
2863 4546 3058 4618 potius
3109 4541 3494 4599 subsannatio
3551 4541 3948 4596 irridentium.

2373 4663 2400 4689 ‹‹
2433 4639 2646 4693 Saltem
2683 4653 2838 4692 nunc
2868 4633 3176 4705 intelligite
3209 4632 3390 4703 :quia
3426 4633 3577 4687 Deus
3637 4647 3752 4687 non
3785 4647 3952 4702 aequo

2297 4728 2521 4799 judicio
2555 4725 2824 4782 afﬁixerit
2855 4740 2967 4791 me,
2998 4728 3054 4778 et
3083 4720 3328 4794 ﬂagellis
3367 4720 3491 4776 suis
3538 4736 3628 4776 me
3685 4720 3950 4776 cinxerit.

2304 4820 2448 4874 Ecce
2477 4817 2762 4880 clamabo,
2794 4815 2911 4869 vim
2946 4812 3194 4884 patiens,
3227 4816 3283 4866 et
3315 4827 3484 4865 nemo
3530 4810 3745 4866 audiet.
3780 4809 3952 4866 Voci-

2309 4907 2558 4976 ferabor,
2587 4911 2641 4960 et
2675 4921 2792 4960 non
2841 4908 2930 4958 est
2989 4902 3088 4973 qui
3141 4900 3385 4973 judicet.
3422 4922 3451 4949 »
3504 4899 3606 4954 llle
3636 4899 3864 4954 dicebat
3893 4916 3954 4954 se

2307 4996 2509 5067 inique
2541 4993 2829 5050 sustinere
2856 4989 3156 5048 molestias
3182 4992 3607 5044 tormentorum
3643 5006 3654 5043 :
3691 4987 3772 5042 illi
3820 5003 3954 5054 vero

2309 5089 2506 5157 utpote
2537 5083 2806 5155 iniquum
2853 5081 2972 5154 pati
3021 5097 3127 5135 suo
3179 5077 3386 5134 merito
3443 5077 3852 5149 loquebantur.
3886 5076 3957 5131 Et

2307 5178 2517 5246 putant
2549 5174 2702 5245 quod
2735 5173 2795 5227 in
2827 5171 2936 5228 hoc
2968 5167 3211 5226 articulo
3236 5166 3409 5222 istius
3439 5182 3650 5221 sensus
3679 5164 3958 5221 erraverit

2307 5268 2363 5320 et
2394 5263 2520 5319 ideo
2555 5261 2928 5334 postmodum
2979 5259 3136 5314 dicat
3193 5257 3264 5311 ad
3323 5256 3509 5310 Deum
3557 5273 3576 5309 ,ο
3625 5257 3956 5326 Insipienler

2309 5355 2522 5409 locutus
2552 5355 2748 5409 sumet
2779 5367 2898 5423 qua
2939 5350 3087 5404 ultra
3138 5347 3365 5403 modum
3413 5345 3732 5401 excederent
3772 5346 3950 5400 scien-

2307 5446 2444 5499 tiam
2475 5460 2655 5498 meum
2685 5442 2822 5512 (Job.
2853 5457 2990 5510 XLII,
3019 5439 3094 5508 3).

2381 5557 2406 5582 ‹‹
2440 5533 2719 5587 Semitam
2755 5547 2944 5586 meam
2979 5524 3408 5596 circumsepsit,
3439 5528 3494 5578 et
3535 5523 3782 5578 transire
3838 5538 3953 5577 non

2309 5639 2571 5694 possum.
2609 5644 2630 5670 ι
2668 5622 2791 5684 Qua
2816 5625 3009 5675 rectus
3042 5616 3245 5688 utique
3276 5619 3447 5685 atque
3481 5612 3740 5668 illibatus
3775 5611 3952 5684 proﬁ-

2310 5711 2568 5785 ciscebar
2598 5711 2669 5766 ad
2698 5709 2942 5781 gloriam
2969 5706 3310 5763 meritorum
3343 5719 3627 5759 meorum.
3660 5705 3821 5758 Hanc
3852 5699 3958 5772 igi-
