4310 6570
284 479 402 541 705

1366 476 1880 537 COMMENTAR.
1928 473 2008 534 IN
2051 474 2212 536 JOB.
2263 474 2430 535 CAP.
2479 473 2643 534 XIX.

3583 478 3702 538 706

287 613 405 668 turi
428 610 790 684 gnominiam
813 607 1105 682 passionis
1129 607 1308 680 hujus
1327 609 1738 681 circumsepsit
1769 614 1943 679 atque
1972 619 2023 675 Α
2058 625 2228 679 (piem
2265 608 2516 662 maxime
2547 605 2883 678 diligebam,
2917 605 3216 663 aversatus
3255 612 3346 663 est
3373 625 3486 666 me.
3523 632 3550 658 ››
3584 611 3700 668 Hoc

287 701 637 769 interclusit,
653 699 796 755 utad
816 698 973 753 illam
990 697 1234 770 gloriam
1251 699 1551 769 pervenire
1567 715 1678 754 non
1696 699 1936 769 possim.

363 791 486 845 «Et
514 789 570 844 in
632 788 774 844 calle
834 805 961 842 meo
1021 787 1293 842 tenebras
1353 787 1540 859 posui.
1578 809 1604 836 »
1665 787 1724 842 ld
1768 787 1938 843 estin

293 879 559 935 tramite:
585 879 691 933 hoc
723 882 811 932 est
841 877 1133 947 castigatm
1165 878 1268 930 via:
1299 892 1460 941 meae,
1494 893 1610 946 qua
1657 875 1813 931 velut
1842 892 1944 946 per

296 973 520 1024 arctum
552 972 608 1022 et
638 970 958 1038 angustum
985 970 1140 1020 certa
1161 981 1264 1036 spe
1287 965 1355 1019 ad
1373 965 1604 1036 justum
1629 964 1941 1019 retributo-

296 1074 418 1112 rem
453 1057 786 1128 pergebam,
818 1056 1094 1110 tenebras
1123 1053 1182 1108 in
1241 1070 1308 1108 eo
1369 1053 1615 1109 miseriae
1677 1053 1856 1124 hujus
1888 1057 1944 1107 et

291 1145 644 1202 calamitatis
676 1145 892 1200 inveni.

361 1259 388 1285 «
423 1235 704 1306 Spoliavit
735 1251 828 1290 me
857 1232 1042 1305 gloria
1073 1249 1222 1301 mea,
1260 1236 1317 1288 et
1367 1231 1616 1289 abstulit
1669 1249 1942 1287 coronam

293 1326 362 1380 de
393 1325 584 1397 capite
616 1339 765 1379 meo.
801 1346 829 1372 »
862 1321 1057 1378 Gloria
1086 1339 1176 1378 me
1237 1323 1405 1394 regni
1471 1322 1754 1394 privavit:
1813 1321 1942 1376 ﬁdei

293 1430 526 1486 quoque
559 1411 836 1468 fiduciam
895 1411 1180 1467 abstulit:
1245 1427 1423 1482 quam
1481 1411 1550 1466 de
1609 1411 1734 1482 ipso
1784 1410 1945 1482 apice

294 1503 510 1558 mentis
570 1517 733 1566 mea),
795 1502 893 1572 qui
955 1505 1043 1556 est
1099 1505 1318 1556 natura:
1389 1499 1692 1556 rationalis
1749 1505 1942 1572 caput,

292 1591 451 1646 velut
483 1591 724 1646 honoris
757 1606 1032 1645 coronam
1063 1589 1336 1644 detraxit.

366 1704 393 1728 ‹‹
425 1680 718 1735 Dextruxit
748 1696 840 1734 me
873 1680 1150 1750 undique,
1175 1683 1231 1733 et
1255 1695 1445 1750 pereo,
1471 1684 1527 1734 et
1546 1679 1714 1750 quasi
1738 1678 1946 1735 evulsze

298 1769 490 1825 arbori
523 1767 769 1824 abstulit
800 1785 961 1840 spem
1000 1785 1212 1823 meam.
1250 1791 1277 1817 ››
1317 1769 1513 1834 Domo,
1550 1786 1748 1840 regno,
1785 1769 1950 1824 fami-

292 1858 397 1924 lia,
430 1857 587 1924 ﬁliis,
621 1858 850 1928 amicis,
884 1858 1132 1914 sanitate
1177 1858 1436 1930 corporis
1468 1859 1581 1912 mei
1632 1859 1950 1914 destitutus

2053 699 2200 753 forte
2226 696 2634 768 vultintelligi,
2670 711 2732 750 se
2766 695 2822 750 in
2851 713 3048 751 eorum
3075 698 3424 754 oblivionem
3448 701 3697 770 venisse,

2051 803 2104 842 e;
2140 787 2210 841 ab
2244 803 2443 842 eorum
2477 785 2782 840 affectibus
2812 789 2868 839 et
2898 786 3172 842 cordibus
3201 789 3533 845 recessisse.

2123 899 2150 924 ‹‹
2184 875 2324 931 Pelli
2359 891 2520 942 meas,
2555 875 2923 944 consumptis
2985 878 3282 943 carnibus,
3344 878 3587 935 adhaesit
3635 898 3701 938 os

2053 981 2271 1020 meum.
2304 988 2328 1012 >)
2352 965 2432 1019 Ad
2457 969 2680 1019 tantam
2706 961 3039 1018 ariditatem
3064 981 3196 1021 caro
3218 968 3347 1037 ejus
3369 969 3698 1037 devenerat,

2053 1059 2118 1108 ut.
2145 1052 2288 1108 nihil
2321 1053 2378 1107 in
2411 1071 2476 1109 eo
2509 1053 2771 1110 humoris
2816 1055 3181 1118 remanserit,
3233 1061 3290 1111 et
3334 1058 3407 1112 ob
3456 1057 3564 1113 hoc
3596 1076 3696 1132 ag-

2053 1142 2342 1216 glutinata
2371 1144 2803 1214 quodammodo
2857 1144 3031 1198 fuerit
3082 1143 3250 1215 pellis
3281 1147 3410 1217 ejus
3460 1147 3696 1205 ossibus

2055 1231 2180 1286 suis
2212 1248 2223 1285 :
2259 1232 2408 1285 hanc
2436 1232 2835 1286 infirmitatem
2872 1249 3205 1287 marasmon
3238 1234 3445 1290 dicunt
3465 1237 3698 1294 medici.

2127 1341 2154 1366 «
2216 1320 2284 1374 Et
2342 1319 2615 1374 derelicta
2667 1325 2806 1375 sunt
2869 1323 3280 1376 tantummodo
3337 1323 3492 1379 labia
3547 1327 3700 1384 circa

2055 1409 2260 1462 dentes
2293 1424 2474 1463 meos.
2510 1431 2536 1457 »
2575 1410 2658 1462 Ad
2693 1409 2798 1462 hoc
2831 1408 2987 1462 enim
3010 1409 3300 1478 diabolus,
3329 1415 3697 1486 consumptis

2056 1497 2332 1552 carnibus
2363 1497 2545 1552 sancti
2578 1498 2709 1562 Job,
2743 1497 2898 1551 labia
2927 1499 3054 1567 ejus
3101 1497 3329 1571 integra
3359 1501 3690 1576 dereliquit,

2057 1590 2121 1640 ut
2147 1586 2383 1641 haberet
2443 1587 2666 1656 positus
2721 1587 2777 1640 in
2835 1587 3163 1653 tormentis,
3233 1589 3448 1660 quibus
3506 1597 3704 1664 posset

2059 1675 2224 1731 facile
2256 1674 2702 1746 blasphemare;
2737 1676 2900 1747 quasi
2935 1677 3126 1732 cordis
3178 1677 3544 1750 blasphemia
3584 1699 3700 1738 non

2058 1765 2168 1820 sit:
2205 1781 2306 1835 pro
2339 1780 2453 1835 qua
2483 1765 2608 1834 ipse
2637 1765 2745 1817 Job
2798 1765 2951 1819 sicut
3007 1781 3109 1836 pro
3168 1769 3388 1822 casteris
3449 1773 3702 1840 peccatis

2059 1853 2396 1909 holocausta
2427 1857 2536 1907 Deo
2564 1869 2665 1924 pro
2701 1853 2836 1907 filiis
2867 1853 2990 1908 suis
3017 1855 3107 1910 die
3135 1857 3386 1927 septimo
3425 1859 3705 1918 offerebat

301 1947 581 2003 sumzita
635 1947 726 2002 his
784 1948 1058 2002 omnibus
1118 1947 1348 2045 ablatis,
1410 1946 1596 2018 perire
1655 1964 1746 2002 me
1783 1948 1949 2002 video
1984 1981 2028 2045 Β
2060 1943 2376 2045 (Iceni).
2426 1943 2533 1997 Sed
2575 1943 2702 2045 ideo
2748 1942 3326 2045 dia‘bo‘lus‘linguam
3368 1951 3702 2045 reservavit,

302 2038 475 2107 cujus
501 2036 678 2091 etiam
711 2052 846 2107 spes
876 2036 1002 2090 vitzc
1035 2053 1175 2091 mea:
1207 2035 1362 2092 velut
1394 2037 1566 2092 arbor
1621 2037 1814 2091 ablata
1842 2042 1947 2091 est.

383 2149 402 2173 α
434 2127 618 2179 Iratus
639 2129 726 2179 est
750 2128 950 2179 contra
977 2142 1068 2179 me
1091 2127 1412 2196 furorejus,
1437 2131 1493 2181 et
1520 2126 1602 2180 sic
1636 2142 1728 2180 me
1748 2125 1956 2180 habuit

308 2213 479 2284 quasi
509 2213 735 2268 hostem
761 2230 956 2268 suum.
994 2236 1019 2261 »
1055 2236 1082 2263 ››
1116 2214 1296 2269 Furor
1321 2215 1420 2269 Dei
1453 2214 1556 2270 hoc
1589 2214 1715 2270 loco
1764 2219 1956 2287 potest

309 2301 577 2358 diabolus
608 2300 732 2373 ipse
771 2300 1038 2374 intelligi,
1098 2303 1196 2374 qui
1252 2303 1488 2358 beatum
1544 2304 1651 2359 Job
1710 2303 1956 2359 diversis

311 2392 521 2458 modis,
556 2392 610 2445 id
647 2396 736 2446 est
765 2390 1149 2463 blasphemiis
1175 2396 1232 2447 et
1262 2393 1455 2448 carnis
1503 2394 1628 2463 ejus
1683 2393 1956 2448 cruciati-

315 2481 444 2547 bus,
478 2479 897 2535 insectabatur.

384 2593 410 2619 ‹‹
446 2568 628 2623 Simul
659 2573 943 2624 venerunt
974 2568 1228 2625 latrones
1260 2572 1408 2641 ejus,
1442 2574 1498 2624 et
1549 2571 1807 2626 fecerunt
1846 2571 1958 2628 sibi

313 2660 471 2713 viam
499 2674 599 2729 per
621 2675 732 2712 me.
755 2658 936 2712 Furor
955 2658 1075 2726 Dei,
1111 2659 1377 2714 diabolus
1392 2665 1479 2715 est
1504 2678 1516 2726 ;
1537 2659 1793 2716 latrones
1826 2679 1958 2717 vero

314 2746 569 2802 ministri
587 2748 715 2818 ejus
737 2751 911 2815 sunt;
937 2747 1044 2802 hoc
1061 2753 1152 2803 est
1174 2750 1328 2820 quod
1354 2749 1452 2818 ait,
1478 2753 1533 2804 et
1555 2750 1814 2804 fecerunt
1845 2750 1958 2805 sibi

311 2835 467 2890 viam
500 2852 601 2906 per
623 2851 714 2890 me
741 2836 1012 2907 ;quando
1036 2853 1190 2907 eum,
1217 2837 1304 2892 vel
1330 2837 1704 2893 facultatibus
1730 2839 1957 2906 mundi,

314 2924 402 2979 vel
433 2923 685 2981 sanitate
743 2924 1000 2996 corporis
1058 2925 1479 2996 spoliaverunt.
1525 2925 1686 2981 Unde
1719 2926 1960 2998 pulchre

314 3013 536 3068 dictum
568 3018 656 3068 est
682 3032 696 3070 :

387 3127 413 3151 ‹‹
449 3103 518 3157 Et
548 3103 901 3157 obsederunt
939 3102 996 3157 in
1060 3121 1200 3175 gyro
1261 3105 1704 3161 tabernaculum
1741 3123 1958 3161 meum.

321 3193 546 3248 Fratres
578 3209 737 3248 meos
767 3191 937 3264 longe
969 3193 1104 3248 fecit
1137 3212 1170 3248 a
1200 3211 1312 3263 me,
1359 3198 1414 3248 et
1467 3198 1587 3249 noti
1639 3196 1750 3250 mei
1793 3197 1957 3268 quasi

321 3279 493 3337 alieni
526 3286 942 3336 recesserunta
981 3298 1094 3337 me.
1142 3283 1586 3354 Dereliquerunt
1615 3301 1705 3340 me
1731 3284 1961 3356 propin-

2062 2037 2124 2087 ut
2154 2031 2475 2103 intelligere
2506 2037 2720 2102 posset,
2754 2032 2799 2086 si
2833 2033 2962 2101 Job,
2995 2033 3067 2086 ob
3121 2035 3313 2090 cordis
3357 2036 3705 2110 simplicita-

2062 2129 2200 2185 tem,
2235 2120 2660 2191 blasphemiam
2695 2121 2975 2191 proferrct
3009 2121 3063 2175 in
3099 2121 3293 2178 labiis.

2135 2234 2161 2260 ‹‹
2193 2209 2546 2264 Miseremini
2580 2209 2713 2279 mei,
2748 2209 3104 2264 miseremini
3155 2213 3293 2275 mei,
3348 2215 3558 2271 saltem
3603 2235 3707 2274 vos

2065 2300 2236 2354 amici
2271 2299 2416 2353 mei:
2450 2299 2586 2370 quia
2617 2315 2826 2353 manus
2861 2299 3087 2354 Domini
3133 2301 3324 2373 tetigit
3371 2321 3484 2360 me.
3524 2327 3552 2355 »
3587 2307 3708 2363 Ma-

2066 2406 2208 2444 num
2240 2404 2340 2460 erg
2367 2415 2373 2437 ί
2409 2387 2639 2442 Domini
2673 2387 2984 2460 appellavit
3015 2389 3201 2460 ipsam
3258 2391 3492 2466 plagam
3524 2412 3702 2467 quam

2067 2478 2416 2550 patiebatur,
2451 2493 2576 2547 qua)
2610 2477 2759 2532 facta
2792 2482 2879 2532 est
2902 2478 3108 2534 Domni
3136 2486 3439 2551 potestate.
3472 2484 3709 2558 Tetigit,

2068 2585 2168 2639 pro
2201 2566 2425 2634 afflixit,
2462 2564 2906 2637 intelligendum
2938 2573 3045 2623 est.

2145 2680 2164 2705 α
2202 2656 2386 2718 Quare
2417 2655 2829 2726 persequimini
2862 2673 2952 2710 me
2974 2657 3124 2712 sicut
3146 2657 3320 2727 Deus,
3347 2665 3404 2715 et
3433 2663 3732 2719 carnibus.

2071 2746 2214 2801 meis
2246 2743 2592 2800 saturamini
2617 2748 2639 2782 9
2671 2767 2696 2793 ››
2732 2744 2885 2799 Fecit
2914 2745 3068 2802 Deus
3098 2746 3250 2803 circa
3273 2766 3366 2805 me
3392 2751 3711 2823 injudicio,

2070 2835 2160 2888 cui
2195 2834 2299 2889 soli
2331 2833 2465 2888 licet
2495 2834 2692 2889 omnia
2723 2834 2781 2888 in
2813 2851 2984 2907 opere
3017 2853 3159 2891 suo:
3195 2854 3302 2893 vos
3345 2856 3524 2911 quare
3564 2858 3710 2913 prte-

2070 2923 2304 2979 sumitis
2335 2923 2488 2978 sicut
2521 2928 2691 2985 Deus,
2724 2928 2788 2978 ut
2841 2924 3112 2996 afﬂigatis
3169 2926 3509 2984 innoxium:
3556 2929 3710 3000 quod

2073 3013 2180 3085 ipsi
2197 3017 2425 3068 tantum
2443 3029 2543 3083 pro
2559 3013 2992 3082 dispensatione
3007 3031 3251 3070 suacom
3264 3017 3534 3089 petit,aut
3547 3017 3715 3090 quasi

2071 3102 2507 3174 dispensatione
2538 3105 2728 3156 vestra
2757 3101 3012 3174 indigeat
3042 3107 3192 3159 Deus
3217 3105 3244 3159 ?

2151 3215 2174 3243 α
2197 3191 2337 3254 Quis
2359 3189 2503 3245 mihi
2528 3190 2750 3244 tribuat
2773 3195 2836 3245 ut
2857 3191 3210 3257 scribantur,
3238 3211 3538 3253 sermones
3562 3198 3718 3254 mei?

2075 3279 2217 3346 Quis
2250 3279 2390 3334 mihi
2425 3279 2521 3333 det
2555 3285 2617 3333 ut
2649 3284 2960 3334 exarentur
3000 3279 3059 3334 in
3121 3281 3267 3338 libro
3325 3284 3476 3357 stylo
3512 3287 3716 3358 ferreo,

326 3371 425 3442 qui
457 3371 593 3439 mei,
626 3374 683 3424 et
713 3370 809 3440 qui
844 3386 934 3424 me
966 3377 1246 3427 noverant
1295 3347 1459 3427 obliti
1511 3378 1651 3428 sunt
1701 3347 1960 3429 niei.-ln-
1995 3347 2036 3414 Ο
2076 3374 2130 3424 et
2163 3368 2387 3439 plumbi
2418 3368 2658 3437 lamina,
2693 3367 2779 3423 vel
2813 3367 2955 3423 celte
2978 3347 3404 3441 sculpanturiri
3455 3347 3714 3430 silice?»;

323 3457 531 3530 quilini
566 3459 778 3512 domus
810 3473 970 3523 mete,
1004 3463 1060 3512 et
1089 3459 1313 3514 ancilla:
1346 3476 1486 3516 mea!
1517 3461 1671 3516 sicut
1701 3462 1957 3517 alienum

319 3547 657 3602 habuerunt
688 3562 800 3612 me,
834 3551 890 3600 et
937 3547 1104 3618 quasi
1154 3549 1495 3619 peregrinus
1556 3551 1636 3604 t'ui
1689 3550 1745 3606 in
1779 3550 1962 3607 oculis

321 3652 546 3691 eorum.
577 3640 816 3690 Servum
851 3652 1045 3691 meum
1100 3639 1314 3704 vocavi,
1369 3643 1425 3694 et
1472 3657 1586 3694 non
1628 3641 1960 3712 respondit:

323 3741 420 3780 ore
452 3725 682 3795 proprio
715 3725 1068 3796 deprecabar
1096 3725 1281 3781 illum.
1319 3749 1346 3775 »
1381 3727 1442 3783 Id
1492 3734 1600 3796 est,
1655 3731 1792 3786 foris
1822 3730 1963 3785 insi-

323 3812 464 3867 diati
498 3818 656 3868 sunt.
691 3813 819 3869 Sive
851 3815 1364 3871 circumdederunt
1416 3819 1474 3872 in
1524 3836 1664 3891 gyro
1696 3821 1966 3875 taberna-

323 3902 521 3957 culum
555 3903 718 3973 ejus:
755 3903 862 3959 hoc
918 3910 1026 3969 est,
1087 3904 1144 3958 in
1199 3922 1437 3978 corpore
1495 3908 1623 3978 ejus
1678 3914 1970 3964 tormenta

324 3997 666 4064 posuerunt.
689 3994 958 4047 Animam
984 4010 1114 4048 vero
1139 3993 1420 4051 inclinare
1433 3997 1502 4052 ad
1529 4003 1829 4069 peccatum
1852 4016 1966 4055 non

326 4085 658 4151 potuerunt.

397 4193 424 4217 «
459 4169 709 4224 llalitum
734 4188 926 4226 meum
960 4171 1260 4228 exhorruit
1292 4191 1434 4228 uxor
1459 4191 1607 4231 mea.
1647 4199 1672 4224 »
1698 4177 1782 4232 Ita
1810 4181 1969 4234 totus

329 4258 684 4314 intrinsecus
715 4263 931 4331 putrui,
966 4261 1178 4332 inquit,
1218 4267 1280 4317 ut
1342 4263 1560 4319 halitus
1593 4266 1830 4322 fetorem
1866 4284 1970 4322 nec

329 4365 474 4402 uxor
505 4365 632 4402 mea
663 4351 950 4405 sustinere
984 4355 1271 4422 potuerit:
1308 4353 1406 4406 ubi
1438 4353 1627 4424 potuit
1659 4355 1782 4412 fieri
1815 4359 1966 4428 quod

327 4441 627 4508 apostema
644 4438 907 4494 habuerit
930 4439 986 4494 in
1006 4439 1346 4507 visceribus,
1368 4443 1520 4512 quod
1539 4447 1725 4498 totum
1750 4446 1971 4502 ventris

328 4528 456 4596 ejus
495 4527 685 4582 sinum
749 4529 1019 4596 tenuerit,
1082 4534 1138 4584 et
1194 4529 1329 4584 inde
1385 4530 1676 4602 loquendo
1733 4536 1970 4590 odorem

331 4615 572 4670 fetidum
606 4617 675 4671 de
706 4618 1041 4688 purulentia
1073 4619 1343 4688 profundi
1375 4618 1631 4675 vulneris
1653 4624 1967 4693 exspuerit.

403 4727 430 4754 «
465 4704 532 4759 Et
563 4706 802 4760 orabam
851 4706 1002 4762 ﬁlios
1035 4707 1184 4762 uteri
1219 4708 1351 4764 mei.
1387 4708 1560 4766 Stulti
1611 4727 1844 4782 quoque
1875 4713 1975 4768 de-

331 4793 656 4865 spiciebant
687 4811 798 4850 me.
834 4818 860 4845 ››
897 4797 959 4850 In
991 4796 1310 4868 Scripturis
1339 4798 1571 4865 divinis,
1633 4799 1734 4854 filii
1777 4801 1972 4874 appel-

330 4880 530 4936 lantur
579 4883 753 4938 etiam
788 4891 1158 4957 pronepotes,
1191 4891 1246 4940 et
1279 4885 1358 4940 illi
1395 4888 1492 4958 qui
1525 4887 1786 4960 longiore
1828 4890 1975 4946 serie

333 4970 451 5026 nati
484 4977 641 5027 sunt.
677 4973 921 5029 Proinde
953 4975 1184 5046 quando
1213 4975 1363 5031 ﬁlios
1395 4978 1542 5031 uteri
1577 4979 1666 5033 sui
1717 4979 1880 5046 dixit,
1914 4979 1973 5034 in

331 5077 393 5115 se
425 5062 589 5131 quasi
623 5063 694 5116 ad
726 5062 942 5119 fontem
976 5069 1031 5119 et
1062 5065 1134 5119 ad
1156 5065 1437 5136 originem
1467 5067 1828 5138 posteritatis
1859 5087 1975 5124 sua}

330 5149 620 5220 respexit:
648 5153 800 5207 unde
823 5154 872 5208 ei
896 5153 1310 5224 cognationum
1338 5155 1570 5209 familiae
1599 5156 1772 5212 veluti
1807 5158 1974 5212 rivuli

329 5246 730 5298 manaverunt.
770 5243 962 5299 Potuit
993 5249 1050 5299 et
1079 5243 1210 5298 illos
1244 5244 1390 5300 uteri
1449 5243 1538 5300 sui
1568 5245 1716 5300 ﬁlios
1761 5247 1973 5316 dicere,

330 5344 480 5398 quos
512 5329 777 5386 doctrina
811 5333 1106 5404 sapientiae
1137 5350 1278 5400 suae,
1313 5338 1594 5405 tanquam
1645 5337 1866 5392 semine
1907 5338 1976 5392 de

333 5422 496 5473 utero
525 5421 718 5477 cordis
749 5422 839 5477 sui
873 5423 1240 5492 formaverat,
1275 5422 1499 5478 habens
1531 5423 1586 5478 in
1622 5440 1683 5479 se
1715 5441 1818 5496 per
1846 5441 1976 5497 gra-

331 5507 477 5563 tiam
510 5512 607 5566 Dei
630 5511 877 5567 formam
911 5513 1129 5584 gratiae,
1172 5517 1228 5568 et
1249 5512 1619 5585 disciplinam
1650 5513 1868 5570 naralis
1899 5515 1978 5570 lc-

331 5597 422 5669 gis
455 5599 513 5654 in
547 5601 808 5657 veritate.

404 5711 432 5738 ‹‹
469 5689 534 5743 Et
563 5706 696 5746 cum
728 5692 801 5747 ab
831 5691 914 5746 eis
947 5691 1344 5762 recessissem,
1381 5691 1763 5748 detrahebant
1811 5695 1978 5753 mihi.

329 5777 664 5838 Abominati
698 5786 840 5841 sunt
877 5798 971 5840 me
1025 5781 1325 5860 quondam
1372 5781 1692 5840 consiliarii
1752 5785 1885 5859 mei,
1922 5789 1980 5844 et

2073 3459 2356 3524 Quoniam
2389 3475 2423 3512 a
2454 3457 2616 3512 nullo
2649 3457 2884 3512 homine
2915 3457 3105 3528 potuit
3129 3458 3387 3516 invenire
3413 3462 3715 3530 solatium,

2074 3547 2354 3602 convertit
2387 3563 2446 3601 se
2478 3546 2547 3600 ad
2584 3551 2784 3612 Deum,
2820 3551 2877 3600 et
2926 3549 3410 3604 resurrectionem
3460 3550 3718 3607 futuram

2077 3636 2380 3708 prophetat
2411 3635 2467 3689 in
2502 3634 2733 3706 spiritu,
2765 3634 2863 3688 ubi
2893 3652 2996 3706 pro
3049 3635 3142 3690 his
3201 3636 3372 3693 malis
3412 3640 3718 3710 praemium

2077 3727 2154 3781 sit
2184 3730 2541 3797 recepturus,
2575 3730 2631 3779 et
2674 3723 2795 3778 hazc
2845 3723 3009 3780 duris
3070 3725 3364 3799 insculpta
3428 3728 3722 3800 lapidibus

2079 3821 2242 3888 optat
2271 3814 2533 3879 inscribi,
2589 3817 2652 3868 ut
2703 3829 3004 3869 sermones
3063 3815 3379 3888 prephetiae
3436 3817 3495 3873 in
3523 3823 3724 3876 aetates

2080 3923 2226 3961 saacu
2239 3904 2422 3960 lorum
2458 3901 2797 3975 prolixiores
2829 3910 3230 3975 permaneant.

2150 4018 2177 4044 ‹‹
2211 3994 2338 4048 Scio
2370 3995 2524 4048 enim
2556 3992 2708 4063 quod
2761 3992 3113 4063 Redemptor
3140 4011 3305 4049 meus
3363 3997 3518 4063 vivit,
3569 4001 3626 4051 et
3661 3996 3722 4051 in

2080 4082 2395 4138 novissimo
2428 4081 2519 4136 die
2545 4082 2615 4135 de
2645 4086 2798 4135 terra
2826 4087 3196 4137 surrecturus
3221 4100 3375 4152 sum,
3401 4085 3466 4140 Et
3488 4102 3724 4140 rursum

2081 4171 2459 4228 eirumdabor
2489 4169 2637 4241 pelle
2665 4185 2812 4233 mea,
2873 4173 2929 4223 et
2985 4169 3043 4224 in
3103 4187 3277 4226 carne
3337 4190 3465 4228 mea
3519 4173 3726 4228 videbo

2081 4262 2286 4316 Deum.
2317 4282 2342 4307 ››
2395 4259 2510 4313 Hoc
2544 4258 2722 4330 igitur
2753 4259 2952 4330 clypeo
2984 4259 3258 4327 Ecclesia,
3295 4278 3422 4332 quae
3457 4263 3727 4318 Incarna-

2083 4353 2298 4406 tionem
2333 4347 2627 4419 Unigeniti
2663 4346 2763 4402 Dei
2813 4362 3009 4401 veram
3064 4349 3394 4415 confitetur,
3443 4355 3498 4405 et
3529 4367 3723 4406 resur-

2083 4440 2394 4495 rectionem
2432 4441 2792 4492 mortuorum
2816 4437 3120 4492 verissime
3149 4440 3334 4494 credit
3357 4440 3638 4507 futuram,
3663 4456 3726 4496 se

2085 4529 2277 4584 munit
2333 4533 2389 4582 et
2447 4527 2718 4598 protegit,
2778 4531 2834 4580 et
2907 4526 3176 4582 inimicos
3236 4545 3376 4585 suos
3433 4528 3729 4586 convincit

2085 4624 2259 4689 atque
2278 4615 2549 4671 debellat.
2585 4615 2688 4670 Ubi
2722 4618 2860 4669 sunt
2890 4613 2973 4669 illi
3008 4615 3108 4687 qui
3135 4616 3336 4672 dicunt
3367 4636 3474 4674 nos
3523 4619 3579 4674 in
3634 4636 3728 4676 re-

2007 4724 2052 4788 D
2085 4705 2440 4763 surrectione
2471 4703 2584 4758 alia
2614 4720 2855 4776 corpora
2884 4703 3235 4762 habituros?
3265 4708 3509 4765 audiant
3546 4708 3728 4765 istum

2085 4797 2296 4862 virum,
2329 4809 2426 4849 ore
2461 4793 2555 4846 Dei
2588 4791 2914 4862 laudatum,
2946 4794 3232 4851 dicentem
3260 4815 3272 4852 :

2161 4909 2187 4933 ‹‹
2223 4884 2402 4946 Quem
2435 4881 2668 4937 visurus
2694 4899 2825 4937 sum
2857 4899 2962 4954 ego
3015 4884 3159 4956 ipse.
3194 4909 3222 4934 ››
3272 4887 3390 4958 Ego
3445 4887 3568 4960 ipse
3595 4888 3728 4956 Job,

2087 4975 2185 5046 qui
2219 4973 2275 5028 in
2334 4977 2585 5028 stercore
2636 4972 2823 5042 jaceo,
2886 4979 2943 5028 et
3001 4978 3156 5030 totus
3210 4976 3518 5032 vulnerum
3568 4976 3730 5032 sanie
3813 4985 3820 4990 ‘

2085 5064 2490 5134 computresco
2520 5077 2532 5115 :
2567 5077 2692 5132 ego,
2748 5061 2985 5134 inquam
3043 5063 3177 5128 Job,
3229 5065 3354 5135 jam
3397 5069 3728 5135 corruptus,

2086 5157 2261 5223 atque
2293 5149 2633 5205 vulneribus
2666 5150 3010 5219 dissolutus,
3046 5151 3100 5206 in
3135 5151 3244 5208 hac
3275 5169 3447 5208 carne
3475 5151 3728 5218 mortali,

2085 5241 2422 5310 incorrupta
2453 5239 2876 5296 resurrectione
2909 5244 3104 5296 futura
3134 5241 3493 5312 glorificatus
3524 5240 3730 5296 videbo

2087 5336 2308 5396 Deum;
2341 5333 2396 5384 et
2444 5333 2507 5382 ut
2554 5330 2903 5401 exprimeret
2960 5331 3146 5402 ipsius
3203 5331 3293 5385 sui
3348 5327 3608 5402 corporis
3637 5329 3729 5384 in-

2088 5418 2531 5482 staurationem,
2567 5419 2778 5474 idcirco
2806 5419 2923 5474 ait:

2158 5533 2184 5559 ‹‹
2223 5509 2291 5563 Et
2320 5505 2470 5562 oculi
2505 5507 2630 5562 mei
2649 5507 3014 5578 conspecturi
3076 5512 3232 5572 sunt,
3284 5510 3343 5561 et
3399 5522 3512 5561 non
3558 5505 3730 5564 alius.

2089 5597 2362 5669 Reposita
2389 5598 2476 5649 est
2506 5593 2625 5648 hazc
2661 5612 2794 5667 spes
2828 5613 2955 5651 mea
2975 5596 3032 5650 in
3059 5596 3189 5651 sinu
3215 5610 3364 5650 meo.
3391 5615 3418 5644 η
3445 5593 3734 5652 Consum-

2090 5691 2248 5743 mata
2277 5689 2414 5740 sunt
2443 5683 2639 5739 omnia
2672 5684 2729 5738 in
2762 5683 2892 5738 sinu
2927 5701 3074 5741 meo.

2163 5799 2190 5828 ‹‹
2225 5777 2412 5845 Quare
2442 5789 2579 5846 ergo
2609 5789 2764 5832 nunc
2790 5773 3020 5830 dicitis:
3059 5790 3482 5854 persequamur
3502 5775 3680 5835 eum?
3701 5798 3731 5834 »
