4310 6574
588 468 702 530 707

2081 453 2498 516 APPENDIX.

3869 458 3988 518 708

585 601 658 657 Ut
684 599 824 672 quid
857 614 1014 654 nunc
1045 593 1240 670 agitis,
1274 593 1356 650 ita
1388 596 1452 650 ut
1480 597 1759 664 tanquam
1790 603 2028 657 vanum,
2049 586 2228 642 nihil-
2260 589 2308 654 Α
2345 588 2579 643 nomine
2609 586 3000 659 appellantur,
3029 587 3148 642 sive
3171 585 3250 642 illi
3282 587 3382 662 qui
3413 603 3547 644 eum
3580 591 3863 660 tanquam
3886 605 3987 660 pa-

584 706 698 762 que
730 688 1062 743 credentem
1093 683 1251 741 velut
1280 683 1464 740 Deum
1498 698 1612 736 non
1645 679 1882 735 timeam
1909 693 1921 731 :
1947 675 2066 732 sive
2097 676 2234 747 quia
2345 681 2491 732 trem
2525 676 2744 731 fuerint
2773 676 3008 746 imitati,
3043 691 3145 748 per
3173 675 3274 732 Dei
3307 678 3658 734 sententiam
3716 678 3788 733 ad
3841 677 3985 733 nihil

587 777 867 850 religione
899 775 1095 830 divina
1124 773 1234 830 sim
1268 771 1516 836 alienus,
1550 768 1817 842 persequi
1850 765 2060 833 velitis,
2095 781 2230 820 acu-

587 868 753 924 leatis
785 882 878 921 me
909 863 1116 920 vestris
1146 860 1520 935 perfodiendo
1551 856 1941 914 sermonibus.

657 980 686 1007 ‹‹
722 957 790 1011 Et
821 954 1075 1010 radicem
1133 951 1290 1006 verbi
1345 947 1711 1004 inveniamus
1766 950 1968 1001 contra
2007 960 2162 999 eum.
2198 964 2226 992 »

583 1045 806 1101 Videtis
835 1059 997 1114 ergo,
1028 1040 1166 1113 quia
1195 1053 1422 1094 mecum
1457 1053 1568 1091 non
1603 1040 1666 1091 ut
1711 1035 1827 1089 veri
1881 1033 2051 1089 amici
2085 1032 2226 1087 fide-

583 1134 718 1190 liter
745 1131 957 1204 agitis:
1005 1130 1107 1185 sed
1157 1132 1222 1184 ut
1277 1126 1462 1182 dolosi
1521 1125 1592 1180 de
1655 1122 1800 1178 meis
1854 1121 2226 1177 sermonibus

582 1223 727 1278 mihi
757 1222 996 1292 laqueos
1027 1215 1395 1273 concinnatis
1422 1232 1435 1270 :
1468 1211 1946 1286 quandoquidem
1979 1211 2049 1265 de
2078 1210 2225 1281 ipsis

577 1311 766 1369 verbis
797 1309 941 1366 meis
973 1307 1358 1375 occasionem,
1389 1303 1550 1359 velut
1593 1302 1916 1375 quamdam
1968 1299 2221 1356 radicem

582 1397 1050 1473 reprehensionis
1081 1394 1341 1451 invenire
1372 1393 1607 1465 cupitis.

653 1513 679 1540 ‹‹
713 1488 918 1561 Fugite
947 1501 1084 1558 ergo
1117 1501 1151 1539 a
1176 1483 1322 1539 facie
1352 1480 1528 1554 gladii
1555 1496 1567 1534 :
1602 1477 1880 1550 quoniam
1931 1476 2084 1532 ultor
2113 1477 2220 1533 ini-

578 1578 868 1653 quitatum
901 1573 1135 1646 gladius
1165 1575 1276 1628 est.
1321 1594 1347 1620 »
1383 1571 1496 1625 Hoc
1527 1567 1696 1623 dicit:
1764 1567 1812 1622 si
1867 1565 2224 1622 recesseritis

577 1670 651 1724 ab
680 1663 1067 1738 impressione
1097 1676 1248 1726 mea,
1281 1657 1542 1732 gladium
1569 1658 1744 1727 justa
1792 1653 2091 1710 sententia
2126 1653 2221 1710 Dei

580 1755 845 1832 poteritis
874 1752 1133 1808 evadere.
1167 1748 1410 1805 Gladius
1440 1751 1529 1802 est
1559 1745 1714 1802 enim
1735 1743 1937 1816 lingua
1959 1743 2131 1815 regis,
2165 1748 2223 1800 et

578 1864 692 1903 non
725 1841 998 1906 carnalis,
1059 1843 1123 1894 ut
1180 1836 1452 1892 Salomon
1508 1835 1650 1889 dicit
1705 1834 1890 1905 (Prov.
1950 1849 2064 1898 va,
2109 1833 2212 1904 14).

648 1958 675 1985 ‹‹
708 1934 778 1988 Et
807 1931 1016 1987 scitote
1043 1943 1170 1984 esse
1219 1924 1534 1996 judicium.
1572 1945 1600 1972 »
1649 1922 1771 1986 Quo
1820 1920 2044 1993 judicio
2069 1921 2218 1991 justi

569 2023 792 2098 judicis
825 2019 921 2075 Dei
953 2022 1150 2090 potero
1183 2015 1254 2070 de
1285 2011 1817 2069 subsannatoribus
1839 2010 2114 2081 judicari.

1195 2102 1431 2159 CAPUT
1470 2101 1582 2156 XX.

653 2223 674 2252 ι
709 2198 1088 2272 Respondeas
1118 2199 1312 2251 autem
1333 2190 1559 2264 Sophar
1581 2187 2004 2256 Naamathites,
2029 2188 2173 2243 dixit
2201 2206 2212 2244 :

575 2293 794 2350 Idcirco
826 2287 1207 2360 cogitationes
1238 2297 1380 2337 mea
1429 2280 1598 2335 varia
1646 2277 1967 2334 succedunt
1995 2278 2128 2346 sibi,
2159 2283 2216 2334 et

577 2399 746 2440 mens
775 2381 835 2435 in
866 2377 1091 2433 diversa
1125 2372 1370 2444 rapitur.
1408 2393 1435 2419 »
1466 2369 1620 2434 Ideo,
1656 2367 1867 2438 inquit,
1923 2373 2126 2432 astuo,
2159 2373 2217 2424 et

572 2470 920 2546 cogitatione
950 2463 1298 2522 conturbor:
1333 2460 1472 2531 quia
1501 2458 1648 2513 dicis
1680 2463 1737 2512 te
1763 2457 1884 2512 hac
1909 2457 2063 2513 mala
2088 2457 2214 2513 sine

573 2579 751 2619 causa
781 2577 816 2616 a
844 2558 960 2613 Deo
984 2554 1184 2626 judice
1231 2549 1543 2613 sustinere,
1594 2563 1727 2602 cum
1791 2547 1860 2602 de
1901 2546 2018 2602 Deo
2064 2546 2213 2602 nihil

568 2652 880 2710 sinistrum
913 2645 1119 2700 debeat
1149 2637 1456 2711 suspicari.

643 2764 672 2793 ‹‹
703 2737 1040 2796 Doctrinam
1072 2747 1188 2802 qua
1219 2745 1312 2784 me
1337 2726 1538 2798 arguis
1567 2724 1824 2791 audiam,
1873 2729 1929 2780 et
1968 2725 2214 2797 spiritus

567 2825 1162 2901 intelligentia.mea
1220 2815 1596 2890 respondebit
1652 2812 1820 2868 mihi.
1885 2836 1912 2862 »
1961 2814 2211 2869 Audiam

572 2919 811 2993 quidem
845 2920 896 2970 te
928 2912 1327 2980 increpantem
1360 2920 1425 2960 ac
1449 2903 1895 2974 redarguentem
1920 2919 2012 2957 me
2037 2920 2050 2959 :
2075 2902 2214 2973 quia

573 2991 718 3065 forte
739 3006 797 3060 in
823 2999 1124 3058 doloribus
1147 2995 1402 3069 positum
1442 2992 1750 3062 objurgare
1782 3007 1896 3045 non
1927 2991 2168 3046 debeam
2195 3009 2208 3047 :

571 3094 717 3151 mihi
748 3093 819 3147 de
849 3091 986 3154 Deo,
1048 3085 1203 3158 quod
1263 3087 1353 3138 est
1399 3079 1806 3151 justissimum
1866 3080 2213 3150 respondere

575 3181 882 3242 convenit:
915 3175 1054 3249 quia
1083 3190 1198 3229 non
1233 3185 1434 3245 posses
1472 3169 1544 3224 ab
1593 3183 1659 3223 eo
1717 3168 1797 3222 ita
1854 3167 2069 3239 puniri,
2097 3168 2210 3223 nisi

571 3289 734 3330 esses
763 3268 1053 3326 malorum
1084 3260 1376 3330 conscius,
1433 3263 1490 3314 et
1543 3255 1860 3312 multorum
1894 3257 2211 3313 criminum

570 3379 726 3422 I‘BUS.

641 3477 670 3503 ‹‹
707 3452 824 3508 Hoc
855 3447 975 3504 scio
1007 3461 1041 3500 a
1069 3440 1380 3516 principio,
1413 3455 1480 3494 ex
1512 3453 1625 3510 quo
1657 3435 1880 3508 positus
1910 3440 1998 3492 est
2035 3436 2208 3494 homo

570 3557 748 3616 super
793 3546 1050 3596 terram:
1085 3530 1239 3604 quod
1272 3529 1401 3584 laus
1433 3526 1745 3600 impiorum
1779 3525 1970 3581 brevis
2025 3527 2122 3593 sit,
2153 3531 2212 3583 et

569 3615 850 3705 gaudium
875 3622 1185 3698 hypocrita
1213 3620 1284 3675 ad
1340 3617 1527 3672 instar
1574 3615 1798 3688 puncti.
1833 3640 1853 3669 ι
1887 3616 2019 3671 Jam
2053 3634 2208 3673 nunc

573 3719 748 3791 capit
787 3718 849 3772 in
881 3718 1146 3770 sanctum
1179 3708 1287 3764 Job
1320 3706 1644 3762 maledictis
1693 3705 1882 3760 invehi
1909 3723 1920 3760 :
1949 3723 2120 3776 quem
2152 3712 2208 3762 et

569 3808 823 3880 impium
854 3807 1048 3876 aperte
1104 3797 1334 3864 asserit,
1391 3800 1449 3851 et
1504 3793 1886 3866 hypocritam,
1937 3811 2003 3850 eo
2051 3796 2205 3866 quod

569 3892 936 3954 simulaverit
967 3907 1028 3947 se
1051 3890 1302 3960 justum,
1337 3892 1392 3941 et
1422 3899 1577 3940 nunc
1629 3883 1687 3938 in
1745 3883 1928 3938 Deum
1977 3883 2208 3940 rebellis

569 3983 872 4044 exstiterit.

645 4099 667 4126 ι
704 4074 763 4130 Si
795 4067 1122 4129 ascenderit
1151 4081 1338 4138 usque
1368 4063 1438 4118 ad
1471 4059 1680 4118 calum
1741 4060 2016 4132 superbia
2057 4060 2206 4130 ejus,

565 4171 624 4224 et
653 4167 829 4236 caput
867 4162 996 4232 ejus
1028 4158 1214 4214 nubes
1240 4153 1516 4225 tetigerit.
1556 4174 1582 4200 υ
1614 4149 1921 4206 Manifesta
1968 4153 2024 4204 et
2052 4153 2210 4204 certa

563 4251 902 4328 hyperbole,
953 4246 1250 4306 hominem
1299 4241 1515 4298 elatum
1568 4238 1765 4304 nimis,
1811 4242 1868 4292 et
1914 4237 2208 4292 tumidum

563 4345 727 4400 dicit.

637 4455 666 4483 ‹‹
689 4431 863 4497 Quasi
888 4423 1321 4497 sterquilinium
1341 4419 1399 4474 in
1425 4418 1538 4472 fine
1556 4415 1852 4487 perdetur,
1874 4418 1931 4470 et
1955 4413 2053 4486 qui
2073 4430 2208 4470 eum

565 4523 851 4584 viderant,
874 4517 1066 4571 dicent
1090 4531 1102 4567 :
1131 4510 1232 4568 Ubi
1254 4513 1344 4565 est
1363 4508 1390 4562 (Ι
1411 4529 1437 4557 ››
1456 4504 1562 4570 Qui
1582 4503 1946 4575 sterquilinio
1976 4503 2207 4559 assimi-

564 4610 724 4666 latus
756 4623 817 4664 es
850 4621 952 4678 per
980 4599 1198 4665 omnia,
1231 4605 1285 4654 et
1313 4595 1439 4669 ipse
1469 4599 1524 4651 te
1555 4609 1710 4648 nunc
1757 4593 2050 4664 conspicis
2097 4611 2209 4665 pu-

2342 765 2705 837 redigentur,
2742 766 2894 836 quod
2921 766 3049 836 jam
3081 765 3141 820 in
3176 765 3311 821 filiis
3330 766 3466 835 tuis,
3502 765 3836 822 carnalibus
3857 783 3987 839 ope-

2343 855 2506 910 ribus
2539 871 2770 926 quoque
2803 853 2922 909 tuis
2973 870 3041 910 ex
3072 859 3234 925 parte
3263 854 3423 911 vides
3454 871 3581 912 esse
3603 855 3980 928 completum.

2416 966 2437 993 ι
2476 943 2541 998 Et
2571 959 2784 999 manus
2814 941 2973 998 illius
3012 943 3256 999 reddent
3302 944 3354 998 ei
3409 945 3668 1001 dolorem
3719 963 3916 1001 suum.
3945 965 3974 997 ι

2338 1033 2455 1087 Iloc
2484 1032 2640 1086 enim
2671 1037 2945 1104 operatus
2975 1037 3064 1088 est
3094 1034 3248 1088 unde
3280 1033 3501 1089 malum
3530 1034 3818 1102 vindicta,
3852 1051 3983 1108 ope-

2339 1126 2505 1177 rante
2536 1119 2637 1176 Dei
2661 1120 2917 1191 justitia,
2951 1120 3204 1192 recipere
3234 1127 3572 1178 mereretur.

2413 1230 2435 1259 ι
2452 1210 2598 1266 Ossa
2616 1211 2744 1281 ejus
2768 1209 3174 1281 implebuntur
3192 1209 3347 1266 vitiis
3360 1210 3760 1268 adolescentia
3772 1214 3921 1284 ejus.
3948 1235 3980 1263 ››

2335 1301 2454 1356 Ηοο
2485 1300 2585 1368 ait,
2617 1299 2770 1368 quod
2823 1315 2855 1354 a
2897 1301 3211 1370 juventute
3259 1317 3386 1369 sua,
3447 1318 3515 1356 ex
3561 1318 3676 1372 qua
3713 1302 3979 1374 graviora

2333 1392 2569 1462 peccata
2626 1387 2994 1444 committere
3049 1390 3258 1460 coepit:
3321 1390 3380 1444 in
3441 1390 3662 1447 eisdem
3718 1391 3972 1463 peccatis

2333 1477 2458 1533 suis
2482 1492 2666 1548 usque
2697 1477 2756 1531 in
2791 1482 3083 1532 senectam
3134 1479 3562 1549 permanserit:
3618 1497 3720 1552 pro
3761 1481 3976 1552 quibus

2331 1582 2634 1638 nunquam
2667 1565 2913 1620 voluerit
2943 1565 3236 1636 panitere.
3288 1567 3357 1622 Et
3405 1567 3619 1624 idcirco
3666 1571 3974 1642 sequitur:

2402 1678 2430 1705 «
2464 1655 2533 1710 Et
2561 1671 2694 1709 eum
2723 1670 2788 1710 eo
2819 1653 2877 1709 in
2910 1653 3143 1726 pulvere
3175 1654 3485 1712 dormient.
3525 1679 3550 1705 ››
3583 1658 3643 1712 Id
3693 1663 3802 1727 est,
3844 1663 3978 1730 post

2330 1748 2576 1800 mortem
2608 1743 2877 1799 vitiorum
2903 1760 3030 1815 qua
3055 1749 3145 1799 est
3171 1743 3229 1798 in
3249 1744 3483 1800 anima:
3511 1746 3630 1801 sive
3678 1763 3867 1818 usque
3898 1749 3973 1803 ad

2329 1838 2576 1890 mortem
2646 1849 2773 1905 qua
2832 1833 2898 1887 fit
2957 1833 3370 1889 resolutionem
3445 1834 3704 1906 corporis
3771 1835 3969 1908 hujus.

2329 1924 2475 1980 Ossa
2501 1939 2636 1994 ergo
2669 1922 2777 1977 hoc
2807 1921 2931 1978 loco
2961 1920 3150 1994 ipsam
3183 1926 3544 1978 senectutem
3587 1940 3701 1979 non
3751 1929 3839 1980 est
3869 1926 3970 1981 ab-

2329 2013 2573 2070 surdum
2593 2011 2980 2068 intellexisse:
3005 2011 3223 2082 quibus
3243 2011 3630 2068 veternositas
3657 2029 3968 2082 annorum,

2327 2109 2385 2159 et
2413 2101 2656 2158 durities
2688 2100 2833 2156 senii
2857 2101 2983 2171 jam
3016 2105 3364 2170 pramature
3415 2101 3796 2173 significetur.
3842 2103 3971 2160 Sive

2326 2209 2462 2250 ossa
2491 2192 2620 2262 ejus
2653 2188 3055 2262 implebuntur
3097 2190 3252 2245 vitiis
3296 2189 3715 2255 adolescentia,
3765 2196 3874 2248 etc.
3910 2193 3972 2250 Si

2326 2299 2452 2356 qua
2485 2281 2665 2353 igitur
2701 2278 2942 2334 virtutes
2992 2283 3130 2333 sunt
3177 2277 3357 2334 animi
3409 2279 3466 2333 in
3515 2279 3695 2353 impio
3735 2281 3972 2340 homine

2327 2369 2642 2433 naturales,
2677 2368 2752 2424 ab
2805 2367 3200 2424 adolescentia
3247 2369 3376 2438 ejus
3422 2368 3578 2424 vitiis
3627 2370 3754 2441 ejus
3786 2371 3968 2428 inole-

2325 2465 2519 2527 scunt,
2551 2465 2606 2514 et
2639 2457 3029 2522 resolvuntur,
3063 2461 3163 2510 aut
3195 2456 3478 2524 defluunt,
3523 2462 3587 2513 ut
3617 2458 3763 2513 nihil
3795 2461 3853 2516 in
3885 2461 3970 2518 eis

2325 2551 2576 2609 solidum
2609 2552 2666 2603 et
2696 2548 2838 2601 forte
2891 2549 3164 2600 maneat:
3210 2547 3349 2616 quia
3387 2547 3514 2617 jam
3555 2547 3778 2604 eisdem
3810 2549 3966 2607 vitiis

2323 2645 2606 2712 tanquam
2621 2635 2898 2692 carnibus
2923 2634 3122 2689 fluidis
3147 2634 3412 2691 videlicet
3432 2635 3607 2692 rebus
3623 2639 3968 2709 operiuntur

2323 2735 2383 2786 et
2412 2729 2802 2799 obteguntur:
2838 2722 2939 2778 ubi
2972 2723 3161 2794 magis
3193 2723 3471 2780 deberent
3509 2724 3772 2790 virtutes.
3805 2727 3968 2784 velut

2324 2835 2458 2876 ossa
2490 2815 2677 2872 solida
2706 2818 2762 2869 et
2796 2813 3158 2876 firmissima,
3191 2817 3470 2884 tanquam
3503 2830 3707 2871 carnes
3755 2817 3966 2873 ﬂuidas

2323 2913 2379 2964 et
2408 2905 2650 2969 solutas,
2684 2901 2824 2957 vitia
2854 2900 3222 2972 restringere,
3257 2902 3551 2958 continere
3581 2908 3637 2958 et
3658 2920 3875 2977 regere,
3907 2910 3968 2962 et

2324 2997 2452 3052 ideo
2486 2997 2543 3049 in
2576 2992 2767 3047 carnis
2799 2990 2926 3061 ejus
2959 2989 3193 3061 pulvere
3220 2991 3548 3047 dormiant:
3585 2993 3742 3064 quia,
3792 3011 3965 3066 repu-

2324 3083 2642 3160 gnantibus
2672 3080 2829 3134 vitiis
2860 3083 3035 3150 atque
3067 3077 3456 3146 vincentibus,
3506 3080 3756 3153 rigorem
3800 3084 3963 3139 bona

2323 3192 2440 3232 sua
2471 3178 2692 3228 natura
2725 3168 3015 3224 amittant.

2394 3287 2421 3314 ‹‹
2447 3263 2589 3319 Cum
2618 3258 2774 3316 enim
2807 3257 2976 3313 dulce
3007 3255 3177 3313 fuerit
3206 3257 3264 3312 in
3297 3273 3393 3313 ore
3422 3258 3550 3329 ejus
3571 3259 3814 3329 malum,
3834 3263 3964 3318 abs-

2239 3329 2282 3397 C
2322 3354 2530 3411 condet
2561 3349 2704 3406 illud
2738 3348 2846 3404 sub
2879 3347 3078 3419 lingua
3130 3363 3255 3403 sua.
3289 3369 3317 3397 »
3381 3346 3579 3404 Dulcia
3625 3349 3778 3405 mala
3825 3357 3966 3408 sunt

2318 3443 2517 3516 impie,
2554 3437 2922 3512 blasphemia
2951 3442 3009 3492 et
3038 3440 3244 3491 catera
3273 3437 3392 3492 oris
3424 3443 3677 3509 peccata.
3714 3440 3961 3497 Abscon-
4069 3498 4072 3500 _

2317 3535 2412 3590 det
2443 3531 2555 3589 sub
2589 3528 2791 3601 lingua
2822 3543 2948 3593 sua,
2971 3525 3208 3580 dicens:
3244 3525 3342 3580 ubi
3374 3530 3463 3582 est
3491 3527 3542 3582 ei
3575 3527 3739 3584 labor
3766 3534 3823 3584 et
3851 3530 3959 3584 do-

2316 3623 2422 3695 lor,
2457 3626 2513 3676 et
2541 3617 2811 3674 defendet
2859 3619 3035 3685 atque
3083 3613 3316 3678 celabit,
3367 3618 3431 3668 ut
3486 3614 3567 3670 ait
3609 3617 3956 3686 Scriptura:

2318 3713 2426 3780 Qui
2455 3707 2691 3775 contegit
2749 3703 3094 3772 iniquitatem
3151 3716 3330 3769 suam,
3387 3715 3500 3756 non
3541 3705 3959 3774 prosperam“,-

2315 3803 2506 3873 (Prov.
2536 3812 2674 3861 xvn,
2705 3794 2781 3862 9).

2387 3911 2415 3938 ‹(
2452 3886 2653 3941 Parcet
2683 3880 2790 3941 illi,
2822 3882 2880 3933 et
2910 3895 3024 3932 non
3079 3876 3439 3949 derelinquat
3488 3877 3656 3949 illud,
3688 3903 3707 3927 ι
3749 3881 3808 3936 Id
3842 3885 3951 3951 est,

2316 3975 2531 4048 palpat,
2564 3972 2734 4034 fovet,
2767 3972 2826 4022 et
2857 3965 3038 4020 nutrit
3068 3963 3287 4020 malum
3329 3982 3526 4034 suum,
3576 3969 3633 4021 et
3660 3967 3958 4025 delectans

2315 4081 2378 4120 se
2406 4063 2465 4118 in
2499 4059 2619 4126 illo,
2653 4071 2956 4127 nunquam
2990 4054 3253 4126 poenitet,
3288 4059 3350 4109 ut
3381 4055 3452 4110 ab
3483 4071 3548 4110 eo
3582 4055 3863 4111 discedat.

2388 4152 2494 4206 «Et
2520 4146 2732 4206 celabit
2763 4145 2823 4200 in
2872 4148 3106 4216 gutture
3156 4159 3283 4198 suo.
3318 4166 3344 4193 ››
3394 4143 3541 4199 Illud
3592 4144 3780 4200 dicere
3810 4143 3958 4200 mihi

2315 4241 2567 4303 videtur,
2591 4236 2745 4310 quod
2770 4250 3000 4306 semper
3029 4232 3107 4288 sit
3136 4232 3206 4288 ad
3231 4231 3761 4304 blasphemandum
3794 4249 3963 4305 para-

2315 4334 2433 4399 tus,
2460 4334 2516 4386 et
2547 4343 2661 4383 non
2694 4325 2857 4398 prius
2888 4322 3099 4379 saltem
3133 4337 3234 4393 per
3281 4321 3539 4394 aliquam
3597 4339 3821 4378 moram
3857 4339 3961 4378 co-

2314 4419 2460 4492 gitat
2489 4417 2628 4489 quid
2660 4415 2926 4471 dicturus
2958 4415 3081 4467 est:
3133 4409 3272 4482 quia
3310 4412 3436 4482 jam
3487 4415 3749 4483 paratam
3783 4410 3962 4468 habet

2314 4505 2765 4580 blasphemiam,
2787 4518 2964 4575 quam
2987 4516 3120 4557 cum
3143 4498 3546 4556 maledictione
3561 4500 3754 4556 cordis
3769 4500 3963 4556 effun-

2316 4599 2433 4654 dat.

565 4677 900 4754 trefactum.
933 4693 1003 4748 Et
1032 4690 1131 4762 qui
1161 4687 1455 4759 quondam
1487 4683 1751 4738 viderant
1779 4687 1835 4738 te
1867 4688 2207 4754 regnantem
2239 4699 2286 4765 ι)
2395 4707 2416 4736 ε
2452 4685 2624 4743 Panis
2653 4684 2781 4756 ejus
2812 4680 2870 4737 in
2903 4683 3066 4736 utero
3090 4678 3245 4735 illius
3288 4682 3543 4735 vertetur
3583 4677 3643 4732 in
3700 4678 3773 4734 fel
3803 4677 3960 4751 aspi-

567 4786 627 4842 in
662 4784 866 4858 gloria,
900 4797 1054 4836 nunc
1105 4776 1382 4850 inquiunt
1429 4771 1737 4828 insultanti
1782 4788 1951 4827 voce:
1985 4771 2090 4827 Ubi
2121 4776 2213 4829 est
2318 4777 2460 4832 dum
2493 4773 2866 4831 intrinsecus.
2908 4791 2935 4820 υ
2967 4768 3139 4824 Panis
3187 4767 3407 4824 scilicet
3449 4771 3569 4823 tota
3605 4767 3722 4823 vita
3751 4767 3959 4838 hujus-

565 4874 667 4938 ille
693 4870 1171 4946 sapientissimus
1201 4863 1530 4934 hominum,
1563 4866 1619 4918 et
1649 4861 2090 4933 potentissimus
2123 4877 2210 4917 re-

568 4981 708 5038 gum
729 4964 756 5020 ‘?

642 5077 670 5105 «
699 5052 872 5109 Velut
891 5049 1185 5107 somnium
1221 5043 1456 5100 aVolans
1487 5058 1600 5098 non
1633 5040 1999 5096 invenietur:
2023 5043 2210 5095 trans-

569 5145 652 5202 iet
671 5143 825 5200 sicut
844 5140 990 5197 vieio
1021 5142 1324 5194 nocturna.
1360 5157 1386 5182 ››
1411 5131 1777 5188 Manifestum
1801 5133 1889 5185 est
1908 5129 2060 5184 sicut
2081 5128 2164 5184 ait
2190 5145 2204 5183 :

571 5232 774 5306 Defeci:
803 5231 950 5286 velut
1008 5227 1284 5283 somnium
1341 5223 1616 5294 surgentis
1663 5218 1846 5291 (Psal.
1915 5235 2084 5285 Lxxu,
2117 5218 2204 5284 19,

565 5326 679 5395 20).

640 5436 668 5464 ‹‹
699 5410 918 5468 Oculus
947 5407 1048 5481 qui
1079 5421 1212 5462 eum
1246 5403 1485 5469 viderat,
1548 5417 1661 5455 non
1721 5398 1939 5454 videbit
1971 5415 1984 5453 :
2018 5413 2207 5468 neque

571 5502 724 5558 ultra
749 5497 1073 5558 intuebitur
1101 5510 1235 5551 eum
1270 5493 1431 5547 locus
1478 5506 1642 5546 suus.
1677 5510 1704 5538 ››
1760 5488 1820 5543 ld
1882 5489 1990 5557 est,
2019 5485 2209 5566 honor

569 5590 757 5662 impiii
787 5607 903 5646 non
934 5585 1148 5660 poterit
1175 5579 1453 5654 reparari.
2025 5567 2028 5570 ”

641 5701 669 5729 ‹‹
699 5678 827 5734 Filii
857 5679 984 5748 ejus
1015 5677 1340 5730 atterentur
1379 5670 1654 5742 egestate.
1690 5689 1716 5715 »
1747 5666 1872 5722 Sive
1919 5681 2055 5738 ergo
2085 5681 2208 5721 car-

574 5765 737 5829 nales
767 5764 875 5824 ﬁlii
904 5765 1052 5837 ejus,
1086 5762 1206 5820 sive
1233 5775 1408 5844 opera
1437 5773 1562 5830 qua
1593 5755 1911 5833 aliquando
1955 5754 2210 5816 filiorum

2321 4864 2478 4921 modi
2510 4861 2787 4928 hominis,
2821 4863 2910 4915 est
2940 4857 3242 4913 delectatio
3284 4861 3674 4929 peccatOrum,
3717 4855 3964 4912 dulcedo

2322 4953 2747 5018 illecebrarum,
2782 4954 2840 5005 et
2877 4947 3154 5014 suavitas,
3181 4963 3308 5019 qua
3340 4962 3538 5002 amara
3590 4945 3673 5000 illi
3721 4950 3778 5001 et
3807 4961 3962 5001 mor-

2321 5044 2492 5100 tifera
2517 5039 2893 5114 postmodum
2927 5035 3055 5092 erit.
3091 5037 3251 5102 Quod
3283 5041 3476 5091 autem
3509 5035 3654 5090 dixit
3683 5033 3741 5088 in
3762 5037 3964 5090 ventre

2320 5133 2470 5204 ejus,
2503 5131 2612 5187 hoc
2643 5128 2745 5197 ait,
2779 5126 2935 5199 quod
2968 5125 3144 5181 etiam
3174 5123 3234 5179 in
3267 5125 3435 5180 corde
3467 5140 3573 5180 suo
3605 5140 3706 5195 pro
3737 5121 3962 5194 iniqui-

2320 5220 2542 5277 tatibus
2571 5218 2717 5284 suis,
2766 5231 3000 5273 amaros
3047 5212 3298 5283 dolores,
3349 5214 3588 5269 acerbos
3646 5217 3702 5268 et
3748 5209 3966 5267 nimios

2321 5308 2680 5368 conscientia
2699 5309 3004 5377 torquente
3037 5304 3312 5376 patiatur.

2397 5423 2417 5448 ι
2453 5397 2695 5454 Divitias
2721 5411 2870 5468 quas
2917 5393 3212 5450 devoravit
3263 5395 3509 5458 evomet,
3558 5394 3615 5445 et
3662 5389 3734 5445 de
3763 5390 3966 5444 ventre

2320 5487 2479 5545 illius
2510 5485 2772 5544 extrahet
2800 5499 2899 5540 eas
2926 5483 3104 5539 Deus.
3145 5481 3333 5552 Caput
3353 5480 3623 5552 aspidum
3656 5481 3876 5550 surget,
3909 5479 3968 5534 et

2319 5578 2543 5634 occidet
2572 5591 2705 5632 eum
2741 5573 2942 5645 lingua
2972 5572 3199 5643 vipera.
3237 5593 3262 5618 ι)
3313 5571 3474 5636 Quod
3529 5569 3728 5640 inique
3759 5571 3816 5622 et
3843 5565 3968 5621 vio-

2317 5665 2504 5722 lenter
2525 5663 2746 5737 rapuit,
2775 5667 2833 5717 et
2864 5660 3094 5730 invasit,
3121 5659 3325 5716 merito
3351 5659 3407 5720 .ei
3456 5658 3610 5714 Deus
3659 5671 3860 5730 pcenas
3888 5653 3966 5709 il-

2319 5754 2455 5814 latis
2485 5752 2832 5814 criminibus
2853 5751 2980 5823 ejus
3005 5747 3259 5808 reddidit
3288 5766 3301 5807 :
3333 5753 3390 5808 et
3417 5747 3500 5804 ita
3525 5743 3968 5825 extorquebitur
