4310 6600
339 465 455 526 709

1417 455 1936 519 COMMENTAR.
1979 448 2061 516 IN
2104 451 2270 517 JOB.
2317 454 2488 517 CAP.
2532 454 2658 516 XX.

3634 458 3754 530 719

341 597 414 653 ab
436 596 638 668 iniquo
659 592 814 667 quod
835 590 1055 663 injuste
1076 589 1418 647 abstulerat.
1446 590 1703 662 Angelus
1733 587 1986 644 veroille
2018 588 2071 654 Α
2103 592 2336 644 sanctos
2385 589 2511 659 ejus
2555 591 2917 662 oppugnant.
2975 587 3134 653 Quod
3185 593 3381 646 autem
3422 590 3540 647 ait:
3585 592 3754 650 Pluat

343 685 443 757 qui
491 687 725 739 centum
772 678 1068 752 octoginta
1115 677 1376 750 quinque
1426 676 1614 732 millia
1662 676 1874 732 occidit
1902 675 1990 746 (IV

343 773 472 844 Reg.
504 787 618 838 xxx,
651 769 764 840 35),
810 767 1039 822 videtur
1080 767 1271 821 bonus
1321 765 1565 838 angelus
1597 764 1814 820 fuisse:
1851 762 1990 834 quia

344 860 534 934 angeli
567 873 854 915 messores
886 862 1044 922 sunt,
1080 854 1303 910 zizania
1331 855 1568 927 ignibus
1591 853 1821 910 aeternis
1852 869 1988 907 exu-

345 950 542 1006 renda.
575 946 776 1021 (Matth.
809 962 936 1016 x111,
969 944 1059 1013 39,
1091 944 1205 1014 40).

414 1063 441 1089 ‹‹
475 1037 599 1094 Non
647 1036 839 1092 videat
889 1033 1109 1090 rivulos
1160 1031 1443 1101 ﬂuminis,
1489 1031 1768 1087 torrentis
1799 1029 1991 1086 mellis

341 1131 399 1184 et
415 1125 627 1200 butyri.
646 1123 1053 1180 Ammnitatem
1071 1121 1189 1178 sive
1205 1120 1444 1176 delicias
1456 1119 1735 1193 paradisi,
1754 1118 1995 1174 afﬂuen-

340 1216 482 1272 tiam
515 1229 748 1288 quoque
779 1213 907 1283 eius
937 1211 1031 1266 his
1081 1209 1422 1266 nominibus
1470 1207 1788 1281 signiﬁcari
1819 1223 1989 1262 nove-

345 1307 532 1362 rimus
556 1321 569 1360 :
603 1309 660 1360 et
683 1318 848 1374 reges
869 1300 928 1355 hi
955 1299 1053 1372 qui
1076 1316 1191 1355 non
1214 1298 1529 1356 adversarii
1553 1301 1719 1353 erant
1739 1295 1990 1364 veritati,

343 1394 500 1467 quod
531 1392 642 1464 ipsi
675 1390 795 1446 sint
825 1387 906 1444 illi
937 1388 1195 1460 impetus
1243 1386 1526 1456 ﬂuminis,
1568 1386 1666 1458 qui
1699 1384 1996 1441 laetificant

344 1483 636 1539 civitatem
672 1481 688 1551 (
719 1479 867 1535 Psal.
910 1494 1034 1546 XLV,
1063 1478 1142 1549 5),
1175 1494 1290 1532 non
1343 1476 1595 1532 absurde
1625 1473 1993 1546 intelligitur,

347 1575 622 1628 manante
653 1568 873 1625 scilicet
902 1567 972 1623 de
1004 1568 1182 1632 fonte,
1215 1565 1334 1622 sive
1365 1566 1435 1620 de
1465 1563 1706 1620 ﬂumine
1732 1558 1994 1636 Scriptu-

345 1676 582 1716 rarum:
617 1659 738 1714 sive
781 1656 1015 1713 eosdem
1065 1654 1358 1728 apostolos
1412 1654 1519 1710 hos
1558 1653 1812 1726 impetus
1843 1657 1996 1708 recte

345 1749 659 1815 sentimus,
692 1751 968 1801 exeuntes
994 1745 1065 1800 de
1107 1744 1265 1800 fonte
1312 1741 1608 1815 Evangelii
1642 1743 1711 1797 ad
1745 1741 1992 1815 irrigan-

345 1838 450 1894 das
479 1842 665 1894 terras
697 1834 926 1891 steriles
959 1833 1308 1906 populorum
1337 1850 1348 1888 :
1384 1848 1530 1904 quos
1561 1831 1736 1886 etiam
1770 1835 1993 1886 torren-

345 1934 433 1985 tes
486 1930 724 2000 propter
770 1923 1046 2000 velociter
1087 1923 1333 1978 effusam
1384 1937 1560 1993 super
1608 1936 1840 1976 omnem
1886 1920 1992 1975 do-

343 2016 562 2073 trinam
575 2031 801 2079 eorum,
815 2011 1138 2084 intelligere
1154 2012 1465 2066 debemus:
1490 2027 1618 2082 quae
1633 2008 1996 2065 doctrinadi-

344 2106 500 2176 vina,
533 2103 691 2160 melli
725 2107 963 2175 propter
991 2101 1355 2172 eloquiorum
1393 2099 1491 2154 Dei
1513 2099 1906 2167 dulcedinem,
1939 2103 1995 2154 et

347 2195 555 2266 butyro
588 2196 823 2265 propter
850 2189 1177 2262 sinplicem,
1208 2195 1266 2245 et
1295 2191 1665 2245 innocentem
1696 2189 1994 2258 eumdem,

350 2284 546 2338 cibum
571 2279 841 2336 doctrinae
857 2279 1158 2335 verissime
1185 2281 1561 2350 comparatur
1585 2295 1598 2333 :
1623 2277 1725 2349 qui
1746 2277 1920 2334 etiam
1937 2277 1997 2332 in

350 2369 576 2444 psalmo
598 2369 750 2425 hanc
776 2367 1147 2424 dulcedinem
1170 2367 1419 2439 impium
1444 2383 1560 2421 non
1594 2365 1734 2420 dicit
1763 2365 1996 2421 habitu-

349 2476 504 2516 rum.

423 2571 451 2599 «
490 2549 635 2604 Luet
655 2563 780 2618 qua
803 2545 937 2602 fecit
957 2545 1174 2614 omnia,
1201 2561 1306 2601 nec
1327 2549 1522 2600 tamen
1545 2548 1945 2600 consumetur.
1975 2565 1994 2592 ι

350 2637 500 2693 Illud
532 2641 642 2704 est,
694 2636 836 2709 quia
887 2635 1154 2707 gehenna
1202 2635 1467 2707 quaedam
1500 2639 1782 2706 perpetua
1813 2633 2001 2688 incor-

353 2731 569 2800 ruptio,
602 2729 660 2781 et
699 2729 914 2780 aeterna
956 2724 1387 2796 perseverantia
1433 2727 1860 2779 tormentorum
1891 2726 1999 2778 est.

430 2841 450 2867 ι
485 2816 662 2872 Juxta
709 2813 1150 2869 multitudinem
1201 2813 1678 2868 adinventionum
1736 2829 2004 2880 suarum,

354 2907 439 2963 sic
463 2909 520 2962 et
541 2902 858 2960 sustinebit
880 2920 892 2958 :
913 2901 1190 2974 quoniam
1218 2901 1589 2972 confringens
1608 2899 1851 2956 nudavit
1869 2917 2008 2972 pau-

355 2993 509 3068 peris
567 2993 852 3048 domum:
910 2990 1127 3062 rapuit,
1188 2995 1242 3044 et
1275 3006 1387 3045 non
1449 2989 1755 3044 aedificavit
1790 3006 1938 3044 eam.
1973 3009 1999 3040 ιο

353 3081 528 3140 Juxta
543 3079 686 3137 illud
703 3080 857 3154 quod
875 3080 1158 3153 prOpheta
1173 3078 1315 3134 dicit
1329 3079 1399 3133 ad
1419 3078 1602 3134 Deum
1621 3095 1632 3133 :
1651 3078 1927 3150 quoniam
1943 3083 2004 3134 tu

357 3171 564 3227 reddes
580 3170 898 3242 unicuique
916 3168 1237 3226 secundum
1253 3185 1429 3240 opera
1446 3184 1554 3222 sua
1569 3169 1742 3236 (Psal.
1761 3184 1874 3235 LXI,
1897 3168 2006 3240 13).

430 3283 458 3310 ‹‹
492 3261 606 3316 Nec
636 3264 726 3316 est
771 3259 1016 3314 satiatus
1067 3261 1266 3314 venter
1311 3258 1461 3328 ejus.
1516 3280 1543 3308 ››
1593 3257 1868 3313 Ventrem
1915 3256 2008 3312 hic

2098 694 2274 748 super
2303 694 2435 732 eum
2489 677 2720 733 abunde
2768 678 2826 732 in
2871 694 3004 734 eum
3058 677 3408 736 calamitatis
3453 680 3751 738 miseriam

2098 771 2369 838 precatur
2413 766 2671 822 effundi:
2724 766 2843 823 sive
2892 767 3066 823 homo
3116 767 3337 839 impius
3385 769 3484 842 qui
3530 770 3752 830 bellum

2098 855 2477 927 blasphemiae
2509 855 2684 912 infert
2715 856 2850 928 Deo,
2885 855 3120 928 recipiet
3151 873 3301 929 opus
3337 875 3532 915 suum.

2176 966 2203 994 ‹‹
2232 943 2439 1015 Fugiet
2458 961 2621 1000 arma
2645 945 2846 1013 ferrea,
2875 949 2931 1001 et
2951 945 3134 1002 irruet
3159 945 3217 1002 in
3241 963 3441 1004 arcum
3465 965 3749 1007 aereum.»

2100 1032 2408 1104 Tanquam
2466 1032 2516 1087 si
2572 1033 2824 1090 diceret:
2890 1035 3125 1106 quando
3183 1037 3410 1108 putavit
3466 1055 3528 1096 se
3578 1039 3753 1095 levio-

2102 1137 2194 1177 res
2225 1120 2590 1177 calamitatcs
2621 1138 2792 1192 posse
2841 1123 3060 1195 fugere,
3111 1124 3167 1179 in
3211 1125 3527 1184 atrociores
3555 1128 3754 1186 incur-

2103 1213 2204 1265 ret.
2243 1209 2372 1265 Sive
2405 1209 2606 1266 aliter:
2643 1211 2702 1266 Si
2753 1211 2942 1268 socios
2980 1217 3037 1268 et
3086 1213 3389 1271 ministros
3419 1217 3634 1273 diaboli
3663 1219 3753 1274 fu-

2102 1299 2246 1369 giat,
2282 1298 2539 1354 incurret
2566 1300 2623 1354 in
2673 1299 2868 1371 ipsum
2919 1301 3238 1374 principem
3271 1305 3668 1373 tenebrarum,
3699 1312 3756 1363 et

2103 1403 2236 1442 cum
2269 1387 2386 1442 sint
2416 1386 2498 1442 illi
2531 1387 2775 1444 rebelles
2807 1389 2862 1444 in
2906 1390 3153 1456 malitia,
3200 1391 3378 1448 fortes
3407 1398 3462 1448 et
3490 1394 3751 1452 duricor-

2104 1477 2206 1531 des
2239 1482 2515 1548 tanquam
2555 1494 2719 1534 arma
2762 1478 2966 1547 ferrea,
3017 1480 3076 1534 in
3123 1481 3378 1552 pejorem
3423 1487 3616 1539 tamen
3648 1501 3755 1540 au-

2105 1567 2318 1620 ctorem
2351 1565 2533 1620 totius
2564 1564 2724 1635 mali,
2757 1569 2913 1622 velut
2940 1568 2995 1623 in
3029 1585 3231 1624 arcum
3277 1587 3502 1626 aeneum
3534 1572 3754 1645 impin-

2104 1658 2240 1725 get:
2276 1670 2450 1726 quem
2483 1659 2623 1727 puto
2653 1655 2781 1712 ideo
2809 1655 2917 1712 hoc
2946 1656 3072 1712 loco
3111 1674 3310 1713 arcum
3343 1660 3750 1718 nominatum:

2103 1742 2244 1815 quia
2272 1741 2356 1798 vel
2390 1745 2722 1800 maximein
2772 1744 3002 1802 insidiis
3041 1750 3098 1802 et
3121 1745 3253 1802 dolo
3305 1747 3572 1806 homines
3628 1749 3754 1807 ino-

2104 1831 2376 1903 pinantes
2400 1831 2746 1889 interemere
2776 1851 2891 1889 non
2924 1834 3158 1890 desinit.
3193 1842 3345 1891 Arcu
3371 1837 3527 1892 enim
3567 1837 3752 1911 inopi-

2106 1920 2382 1976 nantibus
2413 1920 2756 1994 plerumque
2786 1922 2901 1978 tela
2937 1923 3260 1995 jaciuntur.
3296 1926 3364 1980 Et
3395 1942 3510 1982 non
3539 1925 3752 1984 libera-

2105 2009 2260 2064 bitur
2293 2009 2362 2063 de
2414 2027 2588 2065 manu
2640 2011 2840 2083 gladii.
2873 2011 2990 2068 Hoc
3019 2012 3195 2071 dicit:
3229 2013 3368 2086 quia
3407 2032 3522 2071 non
3555 2015 3758 2074 evadet

2105 2098 2373 2154 diabolus
2407 2104 2654 2154 mortem
2687 2104 3046 2173 perpetuam.
3662 2094 3687 2110 ⁸

2178 2210 2206 2240 ‹‹
2235 2185 2474 2243 Gladius
2499 2188 2806 2258 deductus,
2840 2193 2898 2244 et
2938 2190 3240 2262 egrediens
3271 2192 3342 2248 de
3383 2193 3592 2266 vagina
3622 2211 3756 2264 sua,

2107 2281 2165 2332 et
2198 2276 2507 2350 fulgurans
2552 2277 2610 2332 in
2663 2279 3054 2335 amaritudine
3101 2296 3227 2336 sua.
3259 2303 3287 2332 ››
3318 2281 3464 2345 Quia
3499 2283 3757 2341 diximus

2109 2381 2337 2431 arcum,
2361 2364 2644 2422 translato
2668 2367 2924 2438 nomine,
2949 2367 3246 2425 diabolum
3278 2387 3451 2446 posse
3475 2371 3755 2446 intelligi:

2109 2454 2210 2527 qui
2242 2454 2380 2510 dum
2415 2455 2810 2512 inobedientia
2830 2459 3261 2530 transgreditur
3289 2460 3592 2533 terminos,
3621 2467 3678 2518 et
3698 2462 3758 2518 in

2111 2543 2384 2615 superbia
2410 2544 2600 2600 elatus
2632 2550 2815 2602 metas
2847 2550 3062 2602 sanctae
3083 2547 3435 2604 humilitatis
3464 2553 3761 2607 transcen-

2112 2633 2234 2688 dit:
2272 2634 2438 2705 quasi
2470 2634 2542 2689 de
2589 2633 2800 2706 vagina
2844 2635 3022 2691 beata
3076 2635 3454 2694 habitationis
3476 2638 3641 2709 justo
3664 2639 3759 2709 ju-

2111 2721 2260 2776 dicio
2292 2721 2392 2778 Dei
2441 2723 2686 2778 eductus
2735 2728 2910 2795 atque
2958 2723 3237 2796 expulsus
3285 2731 3392 2782 est.
3442 2727 3572 2782 Sive
3617 2727 3760 2784 edu-

2113 2815 2270 2866 ctum
2303 2812 2374 2867 de
2395 2813 2624 2884 vagina,
2655 2817 2924 2883 paratum
2957 2830 3188 2886 semper
3209 2813 3279 2869 ad
3304 2814 3760 2872 interimendum

2115 2900 2433 2971 fugientem
2467 2918 2547 2971 se,
2581 2901 2976 2972 significatum
3007 2918 3136 2958 esse
3157 2903 3514 2959 noverimus.
3547 2903 3762 2960 Vulne-

2115 2989 2266 3044 rabit
2297 3006 2431 3044 eum
2489 2990 2703 3062 sagitta
2759 3007 2918 3046 aenea
2965 2996 3125 3047 Prov.
3177 3008 3307 3058 xxv,
3365 2992 3474 3064 18).
3505 2993 3601 3049 ίΕε
3632 2993 3762 3050 diu-

2115 3077 2304 3132 tinum
2337 3082 2459 3132 est:
2495 3077 2630 3133 huic
2674 3077 2906 3134 metallo
2953 3079 3224 3136 diabolus
3270 3086 3662 3154 comparatur,
3696 3097 3764 3140 eo

2117 3169 2270 3238 quod
2305 3167 2375 3221 ad
2410 3166 2869 3222 interimendum
2903 3183 3203 3239 nunquam
3237 3169 3492 3241 deficiat,
3527 3187 3632 3226 nec
3667 3188 3761 3227 se-

2119 3259 2350 3310 nectute
2371 3254 2568 3326 aliqua
2592 3259 2999 3328 consumatur,
3024 3255 3125 3328 qui
3149 3257 3327 3314 etiam
3354 3258 3632 3330 fulgurat,
3655 3259 3763 3316 hoc

359 3347 719 3421 appellatum
769 3351 908 3418 puto
958 3346 1252 3418 quoddam
1305 3345 1734 3418 receptaculum
1775 3345 2004 3416 animae,
2037 3337 2080 3404 C
2119 3349 2208 3399 est
2237 3343 2617 3416 transﬁgurat
2645 3359 2707 3399 se
2736 3343 2795 3399 in
2828 3343 3100 3417 angelum
3131 3344 3299 3402 lucis.

361 3436 461 3492 ubi
493 3436 874 3509 cogitationes
904 3436 1032 3506 ejus
1078 3434 1247 3507 quasi
1278 3452 1419 3492 escae
1451 3435 1715 3491 ciborum
1747 3435 2009 3491 recondi-

362 3528 434 3582 ιω
467 3525 860 3596 continentur,
889 3541 1062 3597 quem
1090 3524 1556 3596 inexplicabilem
1594 3525 1757 3581 dicit.

437 3637 467 3666 «
497 3614 569 3669 Et
609 3629 742 3669 cum
792 3612 1061 3669 habuerit
1107 3630 1234 3686 quae
1282 3613 1672 3686 concupierat,
1713 3614 2012 3686 possidere

365 3720 480 3760 non
515 3702 744 3776 poterit.
778 3703 1306 3770 Quemadmodum,
1346 3707 1402 3758 et
1448 3709 1511 3758 tu
1544 3703 1688 3776 ipse,
1722 3704 1820 3776 qui
1846 3704 2011 3776 justo

361 3794 462 3850 Dei
489 3793 712 3864 judicio
744 3808 916 3848 omne
947 3793 1365 3866 patrimonium
1395 3795 1721 3867 perdidisti.

434 3907 461 3933 ‹‹
496 3884 620 3940 Non
653 3883 938 3939 remansit
988 3884 1059 3939 de
1091 3884 1218 3939 cibo
1263 3884 1411 3954 ejus,
1439 3889 1498 3940 et
1528 3889 1835 3957 propterea
1864 3884 2010 3941 nihil

358 3971 727 4045 permanebit
756 3972 826 4028 de
857 3972 1026 4028 bonis
1074 3973 1223 4042 ejus.
1278 3996 1298 4022 ι
1339 3971 1793 4030 Inbumanitatis
1819 3975 1870 4030 ei
1904 3991 2011 4030 no-

357 4065 478 4117 tam
501 4061 704 4129 inurit,
731 4077 796 4117 eo
819 4061 973 4132 quod
1005 4061 1075 4117 de
1097 4061 1458 4117 abundantia
1480 4079 1696 4119 mensae
1721 4080 1839 4119 suae
1861 4062 2010 4118 nulli

358 4150 660 4222 peregrino
692 4149 778 4206 vel
829 4149 1045 4222 hospiti
1096 4151 1469 4207 refectionem
1524 4151 1873 4224 praebuerit:
1907 4153 2009 4208 sed

360 4239 581 4294 fallitur
608 4238 866 4311 SOpbar:
922 4239 1059 4309 quia
1088 4244 1328 4295 sanctus
1370 4240 1478 4295 Job
1521 4240 1682 4310 dicit,
1717 4240 1778 4297 Si
1804 4241 2013 4299 comedi

368 4329 662 4384 buccellam
689 4345 869 4384 meum
896 4329 1042 4383 solus
1082 4328 1196 4400 (Job
1226 4346 1377 4400 XXXI,
1422 4330 1530 4401 17).
1587 4330 1710 4386 Non
1744 4347 2007 4387 remane-

366 4418 453 4473 bit
484 4418 554 4472 de
585 4417 730 4473 cibis
758 4418 908 4489 ejus,
944 4418 1082 4489 quia
1112 4435 1226 4472 non
1260 4417 1550 4473 ﬂorebunt
1581 4418 1734 4474 bona
1776 4437 1902 4476 sua.

438 4529 466 4557 «
499 4511 637 4561 Cum
659 4507 906 4562 satiatus
930 4507 1122 4576 fuerit,
1143 4506 1480 4575 arctabitur,
1502 4508 1792 4575 mstuahit,
1816 4513 1872 4565 et
1892 4525 2011 4565 om-

365 4596 456 4652 nis
488 4595 654 4652 dolor
684 4596 867 4652 irruet
897 4613 1075 4670 super
1101 4613 1256 4652 cum.
1288 4619 1316 4645 ››
1343 4598 1486 4653 Cum
1520 4597 1736 4654 divitiis
1765 4598 2007 4665 scilicet,

361 4695 415 4738 et
444 4699 638 4739 rerum
674 4682 938 4739 omnium
971 4684 1330 4740 abundantia
1355 4685 1604 4742 refertus
1627 4686 1820 4758 fuerit,
1853 4687 2009 4743 subi-

358 4776 454 4827 tus
485 4773 535 4827 ei
567 4771 840 4827 interitus
868 4772 1093 4828 veniet:
1131 4777 1461 4830 coarctatus
1484 4775 1721 4831 miseria
1750 4775 2008 4834 irruente

360 4864 533 4933 atque
581 4860 915 4932 conclusus,
967 4861 1369 4918 calamitatum
1419 4862 1686 4921 cladibus
1715 4867 2005 4924 mstuabit.

437 4971 465 5003 ε
495 4949 728 5007 Utinam
777 4950 1091 5023 impleatur
1131 4958 1331 5009 venter
1378 4955 1526 5024 ejus,
1579 4959 1642 5010 ut
1689 4957 1918 5012 emittat
1947 4957 2005 5014 in

359 5038 554 5096 sinum
586 5041 915 5113 spatiosum
947 5047 1208 5098 ventrem
1241 5043 1449 5098 animae
1483 5044 1754 5116 superius
1788 5046 2009 5104 intelle-

357 5127 574 5184 ximus.
605 5133 723 5185 Hoc
753 5147 889 5204 ergo
922 5131 1080 5203 dicit,
1114 5134 1213 5204 qui
1234 5133 1361 5204 jam
1415 5134 1868 5205 cogitationibus
1897 5135 2009 5192 ini-

358 5217 663 5290 quissimis
696 5220 906 5292 plenus
949 5227 1060 5290 est,
1102 5238 1290 5294 usque
1329 5222 1400 5278 ad
1435 5239 1735 5279 summum
1768 5225 1886 5281 oris
1915 5227 2008 5282 sui

355 5305 724 5380 blasphemia
772 5310 1140 5366 cumuletur:
1191 5311 1311 5366 sive
1359 5310 1506 5367 iram
1557 5312 1770 5368 furoris
1822 5313 2009 5386 ipsius

355 5395 571 5452 diaboli
606 5398 872 5454 animum
905 5415 1020 5454 non
1054 5399 1308 5456 absurde
1353 5401 1664 5473 sentimus,
1697 5419 1800 5474 per
1832 5420 2008 5475 quem

357 5486 682 5558 probantur
711 5488 918 5544 sancti.

429 5598 458 5625 «
493 5576 560 5631 Et
591 5575 758 5649 pluat
787 5593 962 5649 super
999 5577 1168 5634 illum
1218 5578 1435 5635 bellum
1487 5597 1684 5637 suum.
1721 5603 1748 5630 ››
1781 5578 2006 5637 Bellum

359 5681 472 5736 prae
505 5665 886 5722 multitudine
909 5683 1035 5735 sua,
1087 5673 1338 5740 possunt
1385 5669 1632 5744 intelligi
1665 5671 2008 5728 adversariae

359 5757 702 5834 potestates.
731 5756 861 5813 Ista
880 5755 1062 5830 igitur
1081 5754 1301 5815 bellum
1332 5757 1447 5818 Deo
1469 5758 1748 5839 inferunt,
1773 5763 2009 5836 quando

2192 3455 2220 3484 «
2253 3432 2496 3502 Vadent,
2527 3437 2583 3488 et
2620 3432 2854 3489 venient
2897 3449 3073 3506 super
3118 3450 3253 3490 eum
3308 3435 3669 3492 horribiles.»
3700 3435 3763 3494 Id

2121 3527 2227 3590 est,
2264 3521 2403 3577 socii
2435 3523 2584 3591 ejus.

2193 3635 2220 3662 «
2251 3615 2468 3668 Omnes
2485 3611 2737 3667 tenebrae
2754 3611 3107 3668 absconditae
3127 3618 3268 3670 sunt
3284 3614 3344 3669 in
3361 3613 3548 3670 oculis
3565 3615 3713 3687 ejus.
3736 3638 3764 3666 ››

2119 3701 2388 3757 Tenebrae
2422 3701 2480 3756 in
2503 3700 2612 3757 hoc
2634 3699 2758 3757 loco
2780 3700 3171 3774 intelligendas
3201 3707 3340 3759 sunt
3359 3709 3614 3777 peccata,
3648 3704 3767 3761 sive

2121 3808 2189 3848 ea
2219 3809 2342 3864 qua:
2374 3789 2690 3846 commissa
2721 3791 2792 3846 ab
2822 3790 3003 3864 impio
3033 3792 3318 3860 sunt,sive
3344 3794 3768 3852 committenda

2121 3885 2262 3936 sunt
2290 3880 2348 3936 in
2381 3881 2552 3936 corde
2581 3882 2731 3952 ejus.
2764 3883 2820 3937 et
2849 3881 3081 3951 affectu,
3114 3886 3171 3938 et
3200 3882 3654 3957 cogitationibus
3684 3883 3767 3941 la-

2121 3973 2278 4026 tent:
2314 3986 2440 4041 quae
2471 3969 2599 4025 ideo
2631 3969 2688 4024 in
2739 3974 2976 4026 secretis
3024 3972 3238 4027 mentis
3269 3973 3396 4042 ejus
3425 3973 3771 4030 abscondita

2121 4060 2397 4115 dicuntur
2445 4075 2593 4126 esse,
2642 4058 2783 4129 quia
2829 4058 2946 4116 illis
2995 4059 3162 4128 favet,
3214 4061 3416 4133 eisque
3444 4061 3768 4134 plurimum
3861 4074 3866 4075 ί

2121 4148 2460 4205 delectatur.

2192 4263 2218 4290 ‹‹
2255 4235 2558 4294 Devorabit
2605 4253 2738 4292 eum
2786 4236 2939 4308 ignis
2988 4236 3089 4308 qui
3141 4253 3254 4292 non
3309 4238 3702 4295 succenditur.
3739 4261 3768 4290 »

2120 4328 2286 4384 Hunc
2322 4327 2516 4400 ignem
2550 4342 2665 4382 non
2698 4327 2949 4382 absurde
2978 4325 3365 4399 intelligimus
3395 4343 3524 4384 esse
3553 4327 3772 4400 gehen-

2122 4436 2280 4483 nam,
2314 4418 2412 4490 qui
2447 4435 2560 4472 non
2607 4415 2869 4472 materiis
2907 4416 3285 4487 quibusdam,
3335 4421 3391 4472 et
3422 4415 3656 4489 pabulis
3685 4417 3770 4472 vi-

2119 4507 2218 4578 vit,
2253 4512 2317 4562 ut
2345 4506 2583 4574 ardeat;
2613 4505 2713 4562 sed
2745 4522 2847 4578 per
2889 4504 3149 4577 seipsum
3201 4509 3266 4560 ut
3303 4509 3534 4562 creatus
3563 4509 3652 4562 est
3681 4505 3773 4562 vi-

2119 4613 2284 4670 gens,
2320 4600 2533 4652 cuncta
2563 4611 2690 4666 quae
2722 4594 2773 4651 ei
2807 4593 3022 4666 injecta
3051 4593 3266 4650 fuerint
3293 4598 3644 4652 concremat.
3679 4595 3775 4651 Er-

2118 4703 2190 4759 go
2224 4686 2332 4741 iste
2361 4685 2515 4757 ignis
2546 4682 2846 4740 devorabit
2875 4684 3122 4755 impium
3155 4684 3251 4756 qui
3287 4688 3568 4757 tanquam
3600 4685 3774 4743 ratio-

2121 4773 2330 4830 nabilis
2362 4775 2442 4829 ita
2471 4790 2606 4829 eum
2657 4771 2866 4846 glutiet
2913 4778 3088 4844 atque
3131 4772 3486 4846 absorbebit,
3517 4778 3582 4830 ut
3611 4773 3672 4829 in
3702 4788 3770 4830 eo

2117 4863 2350 4920 {sternis
2379 4861 2718 4918 criciatibus
2749 4866 3108 4933 torqueatur.

2193 4975 2221 5005 ‹‹
2251 4951 2544 5024 Afﬂigitur
2574 4950 2811 5007 relictus
2843 4951 2902 5006 in
2931 4951 3328 5007 tabernaculo.
3357 4968 3463 5007 suo
3498 4974 3517 5000 υ
3545 4950 3628 5007 0b
3662 4951 3770 5007 im-

2117 5042 2390 5115 pietatem
2446 5039 2714 5096 videlicet
2761 5057 2930 5097 suam
2980 5041 3222 5112 iniquus
3268 5039 3769 5113 derelinquetura

2117 5132 2255 5203 Deo,
2289 5135 2354 5187 ut
2384 5129 2442 5186 in
2488 5129 2864 5186 tabernaculo
2915 5131 3174 5204 corporis
3225 5130 3316 5185 sui
3347 5129 3534 5202 pcsnis
3563 5145 3766 5201 perpe-

2117 5221 2236 5277 tuis
2267 5220 2577 5276 crucietur.

2190 5332 2217 5360 «
2255 5308 2619 5365 Revelabunt
2638 5307 2766 5365 σαιΙί
2789 5309 3161 5382 iniquitatem
3185 5309 3332 5380 ejus,
3367 5311 3424 5363 et
3444 5312 3598 5364 terra
3621 5323 3767 5388 con-

2119 5405 2320 5472 surget
2365 5399 2674 5455 adversum
2720 5415 2876 5456 eum.
2915 5421 2944 5449 »
2978 5399 3039 5454 In
3102 5397 3504 5454 testimonium
3563 5395 3768 5469 utique

2118 5496 2289 5544 erunt
2315 5488 2528 5561 angeli,
2562 5493 2619 5544 et
2649 5487 2834 5544 sancti
2881 5487 3172 5554 homines,
3205 5489 3269 5540 ut
3315 5483 3580 5542 noverint
3609 5485 3765 5558 quod

2118 5595 2320 5651 poenas
2342 5577 2678 5650 justissime
2707 5577 2981 5650 patiatur.

2195 5691 2215 5719 (ι
2250 5670 2530 5742 Apertum
2559 5666 2669 5722 erit
2692 5681 2928 5740 germen
2958 5665 3170 5720 domus
3191 5663 3371 5721 illius.
3401 5687 3422 5717 ι
3461 5665 3766 5739 Injudicio

2116 5758 2237 5832 Dei,
2270 5758 2505 5833 quando
2534 5756 2753 5830 impius
2782 5747 3263 5812 condemnandus
3294 5758 3402 5838 est,
3435 5772 3552 5816 non
3572 5755 3770 5820 solum
