4310 6632
518 479 625 537 7H

515 699 663 771 cipia
712 699 1147 754 interfectarum
1198 699 1641 772 cogitationum.
1697 701 1807 755 Deo
1857 697 2166 771 pandenda

517 794 676 856 sunt,
711 794 884 861 atque
914 787 1132 844 clarius
1155 786 1281 843 luce
1314 789 1760 844 manifestanda.
1913 856 1920 860 ρ

592 902 618 925 ‹‹
657 877 1003 933 Detrahetur
1033 877 1090 931 in
1143 876 1236 932 die
1267 877 1480 932 furoris
1511 878 1630 933 Dei.
1661 899 1688 927 ιι
1725 877 1784 932 In
1819 877 1910 932 die
1953 873 2164 946 judicii

517 968 783 1022 mittetur
830 967 889 1021 in
943 967 1210 1021 tenebras
1257 967 1568 1022 exteriores
1616 967 1836 1036 (Matth.
1882 981 2016 1032 χχιι,
2054 963 2160 1033 15).

515 1054 705 1112 Potuit
733 1059 790 1111 et
819 1055 943 1110 dies
976 1055 1158 1127 impia
1188 1054 1369 1110 fuisse
1401 1055 1531 1121 Job,
1567 1055 1800 1126 quando
1833 1053 2004 1126 plaga
2035 1068 2163 1124 per-

513 1161 724 1200 cussus
752 1148 859 1210 est,
911 1147 968 1198 et
1013 1142 1300 1200 conclusit
1343 1142 1726 1199 elocutionem
1761 1158 1952 1209 suam,
1989 1145 2052 1196 ut
2082 1140 2163 1194 di-

516 1238 708 1289 seret:

587 1345 614 1371 ‹‹
651 1322 776 1376 Haec
808 1325 896 1376 est
922 1337 1054 1392 pars
1079 1320 1334 1376 hominis
1386 1319 1551 1392 impii
1583 1337 1616 1375 a
1663 1321 1776 1376 Deo
1799 1319 1826 1374 ‘l
1859 1319 1961 1374 Hic
1994 1315 2163 1390 quasi

513 1425 580 1465 ex
611 1412 860 1481 abrupto
892 1409 1168 1476 ostendit,
1192 1409 1345 1480 quod
1381 1409 1439 1464 in
1462 1408 1861 1464 sanctumJob
1892 1406 2164 1462 universa

517 1498 637 1554 11830
668 1498 896 1553 dixerit.
931 1497 1093 1563 Quod
1127 1502 1321 1552 autem
1361 1497 1664 1568 sequitur:

589 1611 616 1637 ‹‹
653 1588 721 1642 Et
781 1587 1090 1642 haereditas
1136 1587 1443 1641 verborum
1503 1587 1629 1656 ejus
1664 1603 1697 1639 a
1744 1585 2006 1640 Domino.
2043 1607 2062 1631 ι
2101 1583 2162 1640 Id

513 1683 621 1746 est,
654 1692 895 1748 operum
930 1675 1233 1730 retributio
1273 1674 1390 1730 :alii
1421 1675 1504 1729 ita
1533 1678 1849 1730 verterunt.
1888 1695 1914 1724 «
1945 1674 2014 1728 Et
2044 1672 2162 1726 hae-

514 1765 730 1822 reditas
761 1764 1068 1819 verborum
1115 1764 1242 1834 ejus
1292 1763 1364 1818 ab
1396 1764 1688 1835 episcopo,
1725 1786 1751 1813 ››
1787 1763 1926 1835 quia
1956 1778 2163 1834 quem-

2010 473 2431 535 APPENDIX.

514 627 717 666 omnes
749 609 1132 682 cogitationes
1165 609 1357 665 cordis
1387 611 1534 680 ejus,
1567 627 1767 666 verum
1800 609 1973 665 etiam
2004 607 2163 679 prin-
2195 609 2245 672 Α

3805 473 3924 537 ’712

2350 631 2375 655 ‹‹
2411 610 2598 672 Quare
2629 624 2763 680 ergo
2794 606 2959 678 impii
3009 607 3226 673 vivunt,
3281 606 3567 665 sublevati
3595 613 3756 678 sunt,
3788 626 3927 665 con-

2276 697 2589 768 t‘ortatique
2621 697 2839 752 divitiis
2861 696 2888 751 ?
2919 697 3127 752 Semen
3157 714 3358 753 eorum
3396 704 3698 770 permanet
3729 715 3922 754 coram

2274 785 2358 839 eis
2385 803 2396 840 ε
2433 787 2896 858 propinquorum
2928 787 3102 841 turba
3135 792 3190 842 et
3221 793 3496 859 nepotum
3524 789 3584 842 in
3607 793 3922 860 conspectu

2273 891 2496 929 eorum.
2531 877 2744 930 Domus
2789 892 2988 930 eorum
3041 892 3255 931 securae
3305 881 3463 942 sunt,
3495 882 3549 932 et
3581 881 3834 949 pacatae:
3869 882 3927 933 et

2275 979 2388 1017 non
2421 967 2510 1017 est
2539 964 2699 1035 virga
2729 964 2827 1018 Dei
2861 980 3037 1036 super
3066 963 3218 1020 illos.
3255 966 3364 1021 Bos
3402 983 3602 1021 eorum
3636 965 3924 1038 concepit,

2273 1056 2328 1106 et
2360 1068 2472 1107 non
2504 1052 2810 1108 abortivit:
2856 1070 3027 1108 vacca
3059 1055 3300 1126 peperit,
3351 1060 3406 1110 et
3436 1071 3550 1110 non
3582 1060 3665 1111 est
3700 1055 3924 1127 privata

2273 1139 2391 1195 fetu
2424 1157 2550 1196 suo.
2581 1140 2972 1213 Egrediuntur
3000 1142 3168 1213 quasi
3202 1159 3406 1214 greges
3437 1142 3660 1215 parvuli
3695 1159 3921 1213 eorum,

2271 1234 2328 1284 et
2354 1228 2606 1284 infantes
2639 1247 2839 1284 eorum
2889 1230 3184 1285 exsultant
3227 1229 3477 1287 lusibus.
3519 1233 3738 1288 Tenent
3765 1238 3921 1304 tym—

2272 1333 2490 1388 panum
2523 1321 2578 1373 et
2608 1318 2913 1385 citharam,
2944 1325 3000 1375 et
3028 1321 3286 1392 gaudent
3315 1320 3387 1375 ad
3410 1320 3666 1376 sonitum
3694 1319 3922 1394 organi.

2273 1405 2504 1461 Ducunt
2533 1407 2590 1462 in
2623 1407 2789 1462 bonis
2817 1407 2940 1464 dies
2970 1425 3110 1464 suos
3137 1428 3148 1464 :
3175 1413 3232 1464 et
3261 1409 3320 1464 in
3353 1414 3567 1480 puncto
3591 1410 3660 1464 ad
3696 1409 3926 1465 inferna

2273 1496 2652 1551 descendunt.
2689 1497 2796 1561 Qui
2836 1497 3102 1553 dixerant
3149 1498 3305 1554 Deo:
3342 1499 3542 1554 recede
3588 1516 3622 1554 a
3651 1498 3839 1565 nobis,
3867 1501 3928 1554 et

2273 1583 2576 1640 scientiam
2609 1585 2832 1640 viarum
2860 1591 3092 1642 tuarum
3129 1586 3426 1643 nolumus.
3453 1587 3594 1654 Quis
3623 1592 3712 1643 est
3743 1587 3928 1642 omni-

2274 1677 2500 1744 potens,
2534 1679 2597 1728 ut
2628 1675 2950 1731 serviamus
2979 1676 3079 1730 ei?
3112 1677 3177 1730 Et
3210 1676 3348 1748 quid
3385 1676 3553 1731 nobis
3585 1677 3841 1748 prodest,
3876 1675 3925 1732 si

2273 1762 2634 1819 oraverimus
2667 1763 2828 1818 illum
2851 1765 2878 1818 ?
2912 1787 2938 1814 ››
2970 1766 3038 1820 Et
3085 1766 3236 1820 alius
3266 1765 3346 1820 ita
3391 1765 3570 1821 dixit:
3606 1767 3784 1834 Quare
3813 1769 3927 1821 im-

513 1854 829 1910 admodum
862 1851 1146 1908 Dominus
1177 1870 1209 1907 a
1240 1852 1637 1908 dominatione
1669 1869 1862 1908 rerum
1896 1851 2160 1906 omnium
2266 1853 2489 1922 piorum
2517 1862 2871 1924 prosperatur
2923 1856 3035 1909 vita
3065 1856 3283 1922 (Jerem.
3343 1873 3444 1925 χιι,
3508 1855 3606 1926 1)?
3667 1855 3733 1910 Et
3773 1854 3928 1912 alius

512 1943 732 1998 scitur:
768 1942 848 1996 ita
878 1941 1186 2013 episcopus
1215 1959 1281 1996 eo
1304 1942 1455 2012 quod
1481 1941 1923 2013 superintendat
1953 1940 2010 1994 in
2044 1956 2166 1995 om-
2195 1979 2242 2042 Β
2273 1940 2455 1996 dixit:
2493 1942 2669 2009 Quare
2694 1958 2798 1998 non
2822 1945 3052 2015 respicis
3079 1943 3148 1998 ad
3172 1945 3364 2014 iniqua
3383 1952 3601 2015 agentes
3631 1946 3851 2013 (Habuc.
3882 1961 3924 2000 ι.

512 2048 644 2087 nem
677 2035 1023 2095 creaturam,
1058 2030 1358 2086 verissime
1393 2031 1623 2085 dicitur.
1665 2030 1788 2085 Non
1820 2029 1973 2084 enim
2008 2028 2162 2084 Deus

512 2121 850 2192 perturbata
881 2125 1071 2174 mente
1093 2123 1542 2190 commotusque
1569 2119 1884 2190 puniturus
1915 2123 2006 2172 est
2037 2134 2166 2189 pec-

513 2213 758 2279 catores,
786 2225 920 2263 cum
953 2207 1032 2264 sit
1062 2207 1585 2276 incommutabilis,
1616 2207 1767 2263 sicut
1797 2208 1877 2261 ait
1907 2207 1979 2262 ad
2013 2206 2165 2277 Moy-

513 2314 654 2353 sen:
689 2298 796 2368 Ego
822 2313 945 2352 sum
983 2298 1079 2367 qui
1105 2313 1229 2352 sum
1274 2296 1470 2368 (Exod.
1517 2313 1601 2366 ιιι,
1655 2296 1787 2365 14)⁶,
1826 2312 1938 2350 non
1973 2293 2165 2350 solum

514 2387 928 2458 sempiternus,
976 2402 1178 2441 verum
1212 2386 1388 2441 etiam
1440 2384 1790 2440 aaternaliter
1839 2384 2020 2439 mitis.
2057 2384 2164 2438 De-

517 2477 652 2532 inde
682 2475 793 2530 ista
824 2476 894 2530 de
926 2480 1034 2530 Deo
1061 2474 1561 2547 anthropopathos
1591 2475 1702 2528 diei
1746 2472 2163 2544 intelligamus,

513 2582 629 2620 non
652 2565 880 2636 proprie
901 2565 1227 2620 secundum
1251 2563 1749 2618 inconvertibilem
1774 2561 2167 2617 substantiam

513 2655 662 2724 ejus,
696 2655 797 2709 sed
830 2652 1132 2709 translatis
1177 2652 1518 2708 nominibus
1563 2650 1862 2723 passibilis
1891 2655 2167 2706 creaturae

514 2744 585 2798 ad
617 2746 943 2798 creaturam
980 2758 1093 2796 non
1130 2740 1449 2804 conditam,
1484 2757 1588 2795 nec
1621 2745 1899 2809 creatam,
1933 2739 2032 2794 sed
2068 2755 2167 2810 po-

515 2832 633 2888 tius
661 2831 927 2887 omnium
959 2830 1357 2886 conditricem.

1132 2918 1362 2973 CAPUT
1407 2919 1545 2973 XXI.

584 3031 613 3057 «
649 3008 1027 3079 Respondens
1059 3011 1252 3062 autem
1298 3005 1428 3074 Job,
1460 3005 1642 3060 dixit:
1679 3005 1910 3074 Audite,
1944 3019 2164 3075 quaso,

513 3113 813 3154 sermones
836 3113 1016 3160 meos,
1040 3100 1096 3150 et
1117 3095 1270 3166 agite
1295 3095 1713 3166 pmnitentiam.
1742 3093 2031 3148 Sustinete
2056 3109 2169 3162 me,

514 3193 581 3242 ut
609 3202 714 3258 ego
772 3184 997 3256 loquar,
1055 3189 1112 3240 et
1166 3187 1295 3256 post
1345 3200 1494 3252 mea,
1546 3183 1593 3237 si
1647 3183 1955 3250 videbitur,
1998 3182 2173 3237 verba

515 3276 717 3332 riclete.
771 3297 797 3325 «
856 3275 988 3330 Post
1034 3276 1198 3329 tanta
1246 3273 1503 3329 convicia
1549 3289 1662 3328 non
1709 3277 1797 3328 est
1838 3275 2168 3327 commotus

2281 2030 2416 2099 13)?
2449 2030 2814 2102 Respondete
2849 2032 3012 2103 mihi,
3059 2033 3334 2088 obsecro:
3368 2033 3427 2088 Si
3458 2049 3563 2105 ego
3597 2033 3837 2105 impius,
3869 2039 3929 2088 et

2274 2118 2586 2173 immemor
2608 2120 2890 2174 bonorum
2915 2137 3154 2192 operum
3173 2121 3826 2193 secundumjustitiam,
3853 2123 3929 2178 si-

2276 2210 2376 2261 cut
2405 2224 2507 2262 vos
2539 2207 2846 2262 affirmatis
2873 2227 2886 2276 ;
2921 2209 3040 2264 haec
3072 2211 3482 2281 patiorzquare
3503 2210 3668 2282 impii
3699 2211 3924 2280 vivunt,

2275 2300 2333 2350 et
2363 2295 2646 2350 sublevati
2675 2301 2832 2366 sunt,
2867 2298 3293 2368 confortatique
3323 2298 3543 2354 divitiis
3567 2299 3593 2353 (ἶ
3623 2299 3740 2355 Hoc
3766 2316 3925 2373 ergo,

2277 2382 2540 2454 inquam,
2574 2386 2834 2454 obsecro,
2887 2388 3272 2457 respondete:
3324 2387 3621 2460 Numquid
3671 2405 3793 2455 vos,
3828 2389 3927 2461 qui

2278 2473 2460 2528 Deum
2494 2479 2694 2528 contra
2725 2491 2816 2528 me
2842 2476 3073 2546 justum
3104 2476 3417 2532 defenditis
3447 2476 3503 2531 in
3527 2476 3634 2532 hoc
3669 2479 3811 2544 loco,
3846 2478 3932 2532 in-

2270 2560 2501 2630 justum
2539 2563 2791 2617 notatis:
2828 2567 2891 2618 ut
2943 2563 3002 2618 in
3037 2581 3127 2619 me
3179 2565 3417 2636 iniquus
3450 2565 3603 2622 ultor
3651 2567 3746 2634 sit,
3781 2571 3837 2622 et
3868 2567 3926 2622 in

2278 2650 2391 2706 mei
2423 2650 2717 2706 similibus
2765 2652 3040 2708 clemens.
3093 2653 3310 2708 Horum
3363 2655 3542 2726 igitur
3591 2656 3662 2710 de
3711 2657 3929 2728 quibus

2279 2755 2433 2794 nunc
2466 2739 2745 2810 loquitur,
2779 2741 2911 2795 finis
2955 2746 3010 2796 et
3042 2742 3314 2798 interitus
3363 2744 3473 2798 erit
3503 2761 3662 2800 mors
3692 2748 3930 2811 aeterna,

2278 2834 2333 2884 et
2365 2828 2613 2900 perditio
2663 2829 3006 2884 inferorum.

2351 2940 2377 2965 ‹‹
2416 2915 2827 2973 Verumtamen
2879 2919 3018 2991 quia
3067 2937 3181 2975 non
3232 2926 3371 2976 sunt
3410 2922 3468 2976 in
3515 2939 3692 2978 manu
3723 2940 3926 2979 eorum

2280 3006 2432 3060 bona
2461 3021 2599 3060 sua:
2639 3006 2948 3062 consilium
3002 3009 3314 3080 impiorum
3366 3011 3536 3083 longe
3586 3011 3724 3068 sita
3753 3029 3866 3068 me.
3902 3035 3932 3062 »

2281 3093 2427 3160 Quia
2455 3110 2559 3166 pro
2591 3094 2697 3148 hac
2727 3095 2913 3166 gloria
2955 3115 3084 3161 sua,
3118 3102 3174 3152 et
3218 3099 3568 3171 temporario
3612 3102 3770 3172 flore,
3804 3118 3932 3173 per-

2283 3188 2454 3255 petua
2483 3184 2808 3254 ignominia
2839 3202 3033 3242 coram
3065 3187 3289 3258 angelis
3321 3189 3659 3244 induentur.

2357 3272 2650 3336 «Quoties
2728 3274 2964 3330 lucerna
3035 3275 3351 3347 impiorum
3411 3277 3835 3349 exstinguetur,
3877 3282 3934 3334 et

515 3370 580 3420 ut
609 3365 816 3420 acerbe
861 3363 1272 3434 responderet:
1307 3362 1446 3434 quin
1495 3360 1691 3434 potius
1722 3361 2041 3432 deprecans
2068 3377 2168 3416 eos
2200 3347 2242 3413 C
2281 3362 2650 3432 superveniet
2709 3363 2791 3419 eis
2822 3365 3146 3431 inundatio,
3182 3371 3237 3421 et
3275 3365 3504 3422 dolores
3535 3347 3753 3423 dividet
3782 3368 3938 3423 furo-

515 3454 850 3526 alloquitur,
882 3457 939 3508 et
986 3452 1066 3507 ait
1113 3456 1178 3506 ut
1218 3451 1574 3507 audientiam
1623 3451 1915 3521 praebeant
1944 3466 2166 3505 sermo-

516 3544 688 3600 nibus
721 3543 870 3614 ejus,
903 3542 1117 3614 quibus
1168 3541 1456 3612 perceptis
1505 3545 1562 3595 et
1602 3539 1868 3612 cognitis,
1902 3539 2168 3596 noverint

515 3651 576 3688 se
599 3648 776 3704 super
798 3636 960 3686 tanta
980 3631 1095 3685 oris
1115 3630 1204 3684 sui
1223 3629 1612 3685 amaritudine
1632 3629 1911 3701 poenitere
1933 3629 2162 3684 debere.

588 3746 614 3771 ‹‹
647 3720 942 3792 Numquid
974 3725 1174 3774 contra
1209 3719 1503 3773 hominem
1552 3719 1870 3788 disputatio
1905 3735 2031 3772 mea
2053 3722 2166 3787 est,

517 3814 582 3864 ut
611 3809 818 3864 merito
851 3825 963 3863 non
1007 3808 1250 3863 debeam
1299 3807 1680 3863 contristari?
1728 3806 1988 3861 Primum
2022 3807 2163 3860 mihi

519 3897 662 3952 illud
685 3904 774 3953 est
794 3896 974 3964 oneri,
1005 3902 1064 3952 et
1087 3897 1254 3952 valde
1281 3897 1615 3962 molestum,
1639 3903 1813 3966 atque
1847 3894 2158 3950 horribile:

519 3988 657 4059 quia
687 4003 799 4042 non
835 4003 968 4042 cum
1017 3985 1273 4054 homine,
1307 3985 1406 4042 sed
1455 4003 1590 4041 cum
1650 3992 1758 4040 Deo
1805 3984 1946 4038 mihi
1990 4000 2167 4039 causa

518 4077 792 4148 loquendi
818 4080 940 4132 est:
967 4076 1056 4131 cui
1083 4077 1461 4131 castificatam
1479 4074 1772 4146 justitiam
1798 4073 2164 4139 exbibebam,

519 4171 583 4222 ut
614 4166 938 4222 mercedem
982 4165 1160 4229 huius
1190 4166 1382 4237 operis
1427 4168 1799 4236 repensaret:
1841 4165 1980 4218 Ecce
2012 4177 2167 4217 nunc

521 4262 802 4327 tanquam
836 4271 970 4309 reus
991 4255 1305 4310 criminum
1337 4253 1611 4308 omnibus
1643 4251 1871 4322 affligor
1892 4249 2163 4304 miseriis.

528 4345 630 4402 Hic
662 4344 803 4398 dicit
831 4360 893 4398 se
924 4341 1165 4411 tristari,
1215 4341 1354 4412 quia
1383 4341 1494 4395 scit
1540 4339 1720 4394 Deum
1768 4337 1911 4392 nihil
1954 4338 2172 4407 injuste

526 4431 773 4504 Operari.

602 4544 628 4569 α
664 4520 956 4574 Attendite
990 4535 1100 4585 me,
1133 4522 1189 4574 et
1238 4515 1652 4587 obstupescite,
1704 4521 1758 4570 et
1800 4515 2172 4587 superponite

528 4607 776 4678 digitum
809 4605 892 4661 ori
932 4612 1142 4662 vestro.
1176 4629 1203 4655 ››
1251 4607 1412 4670 Quod
1465 4604 1541 4660 sit
1569 4605 1725 4660 istud
1767 4609 2076 4670 secretum,
2113 4609 2176 4659 ut

2276 3451 2356 3505 ris
2391 3453 2502 3506 sui.
2540 3453 2720 3507 Erunt
2751 3454 2902 3508 sicut
2934 3453 3110 3524 paleae
3143 3461 3275 3510 ante
3327 3455 3531 3510 faciem
3559 3456 3737 3524 venti,
3770 3460 3825 3512 et
3855 3455 3934 3511 si-

2279 3545 2379 3595 cut
2411 3539 2606 3596 favilla
2635 3558 2813 3613 quam
2845 3543 3014 3598 turbo
3065 3544 3366 3616 dispergit.
3403 3567 3431 3594 »
3478 3545 3600 3600 Lux
3629 3561 3760 3601 vero
3785 3545 3936 3617 justi

2278 3647 2550 3701 semper:
2586 3631 2724 3701 quia
2773 3631 2829 3684 in
2883 3631 2989 3686 hac
3037 3637 3203 3687 nocte
3253 3633 3471 3699 saeculi,
3525 3633 3764 3688 lucerna
3797 3635 3931 3690 fidei

2278 3719 2440 3772 nullo
2474 3723 2642 3774 vento
2675 3719 3014 3773 temtationis
3045 3719 3536 3790 exstinguitur,et
3565 3721 3681 3775 illic
3709 3723 3777 3776 ad
3811 3723 3933 3794 glo-

2278 3807 2421 3861 riam
2454 3807 2795 3877 sempiterni
2829 3805 3072 3860 luminis
3113 3812 3488 3877 preparatur.
3546 3812 3762 3863 Lumen
3795 3826 3928 3865 vero

2279 3895 2596 3966 peccatoris
2670 3893 2823 3947 intra
2888 3894 3056 3947 breve
3130 3899 3363 3966 tempus
3419 3896 3546 3949 vitae
3606 3898 3954 3970 exstingui--

2274 3989 2408 4037 tur:
2459 3981 2737 4054 quoniam
2788 3981 3143 4037 transiturus
3190 3987 3278 4038 est
3333 3984 3485 4039 sicut
3533 3986 3761 4042 umbra.
3797 3987 3920 4042 Non

2275 4073 2403 4140 erit,
2436 4077 2494 4126 et
2540 4072 2721 4125 veniet
2765 4072 2966 4142 impiis,
2994 4071 3147 4126 sicut
3192 4073 3298 4127 Job
3349 4073 3448 4143 ait,
3484 4075 3785 4130 inundatio
3815 4093 3826 4129 :
3862 4075 3917 4129 id

2277 4166 2368 4215 est
2410 4159 2770 4215 abundantia
2820 4165 3262 4216 tcrmcntorum.
3316 4163 3526 4230 Quibus
3571 4163 3778 4218 dolores
3826 4164 3920 4219 dl-

2281 4249 2413 4304 vidil
2443 4250 2652 4322 furoris
2681 4250 2788 4303 sui.
2825 4249 3026 4304 Procul
3058 4251 3236 4305 dubio
3262 4256 3411 4306 Deus
3441 4251 3668 4308 dolores
3699 4251 3923 4322 dividit,

2279 4339 2446 4405 dixit,
2483 4356 2584 4410 pro
2617 4337 2724 4392 hoc
2754 4338 2908 4409 quod
2961 4356 3159 4410 paenae
3207 4340 3523 4412 unicuique
3555 4342 3832 4397 retribuet
3860 4345 3928 4397 ut

2280 4431 2553 4483 meretur.

2356 4540 2382 4566 ‹‹
2418 4518 2569 4572 Deus
2617 4517 2870 4572 servabit
2921 4515 3058 4572 ﬁliis
3118 4516 3274 4572 illius
3332 4518 3589 4574 dolorem
3631 4520 3834 4591 patris,
3867 4525 3928 4578 et

2282 4623 2413 4662 cum
2448 4606 2780 4676 reddiderit,
2816 4611 2957 4661 tunc
3006 4607 3165 4661 sciet.
3203 4629 3230 4656 ››
3279 4606 3517 4663 Diabolo
3567 4613 3756 4664 servat
3784 4626 3931 4682 sup-

530 4697 684 4752 Deus
735 4696 922 4750 bonus
969 4702 1025 4750 et
1065 4697 1266 4767 justus
1315 4712 1451 4767 erga
1498 4711 1590 4749 me
1641 4694 1832 4749 taliter
1861 4698 2170 4765 operetur:
2207 4720 2251 4784 Β
2283 4696 2523 4769 plicium
2556 4695 2980 4766 gehennarum,
3029 4701 3090 4750 ut
3123 4713 3254 4750 cum
3287 4713 3351 4751 eo
3402 4695 3485 4750 illi
3516 4714 3662 4769 quos
3696 4697 3803 4754 sibi
3833 4715 3928 4754 ex-

532 4784 853 4858 praesertim
888 4801 1020 4840 cum
1043 4787 1172 4856 ejus
1193 4783 1599 4840 testimonium
1625 4783 1697 4838 de.
1720 4801 1812 4839 me
1834 4784 2050 4838 bonum
2078 4781 2176 4838 ba-

531 4875 721 4929 beam.

608 4984 634 5016 ιι
666 4963 729 5017 Et
771 4977 875 5034 ego
930 4963 1163 5033 quando
1199 4965 1539 5018 recordatus
1571 4962 1753 5029 fuero,
1789 4961 2173 5033 pertimesco:

531 5058 587 5108 et
618 5051 877 5108 concutit
898 5069 1132 5107 carnem
1163 5069 1351 5108 meam
1373 5058 1610 5108 tremor.
1638 5075 1658 5104 ι
1700 5053 1841 5106 Cum
1868 5051 2023 5106 enim
2057 5050 2180 5122 pla-

531 5158 663 5214 gam
696 5141 845 5196 hanc
877 5141 1088 5212 cogito,
1114 5141 1469 5213 quamjuste
1490 5142 1687 5196 vivens
1720 5141 1982 5196 sustineo
2009 5156 2022 5193 :
2058 5139 2182 5195 Dei-

532 5249 645 5304 que
669 5229 984 5303 judicium,
1021 5231 1120 5302 qui
1161 5231 1455 5286 neminem
1508 5231 1796 5285 insontem
1831 5229 2058 5300 afﬂigit,
2093 5245 2180 5284 re-

532 5321 758 5388 cordor,
788 5318 1038 5374 nimium
1067 5320 1411 5391 pertimesco
1442 5319 1552 5374 hoc
1576 5319 1768 5390 ipsum
1793 5317 2009 5388 optime
2040 5318 2180 5386 scio,

535 5409 734 5466 nullus
764 5409 986 5481 patitur
1012 5406 1236 5464 malum
1287 5407 1522 5480 aliquod
1571 5406 1686 5461 nisi
1720 5406 1844 5476 ipse
1899 5405 2182 5477 permise-

535 5499 627 5554 rit.
661 5498 891 5554 Nemini
922 5497 1098 5554 infert
1145 5496 1389 5564 malum,
1443 5495 1556 5552 nisi
1600 5495 1815 5550 inferre
1846 5495 1896 5549 ei
1938 5493 2062 5566 ipse
2093 5496 2184 5567 ju-

534 5586 864 5644 stissimum
888 5587 1190 5657 judicarit.
1242 5587 1352 5642 Sed
1385 5587 1508 5642 haec
1552 5585 1662 5640 Job
1695 5584 2086 5655 contigerunt,
2121 5590 2187 5641 ut

534 5679 839 5750 appareret
885 5676 1026 5734 foris
1076 5676 1418 5734 hominibus
1462 5675 1616 5751 quod
1664 5674 2020 5732 intrinsecus
2063 5680 2188 5733 erat

535 5770 668 5828 ante
698 5763 904 5823 Deum.

2285 4784 2476 4857 emplo
2502 4784 2735 4839 malitia:
2763 4801 2881 4840 suae
2916 4783 3068 4838 filios
3119 4785 3276 4852 fecit,
3321 4785 3536 4856 pariter
3567 4787 3928 4858 puniantur:

2288 4874 2440 4946 quod
2499 4875 2614 4929 Deo
2663 4875 2961 4940 reddente,
3023 4879 3187 4946 pater
3236 4891 3436 4930 eorum
3487 4875 3754 4931 diabolus
3792 4881 3932 4930 tunc

2289 4965 2451 5029 sciet,
2485 4963 2541 5017 id
2601 4968 2690 5018 est
2745 4963 2996 5018 sentiet:
3057 4964 3290 5035 quando
3349 4981 3481 5019 cum
3545 4963 3680 5020 filiis
3731 4979 3931 5037 pmnas

2288 5053 2542 5126 patietur
2571 5057 2833 5108 aeternas.

2364 5141 2715 5197 «Videbunt
2761 5141 2916 5197 oculi
2967 5143 3092 5212 ejus
3150 5143 3608 5201 interfectionem
3659 5160 3847 5200 suam.
3899 5164 3932 5193 ››

2289 5232 2417 5287 Sive
2447 5247 2643 5286 necem
2678 5248 2869 5298 suam,
2925 5236 2990 5286 ut
3030 5232 3125 5287 alii
3177 5232 3464 5290 dixerunt.
3517 5233 3739 5306 Duplex
3777 5232 3934 5288 enim

2290 5326 2648 5377 tormentum
2681 5324 2770 5376 est
2799 5321 2991 5375 videre
3023 5338 3222 5392 poenas
3253 5339 3401 5394 quas
3432 5324 3746 5379 sustineas.

2365 5432 2392 5458 «
2429 5411 2495 5464 Et
2541 5409 2612 5464 de
2659 5410 2852 5464 furore
2900 5409 3329 5482 Omnipotentis
3382 5413 3622 5468 bibet.»
3679 5417 3805 5484 Ipse
3849 5412 3940 5466 est

2294 5499 2444 5555 calix
2471 5515 2686 5554 aureus
2715 5497 2945 5553 Domini
2977 5498 3035 5552 in
3068 5515 3245 5555 manu
3284 5500 3613 5573 Babylonis.

2368 5610 2395 5638 «
2429 5587 2575 5652 Quid
2608 5587 2765 5640 enim
2797 5587 2866 5641 ad
2903 5603 3036 5642 eum
3070 5590 3317 5659 pertinet
3365 5591 3436 5645 de
3467 5592 3640 5647 domo
3671 5605 3778 5644 sua
3808 5590 3944 5660 post

2296 5676 2406 5734 se?
2438 5677 2503 5730 Et
2532 5676 2581 5732 si
2614 5691 2896 5731 numerus
2928 5678 3219 5734 mensium
3251 5680 3380 5750 ejus
3411 5679 3770 5734 dimidietnr.
3800 5699 3828 5728 »
3863 5676 3946 5734 De

2302 5766 2504 5826 eodem
2535 5763 2768 5824 diabolo
2799 5765 2964 5837 dicit,
2995 5767 3066 5824 de
3115 5785 3230 5842 quo
3279 5769 3552 5826 Salamon
3585 5768 3703 5826 ait:
3736 5767 3944 5843 Impius
