4310 6596
332 491 456 551 ’213

1399 490 1912 552 COMMENTAR.
1961 490 2040 550 IN
2083 491 2222 550 JOB
2269 491 2439 551 CAP.
2489 488 2672 551 XXII.

3617 492 3733 551 ’714

333 641 462 682 cum
515 625 725 683 venerit
794 625 859 680 in
915 621 1256 696 profundum
1298 623 1574 680 malorum
1617 639 1867 693 suorum,
1923 625 1978 676 et
2007 626 2062 690 Α
2091 639 2194 694 per
2224 639 2398 693 quam
2435 628 2621 678 totum
2655 625 2942 679 mundum
2976 625 3198 696 ingredi
3232 624 3364 680 fecit
3397 640 3409 679 :
3467 629 3568 680 aut
3598 628 3726 681 red-

335 715 674 782 criminum,
705 713 1108 786 desperatione
1139 715 1436 769 contemnit
1472 715 1655 782 (Prov.
1704 728 1865 779 xvm,
1896 710 1972 782 5).

331 805 466 860 Jam
496 804 650 859 enim
684 803 840 858 novit
870 819 932 858 se
963 819 1096 858 cum
1129 801 1274 867 suis,
1307 802 1408 873 qui
1450 805 1589 856 sunt
1635 801 1868 866 domus,
1921 803 1978 854 et

333 909 577 965 regnum
617 893 766 962 ejus,
817 897 1093 963 perpetuo
1138 906 1265 946 esse
1315 890 1720 945 damnandum
1772 904 1784 942 :
1839 887 1978 960 quia

329 983 506 1064 nulla.
520 985 609 1038 est
637 983 764 1052 ejus
789 979 1060 1036 voluntas
1090 980 1327 1051 agendae
1358 978 1732 1050 poenitentiae.

401 1095 430 1123 «
460 1071 760 1144 Numquid
794 1071 978 1126 Deum
1012 1068 1244 1125 docebit
1274 1068 1570 1140 quispiam
1603 1066 1905 1122 scientiam
1959 1083 1972 1121 :

326 1162 425 1233 qui
457 1161 712 1217 excelsos
736 1158 1010 1231 judicat?
1040 1181 1068 1208 »
1096 1158 1203 1222 Qui
1235 1157 1393 1212 enim
1424 1158 1496 1212 de
1527 1155 1769 1212 excelsis
1799 1159 1976 1226 atque

325 1250 683 1306 sublimibus
714 1247 1104 1321 potestatibus
1137 1245 1479 1317 angelorum
1529 1245 1704 1300 habet
1750 1245 1974 1313 justum

317 1340 612 1411 judicium
645 1355 658 1393 :
697 1337 1194 1410 quemadmodum
1227 1353 1261 1391 a
1289 1351 1586 1407 quoquam
1629 1333 1820 1388 doceri
1871 1348 1971 1404 po-

326 1428 484 1496 terit,
519 1431 582 1483 ut
611 1429 670 1483 in
701 1426 795 1482 his
824 1443 950 1498 quae
984 1425 1162 1496 supra
1193 1424 1472 1489 diximus,
1505 1423 1694 1496 possit
1721 1423 1850 1493 ejus
1874 1423 1973 1492 ju-

327 1516 548 1572 dicium
581 1514 966 1587 reprehendi?

406 1628 428 1655 α
463 1606 577 1661 Iste
607 1604 858 1660 moritur
889 1602 1193 1672 robustus,
1223 1605 1281 1658 et
1310 1601 1678 1672 sanus,dives
1707 1602 1765 1656 et
1794 1599 1928 1654 felix
1957 1615 1970 1654 :

331 1696 556 1751 viscera
583 1696 711 1765 ejus
743 1693 916 1766 plena
945 1697 1085 1747 sunt
1139 1691 1328 1764 adipe,
1358 1696 1416 1746 et
1448 1689 1722 1746 medullis
1752 1705 1887 1744 ossa
1908 1687 1975 1742 i1-

330 1784 446 1840 lius
477 1784 814 1855 irrigantur.
847 1781 1012 1837 Alius
1040 1799 1175 1837 vero
1206 1781 1456 1836 moritur
1486 1781 1544 1834 in
1586 1778 1976 1834 amaritudine

327 1874 535 1930 animae
566 1890 684 1928 suae
715 1871 940 1944 absque
971 1869 1108 1928 ullis
1130 1869 1360 1942 opibus,
1392 1874 1449 1925 et
1477 1873 1675 1924 tamen
1707 1865 1882 1922 simul
1917 1867 1974 1922 in

327 1962 562 2035 pulvere
591 1961 905 2026 dormient,
936 1964 992 2015 et
1018 1975 1244 2015 vermes
1276 1958 1538 2030 operient
1566 1973 1684 2012 eos.
1707 1975 1733 2005 η
1773 1957 1974 2010 Beato-
2006 1999 2054 2064 Β

326 2069 458 2106 rum
490 2052 547 2106 in
580 2050 688 2104 hoc
726 2049 967 2113 mundo,
1001 2053 1059 2102 et
1089 2047 1412 2103 infelicium
1438 2046 1498 2102 in
1531 2047 1638 2102 hac
1669 2045 1972 2111 vita,com-

327 2156 567 2196 munem
595 2139 735 2194 dicit
764 2129 892 2194 esse
923 2137 1315 2193 conditionem
1367 2154 1380 2193 :
1430 2135 1686 2198 Viscera,
1720 2135 1840 2190 sive
1889 2136 1975 2188 in-

327 2232 530 2286 testina.
557 2229 707 2298 ejus,
741 2231 805 2282 ut
832 2225 932 2281 alii
965 2227 1257 2291 dixerunt,
1290 2225 1463 2296 plena
1513 2225 1704 2296 adipe,
1751 2226 1809 2278 et
1855 2239 1976 2278 mc-

331 2318 509 2373 dullis
541 2333 676 2372 ossa
700 2315 860 2371 illius
906 2314 1245 2386 irrigantur.
1278 2314 1447 2368 Alius
1476 2330 1608 2369 vero
1642 2311 1890 2368 moritur
1918 2311 1976 2365 in

331 2405 722 2462 amaritudine
755 2403 961 2459 animae
989 2405 1211 2475 absque
1244 2402 1379 2457 ullis
1410 2403 1659 2473 opibus:
1694 2406 1752 2456 et
1780 2406 1977 2455 tamen

331 2493 510 2551 simul
540 2495 599 2548 in
635 2493 871 2566 pulvere
899 2493 1211 2558 dormient,
1236 2496 1292 2546 et
1313 2483 1538 2546 vermes
1570 2489 1831 2562 operient
1857 2505 1977 2544 eos.

331 2585 395 2638 In
428 2583 537 2638 hac
565 2583 744 2655 igitur
773 2581 1132 2637 continentia
1162 2579 1450 2635 sermonis
1482 2579 1661 2649 hujus
1710 2578 1817 2633 iste
1853 2593 1980 2633 sen-

331 2690 434 2728 sus
467 2677 600 2727 est:
637 2671 790 2741 quod
824 2671 882 2726 in
924 2669 1032 2724 hoc
1076 2670 1298 2723 mundo
1341 2668 1488 2739 justi
1537 2673 1594 2722 et
1649 2670 1979 2738 peccatores

329 2761 728 2818 indifferenter
754 2759 997 2814 vivant:
1033 2758 1134 2812 sed
1184 2757 1304 2812 haec
1353 2756 1660 2812 diversitas
1710 2770 1979 2809 commu-

329 2852 507 2907 tanda
536 2850 614 2904 sit
645 2849 703 2904 in
737 2849 932 2904 futuro
967 2864 980 2902 :
1015 2847 1169 2903 sicut
1198 2847 1256 2901 in
1289 2846 1387 2903 illo
1419 2847 1597 2901 divite
1630 2846 1848 2900 factum
1870 2848 1977 2900 est.

333 2945 390 2997 et
416 2941 475 2995 in
509 2941 724 2995 Lazaro
756 2954 1012 3010 paupere
1042 2938 1193 3007 (Luc.
1225 2953 1338 3004 xw,
1373 2937 1490 3006 25).

399 3053 428 3079 «
460 3030 625 3085 Certe
655 3027 787 3084 novi
818 3026 1198 3097 cogitationes
1238 3029 1483 3089 vestras,
1534 3028 1590 3079 et
1637 3021 1978 3088 sententias,

332 3124 534 3174 contra
563 3135 656 3173 me
689 3117 943 3188 iniquas.
998 3137 1026 3164 ››
1077 3115 1227 3186 Ergo
1279 3117 1431 3168 recte
1478 3113 1713 3176 definio,
1743 3104 1980 3183 inquit,

330 3209 485 3281 quod
517 3206 846 3280 perspicitis
881 3222 893 3260 :
929 3204 1069 3276 quia
1097 3221 1216 3258 una
1265 3203 1342 3258 sit
1387 3203 1446 3257 in
1489 3202 1596 3257 hoc
1646 3199 1876 3267 smculo,
1924 3207 1983 3256 et

330 3297 619 3370 peccatori
652 3294 936 3350 moriendi
970 3293 1248 3362 conditio,
1282 3298 1338 3348 et
1369 3297 1592 3347 sancto.
1629 3290 1737 3356 Qui
1780 3295 1978 3346 tamen

2086 711 2220 766 dere
2249 711 2300 766 ei
2334 727 2460 782 qua
2509 717 2774 768 creatura
2823 714 3034 785 poterit
3082 715 3234 784 quod
3291 723 3564 777 meretur,
3615 714 3730 769 nisi

2084 798 2181 854 ille
2211 798 2371 855 solus
2404 817 2591 872 agnus
2616 802 2738 867 Dei,
2774 801 2874 873 qui
2906 807 3211 873 peccatum
3263 819 3376 858 non
3427 803 3579 871 fecit,
3625 821 3730 859 nec

2085 887 2255 943 dolus
2285 888 2555 944 inventus
2585 895 2674 945 est
2705 891 2762 944 in
2794 907 2890 946 ore
2921 891 3049 960 ejus
3079 892 3123 961 (1
3153 893 3300 946 Pctr.
3334 909 3393 958 11,
3428 893 3540 959 22).

2160 998 2188 1026 ‹‹
2222 978 2318 1049 Ipe
2348 979 2418 1032 ad
2447 979 2716 1049 sepulcra
2744 980 3010 1035 ducetur.
3045 1002 3073 1028 »
3103 980 3189 1034 Ad
3222 986 3468 1036 mortem
3522 982 3730 1037 videli-

2083 1069 2175 1121 cet
2202 1069 2627 1122 tormentorum
2665 1085 2678 1122 :
2713 1085 2887 1138 quam
2920 1069 3044 1140 ipse
3074 1068 3413 1125 hominibus
3446 1070 3643 1126 intulit
3671 1072 3729 1126 in

2085 1154 2288 1220 Adam,
2321 1159 2376 1210 et
2406 1155 2530 1228 ipse
2561 1157 2632 1210 ad
2673 1156 2889 1212 inferos
2938 1158 3264 1226 ducendus,
3315 1165 3379 1214 ut
3429 1159 3549 1216 illic
3600 1178 3704 1233 per

2084 1246 2258 1314 petuo
2290 1245 2590 1314 puniatur.

2159 1353 2187 1382 ‹‹
2222 1333 2290 1386 Et
2319 1333 2378 1388 in
2409 1334 2675 1406 congerie
2709 1339 3074 1392 mortuorum
3104 1337 3386 1411 vigilabit.
3423 1362 3449 1388 ›ι
3482 1340 3550 1395 Et
3595 1338 3733 1396 licet

2084 1421 2458 1476 damnandus
2489 1424 2560 1478 ad
2594 1441 2794 1496 pcenas
2840 1426 3141 1482 ducendus
3190 1427 3266 1483 sit
3317 1445 3329 1482 :
3381 1429 3482 1484 sed
3531 1434 3730 1484 tamen

2085 1516 2271 1566 morte
2293 1510 2598 1568 hominum
2622 1515 2982 1584 gaudens,ad
3014 1515 3359 1571 intuendum
3389 1517 3729 1572 eorumdem

2086 1602 2450 1654 mortuorum
2482 1601 2832 1673 congeriem,
2863 1603 3020 1658 omni
3063 1603 3382 1660 alacritatis
3426 1605 3728 1671 instantia,

2085 1688 2144 1742 in
2177 1705 2378 1744 eorum
2413 1689 2652 1746 interitu
2683 1691 2950 1764 vigilabit
2981 1711 2994 1749 z
3025 1693 3111 1748 vel
3143 1699 3295 1749 certe
3319 1711 3552 1766 semper
3582 1695 3733 1750 vivet

2085 1775 2144 1830 in
2180 1781 2448 1834 mortem.

2155 1865 2418 1921 «Dulcis
2467 1867 2576 1922 fuit
2622 1867 2836 1940 glareis
2884 1869 3096 1943 Cocyti.
3129 1888 3156 1922 η
3194 1869 3472 1942 Cocytum
3521 1871 3732 1928 infero-

2084 1969 2216 2009 rum
2249 1955 2492 2011 ﬂuvium
2524 1973 2651 2012 esse
2679 1957 2904 2013 dicunt.
2936 1960 3051 2016 Nos
3081 1963 3275 2016 autem
3308 1961 3366 2014 in
3410 1961 3729 2032 Seripturis

2085 2043 2297 2099 divinis
2327 2046 2597 2101 eumdem
2631 2046 2891 2114 fluvium,
2923 2053 3261 2115 torrentem,
3315 2054 3579 2120 puteum,
3634 2066 3729 2104 ca-

2086 2132 2336 2203 minum,
2371 2133 2562 2204 ignem
2596 2138 2902 2200 aeternum,
2935 2139 3232 2207 stagnum,
3268 2136 3520 2209 legimus
3551 2143 3606 2194 et
3635 2155 3731 2210 ge-

2085 2220 2362 2276 hennam.
2397 2222 2734 2277 Glarearum
2767 2240 2898 2279 vero
2931 2225 3166 2280 nomine
3212 2225 3342 2297 ipsa
3390 2227 3582 2282 officia
3612 2232 3731 2282 tar-

2085 2313 2368 2379 tarorum,
2437 2311 2739 2367 ministros
2797 2329 3032 2384 quoque
3098 2332 3402 2386 poenarum
3468 2316 3731 2372 inferna-

2085 2397 2231 2454 lium
2261 2399 2486 2456 vinctos
2516 2405 2940 2456 tormentorum
2989 2402 3132 2457 locis
3182 2405 3453 2460 existimo
3504 2407 3730 2477 signifi-

2087 2489 2228 2553 cari,
2260 2493 2316 2542 et
2346 2489 2566 2544 dictum
2598 2494 2686 2545 est
2716 2491 2884 2562 quasi
2915 2508 3016 2563 per
3045 2491 3313 2560 ironiam,
3348 2510 3413 2548 eo
3448 2496 3600 2565 quod
3633 2496 3732 2550 de-

2087 2577 2344 2633 siderent
2377 2577 2540 2633 illum
2596 2583 2771 2650 atque
2819 2585 3090 2651 excptent
3134 2581 3489 2637 habitatores
3521 2583 3732 2638 infero-

2088 2684 2242 2736 rum,
2277 2672 2339 2721 ut
2372 2668 2595 2738 puniat,
2623 2673 2679 2723 et
2707 2668 2778 2723 de
2805 2669 2935 2738 ejus
2963 2669 3204 2724 interitu
3245 2675 3602 2725 saturentur.
3631 2671 3736 2727 Vel

2088 2760 2245 2810 certe
2295 2754 2486 2811 dulcis
2532 2756 2642 2811 fuit
2693 2757 2912 2812 morti:
2948 2757 3086 2830 quia
3132 2762 3251 2813 tam
3294 2758 3636 2814 innumeros
3685 2760 3736 2815 ei

2088 2845 2340 2916 populos
2370 2845 2705 2916 acquisivit.

2165 2954 2191 2980 «
2225 2937 2289 2987 Et
2320 2938 2453 3005 post
2484 2950 2546 2988 se
2577 2949 2813 2990 omnem
2845 2934 3143 2990 hominem
3176 2935 3386 2990 trahet.
3412 2957 3440 2984 »
3475 2936 3580 2999 Qui
3611 2936 3741 2992 imi-

2091 3022 2308 3076 tatione
2365 3021 2696 3093 exemplum
2745 3025 2876 3093 ejus
2924 3028 3295 3096 sequuntur:
3339 3023 3456 3079 sive
3500 3030 3633 3096 post
3680 3041 3742 3080 se

2091 3128 2327 3167 omnem
2363 3111 2660 3166 hominem
2708 3112 2907 3182 trahit,
2943 3113 3268 3168 secundum
3316 3114 3744 3184 praevaricatio-

2091 3217 2225 3255 nem
2258 3200 2503 3256 humani
2531 3202 2763 3273 generis
2793 3201 2853 3256 in
2884 3203 3093 3258 Adam.

2163 3315 2190 3341 ‹‹
2225 3291 2292 3346 Et
2320 3294 2455 3346 ante
2484 3307 2546 3346 se
2576 3291 3058 3348 innumerabiles.
3093 3313 3122 3341 »
3155 3293 3317 3358 Quod
3347 3293 3656 3365 deceperit,
3683 3296 3742 3349 et

331 3367 536 3460 postea
565 3383 966 3455 disjungendi,
999 3387 1066 3438 ut
1094 3382 1164 3437 ad
1198 3381 1504 3454 praemium
1537 3381 1981 3450 mutenturjus-
2011 3367 2054 3435 C
2092 3397 2191 3437 eos
2220 3385 2530 3436 secuturus
2561 3381 2862 3452 prmmittit
2891 3382 2963 3436 ad
2990 3398 3213 3452 pcenas.

333 3475 400 3540 ti,
433 3479 764 3546 peccatores
812 3487 942 3525 vero
992 3471 1063 3525 ad
1114 3470 1468 3543 supplicium
1500 3468 1821 3540 rapiantur.
1864 3467 1979 3523 Vos

331 3580 468 3620 vero
500 3563 559 3617 in
590 3562 883 3617 insontem
913 3560 1175 3631 iniquam
1207 3559 1361 3613 datis
1391 3559 1762 3614 sententiam.

416 3675 441 3705 α
471 3653 541 3708 Et
571 3650 763 3706 dicitis
793 3648 970 3705 enim.
1005 3670 1035 3696 »
1069 3647 1423 3724 Insultantes
1456 3647 1620 3714 mihi,
1673 3661 1860 3718 neque
1907 3645 1980 3700 ir-

331 3742 614 3798 ridentes.

401 3853 430 3880 «
466 3830 574 3886 Ubi
607 3833 696 3885 est
739 3829 951 3883 domus
999 3826 1301 3898 principis,
1349 3831 1404 3882 et
1455 3827 1555 3882 ubi
1605 3824 1980 3881 tabernacula

331 3918 702 3992 impiorum?
748 3918 1104 3988 lnterrogate
1154 3915 1474 3988 quemlibet
1519 3917 1590 3970 de
1633 3915 1976 3980 viatoribus,

328 4014 384 4066 et
415 4010 534 4064 haec
566 4009 769 4064 eadem
801 4005 966 4061 illum
997 4004 1320 4076 intelligere
1350 4003 1732 4077 cognoscetis.
1770 4025 1798 4052 »
1834 4003 1979 4066 Quia

328 4115 463 4169 ergo
517 4099 588 4153 de
637 4111 729 4152 me
777 4096 860 4150 ita
902 4095 1157 4160 sentitis,
1200 4095 1356 4166 quod
1405 4093 1803 4148 damnationis
1837 4109 1975 4147 mese

328 4204 485 4242 nunc
517 4193 749 4258 tempus
781 4183 1079 4240 advenerit
1109 4200 1122 4237 :
1161 4199 1277 4237 non
1307 4182 1388 4237 ita
1419 4187 1526 4247 est,
1558 4183 1713 4254 quod
1746 4181 1979 4237 definis-

331 4292 395 4331 se
442 4293 542 4330 vos
591 4273 959 4330 arbitramini
994 4290 1006 4327 :
1041 4271 1180 4344 quia
1208 4271 1330 4326 haec
1375 4272 1475 4326 Dei
1501 4270 1806 4342 castigatio
1839 4275 1980 4326 tem-

329 4363 568 4436 poralis,
603 4380 718 4418 non
749 4367 837 4419 est
857 4367 1073 4417 aeterna
1103 4360 1422 4416 damnatio.

405 4475 433 4503 ‹‹
465 4453 610 4519 Quia
637 4453 696 4508 in
728 4451 882 4508 diem
916 4449 1258 4522 perditionis
1291 4452 1556 4504 servatur
1585 4449 1798 4516 malus,
1821 4453 1877 4505 et
1907 4449 1979 4505 ad

329 4543 485 4598 diem
533 4541 750 4598 furoris
799 4542 1064 4596 ducetur.
1116 4561 1145 4588 »
1177 4538 1283 4602 Qui
1333 4543 1390 4594 et
1440 4539 1512 4594 ad
1561 4539 1716 4594 diem
1766 4539 1980 4594 furoris

332 4631 432 4688 Dei
479 4630 782 4687 ducendus
833 4633 943 4691 est,
975 4633 1040 4682 ut
1083 4627 1331 4700 excipiat
1379 4628 1728 4683 sententiam
1777 4627 1982 4683 mortis

332 4727 579 4776 aeternae.
641 4719 838 4775 Sancti
881 4717 1036 4774 enim
1086 4733 1291 4772 omnes
1343 4722 1496 4774 recte
1547 4716 1806 4772 viatores
1855 4733 1982 4772 esse
2011 4741 2060 4806 Β

332 4811 628 4876 dicuntur,
661 4807 816 4880 quia,
853 4811 918 4862 ut
945 4806 1195 4878 expediti
1224 4812 1280 4862 et
1314 4805 1536 4862 alacres
1580 4811 1982 4879 praetereundo

333 4899 634 4968 smculum,
665 4897 817 4952 virili
846 4896 1042 4952 animo
1102 4894 1329 4951 calcant
1357 4901 1572 4951 terram
1604 4913 1794 4966 suam,
1830 4897 1985 4952 festi-

333 4993 542 5045 nanter
571 4987 1003 5059 proficiscentes
1048 4985 1119 5039 ad
1171 4985 1401 5040 beatam
1451 4986 1724 5057 patriam,
1778 4986 1983 5040 mundi

333 5077 512 5147 huius
569 5077 679 5131 iter
733 5074 1092 5130 loboriosum
1147 5074 1490 5129 conficiunt.
1566 5074 1633 5128 Hi
1692 5089 1828 5144 ergo
1883 5073 1984 5146 qui

335 5167 661 5224 ascendunt
684 5165 756 5221 ad
788 5163 1072 5237 populum
1104 5163 1500 5237 peregrinum,
1555 5165 1675 5218 sive
1727 5163 1986 5219 succinc-

335 5260 462 5310 tum
501 5254 632 5309 fidei
665 5253 867 5326 utique
897 5251 1154 5324 cingulo,
1190 5257 1391 5308 contra
1417 5249 1866 5306 dissolutionem
1897 5251 1985 5306 vi-

335 5344 552 5400 tiorum
582 5343 816 5398 lumbos
849 5343 1064 5397 mentis
1097 5341 1432 5414 accingunt.

410 5457 438 5482 ‹‹
472 5433 612 5498 Quis
644 5435 848 5505 arguet
876 5447 1072 5488 coram
1106 5448 1203 5486 eos
1233 5431 1355 5485 vias
1391 5431 1541 5501 ejus,
1574 5433 1630 5486 et
1659 5447 1784 5502 quae
1833 5429 1986 5498 fecit,

338 5523 472 5596 quis
517 5523 720 5577 reddet
753 5520 877 5575 illi?
906 5542 933 5567 η
965 5520 1228 5584 Videtur,
1280 5522 1435 5592 quod
1486 5521 1594 5576 Job
1641 5519 1871 5592 proprie
1917 5520 1988 5574 de

339 5611 568 5668 diabolo
621 5609 829 5666 dixerit
863 5626 876 5664 ι
905 5608 1040 5663 licet
1087 5613 1144 5663 et
1186 5609 1533 5679 generaliter
1584 5610 1655 5664 de
1713 5608 1988 5664 omnibus

338 5699 744 5775 peccatoribus
775 5697 962 5768 possit
994 5695 1257 5767 intelligi.
1287 5698 1426 5763 Quis
1458 5697 1807 5752 homninum
1853 5714 1985 5754 eum

341 5793 531 5864 potest
559 5803 806 5860 arguere
847 5789 1085 5858 propter
1131 5785 1285 5841 viam
1332 5787 1460 5856 ejus
1507 5785 1987 5858 pollutissimam,

661 5915 930 5974 PATROL.
976 5912 1203 5974 XXVI.

2167 3493 2188 3519 ε
2223 3469 2522 3532 Quomodo
2568 3469 2748 3541 igitur
2789 3469 3174 3525 consolamini
3207 3487 3300 3526 me
3331 3472 3568 3541 frustra,
3603 3487 3738 3528 cum

2089 3558 2389 3630 responsio
2417 3561 2612 3613 vestra
2639 3574 2964 3630 repugnare
3003 3563 3240 3614 ostensa
3285 3560 3362 3614 sit
3412 3559 3680 3614 veritati?
3715 3581 3736 3607 ι»

2089 3650 2151 3705 In
2184 3649 2294 3704 hoc
2323 3646 2608 3703 versiculo
2638 3663 2875 3702 omnem
2905 3648 3341 3704 altercationem
3381 3649 3737 3721 disputatio-

2088 3739 2180 3794 nis
2212 3755 2330 3793 suae
2363 3736 2653 3792 conclusit
2688 3736 2951 3792 :amicos
2997 3754 3157 3802 suos,
3209 3739 3363 3808 quod
3395 3739 3521 3794 sine
3561 3755 3740 3793 causa

2088 3832 2291 3884 contra
2336 3843 2472 3882 eum
2521 3827 2592 3881 de
2639 3826 2914 3897 praedicta
2962 3827 3184 3882 ratione
3233 3828 3548 3897 decertent,
3603 3845 3739 3884 con-

2085 3917 2268 3972 vincit
2298 3933 2310 3970 :
2344 3931 2478 3970 cum
2526 3914 2613 3969 illi
2650 3915 2926 3970 diffidunt
2955 3917 3189 3987 impios,
3225 3921 3283 3972 et
3313 3922 3647 3988 peccatores
3676 3917 3737 3972 in

2090 4005 2194 4061 hoc
2224 4005 2444 4060 mundo
2475 4004 2691 4076 puniri,
2725 4005 2878 4060 inter
2907 4021 3054 4076 quos
3103 4010 3159 4059 et
3210 4005 3405 4076 ipsum
3460 4007 3735 4060 condem-

2087 4097 2258 4160 nant;
2292 4091 2389 4147 ille
2419 4092 2708 4147 convincit
2735 4108 2855 4157 eos,
2890 4093 3046 4164 quod
3076 4091 3162 4147 vel
3196 4094 3445 4147 maxime
3477 4093 3534 4147 in
3558 4111 3737 4149 smcu-

2086 4183 2140 4238 lo
2173 4181 2515 4253 glorientur,
2549 4181 2648 4253 qui
2700 4185 2839 4237 sunt
2883 4182 2955 4236 ad
3001 4181 3397 4237 damnationis
3437 4183 3732 4253 judicium

2087 4271 2434 4328 deducendi.

2692 4359 2924 4416 CAPUT
2962 4360 3128 4418 XXII.

2164 4471 2191 4499 «
2218 4450 2595 4523 Respondens
2625 4455 2821 4506 autem
2853 4451 3089 4523 Eliphaz
3117 4446 3518 4518 Themanites,
3543 4451 3688 4506 dixit
3716 4468 3730 4506 :

2088 4540 2386 4611 Numquid
2421 4540 2535 4595 Deo
2568 4544 2759 4611 potest
2791 4541 3115 4612 comparari
3148 4539 3342 4606 homo,
3376 4541 3552 4595 etiam
3601 4557 3736 4596 cum

2090 4630 2353 4701 perfecta:
2387 4627 2560 4682 fuerit
2589 4628 2884 4684 scientiae?
2907 4653 2926 4677 η
2956 4634 3022 4685 In
3053 4629 3529 4701 suggillationem
3563 4630 3742 4700 igitur

2090 4717 2197 4773 Job
2229 4717 2340 4772 ista
2370 4717 2646 4772 dicuntur
2677 4735 2689 4772 :
2726 4719 2827 4789 qui
2860 4718 2973 4774 sibi
3005 4720 3246 4774 omnino
3277 4725 3505 4792 arroget
3528 4719 3647 4775 hazc
3681 4737 3743 4776 se

2093 4807 2329 4880 propria
2357 4807 2549 4862 cordis
2582 4806 2675 4860 sui
2707 4807 2999 4879 sapientia
3030 4808 3213 4880 loqui.

2168 4917 2196 4945 «
2226 4895 2373 4960 Quid
2408 4895 2645 4968 prodest
2676 4900 2810 4958 Deo,
2843 4897 2890 4951 si
2913 4898 3116 4967 justus
3151 4899 3350 4970 fueris,
3387 4903 3488 4955 aut
3519 4900 3660 4972 quid
3693 4899 3744 4954 ci

2093 4985 2342 5050 confers,
2372 4986 2421 5040 si
2454 4985 2828 5040 immaculata
2859 4987 3031 5042 fuerit
3059 4988 3179 5044 vita
3207 4989 3344 5044 tua?
3378 5011 3404 5036 ν
3440 4989 3620 5044 Nemo
3643 4989 3742 5058 ju-

2094 5073 2257 5129 stitia
2285 5090 2414 5139 sua,
2442 5077 2499 5127 et
2528 5073 2832 5129 sanctitate
2857 5076 3038 5131 Deum
3074 5077 3204 5132 fecit
3233 5076 3560 5144 meliorem,
3595 5092 3745 5146 quo-

2095 5161 2252 5216 niam
2301 5162 2494 5218 omnis
2543 5161 2678 5218 boni
2719 5163 2844 5218 fons
2889 5169 3065 5235 atque
3116 5165 3304 5234 origo,
3335 5165 3557 5220 nullius
3594 5164 3746 5218 bono

2095 5255 2242 5322 eget,
2275 5251 2599 5306 secundum
2631 5252 2975 5323 prophetam
3009 5253 3108 5324 qui
3159 5254 3240 5308 ait
3284 5271 3296 5308 :
3351 5254 3622 5320 Quoniam
3655 5253 3745 5308 bo-

2094 5357 2293 5395 norum
2322 5355 2566 5395 meorum
2593 5357 2704 5396 non
2734 5357 2855 5411 eges
2880 5343 3053 5412 (Psal.
3081 5359 3171 5410 xv,
3204 5342 3279 5412 2).

2167 5452 2195 5480 ‹‹
2229 5429 2525 5502 Numquid
2555 5430 2770 5486 timens
2801 5436 3004 5502 arguet
3034 5436 3107 5496 te,
3139 5435 3196 5485 et
3225 5430 3416 5486 veniet
3449 5435 3639 5486 tecum
3686 5430 3748 5488 in

2089 5519 2418 5589 judicium?
2452 5541 2478 5566 ››
2510 5519 2806 5591 Numquid
2838 5536 3016 5575 causa
3045 5519 3270 5574 timoris
3317 5520 3412 5573 Dei
3461 5519 3584 5575 hmo
3637 5526 3746 5583 est,

2097 5613 2161 5665 ut
2187 5609 2387 5664 timeat
2414 5612 2471 5663 to
2501 5608 2693 5664 Deus?
2725 5610 2871 5664 forte
2903 5608 3024 5679 ipse
3058 5613 3260 5679 potens
3285 5607 3598 5680 aliquando
3630 5611 3754 5666 effi-

2097 5698 2291 5765 ciaris,
2325 5702 2380 5752 et
2407 5697 2717 5769 cozequalis
2759 5698 2946 5752 factus
2992 5696 3118 5768 ipse
3170 5697 3409 5752 resistas
3468 5699 3561 5754 ei?
3613 5701 3750 5765 Quae

2096 5787 2300 5847 risorie
2328 5786 2526 5861 potius
2556 5790 2614 5843 et
2643 5787 3062 5844 subsannantis
3095 5803 3271 5844 sensu
3305 5787 3603 5844 dicuntur.

3355 5918 3431 5978 23
