4310 6588
550 498 665 561 715

2041 497 2461 562 APPENDIX.

3838 497 3956 559 716

625 655 654 690 ‹‹
682 636 754 694 Et
782 649 898 694 non
946 637 1183 710 propter
1226 631 1510 692 malitiam
1556 635 1721 692 tuam
1768 631 2107 709 plurimam,
2134 636 2191 691 et
2219 633 2277 701 Α
2305 631 2634 690 divinorum
2666 629 3053 702 voluminum,
3085 624 3325 686 nomine
3370 626 3750 687 tenebrarum
3779 628 3953 703 poni-

552 725 815 785 inﬂnitas
844 725 1184 799 iniquitates
1212 725 1433 782 tuas?»
1460 725 1583 781 Non
1613 724 1724 782 hoc
1753 725 1969 781 timens
2001 724 2194 797 arguit

550 823 628 889 te,
662 817 876 891 inquit,
896 817 1087 890 gravis
1119 816 1300 889 plagae
1332 816 1510 887 hujus
1541 815 2006 887 correptionibus
2041 831 2055 871 :
2089 815 2191 869 sed

550 912 790 981 propter
817 907 1015 964 omnia
1044 905 1195 961 mala
1225 910 1345 973 tua,
1379 905 1595 977 quibus
1628 904 1891 960 studium
1934 920 2190 960 commo-

550 998 905 1065 dabas.Quia
932 1012 1067 1066 ergo
1101 994 1420 1067 principale
1453 993 1694 1060 malum,
1726 993 1783 1048 id
1816 997 1904 1048 est
1948 992 2188 1058 malitia,

546 1088 655 1144 Job
688 1087 1003 1160 plurimum
1039 1086 1270 1149 habeat,
1306 1085 1459 1138 unde
1492 1088 1701 1138 caetera
1733 1082 1887 1137 mala
1918 1082 2086 1153 quasi
2130 1080 2189 1135 in

546 1177 716 1233 botro
774 1176 1141 1248 dependeant
1198 1174 1520 1245 subjungit,
1554 1177 1609 1227 et
1658 1175 1860 1227 narrat
1905 1189 1970 1227 ea
2021 1171 2190 1244 quasi

547 1283 652 1340 per
679 1266 904 1339 species
934 1264 1217 1336 singulas,
1246 1263 1328 1319 ita
1353 1263 1583 1317 dicens:

618 1396 647 1425 ‹‹
697 1372 1006 1430 Abstulisti
1038 1372 1195 1427 enim
1253 1370 1465 1442 pignus
1521 1369 1747 1424 frarum
1794 1372 2031 1423 tuorum
2065 1367 2191 1422 sine

545 1480 744 1520 causa.
780 1485 808 1513 ››
839 1462 955 1517 Hoc
988 1460 1147 1527 dicit,
1181 1460 1334 1531 quod
1366 1458 1666 1525 violenter,
1699 1463 1756 1513 et
1783 1456 1981 1512 hostili
2032 1472 2193 1511 more

545 1552 737 1609 aliena
766 1551 1044 1625 rapuerit,
1074 1549 1161 1605 vel
1193 1549 1437 1620 pignora
1463 1547 1682 1617 injuste
1723 1545 2027 1601 extorserit
2060 1561 2072 1599 :
2110 1546 2188 1600 si-

540 1659 611 1699 ve
642 1659 745 1715 per
770 1641 1020 1714 speciem
1054 1638 1293 1709 iustitiae
1325 1654 1426 1708 per
1455 1635 1813 1691 calumniam
1844 1633 2192 1706 exspoliave-

542 1732 619 1787 rit
650 1748 664 1787 :
697 1736 755 1787 et
782 1732 1175 1803 przegravatur
1204 1726 1446 1793 crimen,
1480 1724 1714 1796 quando
1765 1723 1999 1795 dicitur,
2033 1724 2188 1796 quod

542 1837 649 1877 nec
679 1818 953 1892 sanguini
985 1834 1091 1873 suo
1123 1814 1464 1888 pepercerit.

620 1948 644 1978 ι
676 1928 747 1983 Et
776 1926 967 1981 nudos
1000 1923 1263 1996 spoliasti
1293 1922 1569 1978 vestibus.
1610 1943 1631 1971 ι
1667 1920 1814 1987 Quid
1847 1920 2075 1975 vestitis
2108 1920 2187 1975 fe-

542 2017 711 2084 ceris,
744 2015 838 2071 hic
867 2019 1108 2087 apparet
1138 2030 1150 2068 :
1190 2012 1337 2084 apud
1371 2026 1545 2082 quem
1577 2027 1682 2065 nec
1716 2010 1911 2065 nudus
1951 2026 1986 2065 a
2032 2010 2186 2083 rapi-
2218 2007 2267 2073 B

543 2106 637 2162 nis
666 2105 785 2162 tuis
812 2102 1097 2159 immunis
1128 2102 1398 2156 inventus
1421 2104 1528 2155 est.

613 2218 641 2247 ‹‹
671 2197 899 2265 Aquam
926 2191 1082 2248 lasso
1113 2208 1228 2247 non
1258 2190 1492 2244 dedisti.
1531 2212 1553 2239 ι
1593 2187 1969 2243 Manifestum
2002 2192 2109 2243 est.

610 2324 640 2354 »
670 2303 740 2359 Et
767 2286 1043 2358 esurienti
1070 2296 1414 2354 subtraxisti
1446 2313 1713 2368 panem.»
1750 2296 1933 2351 Grave
1957 2299 2044 2350 est
2065 2310 2180 2349 non

537 2392 789 2459 dedisse,
816 2390 1051 2463 gravius
1083 2386 1463 2442 subtraxisse.
1511 2385 1741 2441 Grande
1787 2401 1924 2456 ergo
1972 2400 2182 2456 pecca-

531 2478 1148 2553 tum,hospitalitatem
1179 2476 1240 2531 in
1272 2474 1617 2532 necessitate
1650 2474 1855 2546 positis
1889 2490 2002 2529 non
2035 2491 2180 2545 prae-

530 2570 686 2626 bere.
717 2571 925 2641 Aperte
952 2571 1148 2623 autem
1179 2564 1419 2637 Elipbaz
1450 2562 1760 2618 mentitum
1793 2563 2179 2627 scimus,cum

530 2658 776 2715 inferius
807 2657 1073 2729 legamus
1108 2659 1327 2727 quanta
1357 2654 1511 2709 bona
1539 2654 1647 2708 Job
1679 2652 1853 2707 fuerit
1882 2657 2175 2724 operatus.

605 2766 729 2822 «In
762 2762 1107 2820 fortitudine
1158 2760 1381 2816 brachii
1425 2760 1509 2814 tui
1559 2759 1901 2831 possidebas
1939 2763 2177 2828 terram,

531 2862 590 2912 et
620 2853 1064 2927 potentissimus
1114 2850 1423 2906 obtinebas
1470 2866 1618 2904 eam.
1654 2870 1683 2898 ››
1724 2848 1930 2920 Arguit
1968 2848 2179 2903 nihilo-

533 2944 733 3000 minus
766 2959 899 2998 eum
930 2945 1213 3011 tanquam
1247 2938 1589 3010 superbum,
1622 2942 1679 2992 et
1716 2942 2034 3008 tyrannum
2079 2937 2179 3009 qui

534 3049 651 3089 non
677 3030 913 3103 justitia
938 3033 995 3084 et
1024 3027 1295 3099 aequitate
1327 3026 1489 3097 regni
1522 3026 1613 3081 sui
1644 3026 1890 3099 populos
1919 3031 2177 3097 regeret:

536 3122 638 3178 sed
670 3118 1018 3176 truculentis
1050 3116 1313 3172 moribus
1352 3119 1633 3184 tanquam
1672 3115 1884 3170 virtute
1934 3115 2180 3180 brachii,

538 3212 685 3267 duro
734 3226 831 3264 eos
873 3206 1172 3262 servitutis
1223 3221 1397 3261 onere
1447 3205 1807 3276 subjugaret,
1873 3210 1929 3259 et
1984 3204 2183 3260 nullus

536 3303 772 3373 propter
800 3296 1114 3369 imperium
1147 3312 1320 3351 suum
1362 3293 1771 3365 durissimum,
1824 3294 1934 3350 nisi
1984 3294 2182 3350 condi-

535 3390 679 3447 tioni
711 3406 828 3445 suae
860 3385 1132 3442 subditus
1163 3384 1395 3439 viveret.

610 3500 639 3528 ‹‹
668 3478 890 3532 Viduas
922 3474 1197 3530 dimisisti
1229 3490 1511 3528 vacuas.»
1546 3472 1689 3538 Quia
1721 3490 1819 3529 eas
1846 3474 2181 3543 destitutas,

535 3572 594 3624 et
648 3564 1137 3623 tribulationibus
1185 3565 1421 3619 affectas
1476 3566 1650 3633 atque
1692 3562 2053 3632 humiliatas,
2113 3566 2184 3619 ad

538 3655 1003 3714 subveniendum
1036 3652 1237 3708 audire
1269 3651 1508 3707 noluisti
1540 3666 1555 3708 :
1590 3668 2069 3724 unamquamque
2091 3671 2187 3709 ea-

538 3762 673 3801 rum
701 3759 947 3800 vacuam
978 3741 1256 3797 dimisisti
1290 3758 1303 3796 :
1338 3740 1574 3811 quando
1626 3740 1683 3795 id
1715 3742 1869 3813 quod
1903 3759 1937 3798 a
1965 3748 2021 3798 te
2052 3761 2186 3815 pos-

538 3832 790 3902 tulabat,
820 3848 936 3887 non
957 3831 1147 3903 potuit
1173 3831 1506 3902 impetrare.

616 3960 645 3990 ‹‹
674 3943 741 3994 Et
768 3937 1017 3995 lacertos
1046 3935 1402 4009 pupillorum
1445 3936 1864 3992 comminuisti.
1901 3960 1928 3987 ››
1959 3938 2011 3993 Si
2047 3939 2185 4011 quid

538 4027 753 4084 virium
784 4027 1139 4092 habuerunt,
1168 4026 1323 4082 unde
1355 4026 1671 4081 sustentari
1704 4029 2185 4098 possent,tulisti,

540 4122 597 4175 et
625 4134 827 4174 eorum
858 4116 1086 4172 animas
1115 4115 1246 4169 vitae
1279 4115 1682 4186 desperatione
1710 4116 2044 4188 fregisti,vel
2070 4137 2185 4175 non

540 4206 903 4263 defendendo
932 4223 1031 4261 eos
1061 4222 1094 4261 a
1124 4204 1296 4260 malis
1326 4204 1665 4261 hominibus
1711 4222 1723 4258 :
1757 4205 2030 4263 virtutem
2062 4210 2185 4281 spei

539 4312 762 4362 eorum,
796 4311 913 4367 qua
939 4295 1011 4349 ad
1043 4297 1098 4348 te
1130 4292 1540 4365 respiciebant,
1591 4294 2011 4366 comminuisti,
2044 4297 2185 4353 dum

538 4400 638 4461 eos
668 4399 882 4457 passus
913 4398 975 4437 es
1006 4380 1277 4454 opprimi.

609 4477 924 4543 Propterea
953 4470 1354 4525 circumdatus
1384 4486 1446 4524 es
1478 4469 1726 4541 laqueis,
1772 4477 1829 4527 et
1879 4475 2186 4530 conturbat

537 4566 595 4617 te
645 4561 895 4616 formido
944 4559 1159 4615 subita.
1195 4581 1222 4609 »
1272 4562 1387 4613 Hoc
1444 4558 1676 4614 dicebat
1726 4560 1978 4633 Elipbaz,
2029 4566 2182 4635 quod

537 4649 667 4722 ipse
694 4649 899 4704 beatus
929 4649 1040 4703 Job
1072 4647 1239 4703 mala:
1285 4647 1651 4704 conscientia:
1701 4650 2013 4707 formidine
2060 4658 2183 4708 tur-

2302 727 2419 779 tur.

2374 835 2403 861 ‹‹
2436 815 2520 867 An
2552 811 2772 883 cogitas
2820 810 2975 882 quod
3031 810 3180 864 Deus
3227 808 3507 864 excelsior
3555 808 3697 864 coelo
3746 809 3844 879 sit,
3892 813 3952 865 et

2302 918 2479 972 super
2534 902 2837 955 stellarum
2890 899 3163 953 verticem
3223 898 3616 954 sublimetur?
3672 901 3740 955 Et
3783 900 3949 956 dicis.

2302 990 2448 1055 Quid
2480 992 2634 1046 enim
2666 989 2822 1044 novit
2851 989 3043 1043 Deus?
3074 990 3143 1043 Et
3173 989 3341 1059 quasi
3374 1005 3476 1060 per
3504 988 3817 1061 caliginem
3848 990 3949 1061 ju-

2303 1080 2477 1134 dicat.
2511 1102 2539 1128 »
2572 1078 2832 1134 Primum
2863 1094 2997 1150 ergo
3032 1078 3268 1150 Elipbaz
3298 1083 3567 1133 sanctum
3610 1078 3719 1134 Job
3752 1079 3952 1135 crimi-

2303 1175 2497 1237 natur,
2530 1170 2685 1241 quod
2718 1168 2778 1223 in
2810 1172 2989 1223 Deum
3023 1172 3244 1223 asserat
3273 1167 3665 1238 ignorantiam
3720 1170 3950 1245 cadere,

2302 1263 2358 1313 et
2390 1258 2577 1313 multa
2608 1258 2725 1313 sint
2755 1258 2813 1312 in
2846 1256 3125 1312 creaturis
3158 1256 3282 1312 suis
3314 1273 3439 1328 quae
3471 1257 3710 1312 nesciat.
3731 1258 3954 1314 Deinde

2302 1348 2457 1419 quod
2482 1348 2772 1419 judicium
2805 1348 2932 1417 ejus
2963 1347 3215 1400 affirmet
3245 1345 3531 1401 incertum
3571 1363 3699 1401 esse
3743 1352 3799 1402 et
3841 1348 3950 1403 du-

2300 1437 2488 1491 bium.
2521 1438 2591 1492 Et
2620 1437 2836 1491 idcirco
2867 1453 2971 1507 per
2999 1435 3333 1507 caliginem,
3363 1435 3423 1490 id
3455 1440 3563 1504 est,
3600 1437 3768 1508 quasi
3797 1437 3950 1493 veri-

2301 1524 2492 1581 simile
2524 1526 2660 1598 quid
2680 1526 2929 1596 judicat.

2377 1634 2404 1666 α
2435 1614 2631 1669 Nubes
2664 1613 2975 1668 latibulum
3006 1614 3135 1684 ejus
3168 1628 3182 1667 :
3217 1628 3323 1667 nec
3355 1616 3555 1667 nostra
3598 1612 3948 1683 considerat,

2300 1708 2353 1758 et
2386 1703 2537 1758 circa
2567 1704 2833 1758 cardines
2860 1701 2987 1757 cmli
3016 1701 3405 1773 perambulat.
3442 1724 3464 1753 ι
3501 1700 3720 1757 Idcirco
3752 1706 3949 1758 autem

2299 1792 2419 1848 bene
2451 1792 2649 1848 omnia
2678 1792 2845 1864 quasi
2880 1808 2948 1847 ex
2978 1792 3251 1847 sensibus
3281 1790 3434 1845 beati
3481 1790 3586 1846 Job
3638 1807 3768 1846 esse
3812 1809 3950 1847 con—

2299 1883 2515 1952 ﬁngit:
2550 1888 2616 1937 ut
2664 1898 2799 1937 eum
2849 1898 2963 1936 non
3019 1880 3208 1937 solum
3258 1880 3695 1955 blasphemum,
3742 1896 3949 1937 verum

2298 1971 2475 2026 etiam
2508 1972 2662 2043 quod
2694 1971 3062 2043 ignorantem
3096 1970 3254 2025 dicat
3282 1969 3488 2040 Deum,
3520 1967 3782 2041 locisque
3812 1987 3950 2027 eum

2297 2067 2522 2117 asserat
2553 2062 2837 2116 contineri
2873 2061 3063 2132 :quod
3097 2059 3298 2132 utique
3324 2059 3543 2131 grande
3572 2058 3948 2133 sacrilegium

2294 2156 2384 2206 est
2416 2151 2630 2207 sentire
2660 2152 2731 2206 de
2761 2152 2900 2206 Deo.

2367 2263 2395 2291 ‹‹
2430 2240 2727 2312 Numquid
2757 2240 3027 2295 semitam
3060 2238 3406 2294 saeculorum
3431 2239 3727 2295 custodire
3753 2240 3945 2312 cupis,

2292 2346 2470 2401 quam
2529 2329 2898 2385 calcaverunt
2945 2328 3051 2383 viri
3101 2327 3329 2400 iniqui?
3379 2327 3686 2383 Custodire
3752 2328 3943 2400 cupis,

2291 2436 2395 2492 pro
2445 2419 2751 2474 observare
2782 2417 2970 2473 dixit:
3003 2417 3112 2472 hoc
3146 2422 3253 2483 est,
3304 2416 3592 2487 numquid
3641 2421 3832 2486 actus,
3884 2423 3945 2474 et

2290 2509 2467 2564 vitam
2499 2508 2787 2580 perditam
2838 2507 3117 2578 consequi
3165 2506 3530 2577 concupiscis
3577 2522 3801 2577 eorum,
3836 2507 3939 2579 qui

2290 2597 2350 2652 in
2383 2597 2624 2665 diluvio,
2659 2602 2715 2651 et
2743 2596 3033 2663 Sodomis,
3067 2600 3123 2650 et
3154 2612 3347 2651 eremo
3382 2597 3698 2666 perierunt,
3729 2596 3819 2651 vel
3850 2614 3940 2653 eo-

2292 2704 2421 2741 rum
2454 2687 2553 2759 qui
2587 2703 2703 2741 nen
2731 2686 2975 2741 credunt
3007 2686 3190 2741 Deum
3224 2685 3485 2740 humana
3514 2701 3739 2741 curare.

2363 2800 2391 2827 «
2424 2775 2531 2839 Qui
2558 2775 2773 2831 sublati
2806 2780 2944 2830 sunt
2973 2778 3106 2830 ante
3151 2779 3383 2845 tempus
3431 2790 3627 2829 suum.
3663 2797 3691 2824 »
3718 2774 3791 2829 Ut
3833 2780 3939 2831 Da-

2289 2865 2431 2921 tban
2480 2870 2537 2919 et
2584 2865 2799 2919 Abiron
2832 2866 3014 2933 (Num.
3046 2881 3164 2931 xvr,
3192 2865 3284 2932 30)
3318 2882 3332 2920 :
3363 2862 3454 2918 vel
3486 2863 3572 2918 illi
3603 2864 3705 2935 qui
3743 2865 3941 2921 subita

2293 2959 2477 3009 morte
2508 2954 2825 3025 perierunt.

2365 3066 2392 3094 «
2428 3044 2493 3098 Et
2524 3043 2734 3098 fluvius
2784 3043 3066 3097 subvertit
3113 3042 3565 3099 fundamentum
3624 3061 3846 3100 eorum.
3911 3068 3941 3096 »

2294 3133 2641 3188 Imminente
2672 3132 2731 3187 in
2764 3148 2826 3187 se
2859 3132 2944 3186 ira
2974 3132 3096 3198 Dei,
3131 3136 3415 3205 tanquam
3465 3133 3625 3189 fluvii
3657 3134 3936 3207 impetus,

2292 3222 2581 3278 stabilitas
2615 3221 2919 3293 praesentis
2950 3222 3076 3275 vita:
3105 3238 3307 3277 eorum
3339 3222 3618 3279 subversa
3646 3229 3734 3280 est
3769 3242 3781 3281 :
3816 3226 3939 3281 sive

2294 3312 2464 3383 quasi
2495 3311 2704 3366 fluvius
2756 3310 3194 3383 superveniente
3238 3328 3531 3383 pressura,
3590 3313 3942 3369 fundamen-

2213 3384 2255 3450 C
2294 3406 2421 3456 tum
2450 3418 2758 3473 corporum
2790 3416 2992 3455 eorum
3025 3400 3373 3456 demolitum
3422 3407 3531 3472 est,
3584 3408 3649 3457 ut
3693 3403 3822 3459 vitae
3851 3421 3947 3460 eo-

2296 3507 2427 3545 rum
2461 3490 2707 3561 parietes
2740 3494 3097 3546 corruerent.

2368 3602 2395 3629 ‹‹
2428 3578 2535 3641 Qui
2568 3579 2837 3633 dicebant
2866 3579 2982 3633 Deo
3017 3596 3030 3634 :
3065 3580 3266 3635 recede
3312 3596 3347 3634 a
3389 3580 3578 3635 nobis.
3620 3603 3649 3632 »
3702 3582 3945 3654 Propter

2296 3670 2651 3740 apostasiam
2683 3685 2819 3740 ergo
2859 3669 3121 3723 damnati
3179 3672 3336 3723 sunt.
3385 3670 3459 3723 At
3504 3687 3619 3725 non
3665 3671 3801 3727 talis
3851 3678 3944 3728 est

2294 3757 2424 3827 Job,
2459 3758 2559 3830 qui
2590 3758 2731 3813 dicit
2764 3775 2777 3812 ε
2809 3757 3051 3813 Etiamsi
3084 3756 3310 3813 occidat
3339 3773 3452 3828 me,
3486 3758 3544 3812 in
3577 3759 3772 3830 ipsum
3819 3779 3945 3833 spe-

2296 3848 2458 3903 rabo.

2370 3961 2396 3987 ‹‹
2432 3938 2501 3992 Et
2530 3936 2700 4008 quasi
2727 3934 2869 3991 nihil
2903 3934 3089 4006 possit
3120 3933 3307 3988 facere
3335 3934 3740 4005 Omnipotens,
3792 3940 3945 3994 aesti-

2298 4029 2537 4083 mabant
2567 4043 2723 4094 eum,
2758 4041 2890 4080 cum
2922 4023 3018 4079 ille
3049 4021 3349 4095 implesset
3379 4024 3585 4079 domos
3614 4041 3816 4081 eorum
3844 4028 3946 4083 bo-

2296 4115 2409 4171 nis.
2445 4139 2473 4167 »
2506 4116 2630 4171 Non
2662 4115 2988 4169 timuerunt
3017 4129 3151 4184 ergo
3184 4112 3370 4183 impii,
3421 4130 3492 4168 ne
3542 4118 3778 4187 propter
3808 4133 3942 4186 pec-

2295 4210 2492 4260 catum
2523 4205 2806 4260 offensam
2839 4203 2962 4273 Dei,
2995 4206 3051 4257 et
3080 4202 3235 4257 bona
3266 4218 3387 4271 quae
3419 4203 3542 4274 ipse
3573 4203 3944 4275 praestiterat,

2293 4280 2611 4349 vindictam
2634 4291 3059 4365 suppliciorum
3091 4291 3475 4347 incurrerent.

2366 4407 2393 4433 ‹‹
2429 4386 2687 4448 Quorum
2736 4382 3026 4437 sententia
3072 4380 3269 4453 procul
3303 4381 3380 4436 sit
3410 4399 3443 4437 a
3474 4398 3585 4439 me.
3621 4404 3649 4432 »
3680 4382 3749 4436 Et
3778 4400 3946 4438 sanc-

2293 4478 2420 4527 tum
2452 4472 2998 4543 blasphematorum
3029 4471 3091 4526 in
3122 4487 3368 4526 numero
3400 4471 3585 4542 ponit,
3635 4488 3811 4543 quam
3864 4473 3948 4528 ita

2293 4566 2359 4617 ut
2390 4562 2623 4617 eosdem
2656 4562 3000 4616 detestatur.

2364 4675 2392 4701 ‹‹
2422 4650 2908 4721 Videbuntjusti,
2940 4654 2995 4703 et
3023 4648 3393 4703 laetabuntur.
3450 4670 3479 4696 »
3530 4649 3678 4717 Sive,
3732 4655 3795 4706 ut
3844 4650 3942 4706 alii

537 4739 795 4806 baretur,
827 4742 884 4793 et
911 4738 1114 4793 eadem
1148 4737 1458 4792 formidine
1504 4738 1616 4794 sibi
1657 4740 1850 4825 subito
1894 4742 2179 4813 veniente,
2212 4759 2261 4825 D
2294 4741 2584 4807 dixerunt,
2616 4739 2889 4793 ridebunt
2922 4755 2934 4793 :
2970 4739 3038 4792 de
3071 4736 3394 4808 abjectione
3444 4736 3698 4794 infidelis
3739 4740 3942 4811 populi

536 4844 962 4899 usquequaque
1030 4832 1437 4882 consternatus
1512 4824 1823 4884 consilium
1892 4830 2181 4901 patientia:

533 4916 854 4989 perdiderit
882 4920 1086 4972 contra
1116 4916 1375 4971 adversa.

606 5030 634 5057 «
665 5007 737 5060 At
768 5005 1016 5078 putabas
1047 5011 1101 5060 te
1131 5005 1403 5060 tenebras
1425 5021 1539 5061 non
1564 5006 1852 5077 visurum,
1872 5012 1930 5062 et
1955 5008 2177 5080 impetu

534 5112 822 5167 aquarum
842 5093 1257 5149 inundantium
1274 5110 1389 5148 non
1418 5110 1765 5166 oppressum
1796 5095 1997 5151 iri.»ln
2019 5104 2181 5153 tanta

530 5184 841 5240 securitate
874 5183 1279 5255 iniquitatibus
1312 5187 1519 5253 potens
1549 5184 1783 5254 agebas,
1818 5189 1882 5238 ut
1912 5185 2032 5239 hazc
2064 5203 2181 5240 ma-

530 5273 589 5328 la
620 5274 963 5329 meritorum
994 5278 1228 5328 tuorum
1262 5272 1557 5345 reciproca
1578 5272 1680 5327 tibi
1706 5273 1901 5329 venire
1923 5292 2037 5329 non
2060 5292 2180 5330 cre-

530 5362 1010 5428 dideris.Quibus
1040 5362 1296 5417 tenebris
1329 5361 1574 5416 miseriae
1608 5360 1830 5434 utique,
1862 5363 2176 5419 etcalami-

527 5451 686 5519 tatis,
713 5456 995 5523 tanquam
1031 5452 1249 5522 impetu
1285 5466 1572 5520 aquarum
1621 5451 2035 5507 inundantium
2086 5471 2173 5509 re-

528 5545 701 5607 pente
732 5541 1046 5611 depressus
1077 5543 1241 5609 es,ut
1272 5539 1581 5594 obscurato
1613 5540 1784 5595 corde
1815 5557 1930 5595 non
1955 5541 2171 5609 videas,

529 5627 685 5698 quod
716 5633 939 5682 rectum
962 5646 1088 5683 esse
1120 5627 1404 5700 patientia
1435 5629 1723 5698 perdocet.
1756 5628 1950 5684 Multis
1982 5632 2173 5686 modis

523 5714 585 5769 in
617 5715 933 5786 Scripturis
964 5717 1453 5782 divinis,tenebrze
1485 5717 1878 5787 appellantur,
1913 5724 2168 5790 peccata,

520 5802 870 5875 ignorantia,
919 5807 1037 5862 sive
1084 5806 1407 5876 tribulatio,
1465 5807 1554 5861 vel
1608 5806 1784 5861 etiam
1842 5810 2171 5865 obscuritas

2292 4830 2572 4901 loquitur.

2360 4941 2386 4968 «
2417 4923 2482 4973 Et
2512 4916 2791 4971 innocens
2833 4915 3222 4970 subsannabit
3266 4931 3385 4971 eos.
3417 4938 3444 4965 ››
3479 4918 3781 4981 Quomodo
3829 4918 3940 4973 hoc

2291 5012 2348 5062 et
2376 5007 2446 5061 de
2478 5006 2698 5060 sanctis
2724 5005 2853 5075 ejus
2886 5022 3001 5059 non
3033 5009 3225 5076 potest
3256 5004 3365 5060 dici
3387 5007 3414 5058 ?
3462 5007 3695 5077 quando
3742 5007 3943 5081 vident

2292 5100 2624 5168 peccatores
2643 5094 2808 5165 justo
2841 5094 2940 5149 Dei
2969 5093 3193 5165 judicio
3214 5094 3593 5149 condemnari
3620 5112 3632 5149 :
3659 5094 3944 5150 videbunt

2288 5190 2345 5241 et
2376 5184 2749 5239 laetabuntur.
2782 5184 2980 5238 Placet
3021 5183 3175 5238 enim
3208 5182 3324 5237 illis
3374 5182 3472 5237 Dei
3498 5183 3754 5253 justitia,
3787 5184 3943 5240 sicut

2288 5280 2345 5330 et
2375 5274 2487 5346 ipsi
2522 5278 2654 5329 Deo.
2706 5274 2816 5328 Sed
2850 5272 3088 5343 Elipbaz
3140 5288 3275 5326 cum
3326 5271 3419 5326 hic
3470 5273 3736 5328 fortassis
3786 5278 3943 5330 recte

2287 5364 2517 5431 dixerit,
2550 5362 2702 5417 male
2735 5363 3007 5434 opinatus
3049 5366 3157 5433 est,
3200 5368 3265 5416 ut
3304 5361 3537 5416 beatum
3585 5361 3694 5417 Job
3737 5362 3941 5435 impiis

2285 5460 2341 5509 et
2369 5452 2772 5527 peccatoribus
2805 5456 3123 5523 comparet.

2358 5567 2383 5592 «
2417 5542 2617 5597 Nonne
2647 5542 2876 5596 succisa
2925 5547 3015 5596 est
3062 5541 3277 5596 creatio
3308 5540 3548 5595 eorum?
3582 5562 3608 5589 ››
3649 5541 3939 5612 Superbia

2280 5632 2487 5701 utique
2543 5629 2777 5684 illorum
2827 5635 2884 5685 et
2936 5630 3323 5695 contumacia,
3357 5629 3709 5700 supradictis
3739 5647 3935 5701 paena-

2283 5736 2413 5774 rum
2446 5717 2725 5790 exemplis
2765 5719 2998 5775 succisa
3030 5725 3139 5792 est,
3193 5725 3251 5775 et
3293 5721 3584 5791 perpetuae
3617 5718 3932 5790 perditioni

2280 5808 2517 5865 tradita.
