4310 6624
323 554 436 618 ’1l‘l

1365 553 1885 618 COMMENTAR.
1937 554 2015 617 IN
2064 554 2203 618 1οΒ
2248 556 2420 617 CAP.
2466 554 2687 619 XXIII.

3613 558 3735 621 ’718

328 712 356 743 ‹‹
386 689 458 748 Et
512 686 790 763 reliquias
840 702 1043 745 eorum
1103 682 1399 746 devoravit
1482 688 1636 764 ignis
1657 688 1685 746 ‘l
1711 708 1740 742 π
1820 686 1972 747 Reli-
2002 701 2058 770 Α
2086 688 2321 748 Deliciis
2354 692 2556 764 utique
2586 689 2990 764 spiritualibus
3009 690 3365 777 supradictis
3395 689 3732 766 repleberis,

329 781 501 855 quias
559 780 738 836 etiam
798 778 960 847 dixit,
996 782 1256 837 extrema
1287 797 1533 853 quaeque
1563 780 1970 854 peccaminum

329 870 388 927 in
418 870 511 925 die
534 869 745 941 judieii
776 868 1101 941 punienda:
1145 870 1285 942 quia
1316 870 1373 925 in
1406 870 1516 926 hoc
1548 870 1778 938 saeculo,
1813 868 1976 926 nulla

328 976 499 1032 pcena
545 959 928 1031 gravissimos
975 963 1308 1031 peccatores
1360 958 1441 1014 ita
1496 963 1561 1015 ut
1616 959 1778 1031 digni
1837 963 1978 1015 sunt

329 1050 586 1104 damnat.
619 1049 744 1104 Sive
775 1047 1052 1121 reliquias
1084 1048 1485 1120 posteritatem
1545 1049 1835 1104 malorum
1868 1049 1977 1105 ho-

328 1137 556 1192 minum
604 1136 929 1209 intelligere
962 1154 1311 1210 possumus:
1374 1155 1502 1210 quas
1558 1137 1847 1193 imitando
1878 1154 1977 1193 eos

325 1231 606 1299 tanquam
638 1231 834 1300 patres
864 1243 1069 1282 eorum
1093 1226 1373 1300 reliquias
1406 1227 1792 1301 appellentur.
1844 1227 1978 1284 Sive

326 1315 385 1370 in
416 1316 631 1372 bonam
661 1320 888 1388 partem
919 1319 1240 1387 ponuntur,
1273 1317 1599 1372 secundum
1634 1316 1781 1372 illud
1807 1335 1819 1373 :
1846 1318 1981 1386 Quo-

322 1407 483 1461 niam
528 1407 791 1476 cogitatio
823 1407 1070 1461 hominis
1099 1406 1442 1476 conﬁtebitur
1470 1407 1610 1462 tibi:
1642 1414 1693 1462 et
1724 1408 1981 1479 reliquiae

323 1496 669 1564 cogitationis
697 1495 845 1551 diem
871 1497 1074 1565 festum
1103 1499 1266 1567 agent
1296 1496 1399 1551 tibi
1430 1496 1606 1568 (Psat.
1646 1512 1807 1565 Lxxv,
1866 1496 1976 1567 11),

327 1588 393 1640 ut
449 1584 722 1656 cogitatio
766 1584 1022 1640 hominis
1072 1584 1143 1640 ad
1191 1585 1620 1641 confessionem
1695 1584 1982 1657 pertineat

326 1677 727 1746 peccatorum:
764 1672 1025 1745 reliquias
1065 1689 1201 1729 vero
1234 1679 1374 1729 sunt
1428 1672 1618 1746 ipsius
1662 1672 1980 1730 confessio-

2085 795 2220 835 cum
2272 779 2575 852 petitiones
2632 779 2822 836 cordis
2873 780 2955 835 tui
3005 780 3192 853 gratia
3242 781 3429 837 sancti
3478 782 3733 855 Spiritus

2084 867 2320 941 videris,
2354 873 2412 925 et
2444 870 2502 924 in
2535 870 2748 942 gaudio
2789 870 3004 925 mentis
3059 874 3167 925 tuas
3225 872 3480 928 senseris
3537 873 3732 929 adim-

2084 957 2251 1029 pleri.

2159 1069 2188 1097 «
2219 1048 2288 1102 Et
2317 1045 2570 1103 elevabis
2615 1049 2686 1103 ad
2718 1048 2902 1103 Deum
2937 1048 3140 1105 faciem
3168 1054 3352 1105 tuam.
3380 1073 3408 1101 »
3460 1051 3730 1108 Liberam

2087 1135 2342 1192 frontem
2375 1137 2447 1192 ad
2479 1137 2912 1208 deprecandum
2944 1138 3128 1194 Deum
3161 1138 3428 1196 attolles:
3465 1141 3585 1197 sive
3610 1143 3731 1212 jam

2089 1242 2205 1281 non
2239 1240 2419 1295 ream,
2455 1242 2642 1297 neque
2673 1226 3033 1282 incurvatam
3086 1228 3362 1284 deorsum
3405 1230 3561 1287 mala
3593 1246 3734 1287 con-

2088 1313 2350 1386 scientia,
2384 1314 2572 1387 eriges
2593 1316 2665 1370 ad
2696 1314 2880 1371 Deum
2907 1315 3166 1372 animam
3198 1321 3383 1373 tuam.

2161 1426 2190 1453 «
2225 1404 2477 1476 Rogabis
2507 1416 2664 1474 eum,
2698 1409 2754 1461 et
2782 1405 3050 1461 exaudiet
3076 1410 3151 1475 te,
3185 1415 3240 1462 et
3268 1411 3400 1463 vota
3457 1415 3557 1465 tua
3600 1409 3731 1464 red«

2089 1493 2260 1549 des.»
2327 1492 2691 1550 Peccatorem
2740 1498 2969 1550 tenon
3018 1500 3208 1567 potest
3263 1497 3557 1564 exaudire,
3614 1497 3730 1553 nisi

2090 1598 2223 1638 eum
2256 1582 2421 1655 prius
2452 1599 2554 1655 pro
2586 1584 2839 1655 peccatis
2869 1583 2988 1639 tuis
3017 1585 3364 1656 deprecatus
3399 1586 3598 1641 lueris.

2168 1694 2189 1721 ιι
2226 1670 2513 1729 Decernes
2546 1688 2689 1740 rem,
2720 1679 2778 1729 et
2805 1673 2996 1729 veniet
3027 1674 3153 1728 tibi.
3182 1696 3209 1723 »
3266 1679 3406 1730 item
3457 1677 3742 1731 duntaxat

328 1763 422 1820 nis
456 1768 675 1818 aeterna
705 1762 1130 1819 remuneratio:
1166 1778 1284 1835 qua
1338 1762 1586 1819 indultis
1628 1762 1741 1818 sibi
1788 1778 1985 1835 pecca-

328 1853 405 1909 tis
434 1852 593 1909 velut
623 1853 683 1908 in
714 1853 809 1908 die
840 1852 986 1908 festo
1021 1851 1313 1925 spirituali
1374 1851 1576 1908 laetitia
1626 1852 1981 1925 perfruatur.
2093 1849 2357 1922 petieris,
2387 1851 2699 1907 obtinebis.

331 1947 588 1998 Possunt
613 1940 877 2013 reliquiae
897 1945 957 1997 et
973 1942 1296 1996 novissima
1315 1939 1565 2014 intelligi
1591 1942 1792 2012 :juxta
1816 1940 1982 2011 illud,
2166 1961 2195 1990 «
2230 1940 2298 1994 Et
2320 1940 2381 1995 in
2410 1939 2518 1996 viis
2540 1940 2873 2013 splendebit
2891 1942 3111 2000 lumen.
3139 1968 3166 1997 ››
3192 1945 3310 2000 Visa
3332 1948 3443 1999 tum
3471 1949 3635 2000 actus
3656 1943 3742 1998 tui

330 2033 601 2105 Reliquiae
621 2033 922 2103 impiorum
943 2033 1204 2103 peribunt
1235 2032 1405 2102 (Psat.
1432 2047 1623 2097 xxxvr,
1656 2030 1768 2102 38).
2017 2084 2063 2105 η
2094 2028 2235 2085 boni
2267 2034 2459 2098 erunt,
2490 2034 2548 2085 et
2577 2030 2775 2086 lumen
2825 2032 2933 2087 tibi
2964 2033 3075 2089 erit
3103 2033 3204 2089 Dei
3249 2032 3473 2089 notitia.
3525 2031 3745 2104 Deique

405 2123 692 2194 Aequiesce
737 2122 913 2192 igitur
956 2122 1028 2190 ei,
1078 2128 1134 2176 et
1163 2121 1354 2176 habeto
1386 2137 1597 2187 vacem,
1628 2126 1685 2175 et
1731 2136 1834 2191 per
1871 2120 1989 2177 haec
2020 2117 2067 2148 υ
2094 2117 2371 2185 visitatio,
2405 2122 2583 2191 atque
2614 2120 2912 2193 proiectio,
2948 2139 3064 2194 quo
3114 2127 3280 2179 actus
3329 2122 3555 2177 viarum
3614 2127 3744 2177 tua-

334 2212 560 2267 habebi:
587 2213 798 2283 [metus
828 2212 1079 2281 optimos.
1107 2214 1387 2266 llortatur
1443 2214 1717 2266 sanctum
1759 2211 1888 2281 Job,
1923 2213 1989 2265 ut
2098 2223 2230 2262 rum
2280 2212 2523 2263 correcti
2552 2208 2998 2285 illuminentur:
3034 2228 3105 2267 ne
3139 2211 3282 2267 forte
3341 2227 3444 2284 per
3489 2227 3745 2267 errorem

336 2318 399 2358 se
421 2303 549 2373 jam
568 2300 781 2373 cogitet
803 2301 1133 2369 emendare,
1159 2304 1215 2355 et
1234 2300 1333 2355 dat
1357 2300 1668 2356 consilium
1690 2316 1807 2356 non
1832 2317 1988 2373 quaa-
2098 2296 2344 2352 inscitiae
2376 2296 2437 2352 in
2470 2302 2700 2354 montes
2730 2299 3071 2356 tenebrosos
3100 2300 3381 2357 offendas.

337 2392 510 2459 renti,
541 2394 608 2445 ut
637 2407 741 2461 per
771 2389 1115 2461 patientiam
1145 2393 1516 2445 convertatur
1545 2390 1618 2445 ad
1664 2390 1870 2445 Deum.
1926 2390 1990 2444 Et
2174 2406 2202 2434 ι(
2236 2383 2343 2449 Qui
2374 2384 2531 2440 enim
2564 2385 2913 2444 humiliatus
2945 2389 3140 2457 fuerit,
3181 2390 3290 2445 erit
3329 2390 3387 2444 in
3436 2387 3641 2462 gloria,
3693 2391 3752 2443 et

336 2478 418 2535 ita
445 2482 577 2552 post
608 2477 829 2534 bellum
850 2478 1129 2534 instantis
1151 2478 1263 2534 sibi
1286 2477 1586 2534 horribilis
1613 2478 1818 2551 plagas,
1854 2494 1989 2551 pos-
2101 2472 2203 2545 qui
2235 2471 2599 2529 inclinaverit
2627 2475 2826 2531 oculos
2856 2494 3017 2549 311.08,
3053 2477 3176 2550 ipse
3224 2478 3566 2534 salvabitur.
3596 2500 3624 2527 ››
3684 2478 3751 2532 Et

336 2573 426 2624 set
451 2569 665 2624 habere
695 2567 1124 2623 incalumitatis
1154 2584 1379 2641 pacem.
2107 2562 2386 2618 Dominus
2414 2563 2475 2619 in
2506 2564 2850 2637 Evangelia:
2886 2568 2993 2635 Qui
3020 2585 3076 2623 se
3096 2568 3381 2636 humiliat,
3411 2567 3752 2624 excitabitur

411 2681 438 2707 ‹‹
469 2658 712 2730 Suscipe
740 2674 809 2712 ex
834 2673 932 2712 ore
964 2656 1124 2712 illius
1154 2657 1365 2728 legem,
1399 2662 1456 2712 et
1508 2673 1656 2728 pone
1688 2673 1991 2713 sermones

2103 2652 2321 2723 (Matth.
2357 2669 2512 2722 xxm,
2540 2654 2647 2721 12).

339 2748 470 2818 ejus
499 2746 561 2802 in
594 2747 767 2802 corde
798 2750 918 2802 tuo.
949 2768 969 2795 ο
1001 2746 1130 2802 Sive
1163 2746 1387 2801 dictum
1422 2763 1435 2802 :
1470 2747 1526 2801 id
1552 2750 1661 2814 est,
1697 2747 1834 2801 audi
1866 2763 1993 2818 quae
2180 2762 2209 2790 ‹‹
2241 2740 2572 2797 Salvabitur
2601 2742 2902 2810 innocens,
2935 2744 3256 2801 salvabitur
3286 2750 3482 2801 autem
3516 2745 3751 2800 mundi-

341 2836 639 2911 praseepit,
672 2841 730 2892 et
757 2852 1057 2892 conserva.
2108 2830 2188 2884 tia
2220 2846 2506 2884 manuum
2533 2847 2849 2887 suarum.»
2882 2833 2942 2888 ld
2975 2837 3063 2888 est
3090 2834 3279 2907 gratia
3303 2836 3590 2890 bonorum
3624 2849 3758 2906 ope-

414 2950 441 2977 ‹‹
474 2926 531 2980 Si
561 2941 830 2980 reversus
863 2924 1043 2980 fueris
1073 2925 1147 2980 ad
1201 2925 1697 2998 Omnipotentem,
1748 2924 1997 2979 esdilica-
2110 2935 2262 2988 rum,
2294 2919 2382 2976 vel
2414 2919 2622 2976 nitore.
2653 2922 2891 2994 Antiqni
2925 2923 3004 2979 ita
3034 2924 3306 2980 dixerunt
3334 2941 3346 2979 :
3404 2925 3547 2979 Erue
3595 2928 3757 2978 inno-

343 3015 524 3072 beris.
554 3037 584 3066 »
619 3016 677 3070 Si
708 3019 767 3070 te
797 3015 1088 3070 factorum
1141 3018 1379 3069 tuorum
1438 3014 1703 3086 pmnitat,
1751 3012 1997 3067 aadiiiea-
2108 3012 2340 3075 cantem,
2398 3016 2450 3065 et
2492 3011 2794 3066 salvabcris
2850 3013 3124 3069 munditia
3177 3031 3447 3069 manuum
3499 3016 3755 3068 tuarum:

347 3105 543 3161 beris:
576 3105 637 3159 id
694 3108 802 3173 est,
867 3101 1129 3175 quotidie
1182 3102 1433 3158 vallatus
1483 3102 1679 3158 divina
1734 3101 2002 3159 custodia
2115 3098 2212 3153 ubi
2244 3097 2688 3155 retributionem
2718 3100 2949 3157 videtur
2979 3120 3206 3173 sonare,
3269 3103 3424 3175 quod
3472 3103 3573 3170 ait,
3626 3118 3763 3159 erue

353 3194 659 3250 munieris.
696 3192 1222 3249 Dissimulantibus
1255 3208 1426 3265 agere
1446 3191 1867 3263 paenitentiam,
1893 3191 2002 3247 hoc
2113 3187 2518 3245 innocentem:
2554 3191 2620 3244 ut
2648 3189 2859 3246 salvari
2892 3192 3083 3264 possis
3114 3191 3449 3249 innocentia
3478 3207 3763 3249 manuum

352 3284 687 3355 exemplum
716 3283 1018 3355 egregium
1050 3283 1500 3355 proponendum
1560 3286 1688 3337 est:
1740 3297 2004 3337 necessa—
2113 3280 2373 3333 tuarum.

352 3374 439 3429 ria
466 3374 626 3429 enim
656 3372 779 3427 hazc
810 3372 1132 3428 cohortatio
1160 3375 1271 3442 est,
1303 3389 1420 3444 qua
1451 3374 1700 3444 possunt
1736 3376 2003 3443 peccato-

353 3478 447 3519 res
479 3462 721 3535 gloriam
757 3461 1043 3533 perditam
1072 3477 1362 3533 reparare.

427 3573 455 3601 ‹‹
488 3552 558 3605 Et
583 3550 757 3621 longe
788 3549 962 3604 facies
982 3549 1353 3620 iniquitatem
1378 3549 1795 3606 atabernaculo
1826 3555 1946 3605 tuo.
1976 3572 2002 3599 ››

354 3641 415 3698 Si
445 3646 504 3696 te
533 3640 846 3695 emendare
875 3638 1127 3693 volueris
1159 3643 1334 3710 atque
1364 3640 1668 3711 corrigere,
1703 3640 1808 3695 tibi
1831 3640 2005 3696 ascri-

350 3732 449 3786 bet
484 3729 659 3797 Deus,
689 3728 845 3800 quod
878 3727 1051 3799 longe
1083 3727 1260 3782 facies
1287 3745 1320 3782 a
1350 3733 1403 3783 te
1427 3729 1793 3801 iniquitatem
1815 3734 2000 3785 tuam:

352 3836 488 3875 cum
522 3834 652 3874 eam
684 3834 719 3872 a
759 3821 813 3872 te
844 3817 1040 3889 potius
1070 3817 1194 3888 ipse
1215 3817 1463 3889 elonget.
1506 3818 1634 3874 Sive
1666 3820 1789 3891 ipse
1810 3819 2008 3874 diabo-

352 3909 448 3964 lus
480 3907 762 3979 iniquitas
793 3906 1034 3961 dicitur:
1070 3905 1180 3961 hoc
1206 3910 1316 3969 est,
1347 3908 1461 3979 qui‘
1479 3912 1533 3963 te
1573 3909 1627 3963 in
1662 3913 2005 3982 potestatem

357 3997 569 4069 accipit
597 3996 985 4069 elengahitur.
2121 4014 2222 4070 pro
2254 3996 2620 4053 conscientiae
2652 4012 2793 4053 meae
2826 3997 3041 4053 ﬁducia
3079 4014 3203 4069 quae
3234 4002 3591 4069 sequuntur:

434 4112 456 4140 ι
493 4086 671 4142 David
704 4102 809 4157 pro
828 4089 986 4141 terra
1014 4085 1260 4151 silicem,
1296 4091 1353 4142 et
1382 4104 1484 4159 pro
1516 4088 1676 4144 silise
1720 4093 2010 4145 torrentes
2190 4087 2332 4151 Quis
2362 4085 2507 4140 mihi
2567 4085 2792 4141 tribuat
2839 4090 2904 4141 ut
2959 4102 3306 4158 cognoscam
3356 4090 3414 4141 et
3470 4085 3766 4140 inveniam

361 4193 590 4233 aureos.
620 4198 641 4225 ιο
680 4180 797 4232 Hoc
828 4175 1005 4231 dicit:
1039 4176 1195 4247 quod
1238 4176 1288 4231 si
1347 4178 1682 4249 propitiatio
1727 4197 1859 4235 eum
1914 4180 2010 4234 Dei
2119 4175 2310 4241 illum,
2344 4180 2400 4231 et
2428 4175 2658 4230 veniam
2679 4190 2868 4247 usque
2884 4176 2954 4230 ad
2969 4173 3185 4231 solium
3208 4176 3380 4247 ejus?
3410 4197 3439 4227 »
3466 4174 3767 4230 Intellecta

366 4266 425 4320 in
456 4264 756 4337 praeceptis
784 4266 914 4337 ejus
945 4264 1306 4320 ﬁrmissimis
1337 4265 1669 4333 stabilierit,
1730 4286 1843 4324 non
1900 4274 2010 4323 ter-
2122 4281 2184 4320 se
2214 4280 2561 4337 cognoscere
2592 4269 2770 4321 Deum
2802 4264 2979 4320 dixit:
3024 4263 3283 4321 invenire
3343 4280 3577 4337 quoque
3632 4278 3767 4318 eum

367 4355 525 4410 renis
556 4354 731 4409 rebus
756 4362 813 4409 et
836 4352 1030 4409 carnis
1057 4352 1459 4424 voluptatibus
1516 4372 1749 4426 operam
1812 4357 2011 4415 dabit:
2123 4354 2397 4426 operibus
2424 4354 2618 4427 bonis,
2651 4358 2708 4410 et
2733 4354 2931 4411 venire
2960 4371 3150 4427 usque
3179 4356 3249 4410 ad
3285 4353 3499 4411 solium
3532 4354 3681 4424 ejus,
3715 4354 3771 4406 et

366 4444 467 4499 sed
494 4443 683 4516 magis
712 4444 785 4499 ad
813 4442 1215 4499 fortitudinem
1256 4441 1540 4499 virtutum
1574 4446 1859 4516 proﬁciet,
1914 4465 2017 4521 per
2127 4444 2305 4500 futuri
2336 4445 2599 4516 scientia,
2631 4449 2689 4500 et
2739 4445 3089 4518 cogitatione
3139 4444 3349 4516 judicii
3412 4443 3769 4517 proficiendo

365 4550 543 4607 quam
573 4533 760 4606 possit
787 4528 869 4589 ad.
891 4532 1200 4588 affluentes
1249 4532 1571 4588 caelestium
1616 4535 1846 4592 divitias
1893 4555 2020 4610 per-
2125 4536 2399 4591 accedere
2428 4551 2613 4607 usque
2640 4535 2711 4591 ad
2740 4535 2929 4607 ipsam
2961 4534 3517 4608 contemplationem
3565 4532 3773 4587 divina:

363 4624 591 4679 venire:
620 4624 730 4679 hoc
759 4623 917 4678 enim
950 4622 1378 4694 metaphoricos
1400 4622 1637 4694 Eliphaz
1654 4626 1723 4679 ad
1748 4633 2017 4684 sanetum
2128 4625 2468 4697 potestatis;
2504 4641 2683 4696 quam
2735 4624 2938 4696 utique
2995 4625 3201 4680 mundi
3251 4624 3423 4680 corde
3471 4622 3775 4677 videbunt.

363 4713 472 4769 Job
495 4714 673 4769 dicit:
709 4713 864 4785 quod
894 4712 942 4768 si
973 4711 1034 4766 in
1066 4729 1205 4767 saxo
1239 4711 1602 4768 fortitudinis
1657 4714 1820 4770 bona'
1880 4734 2016 4772 eon-
2128 4717 2287 4782 Quod
2322 4731 2439 4781 cor,
2473 4714 2674 4770 multis
2706 4715 3228 4771 castiﬁcationibus
3248 4729 3500 4781 morum,
3534 4715 3776 4769 sanctus

368 4803 623 4859 scientiae
653 4806 765 4858 tua:
794 4802 1021 4873 positus
1052 4802 1257 4867 fueris,
1289 4818 1501 4857 sensus
1531 4803 1738 4859 divinae
1785 4806 2019 4879 sapien-
2053 4808 2223 4897 Dliic
2252 4805 2361 4862 Job
2392 4804 2764 4874 parilicatum
2794 4821 2856 4860 se
2878 4804 3020 4860 dicit
3045 4805 3347 4861 habuisse.

367 4892 459 4947 tiae
481 4892 587 4947 tibi
620 4890 779 4947 velut
806 4895 1038 4946 torrens
1068 4907 1284 4946 aureus
1312 4892 1658 4949 abundabit.
2053 4890 2090 4897 ”
2201 4920 2230 4947 ‹‹
2263 4897 2481 4952 Ponam
2514 4911 2708 4950 coram
2736 4894 3134 4966 eojudicium.
3161 4917 3188 4944 ››
3211 4895 3534 4964 Judicium,
3561 4890 3779 4963 inquit,

446 5001 474 5032 ο
505 4980 741 5052 Eritque
764 4980 1151 5053 Omnipotens
1180 4984 1382 5036 contra
1410 4981 1608 5039 hostes
1640 4988 1793 5039 tuos.
1820 5008 1840 5037 »
1872 4986 2017 5041 Cum
2121 4985 2369 5058 justitias
2401 4987 2514 5039 tum
2544 5000 2759 5055 ponam
2792 4984 2849 5039 in
2885 4988 3201 5056 conspectu
3233 4985 3333 5040 Dei
3384 4983 3521 5053 mei,
3573 4994 3783 5036 secun-

372 5070 596 5141 feceris,
622 5070 836 5142 inquit,
868 5068 1230 5127 voluntatem
1266 5072 1415 5142 ejus,
1475 5072 1718 5129 habebis
1752 5091 1889 5131 eum
1921 5078 2018 5132 de-
2133 5077 2275 5131 dum
2304 5074 2485 5130 illud:
2518 5074 2594 5129 Ab
2624 5076 2742 5145 ipso
2763 5074 2970 5147 judz’cii
2999 5076 3119 5145 ejus
3148 5076 3466 5147 aequitatem
3504 5070 3791 5140 requiram

375 5159 692 5216 fensorem.
2136 5166 2270 5239 (Job.
2306 5183 2383 5233 1x,
2420 5165 2530 5232 19).
2565 5164 2786 5219 Tamen
2818 5163 3165 5237 priusquam
3222 5164 3302 5219 sit
3330 5164 3459 5234 ejus
3490 5160 3550 5214 in
3586 5171 3679 5212 me
3730 5156 3795 5207 fi-

450 5271 479 5301 «
508 5250 579 5305 Et
607 5253 917 5323 argentum
950 5250 1388 5307 coacervabitur
1414 5251 1542 5306 tibi.
1569 5273 1598 5301 »
1627 5253 1892 5311 Diximus
1925 5273 2026 5311 au-
2144 5256 2322 5312 nitiva
2343 5252 2653 5319 sententia,
2689 5253 2908 5309 multas
2938 5254 2987 5309 ei
3014 5255 3304 5327 proferam
3337 5246 3795 5321 increpationes,

377 5356 512 5395 rum
546 5357 647 5411 pro
678 5356 856 5396 sensu
888 5341 1091 5413 accipi,
1116 5345 1173 5397 et
1200 5345 1510 5412 argentum
1544 5359 1644 5414 pro
1676 5343 1908 5418 eloquio
1929 5347 2026 5417 ju-

379 5428 767 5486 stiﬁcationis.
802 5435 950 5503 Ergo
982 5436 1040 5487 et
1069 5431 1349 5486 mandata
1408 5431 1509 5487 Dei
1560 5437 1733 5504 atque
1783 5436 2029 5505 judicia,

380 5519 511 5592 ipsa
532 5522 672 5575 sunt
700 5520 901 5575 divina
929 5521 1181 5592 eloquia.
1215 5521 1361 5575 Cum
1393 5537 1529 5592 ergo
1584 5540 1921 5592 conversus,
1974 5528 2033 5583 in

378 5608 474 5664 his
504 5609 684 5665 fueris
714 5610 1093 5665 meditatione
1124 5608 1364 5666 assidua
1385 5620 1802 5681 commoratus,
1825 5615 2035 5672 intelli-

379 5698 607 5771 gentiae
636 5698 999 5754 diversorum
1035 5715 1318 5755 sensuum
1342 5699 1710 5765 disserendo,
1729 5704 2034 5778 multiplex

380 5795 441 5845 et
469 5787 707 5859 copiose
728 5789 1041 5844 abundans
1071 5786 1370 5859 equuium
1401 5793 1841 5851 coacervabitur
1868 5794 1995 5853 tibi.

462 5897 493 5927 ‹‹
523 5878 692 5933 Tunc
750 5893 929 5950 super
969 5877 1445 5950 Omnipotentem
1494 5877 1720 5935 deliciis
1767 5865 2041 5944 affines.»

2084 1761 2332 1832 justam,
2389 1766 2674 1833 sanctam,
2733 1767 2914 1835 atque
2971 1762 3300 1834 honestam,
3352 1766 3739 1836 quamaDeo

2705 3369 2937 3426 CAPUT
2977 3370 3172 3427 XXIII.

2036 3452 2078 3518 C
2188 3478 2217 3506 ‹‹
2252 3457 2632 3530 Respondens
2656 3464 2858 3515 autem
2889 3460 3019 3527 Job,
3053 3461 3171 3515 ait:
3207 3460 3375 3515 Nune
3426 3476 3659 3532 quoque
3704 3460 3763 3514 in

2113 3546 2505 3603 amaritudine
2555 3552 2644 3604 est
2694 3565 2887 3605 sermo
2937 3565 3127 3618 meus,
3178 3553 3235 3606 et
3292 3564 3505 3605 manus
3577 3548 3761 3621 plaga}

2115 3654 2255 3692 mea:
2279 3640 2589 3711 aggravata
2609 3642 2889 3711 estsuper
2903 3638 3189 3712 gemitum
3213 3654 3432 3695 meum.
3462 3660 3490 3688 ››
3525 3636 3762 3694 Relictis

2116 3726 2454 3784 infidelibus
2484 3727 2709 3797 amicis,
2743 3728 2845 3800 qui
2900 3745 2992 3784 me
3022 3728 3375 3785 calamitatis
3419 3729 3599 3800 hujus
3653 3726 3764 3783 mi-

2116 3818 2331 3874 seriam
2354 3818 2515 3888 juste
2547 3818 2667 3891 pati
2698 3818 3007 3886 definiunt,
3040 3822 3097 3875 et
3126 3820 3353 3875 addunt
3383 3815 3766 3874 amaritudini

2120 3922 2282 3976 mea),
2316 3911 2504 3963 totum
2535 3923 2628 3963 me
2656 3908 2729 3963 ad
2760 3908 2947 3963 Deum
2978 3912 3333 3976 convertam,
3367 3913 3424 3963 et
3464 3909 3660 3963 dicam
3708 3909 3767 3961 et

2134 5438 2338 5508 justus
2370 5433 2560 5507 patior
2590 5437 2901 5501 tormenta,
2938 5450 3064 5506 quae
3098 5431 3318 5503 iniquis
3348 5426 3666 5499 impiisque
3698 5437 3803 5495 ρο·-

2144 5528 2265 5583 tius
2296 5526 2603 5580 debentur.
2638 5523 2753 5579 Hoc
2786 5540 2921 5597 ergo
2946 5524 3101 5595 quod
3134 5520 3421 5592 sequitur,
3455 5516 3535 5571 ait
3570 5532 3583 5571 :

2221 5637 2250 5666 «
2280 5615 2349 5671 Et
2378 5631 2443 5669 os
2474 5629 2671 5669 meum
2704 5613 2935 5685 replebo
2967 5607 3467 5683 increpationibus
3495 5622 3507 5661 :
3535 5602 3803 5660 utsciam

2147 5706 2321 5762 verba
2351 5721 2478 5777 quae
2511 5702 2655 5758 mihi
2686 5702 3051 5774 respondeat,
3085 5704 3141 5755 et
3170 5697 3497 5770 intelligam
3531 5694 3674 5768 quid
3718 5692 3807 5748 lo-

2150 5800 2364 5870 quatur
2396 5791 2560 5849 mihi.
2587 5814 2615 5841 ››
2649 5792 2711 5847 Id
2744 5797 2850 5859 est,
2873 5778 3023 5861 jiisti
3054 5788 3273 5845 doloris
3308 5787 3587 5861 querelis.

2227 5905 2249 5935 ι
2279 5883 2421 5940 Nolo
2454 5881 2643 5938 multa
2673 5879 3015 5937 fortitudine
3045 5880 3367 5937 contendat
3406 5890 3635 5934 mecum
3666 5886 3815 5930 :nec

2140 5347 2281 5419 quia
2309 5361 2443 5400 cum
2476 5345 2604 5414 ejus
2628 5343 2887 5400 noverim
2912 5339 3798 5416 singularemjustitiam,quare
3896 5360 3902 5369 -
