4310 6576
522 516 638 579 ’119

524 646 951 725 magnitudinis
981 664 1098 705 suae
1129 645 1280 703 mole
1302 663 1393 703 me
1413 650 1658 720 premat.
1686 646 1974 720 PrOponat
1988 646 2167 718 aequi-
2198 654 2255 719 Α

524 747 707 800 tatem
740 743 941 797 contra
970 756 1083 809 me,
1117 742 1173 793 et
1209 737 1496 808 perveniet
1523 738 1594 792 ad
1646 737 1951 793 victortam
2006 735 2169 807 judi-

527 833 684 889 cium
717 846 937 886 meum.
959 849 983 879 ι
1021 829 1081 883 In
1114 826 1264 882 mole
1294 826 1620 897 majestatis
1653 828 1802 897 ejus,
1860 825 2168 898 horripila-

524 924 746 977 tionem
776 918 1196 990 intelligamus,
1230 934 1342 970 non
1375 916 1595 987 aliquid
1627 932 1968 987 corporeum
1994 933 2005 969 :
2033 915 2172 986 quia

530 1015 681 1069 Deus
713 1009 955 1082 spiritus
987 1012 1095 1062 est.
1130 994 1335 1060 Certus
1384 1022 1537 1069 sum,
1588 1004 1797 1075 inquit,
1848 1003 1987 1074 quia
2025 1003 2169 1057 istas

529 1100 913 1157 afflictionum
941 1096 1226 1155 miserias.
1259 1094 1385 1166 ipso
1410 1094 1611 1164 utique
1635 1093 1956 1163 judicante,
2016 1096 2171 1163 pate-

530 1192 616 1245 bit
648 1207 738 1245 me
770 1185 928 1245 nullo
960 1190 1326 1259 peccatorum
1379 1183 1585 1238 merito
1640 1182 1933 1238 sustinere
1966 1206 1982 1249 ς
2032 1180 2168 1235 hinc

530 1281 637 1337 ait:
672 1303 698 1330 ‹‹
736 1275 1038 1333 Perveniet
1068 1275 1138 1329 ad
1168 1272 1469 1327 victoriam
1494 1271 1787 1342 judicium
1820 1286 2042 1325 meum.
2066 1291 2094 1320 »

600 1394 627 1419 ‹‹
652 1369 711 1424 Si
739 1369 809 1423 ad
833 1365 1115 1421 orientem
1148 1364 1286 1430 iero,
1321 1378 1437 1416 non
1468 1364 1747 1432 apparet:
1783 1359 1831 1415 si
1883 1360 1952 1414 ad
2014 1357 2170 1414 occi-

528 1462 781 1522 dentem,
813 1473 928 1511 non
959 1453 1283 1525 intelligam
1306 1466 1471 1506 eum:
1500 1450 1547 1505 si
1579 1451 1651 1504 ad
1676 1450 2001 1516 sinistram,
2026 1447 2168 1519 quid

524 1565 695 1621 agam
719 1547 747 1600 ‘?
777 1546 902 1601 Non
924 1542 1355 1615 apprehendam
1387 1556 1543 1595 eum.
1579 1539 1639 1593 Si
1686 1554 1781 1593 me
1821 1542 2041 1592 vertam
2096 1537 2167 1591 ad

526 1639 848 1701 dexteram,
878 1650 991 1688 non
1024 1630 1229 1693 videbo
1260 1628 1449 1683 illum.
1484 1629 1612 1698 Ipse
1660 1643 1795 1681 vero
1852 1625 1963 1680 scit
2012 1624 2168 1679 viam

523 1728 809 1789 meam,et
838 1721 1109 1795 probabit
1132 1736 1226 1775 me
1248 1716 1415 1790 quasi
1436 1733 1644 1772 aurum
1670 1715 1823 1787 quod
1850 1730 1952 1786 per
1972 1714 2168 1786 ignem

520 1815 799 1871 transit.»
837 1814 981 1867 Dum
1016 1813 1207 1881 partes
1242 1806 1446 1862 mundi
1479 1808 1804 1873 enumerat,
1838 1803 1978 1858 dicit
2034 1818 2169 1857 eum

521 1904 791 1961 habitare
821 1901 1039 1973 ubique
1070 1902 1293 1963 totum;
1347 1894 1457 1951 sibi
1504 1899 1702 1949 tamen
1751 1891 1991 1948 omnino
2042 1906 2171 1945 esse

2010 511 2434 574 APPENDIX.

3807 506 3927 568 720

2360 668 2381 695 ι
2415 643 2527 699 Alii
2553 645 2833 699 terminos
2874 641 3321 708 transtulerunt,
3379 638 3749 713 diripuerunt
3802 657 3927 714 gre-

2278 750 2399 807 ges,
2431 738 2489 790 et
2519 736 2803 807 paverunt
2848 749 2965 788 eos.
2993 754 3021 781 »
3054 733 3116 787 Id
3145 734 3257 799 est,
3306 728 3738 786 transtulerunt
3792 746 3923 804 gre-

2278 840 2380 895 ges
2436 827 2493 878 et
2549 824 2949 878 comederunt.
3008 821 3379 877 Manifestum
3437 823 3528 876 est
3593 822 3922 878 secundum

2278 912 2555 966 litteram.
2613 911 2930 965 Videamus
2987 926 3143 964 nunc
3201 909 3528 964 secundum
3604 909 3920 983 mysticum

2278 999 2639 1055 intellectum
2698 998 2837 1070 quid
2897 998 3207 1070 significet.
3264 998 3572 1055 Terminos
3661 1001 3924 1056 transfe-

2279 1093 2510 1143 rentes:
2572 1088 2629 1141 id
2686 1092 2795 1157 est,
2875 1091 3094 1143 statuta
3165 1086 3436 1143 Ecclesiae
3505 1087 3918 1158 convellentes,

2278 1177 2580 1232 hmreticos
2610 1193 2738 1232 esse
2769 1176 3138 1249 significavit,
3198 1177 3299 1249 qui
3348 1177 3604 1233 novitate
3644 1179 3922 1235 doctrinae

2278 1283 2580 1339 perverse,
2638 1266 2979 1339 evangelicae
3038 1266 3183 1339 legis
3237 1270 3295 1323 et
3340 1266 3736 1340 apostolorum
3803 1272 3923 1325 ter-

2280 1356 2472 1411 minos
2505 1356 2822 1428 praeﬁnitas
2852 1357 3156 1422 excedunt,
3190 1359 3246 1412 et
3288 1356 3372 1411 ita
3416 1357 3745 1430 deeeptoria
3792 1375 3921 1431 per-

2280 1446 2552 1501 suasione
2581 1445 2868 1518 diripiunt
2924 1463 3127 1518 greges
3170 1445 3521 1514 dominicus,
3571 1446 3630 1503 id
3679 1450 3769 1503 est
3817 1465 3920 1521 po-

2279 1534 2449 1607 pulos
2479 1535 2779 1590 credentes
2808 1535 2866 1590 in
2897 1535 3218 1592 Christum.

2351 1647 2379 1674 «
2409 1624 2657 1679 Asinum
2692 1624 3047 1697 pupillorum
3080 1626 3419 1699 abegerunt,
3452 1630 3509 1683 et
3556 1627 3926 1685 abstulerunt

2278 1730 2382 1785 pro
2414 1714 2652 1785 pignore
2682 1714 2889 1769 bovem
2918 1714 3125 1769 vidum.
3153 1732 3167 1770 :
3230 1715 3655 1772 Subverterunt
3702 1734 3924 1791 panpe-

2278 1819 2410 1857 rum
2440 1803 2617 1869 viam,
2648 1806 2706 1858 et
2735 1807 3154 1875 oppresserunt
3182 1805 3400 1876 pariter
3429 1810 3767 1862 mansuetos
3805 1811 3926 1864 ter-

2278 1909 2375 1946 ra).
2402 1913 2429 1940 »
2462 1890 2671 1962 Pupilli
2704 1892 2945 1965 quidem
2977 1897 3117 1949 sunt
3146 1894 3356 1961 teneri,
3404 1894 3493 1950 vel
3543 1894 3806 1953 infantes
3862 1896 3924 1952 in

522 1991 879 2050 invisibilem
911 1989 1240 2055 confitetur,
1274 2002 1338 2039 eo
1367 1984 1520 2056 quod
1553 2000 1668 2038 non
1701 1982 2001 2052 subjaceat
2042 1981 2169 2050 ejus
2202 2027 2249 2093 B
2281 1980 2416 2049 fide,
2446 1979 2533 2036 vel
2549 1980 2663 2093 Jqui
2696 1982 2876 2082 Deum
2899 1982 3134 2093 fatreﬁn
3168 2000 3285 2039 non
3334 1982 3574 2093 habent,
3622 1989 3689 2040 ut
3717 1986 3810 2086 .ab
3857 2001 3925 2042 eo

524 2082 797 2138 divinitas
828 2078 1130 2135 obtutibus
1162 2079 1459 2130 creatura).
1511 2072 1697 2128 Deum
1745 2087 1880 2126 vero
1933 2085 2169 2125 omnem

522 2172 677 2227 viam
710 2165 1167 2225 conversationis
1198 2165 1325 2233 ejus
1357 2162 1461 2228 ait,
1494 2161 1634 2232 quia
1663 2158 1879 2231 optime
1910 2161 2169 2214 noverat.

596 2284 625 2311 «
656 2258 919 2331 Vestigia
940 2256 1067 2326 ejus
1097 2257 1333 2307 secutus
1364 2254 1453 2306 est
1480 2267 1583 2322 pes
1614 2266 1818 2304 meus:
1851 2248 2005 2303 viam
2042 2248 2171 2319 ejus

525 2348 834 2417 custodivi,
868 2350 924 2401 et
952 2362 1066 2399 non
1125 2340 1407 2397 declinavi
1439 2356 1507 2395 ex
1538 2356 1623 2394 ea.
1656 2341 1701 2393 A
1747 2336 2039 2393 mandatis
2086 2336 2169 2391 la-

522 2440 758 2495 biorum
790 2436 916 2506 ejus
948 2450 1064 2489 non
1097 2430 1333 2495 recessi,
1368 2433 1424 2485 et
1455 2429 1515 2483 in
1555 2428 1688 2483 sinu
1722 2444 1849 2483 meo
1884 2444 1997 2481 non
2033 2426 2170 2481 abs—

525 2528 702 2584 condi
731 2525 907 2581 verba
937 2523 1055 2578 oris
1095 2521 1244 2591 ejus.
1272 2540 1301 2568 ››
1355 2520 1469 2573 Hoc
1521 2520 1626 2583 est,
1678 2517 1834 2588 quod
1888 2513 2170 2571 custodiri

523 2616 727 2685 voluit,
762 2611 1069 2671 custodivi.

598 2730 627 2757 ‹‹
662 2708 792 2778 Ipse
821 2702 978 2759 enim
1010 2699 1171 2757 solus
1201 2701 1308 2765 est,
1341 2700 1398 2752 et
1450 2712 1621 2752 nemo
1674 2697 1931 2751 avertere
1980 2695 2173 2765 potest

526 2794 936 2870 cogitationem
969 2792 1117 2862 ejus,
1151 2792 1205 2843 et
1235 2787 1431 2843 anima
1461 2787 1589 2856 ejus
1620 2784 2011 2856 quodcunque
2070 2798 2169 2836 vo-

521 2886 638 2942 luit
666 2885 776 2939 hoc
808 2881 1014 2937 fecit.»
1078 2880 1190 2932 Hoc
1248 2880 1336 2931 est
1388 2875 1527 2947 quia
1571 2871 1982 2928 inscrutabilia
2032 2873 2172 2926 sunt

518 2973 747 3046 judicia
776 2972 924 3043 ejus,
956 2972 1013 3023 et
1041 2964 1473 3037 investigabiles
1501 2962 1603 3017 viae
1665 2962 1811 3031 ejus.
1862 2961 2034 3033 (Rom.
2090 2975 2169 3027 x1,

526 3063 639 3135 33).

600 3174 631 3202 «
664 3150 926 3219 Cumque
955 3144 1270 3217 expleverit
1322 3142 1382 3197 in
1432 3157 1524 3196 me
1570 3139 1928 3195 voluntatem
1978 3153 2170 3204 suam,

530 3245 587 3296 et
615 3239 730 3297 alia
761 3236 947 3293 multa
977 3233 1195 3291 similia
1224 3235 1433 3304 praesto
1466 3232 1603 3284 sunt
1619 3229 1690 3283 ei.
1718 3250 1745 3277 »
1777 3228 2057 3297 Cumjam
2078 3242 2171 3281 me

529 3331 746 3403 quibus
792 3325 975 3390 voluit
1028 3321 1335 3379 tormentis
1393 3318 1665 3385 effecerit,
1699 3321 1755 3372 et
1812 3316 1927 3371 alia
1979 3315 2170 3371 adhuc

2281 2074 2484 2125 contra
2508 2070 2870 2126 adversarios
2893 2071 3301 2128 defendantur.
3334 2074 3593 2139 Quorum
3637 2074 3924 2143 animum,

2278 2158 2435 2215 velut
2456 2160 2793 2229 jumentum
2826 2160 2970 2216 forte
3003 2178 3069 2216 ac
3100 2161 3518 2231 necessarium,
3548 2164 3621 2220 ad
3651 2165 3833 2221 Deum
3863 2164 3926 2221 in

2280 2265 2342 2303 se
2365 2265 2467 2321 per
2491 2249 2665 2305 ﬁdem
2697 2250 3070 2321 portandum,
3104 2251 3356 2308 haeretici
3386 2253 3726 2325 praedonum
3763 2271 3925 2312 more

2280 2338 2353 2392 ab
2385 2336 2469 2392 eis
2501 2338 2764 2411 abigunt,
2798 2340 2939 2394 dum
2971 2356 3070 2395 eos
3102 2338 3350 2396 fallaciis
3391 2341 3537 2409 suis,
3560 2343 3773 2400 virtute
3803 2344 3929 2400 ani-

2280 2427 2360 2481 mi
2390 2426 2647 2499 spoliant
2677 2428 2796 2483 sive
2838 2428 3112 2500 gentilem
3163 2447 3426 2501 sensum,
3473 2431 3767 2488 immundi
3815 2434 3926 2489 uti-

2282 2533 2395 2588 que
2426 2516 2697 2574 animalis
2726 2518 2961 2574 nomine
2992 2518 3236 2586 dictum,
3271 2521 3342 2576 ab
3374 2520 3459 2577 eis
3491 2522 3730 2593 quidem
3762 2524 3922 2580 aufe-

2280 2609 2441 2671 runt,
2475 2606 2614 2661 dum
2648 2607 2759 2661 sub
2816 2611 3097 2679 praetextu
3155 2624 3302 2664 vera:
3355 2609 3675 2682 religionis,
3722 2628 3821 2669 eos
3860 2612 3921 2669 in

2281 2695 2585 2766 perﬁdiam
2609 2696 2851 2751 ducunt.
2884 2696 3084 2752 Vidua)
3116 2697 3294 2753 etiam
3342 2697 3453 2753 illm
3503 2704 3642 2755 sunt
3691 2700 3922 2770 animae,

2281 2799 2409 2855 quae
2438 2783 2654 2853 virum,
2678 2789 2859 2840 Deum
2892 2802 3090 2856 suum,
3125 2790 3182 2841 et
3211 2787 3529 2843 Dominum
3560 2789 3922 2847 amiserunt:

2281 2872 2563 2942 aquibus
2619 2873 2871 2930 haeretici
2921 2891 3025 2947 pro
3081 2875 3323 2947 pignore
3381 2877 3661 2949 perfidiae,
3718 2879 3924 2952 utique

2281 2962 2684 3027 confessionis,
2715 2979 2819 3033 per
2860 2980 3041 3035 quam
3089 2963 3253 3020 falsis
3312 2980 3514 3021 eorum
3564 2967 3925 3025 adinventio-

2281 3050 2457 3106 nibus
2487 3050 2813 3121 initiantur,
2865 3056 2921 3108 et
2968 3053 3263 3109 debitores
3313 3071 3514 3112 eorum
3566 3056 3923 3129 efficiuntur,

2282 3143 2620 3195 sanctarum
2652 3140 2932 3196 virtutum
2978 3143 3353 3214 munditiam,
3408 3147 3466 3199 et
3522 3145 3689 3201 utilia
3741 3147 3925 3203 animi

2280 3245 2454 3301 opera
2484 3230 2709 3285 auferre
2740 3235 3044 3287 conantur.
3078 3236 3370 3305 Pauperes
3427 3250 3661 3307 quoque
3706 3235 3765 3291 in
3815 3236 3927 3292 hoc

2282 3317 2407 3373 loco
2456 3317 2541 3372 illi
2602 3318 2962 3391 intelligendi
3022 3326 3183 3388 sunt,
3241 3322 3341 3394 qui
3398 3324 3735 3381 testimonio
3784 3326 3919 3383 ﬁdei

526 3394 747 3490 quanta
774 3412 1023 3470 voluerit
1054 3410 1196 3465 mihi
1254 3408 1519 3479 inﬂigere
1569 3404 1797 3478 poterit,
1849 3420 2023 3475 quem
2077 3404 2172 3457 in-
2203 3394 2245 3460 C
2284 3406 2550 3461 destituti
2583 3411 2739 3462 sunt.
2770 3408 2885 3463 Alii
2944 3413 3081 3465 sunt
3127 3410 3334 3467 divites
3391 3411 3451 3467 in
3509 3412 3661 3469 fide:
3712 3414 3925 3472 horum

524 3504 830 3563 sensibilis.
859 3502 1013 3559 sicut
1042 3497 1344 3555 sensibilia
1373 3496 1857 3552 contremiscunt.

597 3618 626 3646 «
661 3595 731 3649 Et
760 3591 974 3648 idcirco
1005 3607 1040 3646 a
1069 3588 1213 3644 facie
1242 3588 1367 3657 ejus
1397 3586 1667 3641 turbatus
1706 3600 1861 3639 sum.
1890 3606 1917 3633 υ
1976 3584 2169 3639 Mente

524 3683 747 3740 scilicet
776 3680 1054 3748 sentiens,
1086 3680 1144 3733 et
1173 3693 1241 3732 ex
1271 3680 1432 3748 parte
1458 3674 1809 3746 intelligens.

599 3795 627 3822 ‹‹
658 3772 729 3827 Et
758 3769 1137 3826 considerans
1166 3781 1300 3821 eum
1333 3766 1541 3820 timore
1564 3763 1865 3819 sollicitor.
1898 3786 1925 3812 »
1959 3762 2021 3818 Id
2054 3766 2162 3843 est,

522 3859 969 3933 horripilatione
1002 3858 1365 3929 majestatem
1398 3854 1557 3909 illius
1590 3853 1963 3925 pertimesco.

598 3974 627 4001 «
662 3952 813 4006 Deus
844 3947 1091 4004 mollivit
1120 3963 1218 4002 cor
1249 3960 1468 4012 meum,
1500 3946 1557 3998 et
1613 3941 1995 4014 Omnipotens
2029 3960 2165 3998 con-

520 4039 782 4096 turbavit
814 4054 927 4094 me.
954 4059 983 4088 »
1015 4041 1121 4091 Cor
1166 4033 1487 4089 resolutum
1522 4048 1555 4087 a
1586 4047 1795 4103 pavore
1849 4032 2055 4103 nimio,
2108 4037 2165 4088 et

518 4130 750 4194 timore,
805 4128 915 4184 hoc
972 4126 1096 4182 loco
1154 4125 1377 4180 dictum
1437 4121 1793 4192 noverimus,
1844 4139 1959 4177 non
2005 4123 2161 4195 quod

518 4219 736 4275 duritia
760 4215 1190 4274 incredulitatis
1222 4215 1291 4269 ad
1325 4213 1500 4268 fidem
1532 4211 1968 4283 suscipiendam
2022 4211 2165 4266 mol-

514 4306 687 4363 litum
721 4307 816 4375 sit,
851 4322 983 4362 eum
1014 4304 1204 4375 magis
1227 4303 1353 4375 ipso
1375 4302 1484 4357 Job
1519 4318 1621 4373 per
1651 4301 1825 4356 ﬁdem
1886 4300 2053 4355 fortis
2102 4302 2161 4356 in

512 4395 1034 4452 Deum~manserit.
1069 4393 1233 4448 Unde
1265 4391 1569 4460 sequitur:
1605 4390 1989 4462 Omnipotens
2022 4408 2159 4447 con-

514 4484 776 4541 turbavit
804 4501 935 4551 me;
972 4483 1075 4538 hoc
1107 4481 1264 4553 quod
1288 4497 1491 4552 supra.

593 4591 617 4621 α
649 4574 776 4628 Non
808 4572 964 4628 enim
996 4571 1141 4643 perii
1174 4573 1405 4641 propter
1436 4568 1812 4624 imminentes
1869 4571 2161 4642 tenebras,

512 4677 620 4719 nec
650 4660 859 4717 faelem
893 4676 1085 4716 meam
1108 4659 1338 4731 operuit
1384 4657 1591 4730 caligo.
1620 4679 1648 4708 »
1704 4660 1867 4730 Ipsas
1927 4660 2162 4715 calami-

2280 3494 2579 3566 religionis
2610 3497 2786 3561 viam,
2847 3515 2963 3570 qua
3019 3500 3090 3554 ad
3150 3499 3334 3556 Deum
3391 3502 3579 3558 redire
3637 3507 3922 3576 poterant,

2281 3585 2405 3640 suis
2437 3586 2732 3641 erroribus
2790 3586 3044 3643 haeretici
3095 3589 3525 3647 subverterunt.
3588 3592 3925 3651 Mansuetos

2278 3679 2474 3730 autem
2503 3674 2598 3731 hic
2628 3675 2759 3731 illos
2794 3693 2921 3733 esse
2978 3678 3324 3744 sentiamus,
3383 3679 3483 3750 qui
3532 3684 3922 3740 constantiam

2278 3765 2535 3820 inimicis
2566 3765 2689 3821 suis
2748 3783 2864 3822 non
2909 3766 3128 3822 habent
3184 3767 3516 3834 resistendi,
3576 3773 3633 3824 et
3686 3779 3925 3845 propter

2276 3853 2568 3925 ignaviam
2608 3854 2790 3910 animi
2843 3854 2934 3911 sui
2988 3854 3155 3911 facile
3214 3856 3595 3913 seducuntur.
3655 3860 3727 3915 Hi
3784 3877 3921 3934 ergo

2278 3943 2483 3999 multis
2532 3958 2795 3999 errorum
2828 3943 3223 4015 dogmatibus,
3256 3948 3312 4000 et
3357 3945 3603 4003 diversis
3652 3965 3917 4006 errorum

2278 4033 2794 4105 superstitionibus
2822 4033 3261 4106 opprimuntur.
3296 4039 3359 4089 In
3393 4036 3604 4092 bonam
3634 4054 3765 4094 vero
3784 4056 3921 4109 par-

2276 4128 2393 4179 tem
2422 4123 2612 4178 vidum
2667 4126 2826 4191 sunt,
2878 4123 2978 4195 qui
3021 4140 3081 4179 se
3134 4125 3491 4180 mortiﬁcant
3535 4140 3667 4181 cum
3725 4126 3913 4182 vitiis:

2275 4230 2582 4285 pauperes,
2616 4211 2860 4284 apostoli
2903 4217 3060 4268 sunt.
3098 4218 3171 4269 De
3202 4214 3314 4269 isto
3364 4230 3605 4270 numero
3664 4214 3921 4272 hzeretici

2275 4303 2501 4358 auferre
2532 4305 2847 4357 conantur:
2904 4303 3041 4357 dum
3095 4318 3380 4375 pauperes
3437 4307 3775 4361 sanctorum
3820 4304 3928 4361 ali-

2275 4408 2423 4463 quos
2445 4392 2821 4463 persuadent.
2837 4391 2926 4447 vel
2948 4397 3286 4450 mansuetos
3309 4393 3792 4464 circumveniunt,
3817 4396 3920 4467 qui

2272 4478 2356 4535 eis
2389 4480 2661 4535 resistere
2686 4496 2802 4535 non
2831 4484 3113 4552 possunt;
3141 4482 3241 4536 sed
3260 4484 3317 4535 et
3337 4480 3621 4551 patienter
3650 4499 3752 4554 pro
3776 4484 3921 4541 sim-

2272 4568 2527 4641 plicitate
2550 4567 2827 4637 audiunt;
2853 4568 2935 4623 illi
2957 4586 3092 4624 vero
3114 4585 3215 4625 eos
3236 4569 3505 4625 nituntur
3525 4572 3919 4645 exstinguere.

2344 4681 2372 4708 «
2406 4657 2518 4713 Alii
2549 4658 2719 4728 quasi
2751 4657 2953 4730 onagri
3002 4658 3062 4713 in
3121 4660 3352 4714 desorto
3412 4659 3793 4727 egrediuntur
3839 4663 3911 4718 ad

512 4750 653 4805 tatis
686 4766 804 4806 suae
833 4749 1123 4814 miserias,
1157 4749 1427 4804 tenebras
1458 4746 1790 4819 appellavit,
1825 4764 1971 4819 quas
2002 4748 2161 4805 velut
2190 4770 2237 4834 D
2271 4764 2417 4819 opus
2449 4763 2645 4813 suum,
2677 4746 3105 4819 vigilantesque
3162 4749 3234 4804 ad
3281 4749 3535 4820 praedam
3588 4755 3921 4821 praeparant

511 4838 718 4895 ruinas
749 4838 943 4895 subito
978 4837 1355 4893 imminentes
1415 4838 1523 4892 sibi
1576 4836 1767 4892 dicere
1811 4836 2015 4905 voluit,
2074 4839 2159 4895 eis

510 4929 710 4983 tamen
743 4926 1155 4983 insistentibus
1184 4925 1317 4997 sibi,
1352 4926 1454 4991 ait,
1488 4925 1892 4997 desperatione
1914 4943 2029 4982 non
2060 4944 2162 4999 pe-

508 5016 744 5072 riizneo
773 5016 979 5072 faciem
1012 5014 1227 5071 mentis
1274 5031 1414 5069 mea:
1465 5013 1782 5070 infidelitas
1832 5018 2154 5085 excmcavit,

508 5106 597 5162 vel
627 5106 858 5179 negatio
892 5104 1014 5161 Dei.

1105 5193 1335 5249 CAPUT
1374 5191 1560 5248 XXIV.

580 5308 607 5335 ‹‹
640 5285 728 5340 Ab
761 5284 1172 5357 Omnipotente
1203 5300 1319 5338 non
1353 5286 1491 5338 sunt
1546 5282 1891 5338 abscondita
1936 5287 2157 5356 tempo-

504 5391 599 5441 ra;
633 5374 730 5446 qui
764 5379 958 5430 autem
992 5376 1453 5437 noverunteum,
1480 5371 1755 5442 ignorant
1773 5372 1898 5427 dies
1919 5372 2095 5429 illius.
2128 5397 2153 5423 υ

506 5462 595 5517 Illi
625 5480 759 5520 vero
791 5464 890 5536 qui
950 5463 1211 5519 sentiunt
1257 5467 1313 5518 et
1371 5461 1713 5533 intelligunt
1775 5462 1974 5529 Deum,
2028 5463 2153 5520 dies

505 5553 843 5609 aeternitatis
874 5554 1003 5625 ejus
1033 5554 1325 5626 ignorant.
1392 5554 1449 5607 in
1514 5568 1629 5623 qua
1686 5551 2003 5608 aeternitate
2047 5570 2152 5608 nec

503 5642 769 5711 tempora
800 5659 905 5697 nec
950 5644 1095 5714 dies,
1130 5643 1229 5715 qui
1262 5642 1321 5697 in
1376 5640 1748 5711 temporibus
1802 5647 1941 5697 sunt
1993 5643 2148 5698 inve-

502 5727 767 5795 niuntur,
801 5731 903 5785 ubi
934 5749 1089 5787 unus
1121 5738 1371 5787 aeternus
1403 5734 1495 5785 est
1551 5730 1696 5784 dies.
1761 5729 1889 5786 Sive
1939 5732 2145 5788 aliter:

501 5818 713 5876 Omnia
744 5820 903 5876 novit
922 5837 1049 5892 quae
1082 5838 1237 5878 nunc
1272 5820 1499 5893 loquor,
1528 5818 1615 5876 vel
1650 5819 1860 5891 patior.

2270 4852 2482 4909 panem
2536 4834 2807 4890 liberis.»
2870 4836 3119 4893 Violenti
3175 4841 3335 4907 sunt,
3386 4838 3489 4910 qui
3540 4838 3774 4911 publice
3820 4856 3919 4895 ra-

2270 4926 2457 4998 piunt.
2492 4924 2801 4980 Praedones
2833 4929 2889 4980 et
2915 4924 3231 4981 latrunculi
3256 4930 3413 4991 sunt,
3447 4927 3549 4998 qui
3573 4928 3641 4983 de
3672 4927 3918 4984 occultis

2270 5016 2339 5072 ad
2375 5031 2550 5088 opera
2579 5031 2687 5070 sua
2707 5018 2939 5082 exeunt,
2973 5015 3176 5086 utique
3221 5032 3335 5069 non
3370 5015 3486 5071 Dei.

2345 5107 2616 5179 «Agrum
2650 5122 2765 5160 non
2799 5120 2973 5159 suum
3021 5104 3349 5171 demetunt,
3407 5108 3465 5159 et
3509 5105 3738 5163 vineam
3787 5107 3919 5176 ejus

2269 5212 2445 5268 quem
2475 5195 2528 5249 vi
2560 5197 2998 5267 oppresserunt;
3032 5192 3417 5249 vindemiant.
3445 5217 3468 5246 ι
3495 5197 3663 5267 Ager,
3698 5196 3816 5251 sive
3836 5198 3919 5251 vi-

2271 5303 2397 5355 nea,
2429 5284 2901 5355 uniuscujusque
2932 5280 3190 5337 hominis
3225 5282 3465 5353 quidam
3517 5284 3729 5340 modus
3784 5285 3916 5339 vitze

2266 5379 2373 5444 est,
2407 5391 2534 5446 qua:
2565 5374 2637 5429 ab
2670 5387 3023 5444 unoquoque
3054 5369 3283 5437 colitur,
3316 5373 3550 5443 quando
3600 5374 3800 5429 sordes
3858 5379 3918 5428 et

2266 5464 2504 5537 quidam
2541 5463 2777 5519 frutices
2828 5462 3105 5516 vitiorum
3161 5462 3542 5533 mundantur,
3595 5463 3684 5518 vel
3733 5464 3913 5519 etiam

2264 5555 2675 5627 exstirpantur.
2709 5551 2855 5616 Quia
2885 5567 3022 5623 ergo
3080 5550 3263 5620 hujus
3311 5550 3549 5606 cultura!
3605 5551 3913 5623 diligentia

2262 5643 2506 5697 minime
2529 5642 2786 5713 prodest,
2819 5642 3051 5711 quando
3083 5657 3255 5695 omne
3288 5641 3504 5695 bonum
3540 5645 3758 5695 natum
3791 5659 3905 5696 non

2260 5734 2331 5787 ad
2352 5733 2527 5787 fidem
2557 5732 2841 5787 refertur:
2876 5730 3016 5801 quia
3036 5732 3223 5801 justus
3252 5746 3321 5785 at
3352 5730 3455 5800 ﬁde
3505 5732 3637 5785 vivit
3684 5732 3905 5800 (flabat.

2260 5839 2321 5889 ιι,
2356 5823 2410 5891 4)
2434 5818 2724 5894 :przedicti
2743 5819 3037 5877 idolorum
3059 5819 3313 5876 cultores
3335 5819 3733 5892 opprimentes
3765 5821 3909 5876 fide-
