4310 6580
437 416 547 473 721

1499 409 2021 471 COMMENTAB.
2066 409 2145 469 IN
2190 411 2328 471 JOB
2373 413 2544 472 CAP.
2592 414 2803 474 XXIV.

3731 417 3850 475 722

429 545 604 615 lium,
636 541 906 617 quamvis
930 541 1171 599 honeste
1199 540 1541 611 viventium,
1574 541 1749 597 corda
1798 556 1896 598 eos
1934 541 2092 597 velut
2117 543 2175 610 Α
2203 541 2433 615 sibique
2463 545 2749 602 tribuunt.
2782 545 2837 599 Si
2862 544 2996 618 quis
3016 542 3323 617 gentilium
3343 543 3590 600 virtutes
3612 549 3847 602 secutus

435 635 692 708 quadam
725 632 942 690 ratione
970 630 1330 687 reductionis
1360 630 1420 687 in
1460 647 1714 686 errorem
1745 630 2035 686 inducunt
2067 647 2081 687 :

435 725 574 780 dum
608 723 777 796 quasi
817 738 1022 795 agrum
1053 737 1277 788 eorum,
1307 721 1426 776 sive
1456 721 1707 787 vineam,
1742 721 2080 793 dissipando

429 814 629 887 fruges
659 829 882 880 eorum,
913 809 1196 868 violenter
1225 811 1543 882 abripiunt.

500 927 528 955 «
565 903 766 961 Nudos
822 901 999 958 etiam
1048 901 1354 956 dimittunt
1399 900 1684 970 homines,
1736 899 2082 956 indumenta

430 992 720 1049 tollentes.
753 1011 782 1045 ι
817 991 968 1046 Dum
999 1007 1098 1047 eos
1128 989 1403 1063 operibus
1433 988 1601 1045 bonis
1631 989 1976 1060 exspoliant.

501 1106 522 1132 α
559 1082 785 1148 Quibus
811 1098 928 1137 non
958 1084 1050 1137 est
1077 1079 1509 1152 operimentum
1541 1079 1598 1133 in
1623 1078 1854 1151 frigore.
1879 1098 1903 1130 ι
1943 1079 2077 1134 Illos

426 1173 631 1245 utique
679 1171 990 1245 expoliunt,
1050 1170 1151 1243 qui
1195 1170 1496 1226 charitatis
1547 1169 1645 1225 Dei
1693 1187 1808 1225 non
1861 1169 2079 1225 habent

421 1262 924 1329 vestimentum,et
955 1260 1170 1316 idcirco
1203 1260 1260 1315 in
1295 1258 1638 1315 inﬁdelitate
1668 1258 1863 1331 algent
1891 1276 1903 1314 :
1939 1258 2078 1332 quia

421 1352 666 1424 spiritus
695 1350 968 1408 ferventis
993 1349 1190 1407 tunica
1219 1349 1384 1405 indui
1416 1365 1530 1404 non
1576 1352 1892 1404 merentur.

505 1463 532 1494 α
563 1443 718 1507 Quos
765 1441 986 1496 imbres
1034 1439 1323 1495 montium
1374 1438 1588 1511 rigant.
1641 1438 1756 1493 llos
1807 1455 1941 1510 ergo
1973 1455 2075 1510 per

419 1530 722 1586 miseriam
759 1530 1070 1586 destitutos
1116 1529 1391 1585 domibus
1422 1527 1547 1583 suis
1594 1527 1737 1583 dicit
1767 1546 1780 1585 :
1815 1529 2074 1600 quando-

421 1619 660 1691 quidem
691 1635 789 1675 eos
812 1619 1104 1675 montium
1137 1619 1423 1685 cavernis,
1454 1625 1510 1672 et
1542 1616 1902 1672 umbraculis
1935 1634 2070 1690 ope-

419 1709 549 1777 riet,
585 1713 641 1764 et
673 1713 892 1778 quanta
920 1708 998 1764 sit
1026 1709 1109 1764 eis
1139 1707 1199 1763 in
1232 1707 1376 1780 ipsis
1410 1707 1708 1762 montibus
1753 1707 2071 1764 necessitas

414 1799 842 1867 commorandi,
876 1798 1174 1854 describit.
1211 1799 1366 1862 Quos
1414 1797 1634 1853 imbres
1665 1798 1956 1853 montium
1990 1797 2068 1852 ri-

413 1888 640 1960 gant,id
675 1891 782 1960 est,
810 1888 980 1960 aquis
1012 1889 1085 1944 de
1114 1887 1259 1959 ipsis
1293 1886 1594 1942 montibus
1624 1885 1855 1957 cepiose
1887 1885 2068 1941 ﬂuen-

413 1977 598 2045 tibus,
630 1977 1014 2033 mundantur.
1066 1975 1220 2039 Quos
1251 1975 1472 2031 imbres
1527 1973 1816 2029 montium
1849 1973 2060 2045 rigant.

410 2066 535 2122 Non
562 2062 855 2122 imbribus
885 2065 1012 2122 coeli
1046 2066 1334 2138 rigantur,
1391 2066 1492 2120 sed
1548 2064 1838 2119 montium
1881 2063 2062 2120 extol-

411 2152 660 2210 lentium
701 2171 759 2211 se
798 2156 1108 2212 adversum
1159 2153 1468 2212 scientiam
1507 2154 1629 2223 Dei,
1664 2171 1791 2226 quae
1823 2154 1894 2209 de
1921 2153 2062 2210 coelo

413 2248 504 2301 est
534 2245 607 2316 (II
635 2245 755 2301 Cor.
790 2261 847 2316 x,
878 2245 959 2315 5.)

485 2356 514 2383 «
548 2334 617 2388 Et
646 2351 762 2389 non
802 2334 1085 2390 habentes
1118 2333 1406 2402 velamen,
1458 2332 1864 2404 amplexantur
1911 2332 2061 2404 lapi-

410 2423 532 2479 des.
563 2443 590 2476 α
619 2423 987 2480 Manifestius
1010 2423 1107 2480 alii
1128 2423 1438 2478 dixerunt:
1473 2444 1499 2476 ιι
1527 2422 1634 2486 Qui
1665 2439 1798 2478 cum
1828 2427 2062 2496 tegmen

410 2529 527 2568 non
559 2513 814 2569 habeant
833 2518 997 2586 petra
1027 2513 1504 2584 adoperiuntur.»
1532 2511 1602 2567 Et
1634 2529 1749 2567 non
1780 2512 2062 2567 habentes

415 2601 701 2672 velamen,
735 2606 1142 2673 amplexantur
1169 2602 1413 2674 lapides.
1444 2602 1562 2657 Hoc
1590 2605 1697 2669 est,
1731 2602 1857 2657 sine
1884 2601 2064 2658 vesti-

416 2696 614 2747 mento
645 2691 933 2748 virtutum
985 2691 1240 2764 peccatis
1290 2691 1414 2746 suis
1465 2694 1521 2746 et
1549 2691 1844 2746 erroribus
1876 2691 2062 2748 delec-

412 2782 633 2837 tantur.

487 2892 515 2921 «
543 2870 677 2927 Vim
702 2871 969 2928 fecerunt
1000 2870 1401 2941 depraedantes
1431 2868 1743 2942 pupillos.»
1766 2869 1872 2925 Ubi
1901 2869 2064 2925 intel-

410 2959 615 3032 ligitur
656 2961 797 3033 quid
854 2959 1210 3016 habentibus
1253 2958 1517 3028 fecerint,
1581 2959 2060 3030 quandoquidem

410 3048 684 3106 facultate
730 3048 1097 3106 tenuissimis
1168 3064 1284 3104 non
1334 3047 1570 3102 fuerunt
1626 3047 1870 3106 miserti.
1934 3048 2060 3103 Vim

411 3138 676 3196 fecerunt
703 3139 1102 3212 depraedentes
1141 3136 1421 3210 pupillos.
1455 3136 1592 3192 Illos
1620 3136 1796 3193 etiam
1828 3136 1926 3208 qui
1960 3153 2061 3192 no-

409 3227 604 3284 titiam
635 3228 894 3301 aliquam
944 3228 1272 3285 secundum
1313 3231 1535 3282 naturae
1565 3227 1785 3282 bonum
1820 3226 2056 3293 habent,

2193 631 2368 688 fuerit
2397 635 2716 707 naturales,
2749 637 2819 691 de
2850 635 3065 707 quibus
3087 638 3367 706 tanquam
3401 633 3750 701 seminibus,
3783 635 3844 690 in

2194 738 2254 775 se
2286 740 2525 794 operum
2558 743 2791 782 acervos
2824 726 3142 780 constituat
3175 741 3187 778 :
3223 724 3335 796 ipsi
3367 729 3561 780 tamen
3593 724 3839 791 seducti,

2191 812 2410 868 calcata
2439 814 2722 870 virtutum
2752 814 3075 879 vindemia,
3123 817 3180 868 et
3229 829 3521 883 expressa,
3572 813 3782 868 sitiunt
3824 828 3838 870 :

2191 901 2328 971 quia
2359 903 2619 960 veritatis
2649 903 2922 976 poculum
2955 903 3107 974 apud
3132 919 3291 968 eos,a
3317 903 3531 974 quibus
3563 901 3622 957 in
3645 918 3839 958 errore

2189 990 2466 1046 abstracti
2501 998 2656 1062 sunt,
2692 1011 2806 1048 non
2843 993 3209 1048 invenerunt.

2261 1102 2288 1129 ‹‹
2321 1081 2399 1136 De
2429 1081 2762 1139 civitatibus
2789 1084 3048 1138 fecerunt
3077 1081 3230 1137 viros
3260 1097 3543 1154 gemere.»
3580 1082 3703 1138 Non
3743 1099 3835 1136 so-

2186 1166 2332 1239 lum,
2391 1169 2601 1242 inquit,
2663 1171 2794 1227 illos
2853 1171 2952 1243 qui
3009 1170 3132 1226 sine
3186 1170 3512 1227 munimine
3568 1170 3837 1226 habitant

2183 1257 2519 1329 spoliant,et
2543 1261 2847 1317 dominatu
2871 1263 3032 1316 durae
3053 1259 3484 1332 superstitionis
3518 1260 3790 1332 afﬂigunt
3816 1277 3829 1314 :

2182 1363 2383 1403 verum
2417 1349 2590 1404 etiam
2624 1354 2679 1405 et
2708 1367 2807 1406 eos
2839 1349 2940 1422 qui
2972 1349 3235 1404 civitates
3266 1349 3556 1404 mentium
3588 1365 3831 1404 suarum

2182 1435 2352 1492 bonis
2385 1438 2647 1494 moribus
2678 1440 2936 1494 munitas
2985 1437 3339 1504 inhabitant,
3393 1437 3708 1509 pugnando
3742 1453 3831 1492 er-

2182 1542 2380 1582 rorum
2412 1527 2692 1584 arietibus
2734 1529 3045 1584 subruunt.
3099 1528 3261 1593 Quod
3305 1531 3362 1582 et
3403 1526 3607 1582 multis
3648 1525 3831 1598 philo-

2182 1615 2384 1687 sophis
2413 1617 2728 1690 contigisse
2760 1618 3139 1674 manifestum
3160 1622 3249 1672 est
3283 1633 3295 1671 :
3332 1616 3428 1688 qui
3467 1632 3601 1670 cum
3629 1614 3828 1687 magni

2179 1709 2236 1760 et
2267 1704 2406 1760 clari
2436 1706 2591 1762 circa
2620 1723 2930 1779 corporum
2964 1722 3206 1762 suorum
3255 1705 3472 1761 fuerint
3522 1704 3825 1760 continen-

2177 1793 2483 1863 tiam,eum
2505 1796 2725 1868 gemitu
2761 1800 2956 1852 tamen
2990 1799 3047 1851 et
3073 1795 3270 1851 labore
3300 1794 3480 1850 nimio
3513 1795 3584 1849 ad
3613 1794 3824 1850 verita-

2175 1883 2252 1939 tis
2283 1885 2549 1941 notitiam
2582 1886 2879 1957 pervenire
2918 1903 3034 1941 non
3066 1889 3398 1957 potuerunt.

2251 1994 2278 2022 «
2299 1974 2368 2028 Et
2399 1974 2597 2030 anima
2626 1975 3062 2030 vulneratorum
3102 1973 3456 2043 clamavit,et
3485 1976 3637 2027 Deus
3669 1970 3818 2027 inul-

2173 2066 2299 2119 tum
2331 2063 2488 2119 abire
2518 2081 2634 2119 non
2664 2065 2940 2136 patitur.»
2969 2065 3122 2118 Deus
3151 2079 3348 2118 vocem
3372 2061 3815 2132 implorantium

2173 2151 2422 2208 inultam
2452 2153 2610 2208 abire
2640 2170 2756 2208 non
2805 2153 3042 2225 patitur,
3089 2151 3230 2223 quin
3279 2151 3562 2206 ultionem
3592 2152 3816 2206 tribuat

2173 2243 2243 2298 de
2273 2242 2569 2298 erroribus
2602 2260 2614 2298 :
2651 2247 2714 2298 ut
2743 2243 2884 2298 dum
2912 2243 2984 2298 ad
3014 2243 3318 2297 veritatem
3341 2241 3524 2296 saucii
3549 2245 3817 2312 peccato-

2171 2349 2304 2387 rum
2372 2331 2710 2388 vulneribus
2778 2335 3212 2400 convertuntur,
3264 2329 3523 2385 convicta
3589 2329 3815 2386 falsitas

2173 2421 2468 2493 puniatur.
2504 2421 2678 2476 Punit
2733 2422 2911 2490 enim,
2949 2420 3180 2492 quando
3211 2436 3412 2475 eorum
3445 2419 3546 2490 qui
3589 2419 3815 2475 seducti

2171 2510 2405 2567 fuerant
2456 2511 2893 2566 conversionem
2942 2509 3228 2565 destituit.
3264 2509 3426 2572 Quod
3459 2513 3653 2564 autem
3687 2509 3767 2564 ait
3800 2527 3814 2566 :

2172 2600 2384 2655 Anima
2411 2599 2846 2655 vulneratorum
2887 2616 2990 2671 pro
3030 2615 3319 2654 consensu
3359 2599 3430 2652 ad
3471 2602 3654 2652 Deum
3694 2597 3815 2653 cla-

2173 2690 2464 2745 mantium
2479 2688 3280 2761 intelligamus.Vastatorum
3299 2692 3497 2742 autem
3515 2686 3815 2742 tribulatio

2172 2795 2360 2849 usque
2391 2779 2461 2833 ad
2491 2779 2776 2851 gemitum
2825 2777 3116 2832 civitatem
3183 2775 3574 2832 habitantium
3616 2792 3816 2848 perve-

2172 2867 2697 2924 niebat.Vulnerati
2729 2883 2858 2922 vero
2891 2884 3006 2922 non
3030 2866 3219 2922 solum
3241 2865 3604 2938 intelligendi
3633 2870 3814 2924 sunt:

2173 2974 2424 3030 quorum
2476 2973 2718 3028 corpora
2771 2957 2842 3012 ab
2908 2955 3038 3011 aliis
3086 2955 3576 3026 transtodiuntur,
3611 2971 3812 3012 verum

2171 3048 2345 3103 etiam
2397 3045 2479 3100 illi
2535 3063 2785 3118 quorum
2819 3045 3026 3100 animae
3078 3045 3338 3100 hostium
3368 3045 3578 3100 timore
3606 3042 3812 3114 nimio,

2170 3135 2328 3191 velut
2355 3134 2572 3206 gladio,
2603 3135 2912 3190 feriuntur.

2249 3248 2269 3274 α
2306 3225 2421 3297 Ipsi
2476 3226 2710 3280 fuerunt
2753 3223 2995 3280 rebelles
3044 3223 3277 3295 lumini,
3317 3222 3652 3280 nescierunt
3692 3224 3816 3281 vias

413 3333 592 3388 quam
653 3298 962 3374 defendere
1007 3335 1123 3374 non
1163 3320 1431 3390 poterant
1479 3333 1492 3372 :
1543 3315 1728 3388 fragili
1766 3315 1960 3371 animo
2005 3320 2062 3371 et
2091 3298 2134 3366 C
2174 3316 2325 3386 ejus,
2359 3331 2463 3369 nec
2495 3315 2710 3370 reversi
2745 3317 2884 3369 sunt
2913 3331 3016 3386 per
3061 3315 3302 3370 semitas
3351 3315 3498 3384 ejus.
3531 3335 3558 3366 ιο
3592 3314 3817 3369 Deemo-

411 3405 624 3478 puerili
651 3407 912 3463 viventes
944 3425 957 3464 :
989 3405 1369 3463 suasionibus
1412 3406 1628 3478 pravis,
1661 3405 1779 3461 vim
1810 3405 2062 3462 inferen-

411 3500 500 3552 tes
532 3497 774 3569 przedati
804 3499 965 3552 sunt.

485 3607 514 3636 ‹‹
548 3586 614 3640 Et
641 3584 885 3658 vulgum
915 3575 1230 3658 pauperem
1255 3582 1650 3657 spoliaverint.
1680 3606 1702 3635 ι
1741 3581 2066 3638 Multitudi-

413 3691 547 3731 nem
578 3691 814 3748 quoque
845 3675 1044 3748 populi
1077 3673 1250 3730 vilem
1282 3673 1532 3744 actibus,
1565 3677 1621 3728 et
1651 3672 1883 3728 inscitia
1925 3689 2064 3744 pau-

410 3781 608 3838 perem
630 3765 708 3821 :si
741 3765 882 3838 quid
914 3764 1182 3820 fortassis
1212 3763 1464 3819 habebat
1485 3762 1864 3834 justitiae,aut
1887 3762 2062 3818 etiam

406 3853 754 3910 innocentiae
786 3854 1241 3922 naturalis,dum
1272 3853 1332 3908 in
1355 3854 1548 3924 majus
1581 3853 1792 3917 erroris
1823 3852 1915 3908 sui
1938 3869 2060 3908 ma-

405 3944 531 4000 lum
564 3945 928 4017 pertrahunt,
961 3945 1250 4018 praedictis
1281 3943 1451 4000 donis
1481 3942 1896 4015 spoliaverunt.

480 4035 702 4091 «Nudis
723 4039 781 4091 et
800 4034 1207 4092 incedentibus
1231 4034 1454 4106 absque
1482 4033 1778 4103 vestitu,et
1808 4031 2066 4088 esurien-

407 4124 567 4180 tibus
597 4124 860 4181 tulerunt
889 4121 1137 4196 spicas.»
1172 4124 1358 4179 Nudis
1385 4123 1519 4190 fide,
1551 4123 1768 4194 Deique
1797 4122 2063 4177 custodia

411 4213 731 4285 destitutis,
781 4214 1134 4270 vestimenta
1186 4228 1421 4284 quoque
1471 4212 1616 4282 spei,
1665 4216 1721 4266 et
1760 4211 2061 4268 charitatis

409 4301 642 4373 divinae,
676 4307 1141 4373 caeterarumque
1170 4301 1454 4357 virtutum
1487 4301 1762 4357 excubias
1807 4318 1920 4357 non
1954 4301 2058 4357 ha-

407 4392 926 4465 bentibus,quibus
961 4391 1170 4448 animos
1202 4395 1558 4446 exornantur
1589 4407 1601 4446 :
1637 4391 1812 4446 etiam
1844 4392 2056 4463 spicas,

404 4481 466 4538 in
524 4482 740 4553 quibus
806 4483 1064 4539 divinam
1116 4481 1385 4537 notitiam
1444 4482 1783 4552 adopertam
1842 4481 2061 4537 habent

406 4571 780 4628 abstulerunt
813 4588 826 4628 :
860 4589 933 4628 ne
972 4571 1296 4628 esurientes
1327 4569 1630 4627 scientiam
1664 4570 1763 4626 Dei
1794 4572 2056 4637 quando-

2174 3421 2302 3472 nes,
2352 3403 2628 3475 haeretici,
2670 3403 3024 3475 phi1050phi,
3058 3405 3177 3458 sive
3209 3403 3385 3459 etiam
3418 3419 3623 3458 omnes
3653 3402 3821 3475 impii

2174 3492 2539 3566 intelligendi
2571 3499 2729 3562 sunt,
2759 3493 2860 3564 qui
2891 3498 3091 3548 contra
3122 3492 3447 3547 doctrinam
3493 3491 3596 3547 Dei
3626 3492 3824 3547 venire

2174 3589 2483 3654 conantur,
2545 3583 2684 3654 quia
2740 3583 3086 3638 mandatum
3127 3583 3255 3638 vitae
3294 3581 3393 3636 lux
3432 3586 3542 3653 est,
3584 3582 3725 3654 quia
3763 3581 3824 3638 in

2175 3679 2384 3728 natura
2414 3671 2635 3741 lumen,
2660 3671 2859 3728 lumen
2881 3677 2969 3728 est
2998 3674 3153 3744 quod
3188 3689 3289 3745 per
3318 3689 3378 3729 se
3409 3680 3534 3741 est;
3567 3673 3821 3728 tenebrae

2172 3779 2305 3818 vero
2340 3763 2565 3818 caecitas
2595 3763 2808 3819 cordis.
2839 3764 2908 3818 Et
2947 3763 3191 3835 proinde
3235 3763 3284 3818 si
3335 3765 3560 3818 caecitas
3611 3761 3826 3830 cordis,

2173 3854 2423 3908 tenebra
2459 3857 2618 3923 sunt,
2654 3857 2804 3909 recte
2827 3853 3140 3908 exteriores
3171 3854 3625 3924 teuebrae,poenze
3659 3850 3828 3907 intel-

2171 3942 2536 4015 1iguntur.Ut
2565 3942 2753 4014 iniqui
2774 3943 2843 3998 de
2873 3955 3244 4015 peccatorum
3273 3959 3514 3998 suorum
3547 3941 3826 4010 tenebris,

2174 4033 2244 4088 ad
2277 4037 2701 4088 tormentorum
2728 4035 2998 4088 tenebras
3023 4033 3434 4104 projiciuntur,
3464 4031 3547 4086 sic
3578 4031 3738 4086 intus
3771 4035 3830 4086 et

2172 4121 2312 4178 foris
2342 4123 2442 4177 Dei
2467 4123 2759 4178 sententia
2779 4126 3190 4178 consummata
3221 4137 3416 4176 coram
3450 4119 3670 4191 angelis
3698 4120 3822 4188 Dei,

2171 4211 2500 4268 induuntur
2558 4212 2712 4266 sicut
2781 4209 3039 4283 diploide
3098 4210 3440 4266 confusione
3490 4225 3599 4264 sua
3645 4209 3820 4280 (Psal.

2170 4318 2325 4372 cvm,
2356 4303 2466 4373 29).
2496 4301 2757 4374 Onagros
2787 4318 2918 4357 vero
2950 4300 3048 4371 qui
3072 4303 3510 4356 commorantur
3540 4299 3598 4353 in
3631 4297 3823 4354 deser-

2170 4398 2228 4448 to
2264 4409 2276 4446 :
2304 4410 2562 4465 paganos
2589 4408 2853 4463 quosque
2884 4407 3076 4446 errore
3096 4389 3463 4463 gentilitatis,
3497 4389 3596 4461 qui
3630 4388 3688 4444 in
3718 4389 3820 4444 de-

2169 4486 2323 4539 serto
2368 4500 2512 4538 verae
2557 4481 2854 4555 religionis
2901 4486 3060 4548 sunt,
3110 4479 3438 4552 intelligere
3477 4495 3816 4551 possumus,

2168 4590 2234 4629 eo
2283 4574 2439 4645 quod
2465 4575 2610 4645 jugo
2670 4576 2834 4629 certae
2885 4571 3186 4643 religionis
3225 4588 3339 4626 non
3383 4569 3815 4626 contineantur.

407 4679 524 4735 quo
559 4665 774 4718 retecto
803 4661 1365 4734 velamine,possent
1388 4660 1578 4733 ipsam
1612 4661 1829 4716 nudam
1860 4661 2065 4718 verita-
2092 4679 2140 4746 D
2173 4665 2240 4721 Hi
2272 4664 2366 4720 hic
2399 4663 2780 4736 egrediuntur
2807 4663 2880 4718 ad
2925 4679 3073 4735 opus
3119 4679 3291 4718 suum
3325 4662 3502 4735 (Psal.
3553 4678 3671 4730 cm,
3702 4661 3818 4732 23).

406 4757 526 4809 tem
559 4756 843 4824 tanquam
874 4767 1085 4824 panem
1119 4750 1408 4808 alimoniae
1438 4750 1632 4807 vitalis
1671 4751 1952 4823 accipere.

477 4865 506 4894 ‹‹
541 4844 697 4898 Inter
722 4857 956 4898 acervos
977 4857 1180 4898 eorum
1206 4841 1498 4898 meridiati
1521 4843 1787 4914 sunt,qui
1821 4835 2057 4904 calcatis

402 4931 798 4988 torcularibus
830 4931 1060 4987 sitiunt.
1097 4955 1119 4982 ιι
1148 4931 1266 4987 Hoc
1295 4930 1516 4987 malum
1547 4937 1634 4988 est
1665 4949 1966 5007 magnum,
1999 4941 2053 4991 et

400 5021 865 5094 iniquissimum,
899 5025 964 5076 ut
996 5022 1104 5079 sub
1139 5022 1420 5094 labore,et
1449 5023 1640 5078 fructu
1672 5023 1920 5080 aliorum
1954 5025 2050 5082 alii

399 5113 791 5184 requiescant,
845 5111 1294 5188 etinebrientur
1332 5112 1466 5168 vino
1507 5131 1707 5169 eorum
1762 5115 1884 5186 qui,
1936 5116 2050 5171 col-

398 5200 561 5257 lectis
593 5202 906 5259 vindemiis
938 5202 1083 5272 suis,
1120 5202 1348 5259 sitiunt.
1385 5203 1540 5258 Inter
1584 5220 1816 5259 acervos
1847 5221 2048 5260 eorum

399 5291 692 5348 meridiati
730 5296 870 5348 sunt
917 5293 1038 5365 qui,
1093 5292 1329 5348 calcatis
1379 5292 1787 5365 torcularibus,
1843 5295 2051 5351 sitiunt

398 5381 658 5438 Sublatis
688 5381 868 5455 igitur
900 5383 1100 5455 Spicis,
1135 5399 1238 5454 per
1269 5385 1514 5456 ﬁguram
1576 5384 1729 5438 intra
1759 5401 1817 5439 se
1870 5385 2046 5439 divini

398 5472 655 5527 nominis
707 5471 974 5528 notitiam
1024 5472 1480 5538 continentibus,
1514 5474 1748 5544 quando
1780 5491 1846 5528 ex
1876 5475 1959 5529 eis
1991 5474 2048 5529 hi

397 5563 496 5634 qui
525 5562 822 5619 habebant
851 5579 950 5619 eas
980 5561 1154 5634 plena
1183 5563 1549 5636 cogitatione,
1569 5562 1834 5636 solidum
1855 5563 2049 5619 cibum

396 5653 753 5711 conﬁcerent
786 5670 799 5711 :
828 5646 1166 5711 seductores
1196 5651 1434 5710 violenti
1483 5652 1637 5709 inter
1666 5653 1820 5710 bona
1848 5670 2050 5712 eorum

393 5751 573 5826 Opera
602 5742 773 5821 quasi
822 5743 976 5805 inter
1031 5757 1265 5804 acervos
1314 5741 1626 5821 gloriantes
1676 5744 2052 5818 requiescunt

2173 4755 2379 4830 Egredi
2449 4771 2701 4826 namque
2758 4753 3054 4823 dicuntur,
3105 4754 3335 4825 quande
3384 4752 3627 4808 affectus
3676 4768 3816 4807 suos

2167 4865 2269 4920 per
2299 4844 2593 4902 doctrinas
2637 4861 2843 4916 pravas
2874 4845 2932 4898 in
2965 4861 3063 4900 eos
3104 4861 3250 4916 quos
3296 4845 3585 4898 seducunt
3615 4845 3816 4903 osten-

2163 4939 2328 4993 dunt.
2365 4938 2450 4991 Ita
2475 4935 2630 4990 enim
2683 4934 2842 4990 omni
2892 4933 3129 4990 solertia
3169 4935 3576 5006 depraedantur
3637 4947 3812 5002 vagas

2166 5043 2359 5084 errore
2385 5025 2611 5081 animas
2657 5030 2718 5079 ut
2751 5024 2861 5096 ipsi
2899 5023 3262 5080 multitudini
3295 5023 3531 5095 perditae
3565 5019 3810 5092 posteri-

2167 5117 2306 5173 tatis
2338 5133 2477 5184 suae,
2502 5115 2659 5170 velut
2689 5113 3034 5170 alimentum
3059 5114 3226 5186 panis
3249 5112 3484 5170 lethalis
3507 5108 3807 5180 doctrinae,

2162 5207 2540 5281 pertinaciam
2577 5205 3002 5275 derelinquant.

2234 5321 2262 5346 ‹‹
2315 5298 2480 5352 Mane
2536 5296 2724 5368 primo
2782 5298 3094 5365 consurget
3147 5293 3439 5348 homicida
3481 5307 3496 5347 :
3535 5287 3809 5344 interﬁcit

2161 5404 2408 5458 egenum
2432 5393 2485 5441 et
2518 5401 2888 5457 pauperem,»
2911 5384 3122 5438 lterum
3157 5400 3323 5437 mane
3347 5382 3566 5436 dictum
3590 5383 3808 5450 cst,pro

2161 5494 2226 5532 eo
2274 5478 2426 5548 quod
2457 5475 2685 5548 publice
2717 5479 2772 5530 et
2802 5474 2956 5528 clara
2986 5473 3112 5528 luce
3143 5472 3361 5527 malum
3395 5468 3806 5536 committitur,

2163 5567 2226 5618 ut
2248 5565 2324 5621 sit
2355 5564 2519 5635 quasi
2544 5562 2727 5634 gloria
2757 5563 2980 5617 facinus
3003 5559 3464 5630 operantibus,et
3483 5559 3807 5616 secundum

2163 5653 2596 5714 Sodomitarum
2628 5650 2959 5724 exemplum
2992 5649 3143 5723 (Gen.
3176 5666 3291 5718 x1x,
3323 5650 3359 5706 5
3388 5650 3578 5725 seqq,),
3610 5667 3810 5723 pecca-

2160 5750 2286 5806 tum
2322 5760 2493 5804 suum
2528 5760 2642 5802 non
2677 5741 3127 5816 abscenderunt,
3179 5740 3277 5796 sed
3321 5739 3803 5816 pradicet-erunt.
