4310 6570
524 407 641 466 723

2019 398 2413 463 APPENDIX
2425 443 2441 460 .

3808 398 3932 460 724

525 538 722 595 Potuit
748 541 809 594 et
835 536 906 593 de
932 535 1153 609 iniquis
1177 535 1482 610 judicibus
1524 535 1635 592 hoc
1665 535 1902 601 dixisse,
1936 532 2037 606 qui
2096 534 2170 589 ad
2194 534 2256 601 ,Α
2282 531 2385 606 ligi
2420 549 2434 590 :
2467 533 2606 607 quia
2633 535 2705 590 ad
2736 533 3148 606 decipiendum
3177 532 3475 589 hominem
3498 532 3691 588 factus
3708 535 3799 589 est
3826 531 3929 589 be-

529 627 639 684 hoc
670 627 963 683 maturius
992 629 1336 699 surgunt,ut
1363 641 1601 681 causam
1630 624 1794 697 egeni
1817 628 1874 679 et
1902 625 2175 696 pauperis

532 717 878 773 muneribus
925 716 1182 788 corrupti
1244 714 1708 786 praevaricentur.
1766 714 1895 769 Sive
1942 712 2111 769 aliter
2159 729 2172 768 :

529 805 639 861 liic
665 804 845 878 igitur
881 804 1193 873 homicida,
1227 807 1380 861 recte
1409 803 1716 859 haereticus
1762 803 2013 875 quisque
2043 816 2177 857 sen-

529 893 697 961 titur,
731 910 799 950 ex
827 911 1029 950 eorum
1062 910 1305 950 numero
1336 893 1435 965 qui
1476 893 1705 948 animas
1735 891 2041 946 hominum
2074 906 2178 946 no-

533 982 645 1039 xiis
675 985 732 1038 et
760 981 1075 1038 lethalibus
1098 983 1369 1039 sensibus
1398 981 1949 1045 interﬁciunt.Quod
1982 983 2177 1036 autem

533 1072 697 1143 dicit,
730 1089 901 1128 mane
929 1072 1117 1145 primo
1148 1071 1451 1144 consurgit
1480 1088 1499 1126 :
1530 1070 1677 1126 illud
1708 1074 1798 1126 est
1830 1085 1843 1126 :
1876 1070 2014 1142 quia
2044 1085 2178 1125 cum

534 1160 593 1215 hi
652 1160 754 1233 qui
794 1177 928 1217 cum
967 1176 1153 1234 nuper
1190 1161 1304 1217 ﬁde
1358 1160 1573 1216 initiati
1622 1162 1780 1227 sunt,
1822 1158 2179 1215 matutinum

535 1248 814 1318 habeant,
843 1250 897 1305 id
930 1255 1037 1319 est,
1071 1250 1238 1322 quasi
1274 1249 1626 1323 principium
1658 1253 1924 1306 sanctam
1954 1248 2182 1322 religio-

535 1355 716 1394 nem:
752 1340 869 1395 sive
934 1339 1045 1411 ipsi
1103 1340 1457 1395 matutinum
1519 1340 1707 1395 eli'ecti
1756 1340 1897 1408 sint,
1947 1354 2080 1395 cum
2112 1339 2181 1394 de

533 1428 793 1484 tenebris
823 1432 881 1483 et
925 1428 1065 1485 ﬁliis
1107 1431 1296 1485 noctis
1328 1429 1463 1485 facti
1515 1433 1656 1485 sunt
1682 1429 1741 1484 in
1794 1429 2043 1484 Domino
2074 1426 2181 1482 ﬁlii

537 1516 638 1571 Dei
670 1518 883 1589 (Ephes.
934 1534 988 1586 v,
1032 1519 1123 1588 8);
1174 1517 1235 1573 hi
1288 1519 1549 1590 perﬁdiae
1580 1536 1698 1574 suae
1728 1534 2016 1574 venenum
2049 1533 2183 1590 pro-

541 1606 748 1678 pinare
785 1607 1088 1674 festinant,
1121 1612 1187 1663 ut
1244 1624 1344 1663 eos
1400 1607 1712 1681 decipiant.
1755 1607 1883 1664 Sive
1939 1606 2111 1663 aliter
2167 1623 2182 1663 :

538 1695 727 1764 Mane,
762 1695 1029 1752 Christus
1061 1695 1478 1768 intelligendus
1524 1701 1635 1769 est,
1685 1697 1756 1752 ad
1788 1697 1958 1768 cujus
1989 1712 2184 1753 resur-

541 1785 859 1841 rectionem
894 1785 1139 1841 baareses
1168 1785 1229 1840 in
1261 1784 1519 1841 Ecclesia
1546 1801 1674 1842 esse
1720 1790 2040 1858 coeperunt.

617 1895 645 1923 ‹‹
682 1872 791 1928 Per
833 1877 1061 1929 noctem
1092 1890 1226 1929 vero
1258 1875 1369 1929 erit
1397 1875 1564 1947 quasi
1597 1875 1711 1930 fur.
1741 1896 1771 1927 »
1806 1875 2021 1931 Omnes
2052 1892 2183 1931 sen-
2212 1907 2261 1973 Β

546 1978 669 2033 sus,
722 1961 1146 2034 haereticorum,
1196 1963 1353 2019 nocti
1403 1968 1459 2019 et
1510 1962 1765 2021 tenebris
1811 1964 2189 2037 comparandi

544 2054 703 2119 sunt,
735 2051 873 2123 quia
900 2050 1100 2107 lumen
1149 2069 1263 2107 non
1304 2052 1522 2107 habent
1548 2052 1829 2109 veritatis.
1859 2054 1978 2126 Ipsi
2008 2054 2186 2110 etiam

546 2143 686 2196 sunt
727 2140 998 2208 adulteri,
1048 2142 1188 2213 quia
1232 2140 1461 2213 eloquia
1505 2141 1605 2197 Dei
1650 2146 1813 2199 casta
1860 2142 2190 2199 adulterina

540 2228 1021 2303 interpretatione
1050 2234 1452 2302 corrumpunt.
1487 2234 1724 2287 Noctem
1753 2248 1888 2288 vero
1908 2231 2037 2288 ideo
2067 2232 2188 2289 dic-

543 2323 673 2375 tum
704 2324 845 2392 puto
877 2320 1016 2391 quia
1063 2321 1535 2393 praevaricatores
1583 2321 1950 2392 negotiorum
1999 2338 2186 2379 secre-

543 2412 672 2466 tum
705 2410 996 2481 quoddam
1024 2411 1189 2482 quasi
1214 2416 1445 2482 tempus
1476 2412 2184 2483 nocturnum,requirunt,

545 2499 776 2570 quando
807 2516 1051 2555 munera
1081 2516 1183 2571 pro
1215 2498 1412 2555 causis
1447 2500 1837 2571 praevaricatis
1865 2500 2183 2573 accipiunt.

615 2609 643 2638 «
708 2588 923 2644 Oculus
979 2588 1222 2644 adulteri
1282 2589 1547 2644 observat
1585 2588 1917 2661 caliginem,
1959 2590 2181 2662 dicens,

538 2678 665 2734 Non
698 2693 793 2734 me
830 2678 1048 2734 videbit
1088 2678 1312 2749 oculus,
1353 2683 1409 2733 et
1439 2679 1658 2751 operiet
1686 2678 1911 2734 vultum
1945 2695 2179 2735 suum.»

533 2767 753 2834 Sive,ut
782 2766 880 2822 alii
912 2767 1180 2823 dixerunt
1206 2785 1218 2824 ε
1245 2792 1271 2819 ‹‹
1302 2773 1367 2822 Et
1396 2767 1706 2823 latibulum
1733 2768 1896 2824 faciei
1921 2770 2176 2840 posuit.»

526 2856 592 2911 1d
626 2860 731 2928 est,
761 2857 951 2912 cordis
983 2857 1111 2929 ejus
1141 2857 1368 2921 oculus,
1396 2857 1686 2912 oblivione
1715 2862 2035 2913 excaecatus
2065 2863 2172 2925 est,

524 2948 590 3001 ut
613 2946 673 3001 in
696 2945 821 3016 ejus
852 2946 1196 3002 memoriam
1228 2963 1341 3001 non
1373 2945 1878 3017 ascenderet,quia
1908 2946 2173 3001 omnium

524 3034 963 3104 cogitationum,
1029 3039 1087 3090 et
1133 3051 1373 3106 operum
1426 3033 1821 3089 humanorum
1879 3033 2169 3090 malorum

521 3122 677 3180 Deus
708 3127 798 3179 est
828 3124 1129 3196 inspector
1158 3127 1213 3179 et
1242 3122 1527 3193 cognitor.

482 3223 491 3235 '
595 3233 617 3265 ι
650 3212 902 3269 Perfodit
933 3213 991 3267 in
1023 3211 1278 3268 tenebris
1308 3212 1534 3276 domos,
1567 3211 1721 3267 sicut
1751 3212 1810 3268 in
1842 3212 1936 3268 die
1965 3213 2163 3268 condi-

2285 621 2517 691 micida,
2577 626 2644 679 ut
2702 624 2785 680 ait
2847 623 3133 680 Dominus
3174 642 3188 680 :
3229 622 3329 679 Ille
3373 621 3647 679 homicida
3701 623 3813 693 fuit
3859 623 3931 678 ab

2285 711 2449 769 initio
2482 713 2657 783 (Joan.
2689 728 2812 780 vm,
2849 714 2959 784 4-4.)
2992 713 3361 768 Divinitatem
3410 727 3643 784 quoque
3689 711 3800 768 sibi
3830 727 3934 785 per

2286 802 2620 872 superbiam
2664 803 3009 874 arrogando,
3042 818 3219 874 quam
3268 801 3723 874 praesumptione
3752 802 3932 857 animi

2289 891 2380 945 sui
2410 891 2657 946 tentavit
2716 890 3008 962 invadere,
3056 890 3217 946 velut
3266 892 3361 945 fur
3389 891 3660 946 inventus
3691 895 3800 957 est,
3834 889 3936 962 qui

2290 978 2480 1034 aliena
2507 984 2755 1035 conatur
2781 981 3028 1036 auferre.
3052 980 3161 1044 Qui
3192 980 3367 1036 etiam
3396 978 3739 1052 virginalem
3767 979 3934 1037 illam

2289 1068 2347 1120 et
2374 1068 2595 1122 castam
2628 1066 2998 1123 dilectionem
3054 1067 3151 1123 Dei
3197 1067 3413 1139 amisit,
3468 1069 3610 1123 dum
3658 1068 3936 1125 adulteri-

2288 1171 2395 1210 nos
2454 1160 2697 1212 conatus
2745 1158 2950 1213 contra
3008 1156 3111 1213 Dei
3168 1157 3260 1213 sui
3318 1161 3375 1213 et
3414 1157 3644 1214 Domini
3677 1174 3936 1214 amorem

2289 1243 2529 1311 faciens,
2561 1246 2798 1318 propria
2824 1246 3122 1303 voluntate
3152 1245 3440 1317 quaesivit.
3474 1246 3577 1302 Hic
3610 1246 3792 1318 igitur
3820 1262 3939 1304 ma-

2291 1349 2363 1388 ne
2410 1334 2621 1406 primo,
2672 1335 2730 1389 id
2775 1339 2864 1391 est
2909 1335 3063 1390 circa
3100 1336 3289 1406 ipsam
3338 1336 3701 1392 nativitatem
3748 1342 3939 1408 proto-

2292 1421 2464 1494 plasti
2540 1423 2821 1492 hominis,
2880 1425 2951 1479 ad
3010 1425 3411 1480 seducendum
3462 1441 3593 1481 eum
3657 1441 3761 1497 per
3808 1427 3938 1496 ejus

2293 1511 2598 1568 mulierem
2630 1513 3013 1582 consurrexit,
3066 1518 3123 1570 et
3180 1531 3313 1570 eum
3357 1519 3641 1586 tanquam
3674 1517 3937 1587 egentem

2294 1601 2560 1671 consilio,
2581 1606 2637 1658 et
2657 1604 3101 1676 pauperem,qui
3123 1598 3478 1676 experientia
3500 1604 3698 1661 minus
3729 1609 3935 1661 cautus

2292 1696 2466 1759 esset,
2516 1692 2853 1764 deceptione
2900 1692 3196 1749 insidiosae
3246 1694 3649 1765 persuasionis
3707 1695 3937 1751 occidit.

2293 1781 2532 1837 Noctem
2562 1798 2696 1837 vero
2727 1782 2945 1853 peccati
2979 1783 3105 1855 ipse
3136 1783 3247 1839 sibi
3277 1792 3550 1855 operatus
3579 1788 3669 1840 est
3700 1802 3713 1840 :
3757 1801 3942 1857 quan-

2293 1871 2365 1925 do
2396 1871 2468 1925 ad
2520 1870 2882 1927 divinitatem
2914 1871 3325 1945 invadendam,
3356 1874 3517 1929 velut
3564 1874 3659 1928 fur
3692 1873 3945 1947 irrepere

2297 1958 2581 2027 voluerat,
2612 1960 2812 2016 dicens
2845 1978 2858 2017 :
2893 1963 3068 2034 Super
3094 1962 3281 2018 sidera
3310 1964 3435 2017 caeli
3454 1978 3657 2033 ponam
3683 1964 3945 2021 thronum

2297 2064 2500 2115 meum,
2557 2056 2606 2104 et
2651 2066 2745 2105 ero
2803 2051 3006 2105 similis
3059 2052 3334 2107 Altissimo
3373 2054 3500 2121 (Isa.
3542 2066 3658 2108 xxv.
3720 2054 3828 2125 15),
3888 2059 3946 2111 et

2303 2137 2509 2193 exinde
2539 2154 2672 2194 cum
2706 2138 2851 2211 suis,
2886 2155 3034 2211 quos
3085 2140 3210 2196 cceli
3242 2140 3436 2197 sidera
3463 2140 3795 2214 appellavit,
3828 2159 3944 2199 nox

2301 2230 2358 2281 et
2387 2227 2657 2297 tenebrae,
2683 2228 3071 2301 princepsque
3093 2230 3466 2286 tenebrarum
3498 2237 3587 2286 est
3614 2231 3942 2303 appellatus

2298 2316 2476 2385 (Joan.
2507 2334 2610 2387 xu,
2641 2318 2753 2387 31).
2806 2318 2873 2373 Et
2918 2323 3090 2386 recte,
3123 2319 3264 2390 quia
3304 2318 3536 2375 Domini
3567 2318 3765 2376 lumen
3793 2322 3941 2377 ami-

2297 2405 2456 2461 serit.
2502 2405 2605 2461 Hic
2662 2406 2791 2478 jam
2840 2407 2900 2462 in
2954 2414 3325 2480 peccatorum
3394 2425 3635 2465 suorum
3685 2411 3943 2467 tenebris

2295 2495 2673 2561 constitutus,
2695 2495 2929 2551 vultum
2952 2496 3119 2552 mala
3146 2496 3512 2553 conscientia:
3545 2516 3662 2554 sua;
3684 2500 3941 2556 obdura-

2292 2584 2450 2640 tione
2472 2585 2721 2657 operuit,
2756 2586 3153 2657 paenitentiam
3211 2603 3326 2643 non
3358 2592 3597 2644 acturus
3630 2605 3643 2644 :
3676 2593 3734 2645 et
3767 2590 3942 2645 idcir-

2293 2689 2359 2728 co
2390 2674 2584 2729 divino
2616 2673 2840 2729 lumine
2872 2675 3357 2747 privatusstudet
3378 2680 3552 2747 atque
3581 2677 3944 2747 observat,ut

2290 2779 2359 2818 ea
2388 2780 2513 2833 qua:
2546 2763 2803 2818 tenebris
2835 2769 2891 2819 et
2919 2764 3167 2836 caligine
3197 2770 3337 2821 sunt
3367 2766 3546 2838 digna
3584 2769 3934 2824 committat.

2292 2850 2450 2907 Unde
2478 2850 2537 2906 in
2570 2851 2661 2907 his
2692 2852 2969 2923 operibus
3014 2853 3198 2909 vitam
3230 2870 3430 2925 agens,
3482 2856 3661 2911 fodiet
3689 2856 3802 2913 sibi
3832 2858 3936 2913 do-

2288 2955 2416 2995 mos
2469 2939 2902 2997 habitationum
2927 2942 2985 2997 in
3017 2942 3240 3009 inferis,
3271 2960 3406 2999 cum
3454 2943 3573 3000 illis
3611 2945 3737 3001 suis
3767 2945 3937 3001 mini-

2282 3029 2441 3099 stris,
2470 3045 2601 3084 cum
2634 3030 2851 3101 quibus
2882 3048 2944 3086 se
2974 3032 3257 3089 adversus
3287 3033 3494 3101 Deum,
3527 3038 3585 3090 et
3610 3039 3930 3092 creatorem

2279 3117 2500 3189 erigere
2530 3119 2790 3175 tentavit.
2825 3119 2890 3175 Hi
2926 3137 3062 3192 ergo
3096 3120 3351 3177 ministri
3382 3123 3531 3194 ejus,
3563 3139 3697 3180 cum
3729 3124 3923 3182 adhuc

2278 3206 2430 3263 beati
2452 3213 2650 3263 essent
2679 3208 2738 3263 in
2769 3207 2870 3265 illa
2899 3214 3113 3267 aeterna
3145 3210 3455 3281 felicitates,
3475 3213 3534 3267 in
3566 3213 3660 3269 die
3681 3213 3780 3269 illa
3807 3214 3921 3270 uti-

518 3305 725 3358 xerant
755 3300 889 3372 sibi,
921 3305 977 3356 et
1006 3299 1423 3373 ignoraverunt
1477 3300 1687 3357 lucem.
1723 3324 1745 3354 ι
1787 3302 2164 3358 Manifestum
2198 3280 2240 3347 (ἶ
2279 3311 2391 3366 que
2457 3297 2835 3369 sempiterno,
2905 3299 3005 3371 qui
3073 3316 3187 3355 non
3231 3300 3409 3356 habet
3456 3301 3691 3357 initium
3732 3319 3925 3375 neque

519 3395 628 3462 est,
661 3391 816 3463 quod
848 3407 950 3463 per
994 3390 1150 3445 diem
1191 3388 1340 3445 hanc
1370 3390 1637 3462 rapinam
1684 3408 1789 3447 sua
1819 3390 2168 3463 cogitatione

524 3481 866 3553 disponunt,
903 3483 1218 3550 antequam
1245 3480 1317 3535 ad
1340 3480 1496 3552 ipsas
1520 3481 1844 3537 facinorum
1895 3481 2167 3537 tenebras

520 3569 781 3627 veniant.
835 3568 1091 3624 Perfodit
1136 3568 1194 3625 in
1238 3570 1494 3627 tenebris
1543 3570 1770 3639 domos,
1804 3569 1956 3627 sicut
1985 3570 2044 3626 in
2077 3571 2170 3626 die

520 3658 903 3715 condixerunt
932 3658 1065 3713 sibi.
1099 3658 1511 3731 Unusquisque
1545 3660 1851 3716 haereticus
1888 3660 1948 3715 in
1980 3659 2169 3732 pravi-

521 3750 643 3803 tate
671 3747 945 3802 doctrina:
976 3749 1447 3818 consistens,non
1481 3750 1640 3805 dulci
1672 3755 1731 3805 et
1760 3749 1922 3805 suavi
1956 3766 2174 3805 sermo-

528 3852 601 3893 ne
658 3835 973 3908 Evangelii,
1024 3837 1175 3893 sicut
1223 3838 1410 3893 imber
1449 3838 1736 3911 placidus,
1769 3843 1826 3895 et
1882 3838 2032 3895 sicut
2077 3856 2173 3895 ros

525 3941 660 3981 cum
719 3925 952 3982 silentio
981 3926 1041 3983 in
1103 3927 1331 3984 animas
1388 3928 1690 3984 descendit
1728 3928 2029 3997 ﬁdelium;
2072 3929 2173 3984 sed

528 4032 736 4089 aspero
769 4015 984 4089 potius,
1017 4022 1074 4073 et
1104 4018 1174 4073 ad
1205 4016 1631 4074 vulnerandum
1664 4024 1939 4090 peracuto
1971 4020 2175 4075 domos

529 4106 781 4179 perfodit
812 4106 1163 4163 animorum.
1199 4107 1316 4163 Hoc
1342 4108 1497 4163 enim
1528 4107 1685 4164 velut
1716 4108 1774 4163 in
1802 4108 1893 4164 die
1914 4109 2179 4165 condixe-

531 4200 669 4253 runt
720 4195 832 4253 sibi
864 4196 1141 4266 haeretici,
1178 4202 1242 4253 ut
1271 4215 1474 4254 omnes
1526 4198 1805 4253 mortales
1831 4198 2047 4270 jaculis
2079 4199 2178 4254 do-

534 4286 731 4343 ctrinaa
760 4287 947 4343 noxia:
964 4287 1595 4360 perfoderent,quando
1616 4287 1675 4341 in
1699 4286 2178 4354 Ecclesiaadhuc,

536 4376 645 4434 hoc
676 4381 786 4445 est,
819 4377 879 4433 in
909 4377 1002 4433 die
1027 4377 1286 4433 veritatis
1316 4376 1492 4449 positi
1543 4376 1793 4434 haereses
1823 4376 2011 4434 facere
2041 4395 2181 4435 con-

536 4467 828 4524 dixerunt.

615 4579 641 4607 ‹‹
667 4556 727 4612 Si
757 4555 953 4613 subito
984 4556 1320 4630 apparuerit
1357 4572 1568 4614 aurora
1597 4573 1610 4612 :
1647 4556 2008 4614 arbitrantur
2053 4576 2184 4615 um-

2279 3386 2476 3453 ﬁnem,
2510 3386 2568 3441 in
2592 3387 2698 3443 hoc
2731 3387 3103 3461 sacrilegium
3133 3390 3461 3462 tyrannidis
3483 3396 3623 3447 sunt
3653 3409 3788 3448 eum
3818 3409 3926 3449 suo

2280 3475 2541 3548 principe
2566 3476 2920 3545 collocuti,et
2949 3483 3316 3551 putaverunt,
3343 3481 3495 3551 quod
3528 3486 3679 3537 Deus
3709 3482 3808 3554 qui
3840 3486 3929 3538 est

2280 3562 2379 3619 lux
2411 3567 2807 3638 vera,sapiens
2838 3572 2896 3623 et
2923 3566 3331 3640 intelligibilis,
3377 3568 3487 3625 hoc
3537 3571 3761 3627 malum
3793 3588 3930 3627 con-

2280 3654 2551 3711 tumacia:
2579 3672 2779 3711 eorum
2812 3656 3172 3729 impunitum
3199 3656 3574 3727 relinqueret,
3600 3664 3667 3715 ut
3695 3676 3808 3716 non
3833 3678 3935 3716 eos

2281 3743 2353 3816 de
2410 3742 2511 3799 illa
2567 3744 2739 3799 beata
2795 3748 2973 3816 atque
3029 3744 3284 3816 gloriosa
3340 3746 3478 3800 sede
3506 3746 3802 3816 dejiceret.
3864 3751 3936 3805 Et

2283 3831 2453 3900 hanc,
2487 3832 3245 3905 puto,dixit,ignoraverunt
3271 3834 3458 3889 lucem
3496 3851 3510 3890 :
3546 3836 3700 3906 quod
3732 3837 3932 3893 existi-

2286 3925 2591 3977 maverunt
2619 3921 2801 3976 Deum
2837 3921 2944 3976 hoc
2974 3920 3056 3977 eis
3084 3922 3327 3978 minime
3350 3923 3663 3993 facturum,
3698 3933 3935 3999 propter

2284 4009 2438 4080 quod
2475 4008 2776 4065 excaecatis
2809 4010 3126 4081 mentibus,
3157 4011 3456 4068 aeternales
3487 4014 3738 4070 tenebrae
3794 4017 3929 4071 tacti

2286 4103 2425 4156 sunt
2458 4115 2472 4154 :
2506 4098 2606 4170 qui
2637 4104 2696 4155 et
2720 4104 3035 4171 potestates
3067 4100 3205 4157 dicti
3237 4107 3377 4157 sunt
3422 4103 3816 4173 tenebrarum,
3870 4104 3929 4159 id

2288 4193 2376 4244 est
2425 4186 2731 4244 hominum
2781 4194 3174 4261 peccatorum.
3206 4192 3277 4247 Et
3304 4191 3441 4247 hinc
3488 4196 3577 4247 est
3607 4194 3759 4265 quod
3795 4209 3933 4250 cum

2290 4293 2502 4334 nomen
2534 4278 2630 4333 Dei
2663 4278 2978 4349 audierint,
3031 4281 3493 4338 contremiscunt
3525 4299 3538 4338 :
3579 4284 3737 4354 quod
3767 4300 3937 4341 voca-

2290 4367 2429 4423 bulo
2468 4385 2689 4424 aurorae
2729 4369 3049 4441 signiﬁcari
3103 4375 3404 4443 putamus.
3463 4373 3747 4444 Cogitatio
3803 4390 3939 4447 ergo

2292 4457 2443 4529 ejus,
2496 4457 2555 4513 id
2613 4464 2720 4524 est,
2752 4458 2991 4528 diaboli,
3025 4476 3212 4531 usque
3242 4460 3313 4516 ad
3347 4477 3678 4517 sermonem
3707 4466 3938 4520 tantum

2294 4547 2595 4619 pervenire
2627 4548 2836 4620 potuit,
2870 4564 2985 4604 non
3017 4549 3193 4605 etiam
3224 4549 3296 4604 ad
3327 4550 3593 4605 sil‘ectum
3614 4568 3627 4606 :
3652 4569 3764 4608 non
3784 4554 3939 4610 enim

523 4646 711 4703 .bram
742 4646 968 4712 mortis,
1002 4652 1059 4702 et
1087 4647 1171 4703 sic
1202 4646 1258 4701 in
1294 4646 1550 4703 tenebris
1601 4648 1768 4719 quasi
1800 4648 1858 4704 in
1888 4648 2016 4706 luce
2063 4667 2183 4707 am-

2298 4639 2560 4710 reguavit
2589 4637 2728 4709 illic,
2760 4642 2818 4694 et
2844 4638 2931 4694 sic
2986 4638 3248 4707 dejectus
3277 4642 3367 4695 est
3421 4640 3641 4709 statim,
3674 4642 3775 4697 ubi
3805 4660 3942 4700 voce

542 4735 770 4793 balant.
796 4757 825 4785 ››
856 4739 980 4791 Mox
1011 4741 1076 4791 ut
1096 4736 1341 4808 justitia:
1375 4737 1570 4806 sibi,et
1601 4737 1923 4795 honestatis
1953 4740 2187 4797 aliunde

549 4825 753 4883 lumen
782 4825 1019 4899 coeperit
1048 4843 1343 4898 apparere,
1368 4832 1425 4884 et
1455 4827 1640 4900 ingeri
1668 4830 2035 4886 conscientiae
2069 4848 2187 4888 suae

550 4914 773 4973 malum
803 4932 817 4970 :
844 4916 967 4987 jam
1000 4934 1201 4988 poenas
1233 4917 1437 4973 mortis
1467 4934 1530 4973 se
1554 4917 1850 4973 aestimant
1879 4919 2187 4976 sustinere:

555 5005 695 5079 quia
718 5006 951 5077 justitia
976 5011 1032 5061 et
1080 5007 1382 5073 sanctitas,
1428 5011 1494 5062 ut
1520 5007 1600 5062 ait
1627 5006 1925 5080 Scriptura
1972 5008 2193 5081 divina,

557 5096 732 5170 (Paul.
800 5113 979 5164 xxxu,
1044 5098 1135 5165 22)
1191 5097 1394 5153 odiosa
1444 5100 1533 5153 est
1586 5096 1811 5169 iniquo.
1876 5098 1937 5154 Si
2002 5098 2196 5155 subito

556 5187 884 5260 apraruerit
913 5202 1141 5255 aurora,
1176 5186 1535 5242 arbitrantur
1566 5187 1836 5243 umbram
1886 5188 2114 5259 mortis,
2144 5190 2201 5244 et

556 5280 639 5338 sic
666 5278 1000 5335 intenebris
1030 5277 1197 5349 quasi
1220 5277 1277 5332 in
1303 5276 1431 5333 luce
1462 5276 1786 5333 ambulant.
1819 5278 1877 5333 Si
1903 5277 2199 5351 quispiam

557 5369 890 5443 disputator
918 5367 1221 5439 exstiterit,
1251 5366 1351 5440 qui
1404 5372 1605 5423 contra
1632 5384 1731 5423 eos
1760 5366 1953 5423 lucem
2012 5368 2200 5423 mani-

558 5461 718 5518 festas
747 5460 1000 5530 ve,itatis
1030 5462 1282 5529 enarret,
1340 5457 1587 5514 convicti
1636 5456 1999 5513 arbitrantur
2027 5474 2088 5514 se
2111 5457 2198 5512 in-

560 5550 783 5608 curisse
826 5551 1096 5607 umbram
1143 5548 1371 5620 mortis,
1421 5552 1479 5605 et
1516 5546 1880 5603 nihilonibus
1910 5546 1969 5601 in
2002 5545 2199 5603 stulti-

559 5642 657 5701 tia:
688 5657 807 5698 sua:
837 5640 1114 5710 tenebris,
1130 5638 1287 5698 velut
1316 5639 1376 5694 in
1409 5636 1539 5693 luce
1568 5634 2197 5709 sapientiae,gloriatur.

555 5735 753 5799 Potest
783 5735 839 5799 et
867 5730 1134 5789 diabolus
1177 5726 1492 5803 homicida,
1544 5725 1657 5801 fur,
1690 5726 1747 5782 et
1778 5722 2004 5783 adulter
2033 5721 2200 5783 intel-

2298 4728 2588 4799 prompsit
2635 4728 2789 4798 quod
2831 4726 3197 4799 cogitaverat,
3249 4732 3310 4783 et
3354 4728 3628 4785 deorsum
3688 4749 3942 4805 praeceps

2298 4821 2465 4876 actus
2485 4820 2591 4871 est.
2626 4815 2787 4872 Unde
2818 4832 3181 4888 consequens
3208 4816 3445 4885 vidit,ut
3472 4820 3947 4879 machinamenta

2301 4907 2493 4966 cordis
2528 4905 2864 4977 sui,quibus
2894 4910 3095 4962 contra
3124 4906 3308 4963 Deum
3340 4908 3787 4979 moliebatur;ad
3820 4924 3924 4983 per

2307 4998 2678 5057 suadendum
2710 4997 2931 5053 caeteris
2963 4997 3189 5070 angelis
3220 4997 3297 5052 sit
3325 4997 3578 5067 locutus,
3619 5007 3676 5057 et
3703 5001 3786 5057 ita
3813 5019 3948 5058 con-

2306 5089 2693 5147 sentientibus
2725 5087 2948 5158 multis,
2981 5103 3100 5143 una
3137 5088 3571 5159 quodammodo
3598 5092 3950 5163 conspiratio

2309 5181 2474 5236 ﬁeret
2504 5184 2706 5235 contra
2736 5178 2942 5246 Deum,
2975 5181 3041 5232 ut
3070 5176 3119 5233 si
3147 5176 3231 5233 ita
3249 5176 3557 5233 videretur.
3576 5178 3724 5235 illud
3755 5186 3951 5238 tamen

2309 5270 2688 5327 immobiliter
2719 5268 3055 5336 tenendum,
3106 5264 3268 5321 nullo
3301 5268 3473 5324 modo
3504 5268 3563 5323 in
3594 5270 3826 5327 silentio
3857 5274 3949 5344 agi

2310 5361 2529 5418 militiai
2561 5357 2813 5416 caelestis
2843 5354 3033 5412 ofﬁcia
3063 5370 3198 5410 cum
3230 5354 3492 5427 legamus
3523 5358 3816 5431 angelicas
3848 5378 3948 5434 po-

2310 5455 2570 5519 testates,
2604 5453 2736 5505 ante
2763 5446 2959 5502 sedem
2982 5444 3209 5500 Domini
3238 5444 3300 5500 in
3330 5444 3563 5502 laudem
3595 5448 3790 5520 gloriae
3820 5453 3950 5523 ejus

2310 5538 2619 5598 indefessis
2669 5535 2912 5591 vocibus
2981 5550 3315 5606 personare,
3368 5552 3558 5608 neque
3606 5537 3723 5594 ullo
3782 5542 3957 5598 modo

2308 5628 2621 5702 Apostolus
2649 5625 2940 5684 dixisset:
2970 5624 3034 5682 Si
3079 5624 3286 5699 linguis
3338 5626 3624 5686 hominum
3672 5630 3866 5705 loquar
3891 5635 3951 5689 et

2309 5719 2627 5797 angelorum
2658 5715 2702 5796 (ι
2733 5714 2852 5775 Cor.
2906 5732 3065 5789 xvm,
3100 5715 3173 5793 1),
3222 5714 3337 5775 nisi
3390 5716 3475 5778 sic
3529 5722 3729 5780 essent
3755 5723 3812 5783 et
3839 5737 3944 5787 an-
