4310 6570
402 401 525 463 725

1458 404 1975 466 COMMENTAB.
2022 406 2104 466 ΙΝ
2146 405 2287 469 ΜΒ
2338 407 2507 468 CAP.
2558 407 2776 467 XXIV.

3702 409 3819 471 7‘26

406 534 671 606 gelorum
699 534 913 608 linguas
943 534 1098 591 sicut
1126 534 1455 604 hominum,
1483 537 1750 608 quamvis
1779 536 2053 609 angelica:
2083 541 2139 609 Α
2171 538 2313 609 quia
2342 537 2674 594 misericors
2706 553 2741 593 a
2783 535 3206 605 misericordia,
3240 539 3297 591 et
3326 535 3455 592 ideo
3487 535 3657 607 quasi
3689 552 3817 607 pro-

407 623 728 707 dissimiles
775 624 895 679 sint
943 622 1238 680 humanis.
1285 625 1387 681 Est
1434 639 1570 697 ergo
1615 625 1852 698 aliquod
1882 630 2057 698 atque

408 714 603 785 ipsum
635 713 801 770 valde
831 731 1113 787 magnum
1145 732 1323 787 super
1351 715 1686 771 diversitate
1714 716 2054 788 linguarum

405 801 559 859 inter
586 802 928 874 terrigenas,
961 807 1016 859 et
1050 804 1378 860 ministeria
1409 822 1662 877 superna
1711 806 2049 861 discrimen.

405 892 592 964 Super
611 910 727 964 qua
751 910 812 948 re
844 910 950 949 nos
972 895 1290 950 canonicus
1320 894 1467 951 liber
1497 896 1636 951 Novi
1669 897 2049 965 Testamenti,

403 981 505 1053 qui
535 982 855 1054 apostolica
876 984 1134 1040 continet
1162 988 1350 1056 gesta,
1372 985 1732 1040 sufﬁcienter
1752 984 2048 1040 instruxit.

471 1093 500 1120 ‹‹
531 1071 694 1127 Levis
725 1076 817 1128 est
847 1089 1025 1145 super
1053 1073 1261 1129 faciem
1295 1090 1478 1145 aquae.
1516 1096 1543 1123 »
1589 1073 1735 1139 Quia
1765 1090 1881 1129 non
1912 1078 2051 1130 sunt

395 1159 466 1217 de
511 1160 771 1217 Ecclesia
819 1178 1035 1234 magna
1081 1162 1257 1233 (Psal.
1290 1180 1408 1231 xxx,
1439 1163 1553 1234 2G),
1587 1163 1644 1218 id
1698 1167 1788 1219 est
1835 1161 2049 1234 populo

393 1249 554 1321 gravi
611 1254 670 1307 et
725 1255 948 1319 sancto,
1010 1251 1111 1322 qui
1177 1252 1378 1324 granis
1437 1252 1671 1307 fecundi
1728 1255 1786 1307 et
1840 1251 2049 1323 Optimi

393 1338 572 1396 tritici
623 1345 1021 1412 comparatur,
1072 1345 1129 1397 et
1177 1341 1279 1413 qui
1326 1342 1387 1397 in
1442 1341 1648 1397 horreo
1696 1345 2046 1397 aeternarum

397 1427 777 1485 mansionum
808 1431 1147 1487 condendas
1179 1436 1290 1501 est,
1321 1431 1482 1487 velut
1510 1431 1652 1487 levis
1682 1432 1849 1503 palea
1877 1430 2048 1486 nihil-

395 1533 509 1587 que
574 1518 847 1590 ponderis
914 1520 1171 1587 habens,
1241 1521 1396 1591 quod
1462 1521 1535 1576 ad
1600 1520 2046 1593 praegravandos

391 1606 677 1664 virtutum
727 1609 979 1681 pertinet
1028 1611 1275 1679 fructus,
1313 1627 1478 1682 aqua
1524 1610 1810 1666 elemento
1840 1627 2044 1682 super-

394 1696 620 1753 natabit
648 1714 660 1752 :
698 1703 762 1754 ut
790 1716 943 1755 aura:
979 1700 1119 1755 flatu
1152 1701 1316 1757 tenui
1348 1700 1631 1773 rapiatur.
1666 1700 1796 1755 Sive
1826 1699 1994 1757 aliter
2027 1716 2041 1756 :

390 1789 567 1857 Aquae
624 1787 748 1843 istae
813 1788 1123 1846 hominum
1191 1791 1516 1847 amantium
1584 1790 1694 1845 hoc
1760 1787 2042 1844 saeculum

2164 631 2405 699 totypon
2439 643 2673 694 nomen,
2706 627 2900 697 majus
2940 629 3049 693 est,
3083 641 3261 697 quam
3293 624 3563 680 deductio
3593 641 3816 682 nuncu-

2166 723 2321 789 pata.
2354 717 2699 789 Quicunque
2746 732 2881 787 ergo
2930 719 3267 771 sanctorum
3322 719 3512 786 potest
3547 714 3661 769 dici
3702 716 3812 771 mi-

2164 808 2431 873 soricors,
2481 823 2674 874 verax,
2723 810 2777 861 et
2817 806 3066 876 justus:
3122 821 3294 860 nemo
3351 809 3548 861 tamen
3605 821 3825 860 eorum.

2162 901 2315 952 recte
2363 896 2582 952 dicitur
2629 894 3046 962 misericordia,
3078 896 3135 948 et
3182 892 3416 962 veritas,
3448 897 3505 949 et
3547 892 3803 964 justitia.

2236 1022 2264 1052 «
2296 1002 2551 1058 Dulcedo
2582 1001 2740 1057 illius
2771 1016 3022 1057 vermes.
3057 1021 3086 1049 »
3130 1000 3237 1056 Per
3265 999 3655 1071 antiphrasim
3686 1000 3805 1056 dic-

2156 1094 2306 1161 tum,
2342 1092 2497 1162 quod
2543 1094 2653 1159 est,
2687 1093 2917 1146 scatens
2966 1088 3262 1145 vermibus
3310 1088 3612 1145 moriatur.
3646 1090 3716 1144 Et
3742 1089 3804 1145 in

2160 1179 2467 1251 Evangelio
2512 1196 2526 1234 :
2602 1181 2807 1236 Vermis
2865 1194 3055 1234 eorum
3109 1193 3220 1234 non
3281 1180 3557 1234 morietur
3611 1179 3801 1252 (Marc.

2158 1287 2235 1341 rx,
2272 1270 2381 1341 13).
2416 1268 2575 1324 Talis
2620 1269 2800 1340 igitur
2829 1268 3075 1324 dulcedo
3104 1267 3214 1325 erit
3244 1266 3483 1340 iniquis,
3516 1271 3574 1324 et
3603 1269 3804 1326 odien-

2157 1360 2316 1417 tibus
2355 1359 2558 1416 Deum.

2233 1472 2254 1500 αι
2290 1450 2416 1505 Non
2465 1448 2544 1504 sit
2588 1448 2648 1503 in
2699 1446 3118 1504 recordatione.
3152 1469 3181 1498 »
3237 1447 3299 1502 Id
3329 1450 3437 1514 est,
3468 1446 3541 1502 ad
3570 1446 3806 1504 veniam.

2156 1538 2570 1596 misericordiae
2602 1553 2718 1594 non
2751 1536 3066 1610 perveniat,
3098 1534 3255 1608 quod
3285 1535 3535 1608 diabolo,
3569 1541 3627 1593 et
3673 1536 3799 1593 suis

2156 1628 2440 1685 haereticis
2491 1632 2546 1684 et
2582 1628 2783 1700 impiis
2811 1627 3097 1695 futurum,
3130 1626 3201 1683 de
3230 1625 3549 1699 Scripturis
3580 1626 3799 1686 sanctis

2152 1719 2235 1775 ita
2264 1718 2600 1775 didicimus.

2225 1848 2254 1876 ‹‹
2286 1826 2396 1881 Sed
2430 1828 2764 1881 conteratur
2792 1822 2961 1896 quasi
3001 1822 3229 1896 lignum
3275 1822 3731 1881 infructuosum.
3766 1845 3795 1875 »

388 1873 926 1987 {Igilga‘tﬁsurafy
964 1895 1030 1936 eo
1062 1880 1217 1952 quod
1251 1896 1485 1987 sgmpef
1514 1880 1586 1987 a9
1617 1878 1896 1987 inferio?
1919 1878 2045 1987 ,3in
2073 1921 2120 1987 Β
2151 1873 2961 1971 εεὲυῖιῖἶυιῖἷὶιᾘᾶῖ0Ἰῶνῖἔέ
3001 1873 3796 1985 ὶὶῗιᾶὸῖσᾞιιξὲῖιᾎξῆἇξιῖἶνῖηέ

387 1965 688 2035 proclives,
724 1967 978 2025 multum
1030 1985 1232 2026 secum
1283 1969 1411 2025 limi
1458 1968 1779 2036 trahentes,
1832 1968 1932 2040 qui
1980 1968 2041 2023 in

385 2052 564 2111 chaos
611 2055 957 2127 inferorum,
991 2059 1231 2115 turbido
1280 2060 1537 2131 pondere
1586 2059 1932 2130 deponatur.

459 2164 490 2194 «
519 2144 828 2202 Maledicta
856 2147 934 2203 sit
962 2165 1102 2220 pars
1132 2150 1263 2219 ejus
1291 2150 1353 2205 in
1382 2154 1561 2205 terra.
1589 2169 1618 2199 ››
1651 2147 1759 2212 Qui
1791 2147 1949 2203 enim
1982 2148 2042 2204 in

386 2233 543 2287 terra
591 2238 953 2306 sanctorum,
1004 2253 1130 2309 qua:
1182 2242 1271 2293 est
1318 2237 1637 2294 viventium
1700 2242 1873 2306 terra,
1926 2254 2042 2293 non

389 2319 589 2390 fuerit,
634 2323 983 2382 maledictus
1033 2327 1187 2383 erit:
1248 2327 1368 2383 sive
1421 2326 1735 2407 maledicta
1782 2327 1859 2382 sit
1906 2343 2044 2399 pars
2089 2344 2103 2357 θ

392 2409 521 2479 ejus
569 2411 629 2468 in
678 2416 854 2484 terra,
895 2415 952 2470 id
1002 2419 1092 2471 est
1138 2415 1199 2471 in
1248 2432 1446 2473 massa
1492 2416 1722 2488 generis
1774 2416 2041 2471 humani.

464 2521 494 2551 ‹‹
525 2500 640 2557 Nec
670 2503 931 2560 ambulet
958 2522 1063 2576 per
1091 2505 1245 2561 viam
1275 2507 1603 2562 vinearum.
1636 2528 1665 2557 π
1716 2506 1780 2561 Id
1822 2510 1933 2574 est,
1964 2506 2046 2561 ita

396 2587 710 2647 maledicta
757 2592 836 2649 sit
880 2594 1007 2664 ejus
1056 2595 1415 2651 conversatio
1466 2595 1528 2650 in
1586 2599 1741 2650 terra
1799 2594 1927 2660 hac,
1978 2598 2046 2650 ut

395 2678 596 2748 plebes
640 2680 742 2736 Dei
790 2682 911 2739 sive
959 2684 1189 2741 animas
1236 2688 1491 2753 sanctas,
1525 2701 1652 2756 quae
1684 2685 1837 2740 sicut
1864 2684 2043 2739 vineae

393 2766 577 2838 plena
628 2769 914 2828 fructibus
954 2772 1261 2829 fructifera:
1295 2777 1452 2843 sunt,
1485 2790 1600 2829 non
1630 2772 1910 2845 imitetur,
1944 2790 2043 2829 ne-

395 2871 509 2927 que
555 2873 660 2929 per
707 2859 868 2932 ipsas
899 2862 1181 2918 ambulet.
1215 2863 1331 2918 Has
1361 2862 1517 2918 enim
1547 2862 1746 2918 vineas
1779 2863 2043 2918 doctores

392 2948 676 3018 tanquam
702 2949 977 3017 cultores,
1003 2951 1285 3007 doctrinis
1316 2951 1472 3007 velut
1503 2951 1798 3024 ligonibus
1822 2951 2039 3023 colunt,

392 3038 459 3089 ut
507 3036 711 3094 vinum
765 3055 1010 3112 operum
1058 3042 1350 3097 bonorum
1379 3041 1761 3111 vindemient,
1795 3041 1949 3112 quod
1982 3041 2040 3095 in

391 3123 525 3194 fide,
561 3125 619 3182 id
650 3132 759 3195 est,
790 3130 1069 3186 torculari
1101 3129 1367 3187 Ecclesiae
1409 3131 1664 3203 pondere
1710 3130 2042 3187 tribulatio-

392 3212 485 3270 nis
514 3231 882 3289 expressum,
914 3220 1169 3292 ﬂagrans
1199 3230 1303 3293 per
1328 3220 1575 3292 gratiam
1609 3218 1844 3287 Christi,
1868 3221 2042 3277 odore

390 3304 742 3363 suavissimo
788 3325 923 3365 cum
972 3310 1182 3365 virtute
1235 3310 1578 3366 meritorum
1624 3309 1685 3365 in
1726 3310 2041 3383 apothecas
2073 3296 2116 3364 C

390 3392 703 3451 domorum
734 3396 1058 3454 caelestium
1099 3400 1470 3455 recondatur.

463 3504 491 3532 «
523 3484 609 3538 Ad
633 3484 885 3543 nimium
906 3486 1157 3544 calorem
1178 3492 1439 3545 transeat
1458 3489 1530 3545 ab
1553 3488 1723 3561 aquis
1743 3489 1987 3545 nivium.
2011 3512 2040 3540 »

389 3570 566 3634 Quasi
623 3574 773 3632 duas
829 3576 1128 3648 gehennas
1184 3582 1427 3635 sanctus
1485 3578 1594 3635 Job
1653 3579 1846 3635 dicere
1894 3579 2038 3635 mihi

387 3660 636 3732 videtur,
667 3662 822 3738 ignis
851 3670 908 3721 et
936 3666 1191 3739 frigoris,
1223 3684 1329 3740 per
1358 3684 1504 3740 quas
1534 3668 1825 3737 diabolus,
1858 3668 2037 3724 haere-

385 3748 558 3820 ticus,
591 3756 646 3807 et
696 3752 873 3810 homo
920 3755 1139 3828 impius
1171 3762 1588 3814 commutetur.
1620 3758 1787 3814 Forte
1819 3757 1877 3813 in
1911 3759 2040 3830 ipsa

386 3839 654 3912 gehenna
700 3843 836 3900 talis
887 3861 1170 3902 sensuum
1217 3847 1512 3903 cruciatus
1546 3848 1643 3903 fiet
1672 3847 1813 3915 illis,
1846 3848 1943 3919 qui
1977 3848 2036 3903 in

384 3945 452 3984 ea
478 3933 929 4005 torquebuntur,
962 3939 1026 3990 ut
1071 3952 1228 3992 nunc
1277 3936 1446 4009 quasi
1496 3938 1691 4009 ignem
1737 3937 2034 3993 ardentem

384 4020 658 4087 sentiant,
696 4039 852 4079 nunc
897 4023 1147 4081 nimium
1188 4025 1406 4099 algoris
1435 4026 1794 4096 incendium,
1827 4031 1884 4083 et
1915 4044 2034 4099 poe-

383 4107 534 4164 nalis
583 4113 989 4181 commutatio,
1022 4131 1181 4171 nunc
1214 4115 1402 4188 frigus
1434 4117 1845 4181 sentientibus,
1878 4128 2033 4172 nunc

382 4195 538 4253 calor
584 4199 680 4268 sit,
729 4205 796 4257 ut
846 4203 1015 4274 quasi
1071 4204 1143 4260 de
1203 4203 1329 4260 loco
1379 4205 1452 4260 ad
1502 4204 1695 4261 locum
1746 4206 2033 4263 transitus

381 4286 691 4346 aestiment.
724 4294 793 4347 Et
838 4293 1107 4350 fortassis
1152 4293 1287 4350 inde
1318 4294 1605 4351 Dominus
1646 4295 1728 4351 ait
1755 4295 1814 4350 in
1846 4296 2030 4351 Evan-

380 4377 532 4448 gelio
564 4391 577 4434 :
627 4380 821 4437 Mittite
857 4398 985 4438 eum
1028 4385 1091 4439 in
1137 4384 1394 4440 tenebras
1422 4388 1718 4442 exteriores
1748 4403 1768 4439 :
1816 4386 1895 4441 ibi
1923 4388 2031 4441 erit

377 4469 535 4537 ﬂetu:
579 4478 629 4525 et
675 4471 881 4528 stridor
924 4472 1172 4529 dentium
1218 4474 1433 4543 (Matth.
1478 4490 1617 4543 xxn,
1654 4475 1761 4546 13).
1814 4474 1887 4531 Ut
1934 4475 2028 4531 hic

378 4556 595 4614 stridor
636 4560 903 4617 dentium
951 4563 1022 4619 de
1070 4563 1262 4636 rigore
1294 4563 1528 4636 frigoris
1560 4564 1799 4620 oriatur.
1835 4564 1936 4621 Ubi
1972 4569 2028 4620 et

378 4645 828 4707 similitudinem
886 4654 1208 4724 quamdam
1275 4670 1343 4709 ex
1409 4654 1627 4709 nostris
1684 4654 2026 4726 corporibus
2057 4677 2105 4743 Ι)

377 4751 698 4807 possumus
754 4740 1072 4799 invenire:
1121 4742 1182 4799 in
1244 4743 1459 4816 quibus
1518 4746 1629 4799 rufi
1688 4744 2024 4812 abudantia,

377 4827 530 4898 quod
563 4833 655 4885 est
683 4828 1133 4899 calidissimum,
1166 4831 1225 4887 in
1255 4832 1465 4905 typicis
1514 4832 1772 4890 motibus
1819 4831 2026 4888 intole-

376 4916 578 4974 rabilis
631 4918 788 4992 rigor
833 4922 1104 4993 praecedit
1156 4922 1353 4995 ignem
1403 4922 1654 4979 febrium
1688 4923 2024 4979 ardentissi-

374 5021 540 5062 mum
570 5017 935 5077 secuturum,
968 5016 1027 5067 et
1073 5012 1352 5068 dicuntur
1400 5029 1434 5069 a
1479 5013 1723 5070 medicis
1751 5013 1873 5070 haec
1905 5015 2020 5069 duo

373 5111 500 5167 quae
555 5097 668 5153 sibi
717 5100 1007 5157 contraria
1064 5101 1517 5174 dignoscuntur,
1571 5120 1640 5159 ex
1693 5120 1813 5159 una
1868 5103 2019 5159 fellis

372 5186 615 5243 materia
661 5187 722 5243 in
771 5189 1007 5246 homine
1051 5191 1366 5263 procreari.

440 5298 467 5326 ‹‹
504 5278 574 5333 Et
603 5295 792 5351 usque
823 5280 894 5335 ad
926 5280 1143 5337 inferos
1175 5285 1476 5354 peccatum
1521 5280 1700 5338 illius.
1737 5304 1764 5333 »
1813 5282 2016 5339 Pecca-

368 5370 496 5421 tum
529 5367 696 5440 impii
717 5372 774 5425 et
801 5369 988 5442 iniqui
1010 5374 1130 5427 tam
1154 5388 1434 5444 magnum
1458 5376 1568 5441 est,
1591 5377 1646 5427 et
1676 5376 1792 5427 tam
1824 5389 2014 5444 grave,

370 5459 435 5511 ut
463 5472 598 5512 eum
628 5458 923 5530 deprimat
954 5460 1025 5516 ad
1064 5460 1359 5517 infernum
1392 5464 1673 5532 tanquam
1705 5461 2015 5533 plumbum

368 5544 429 5601 in
459 5563 615 5619 aqua
643 5547 1028 5605 validissima.

442 5656 473 5689 α
503 5636 895 5696 Obliviscatur
938 5639 1069 5714 ejus
1116 5639 1539 5700 misericordia.
1572 5662 1601 5692 »
1650 5640 1713 5697 Id
1762 5644 1873 5711 est,
1915 5640 2017 5716 qui

369 5742 486 5789 non
519 5727 712 5793 solum
745 5726 1104 5806 misericors,
1137 5729 1237 5790 sed
1266 5733 1325 5791 et
1352 5729 1753 5792 misericordia
1781 5730 2013 5807 dicitur,

1888 6548 2075 6555 *ἡκ

2152 2015 2300 2061 ctum
2339 2006 2562 2072 bonum,
2594 2003 2893 2074 excidetur,
2923 2009 2978 2058 et
3006 2005 3066 2058 in
3095 2004 3278 2074 ignem
3306 2004 3551 2058 mittetur
3588 2003 3796 2076 (Matth.

2151 2113 2253 2164 vn,
2287 2095 2398 2163 19.)
2428 2092 2527 2150 Vel
2557 2093 2805 2167 lignum,
2838 2096 3140 2165 peccatum
3191 2090 3590 2164 intelligamus
3643 2093 3799 2164 quod

2152 2200 2255 2257 per
2282 2183 2510 2256 lignum
2543 2183 2751 2238 accidit
2777 2198 2790 2236 :
2826 2198 2929 2253 per
2958 2182 3113 2252 quod
3144 2180 3372 2253 lignum
3403 2181 3670 2237 diabolus
3700 2183 3799 2238 ad-

2153 2273 2302 2330 didit
2333 2273 2403 2328 ad
2436 2270 2741 2327 cumulum
2775 2270 3061 2335 criminis,
3085 2271 3239 2342 quod
3273 2270 3581 2327 adversum
3617 2272 3797 2327 Deum

2152 2362 2386 2419 rebellis
2416 2361 2722 2432 exstiterit,
2756 2365 2822 2415 ut
2871 2366 2927 2416 et
2971 2360 3272 2417 hominem
3321 2360 3708 2433 pracipitaret
3737 2361 3798 2417 in

2154 2456 2400 2509 mortem
2432 2469 2444 2507 :
2499 2452 2654 2506 unde
2679 2451 2806 2522 jam
2837 2453 2894 2506 et
2922 2450 2981 2505 in
3012 2455 3295 2506 mternum
3326 2448 3629 2506 interitum
3660 2467 3796 2508 con-

2153 2543 2465 2599 demnatus
2497 2543 2586 2597 est
2618 2556 2630 2594 :
2665 2542 2900 2612 propter
2929 2542 3084 2610 quod
3115 2539 3241 2613 ipse
3271 2538 3540 2596 diabolus
3569 2539 3797 2614 lignum

2152 2630 2500 2701 insanabile,
2524 2634 2581 2687 et
2610 2630 3044 2685 infructuosum
3076 2633 3269 2702 potest
3292 2628 3403 2684 dici
3436 2645 3449 2686 :
3485 2628 3622 2701 quia
3650 2647 3799 2687 nun-

2152 2738 2327 2792 quam
2377 2721 2486 2776 erit
2535 2718 2884 2793 pcnnitentize
2925 2718 3310 2775 medicatione
3339 2719 3657 2775 sanandus.
3690 2720 3799 2776 De-

2151 2809 2311 2883 ligno
2334 2814 2529 2865 autem
2550 2809 2771 2876 vitae,id
2794 2811 2882 2864 est
2902 2806 3194 2875 cruce,vel
3216 2808 3287 2863 de
3299 2808 3531 2864 Christo
3552 2808 3795 2869 dicitur:

2152 2898 2460 2954 Secundum
2515 2898 2632 2954 dies
2690 2899 2849 2971 ligni,
2902 2905 3065 2954 erunt
3107 2896 3227 2954 dies
3266 2898 3460 2970 populi
3503 2900 3618 2954 mei
3669 2900 3796 2972 (Isa.

2152 3005 2275 3057 ων,
2307 2989 2419 3060 22).

2224 3100 2251 3128 ‹‹
2286 3077 2448 3133 Pavit
2475 3075 2631 3132 enim
2664 3075 2943 3132 sterilem.
2976 3097 3005 3127 »
3063 3076 3126 3131 Id
3160 3079 3267 3147 est,
3302 3075 3547 3133 nutrivit
3575 3067 3633 3134 e‘t
3663 3077 3803 3135 fovit

2152 3167 2381 3224 animas
2412 3165 2661 3236 steriles,
2695 3170 2752 3222 et
2789 3166 3185 3223 infructuosae
3213 3164 3550 3222 virtutibus.

2227 3297 2254 3326 ‹‹
2287 3274 2357 3331 Et
2387 3291 2514 3346 quae
2546 3291 2662 3330 non
2693 3272 2865 3346 parit.
2888 3292 2914 3324 υ
2951 3273 3062 3329 Eas
3085 3287 3316 3344 quoque
3346 3271 3574 3351 animas
3605 3290 3803 3332 assen-

2154 3364 2337 3425 sionis
2368 3380 2485 3418 suae
2516 3362 2999 3419 delectationibus
3029 3361 3205 3433 pavit,
3238 3377 3367 3433 qua:
3408 3378 3542 3418 cum
3574 3364 3804 3435 possint

2152 3455 2222 3510 de
2253 3457 2416 3509 utero
2448 3452 2641 3508 cordis
2670 3453 2824 3508 bona
2852 3450 3159 3523 parturire,
3186 3450 3522 3518 noluerunt,
3544 3451 3701 3508 sicut
3730 3452 3801 3508 de

2150 3541 2492 3614 hujusmodi
2543 3541 2623 3596 ait
2676 3540 2900 3596 David:
2951 3540 3139 3596 Noluit
3186 3539 3518 3611 intelligere,
3566 3544 3631 3597 ut
3668 3541 3799 3601 bene

2149 3635 2335 3703 ageret
2365 3630 2537 3704 (Psal.
2572 3647 2738 3702 xxxv,
2774 3630 2845 3701 4).

2221 3762 2248 3790 ‹‹
2284 3743 2350 3794 Et
2378 3738 2563 3793 viduae
2596 3738 2743 3794 bene
2786 3754 2902 3792 non
2954 3735 3110 3792 fecit.
3146 3759 3176 3787 »
3228 3735 3507 3809 Viduam,
3536 3736 3796 3795 animam

2147 3828 2477 3886 sanctitatis
2525 3828 2749 3883 viribus
2797 3826 3160 3894 destitutam,
3193 3843 3320 3899 quae
3368 3827 3553 3884 Deum
3603 3826 3794 3884 virum

2146 3919 2452 3987 habuerat,
2504 3934 2640 3973 cum
2694 3916 3095 3972 exhortatione
3141 3915 3330 3972 noluit
3376 3915 3686 3986 consolari,
3732 3922 3797 3974 ut

2145 4005 2202 4060 id
2236 4009 2452 4078 ageret,
2484 4004 2984 4075 quemadmodum
3030 4008 3229 4076 posset
3260 4004 3468 4061 reverti
3499 4006 3571 4061 ad
3601 4004 3792 4063 virum

2145 4111 2320 4152 suum
2349 4095 2625 4166 priorem.

2217 4206 2245 4235 «
2276 4181 2535 4240 Detraxit
2566 4183 2741 4239 fortes
2785 4181 2846 4236 in
2876 4180 3221 4237 fortitudine
3252 4197 3379 4238 sua.
3412 4204 3441 4233 »
3491 4180 3605 4239 Alii
3632 4182 3789 4240 dixe»

2142 4279 2281 4331 runt
2334 4291 2346 4329 :
2412 4296 2435 4322 ι
2472 4276 2539 4328 Et
2594 4273 2655 4327 in
2711 4271 2799 4326 ira
2856 4271 3059 4327 evertit
3113 4270 3423 4340 infirmos;
3476 4293 3505 4322 ››
3560 4271 3619 4328 id
3676 4278 3789 4345 est,

2140 4364 2319 4421 fortes
2351 4366 2525 4436 atque
2553 4361 2834 4419 virtutum
2866 4360 3021 4417 viros
3055 4360 3372 4434 prostravit
3417 4365 3475 4417 et
3519 4361 3786 4420 detraxit.

2211 4493 2240 4521 «
2276 4471 2342 4526 Et
2371 4487 2503 4526 cum
2545 4468 2790 4538 steterit,
2824 4485 2941 4524 non
2972 4468 3168 4523 credet
3196 4467 3326 4523 vitae
3361 4484 3500 4523 suae.
3535 4468 3705 4526 Dedit
3735 4471 3788 4528 ei

2136 4566 2291 4617 Deus
2347 4559 2541 4616 locum
2597 4558 2971 4631 pcenitentiae,
3013 4562 3071 4613 et
3126 4556 3223 4613 ille
3280 4558 3546 4614 abutitur
3601 4575 3667 4616 eo
3724 4560 3787 4617 in

2139 4649 2456 4723 superbia:
2490 4648 2641 4704 oculi
2674 4652 2866 4703 autem
2895 4647 3023 4718 ejus
3055 4651 3195 4702 sunt
3225 4647 3284 4701 in
3313 4647 3422 4703 viis
3454 4646 3632 4706 illius.
3658 4672 3687 4701 »
3720 4651 3789 4707 Et

2138 4757 2273 4797 cum
2322 4738 2379 4794 in
2427 4738 2722 4811 prosperis
2776 4737 2872 4805 sit,
2913 4751 3019 4793 nec
3067 4737 3149 4793 sic
3202 4753 3436 4809 quoque
3483 4740 3786 4797 mordente

2137 4828 2496 4886 conscientia
2544 4832 2733 4900 putat,
2770 4827 2926 4899 quod
2972 4827 3174 4882 eadem
3209 4827 3479 4884 felicitate
3507 4835 3786 4903 perpetue

2136 4920 2413 4993 potiatur,
2445 4934 2580 4973 cum
2608 4917 2953 4989 hujusmodi
3001 4918 3319 4988 pertinacis
3350 4923 3407 4974 et
3435 4918 3568 4974 duri
3600 4920 3783 4976 animi

2132 5009 2229 5077 sit,
2252 5008 2498 5065 credens
2521 5007 2676 5080 quod
2708 5006 2765 5062 in
2798 5005 2903 5063 illa
2931 5006 3050 5063 vita
3080 5022 3188 5063 sua
3217 5012 3337 5063 tam
3371 5007 3597 5080 perdita
3627 5012 3780 5066 stare

2131 5099 2337 5172 possit.

2204 5213 2232 5240 «
2265 5188 2481 5243 Elevati
2533 5192 2671 5244 sunt
2721 5188 2792 5243 ad
2844 5188 3165 5255 modicum,
3200 5192 3255 5243 et
3284 5203 3399 5244 non
3431 5186 3774 5256 subsisteut,

2129 5284 2186 5337 et
2215 5278 2691 5335 humiliabuntur
2720 5278 2874 5333 sicut
2903 5278 3123 5345 omnia,
3157 5281 3214 5334 et
3242 5278 3595 5333 auferentur.
3633 5299 3661 5325 ››
3687 5277 3773 5332 Ad

2130 5370 2427 5425 modicum
2470 5372 2662 5423 autem
2715 5368 2949 5436 dicitur,
2982 5385 3083 5439 pro
3133 5367 3410 5423 brevitate
3451 5367 3579 5421 vitae
3628 5384 3773 5439 pra:-

2128 5460 2335 5528 sentis,
2370 5459 2429 5514 in
2479 5476 2593 5530 qua
2636 5475 2740 5530 pro
2770 5462 3030 5529 tempore
3059 5456 3389 5512 exaltantur
3417 5455 3625 5528 iniqui.
3656 5459 3773 5513 Au-

2130 5550 2389 5605 ferentur
2432 5549 2585 5605 sicut
2625 5546 2841 5616 omnia,
2874 5548 2926 5602 id
2960 5552 3067 5613 est,
3100 5546 3252 5601 sicut
3280 5544 3380 5601 illa
3411 5562 3772 5622 quaecunque

2127 5643 2266 5697 sunt
2312 5639 2494 5713 partis
2532 5637 2804 5708 adversae,
2837 5636 2955 5692 sive
2985 5651 3118 5693 cum
3149 5634 3209 5693 in
3238 5634 3353 5695 fine
3383 5635 3581 5697 seculi
3611 5637 3773 5721 abls:

2125 5733 2188 5789 ta
2218 5728 2435 5787 fuerint
2468 5725 2666 5787 omnia
2692 5722 3057 5800 temporalia.

2100 6548 2189 6555 7—.ﬁ
2216 6548 2353 6557 τηρ-σ---
2378 6550 2389 6553 ν
