4310 6568
513 414 632 471 ’727

1917 413 1924 420 ’
1974 397 2404 462 APPENDIX.

3807 392 3932 456 728

529 561 532 564 λ
589 564 618 592 ‹‹
650 542 720 596 Et
747 540 902 596 sicut
931 539 1303 596 summitates
1351 538 1656 612 spicarum
1705 538 2100 592 conterentur.
2136 554 2165 583 »
2194 531 2251 599 Α
2281 545 2420 585 cum
2445 527 2660 600 sitipse
2682 528 2957 600 putredo:
2980 525 3137 583 ﬁlius
3159 541 3391 598 quoque
3411 525 3669 582 hominis
3685 525 3927 594 vermis,

518 629 1024 697 Quemadmodum
1072 628 1230 684 enim
1279 627 1658 684 summitates
1709 623 2027 696 spicarum,
2080 637 2172 678 res

519 718 724 790 utique
771 717 1024 773 nimium
1077 715 1338 789 faagiles,
1396 720 1559 772 tanta
1606 713 1884 770 facilitate
1936 711 2176 768 commi-

523 811 807 872 nuuntur,
841 811 907 860 ut
951 807 1020 861 ad
1063 805 1313 860 nihilum
1346 806 1712 860 deducantur
1746 819 1758 858 :
1815 802 1896 856 ita
1924 804 1982 856 et
2011 800 2070 855 hi
2103 800 2175 854 de

524 896 742 968 quibus
772 895 1004 950 locutus
1035 911 1167 950 sum
1200 900 1263 949 ut
1296 894 1486 966 pulvis
1517 891 1925 957 tenuissimus,
1962 889 2080 945 sive
2110 893 2177 944 ut

527 983 732 1040 favillis
780 983 993 1056 lanugo
1025 988 1198 1038 erunt
1226 987 1359 1038 ante
1401 981 1606 1037 faciem
1638 980 1760 1052 Dei,
1794 996 1929 1034 cum
1961 979 2177 1035 fuerint

529 1073 884 1129 contumelia
913 1072 1272 1127 confusionis
1301 1071 1506 1126 attriti.

603 1185 630 1212 ‹‹
665 1162 825 1227 Quod
859 1161 907 1216 si
940 1177 1052 1215 non
1093 1164 1182 1215 est
1228 1159 1311 1214 ita
1341 1177 1354 1214 :
1405 1158 1536 1230 quis
1587 1175 1678 1214 me
1713 1162 1900 1230 potest
1929 1174 2173 1229 arguere

530 1265 660 1307 esse
690 1249 1020 1315 mentitum,
1053 1254 1109 1303 et
1139 1264 1347 1319 ponere
1376 1251 1510 1302 ante
1540 1251 1720 1301 Deum
1744 1248 1920 1302 verba
1949 1246 2122 1304 mea?
2145 1269 2173 1299 »

531 1341 670 1406 Quis
703 1340 856 1393 enim
890 1355 956 1392 ex
987 1337 1152 1392 vobis
1186 1353 1428 1407 arguere
1459 1352 1550 1392 me
1583 1336 1794 1407 poterit
1827 1355 1840 1392 :
1889 1336 2028 1408 quia
2058 1353 2173 1391 non

531 1429 613 1484 ita
642 1427 717 1482 sit
746 1428 1008 1481 futurum
1059 1431 1124 1480 ut
1173 1427 1290 1480 dixi
1323 1443 1336 1480 :
1389 1442 1598 1496 meque
1639 1425 1907 1480 falsitatis
1939 1426 2176 1481 convin-

531 1515 799 1586 cere,qui
831 1514 1094 1570 asseritis
1149 1515 1304 1585 quod
1365 1515 1566 1570 omnia
1621 1515 1680 1569 in
1743 1514 1850 1569 hoc
1906 1519 2173 1585 tempore

531 1605 737 1660 reddat
785 1605 932 1658 Deus
981 1604 1387 1674 peccatoribus
1420 1620 1546 1674 qum
1578 1609 1900 1670 merentur,
1930 1605 2084 1674 quod
2119 1604 2176 1659 in

534 1709 725 1748 meam
774 1691 968 1762 potius
1017 1691 1491 1764 suggillationem
1534 1692 1604 1747 de
1637 1691 1829 1748 studio
1859 1693 2179 1749 contentio-

533 1781 625 1838 nis
659 1780 944 1852 ingeritis.

1137 1868 1370 1924 CAPUT
1411 1869 1574 1924 XXV.

549 1953 556 1958 ’
611 1979 640 2008 ‹‹
672 1958 1052 2028 Respondens
1104 1963 1301 2013 autem
1335 1957 1552 2015 Baldad
1583 1959 1796 2029 Suites,
1833 1960 1976 2016 dixit
2008 1976 2020 2014 :
2076 1960 2180 2014 Po-

535 2052 716 2103 testas
762 2051 818 2102 et
867 2052 1055 2102 terror
1101 2047 1253 2118 apud
1305 2065 1435 2102 eum
1489 2053 1595 2118 est,
1639 2049 1737 2120 qui
1778 2049 1915 2104 facit
1943 2065 2181 2104 concor-

538 2136 695 2191 diam
744 2135 801 2190 in
853 2135 1210 2190 sublimibus
1257 2135 1400 2192 suis.
1434 2137 1709 2209 Nunquid
1757 2143 1846 2193 est
1899 2153 2182 2193 numerus

538 2223 793 2279 militum
846 2224 1021 2296 ejus?
1053 2246 1081 2273 »
1131 2224 1441 2281 Convictus
1500 2225 1715 2281 Baldad
1766 2244 1798 2281 a
1844 2227 2014 2282 beato
2069 2227 2181 2282 Job

539 2312 788 2379 dicente,
832 2311 891 2366 in
941 2312 1136 2367 futuro
1189 2313 1376 2383 magis
1430 2313 1526 2368 Dei
1574 2331 1702 2370 esse
1741 2316 2058 2386 judicium,
2107 2317 2179 2372 ad

538 2398 660 2455 haec
714 2416 776 2455 se
827 2401 1110 2454 convertit
1167 2408 1228 2455 ut
1277 2403 1512 2468 diceret,
1548 2404 1703 2474 apud
1737 2421 1871 2458 eum
1903 2409 1992 2460 est
2022 2408 2204 2476 pote-‘

539 2494 662 2542 stas
709 2493 764 2543 et
810 2493 1013 2555 terror,
1048 2490 1104 2543 id
1152 2495 1258 2558 est,
1294 2507 1406 2545 non
1447 2492 1575 2561 jam
1618 2503 1843 2548 exercet
1866 2492 2180 2563 judicium,

539 2577 638 2631 sed
671 2577 822 2648 apud
857 2594 919 2632 se
952 2577 1268 2648 repositum
1304 2585 1457 2635 tenet
1490 2597 1555 2635 ac
1589 2585 1841 2636 reservat
1874 2581 1933 2636 in
1987 2588 2183 2652 poste-

536 2682 689 2720 rum.
725 2665 852 2736 Ipse
883 2669 1080 2720 tamen
1114 2667 1248 2721 facit
1276 2673 1564 2738 perpetuae
1608 2669 1766 2740 pacis
1809 2669 2180 2725 concordiam

533 2751 592 2808 in
625 2754 1003 2820 sublimibus,
1028 2755 1082 2809 id
1117 2762 1223 2820 est,
1249 2757 1493 2828 angelis,
1519 2759 1636 2812 sive
1661 2758 1997 2814 hominibus
2020 2775 2184 2814 sanc-

532 2843 607 2897 tis
641 2843 784 2908 suis,
818 2845 1200 2898 custodiendo
1234 2862 1354 2909 eos,
1388 2863 1458 2901 ne
1498 2863 1600 2916 per
1644 2847 1899 2916 aliquem
1947 2846 2181 2919 lapsum

533 2931 755 3002 peccati
788 2931 1127 2987 inimicitias
1159 2934 1393 2988 offensas
1423 2934 1672 2990 cmlestis
1713 2936 2036 2992 incurrant.

607 3042 634 3067 «
668 3019 734 3076 Et
764 3035 941 3090 super
960 3037 1134 3090 quem
1164 3037 1278 3074 non
1308 3029 1508 3091 surget
1538 3021 1735 3077 lumen
1761 3023 1920 3078 illius
1949 3047 1976 3072 »
1999 3026 2026 3079 ‘I
2055 3025 2182 3096 Ipse

535 3105 690 3162 enim
752 3105 1049 3162 illuminat
1107 3125 1340 3162 omnem
1392 3109 1687 3165 hominem
1744 3112 2068 3168 venientem
2121 3113 2180 3169 in

535 3196 694 3250 hunc
726 3197 1012 3251 mundum
1043 3198 1219 3264 (Joan.
1255 3215 1304 3264 1,
1335 3199 1411 3270 9).

2281 635 2352 674 ex
2382 618 2588 675 eadem
2621 618 2822 690 utique
2852 633 3100 674 nascens
3129 615 3498 688 corruptione
3528 631 3648 687 qua
3674 615 3932 671 vermis?

2876 759 3109 814 CAPUT
3149 759 3336 814 XXVI.

2356 910 2382 936 «
2417 887 2800 958 Respondeas
2832 889 3026 940 autem
3055 883 3186 950 Job,
3219 883 3366 938 dixit
3398 901 3411 938 :
3464 884 3646 954 Cujus
3696 885 3935 953 adjutor

2283 977 2392 1032 es?
2441 974 2731 1046 numquid
2785 973 3116 1043 imbecillis,
3161 977 3218 1028 et
3271 976 3566 1027 sustentes
3620 973 3931 1028 brachium

2284 1066 2412 1134 ejus
2436 1063 2535 1136 qui
2563 1080 2682 1119 non
2707 1067 2797 1119 est
2822 1063 3028 1122 fortis?
3054 1061 3156 1117 Cui
3180 1061 3390 1117 dedisti
3413 1061 3722 1117 consilium
3745 1062 3772 1116 ‘2
3801 1063 3936 1117 For-

2285 1153 2438 1209 sitan
2469 1151 2552 1207 illi
2585 1153 2682 1224 qui
2716 1169 2832 1207 non
2864 1151 3040 1206 habet
3067 1150 3439 1222 sapientiam,
3473 1155 3530 1205 et
3560 1150 3932 1221 prudentiam

2285 1247 2448 1298 tuam
2479 1241 2786 1297 ostendisti
2837 1241 3170 1311 plurimam.
3203 1240 3386 1304 Quem
3417 1240 3621 1294 docere
3650 1239 3881 1296 voluisti
3907 1241 3936 1294 ?

2286 1331 2487 1387 Nonne
2517 1346 2652 1386 eum
2685 1329 2786 1402 qui
2816 1329 2948 1384 fecit
2978 1328 3404 1400 spiramentum
3440 1352 3467 1377 »
3494 1329 3521 1383 ‘I
3567 1328 3783 1384 Videns
3814 1329 3932 1385 Deo

2287 1419 2565 1490 injuriam
2615 1419 2761 1484 ﬁeri,
2812 1420 2971 1488 justa
3018 1417 3418 1488 indignatione
3471 1422 3821 1486 commotus,
3871 1419 3932 1473 in

2287 1509 2413 1581 ipso
2461 1507 2627 1564 initio
2673 1509 2962 1563 sermonis
2993 1506 3084 1562 sui
3114 1507 3332 1562 Baldad
3365 1507 3562 1562 Suiten
3594 1507 3933 1563 durioribus

2288 1599 2483 1670 arguit
2512 1598 2721 1664 verbis,
2756 1614 2822 1653 eo
2855 1598 3008 1669 quod
3042 1597 3125 1652 ita
3156 1596 3512 1668 loqueretur,
3546 1603 3849 1668 tamquam
3882 1597 3931 1652 si

2289 1687 2444 1744 Deus
2474 1687 2744 1741 inﬁrmus
2768 1703 2833 1740 ac
2856 1703 2971 1740 non
3005 1685 3226 1741 habens
3248 1685 3428 1740 ullam
3461 1685 3683 1742 brachii
3708 1687 3934 1742 fortitu-

2289 1775 2508 1839 dinem,
2542 1776 2670 1844 ejus
2716 1780 2910 1846 egeret
2958 1773 3194 1829 auxilio.
3224 1775 3543 1830 Advertens
3591 1775 3769 1846 igitur
3796 1775 3937 1846 quia

2292 1864 2482 1919 minor
2537 1870 2626 1919 est
2682 1863 3048 1935 participatio
3106 1864 3179 1918 ad
3237 1867 3472 1940 to}um:
3530 1870 3698 1935 gutta
3745 1864 3934 1932 stillae,

2291 1952 2529 2024 perenni
2554 1955 2746 2008 fonte:
2774 1952 3029 2008 scintilla
3050 1951 3238 2008 latens
3260 1953 3318 2006 in
3341 1953 3554 2019 cinere,
3574 1953 3694 2024 igni
3716 1954 3933 2023 divino,

2291 2058 2406 2112 quo
2456 2042 2652 2096 omnia
2698 2041 3106 2097 concalescunt
3147 2059 3160 2096 :
3211 2041 3450 2097 lucerna
3496 2043 3775 2114 corporis,
3827 2042 3934 2098 soli

2283 2130 2525 2202 justitize
2563 2147 2574 2184 :
2610 2136 2779 2195 testa,
2813 2131 2992 2201 ﬁgulo
3026 2149 3038 2186 :
3073 2131 3290 2196 anima,
3324 2132 3438 2186 Deo
3475 2149 3486 2186 :
3524 2133 3678 2187 unde
3711 2133 3936 2188 mirans

2289 2219 2393 2274 Job
2442 2218 2724 2291 loquitur,
2757 2236 2935 2290 quare
2983 2236 3163 2275 ausus
3207 2219 3401 2290 fuerit,
3439 2226 3501 2276 ut
3549 2237 3682 2276 eum
3734 2239 3767 2278 a
3818 2238 3934 2294 quo

2290 2308 2372 2362 illi
2405 2314 2494 2363 est
2525 2325 2673 2374 esse,
2707 2309 2911 2364 docere
2951 2308 3218 2364 voluerit.

2365 2421 2391 2446 u
2429 2399 2568 2454 Ecce
2615 2398 2880 2470 gigantes
2920 2403 3164 2469 gemunt
3193 2399 3302 2453 sub
3333 2398 3524 2470 aquis,
3555 2404 3610 2454 et
3639 2399 3737 2472 qui
3768 2400 3934 2456 habi-

2295 2491 2421 2542 tant
2450 2504 2582 2541 cum
2615 2487 2718 2542 eis.
2755 2510 2781 2535 ››
2813 2487 3087 2558 Gigantes
3123 2493 3316 2543 autem
3351 2488 3603 2560 appellat
3636 2490 3935 2562 Scriptura

2294 2575 2490 2630 divina
2534 2575 2800 2630 homines
2843 2577 3149 2646 superbos,
3181 2576 3425 2632 rebelles
3457 2582 3512 2632 et
3542 2583 3936 2636 contumaces.

2292 2663 2570 2720 Diabolus
2605 2681 2860 2735 quoque,
2893 2670 2949 2720 et
2977 2665 3088 2731 sui,
3124 2671 3357 2736 propter
3386 2668 3721 2738 superbiam
3756 2673 3940 2724 trans-

2291 2752 2409 2808 lato
2459 2753 2714 2823 nomine,
2749 2753 3015 2824 gigantes
3069 2760 3502 2825 nuncupantur.
3538 2755 3698 2819 Quod
3742 2763 3935 2812 autem

2293 2839 2394 2906 ait,
2427 2840 2538 2894 sub
2571 2841 2737 2910 aquis
2767 2841 3032 2912 gigantes
3064 2857 3318 2912 gemere,
3349 2841 3430 2898 ita
3463 2844 3654 2915 inquit
3685 2845 3837 2901 velut
3890 2845 3938 2901 si

2292 2927 2554 2994 dixisset,
2587 2928 2698 2982 sub
2751 2934 2922 2998 terra,
2959 2929 3012 2983 id
3063 2935 3170 2994 est,
3215 2929 3271 2985 in
3325 2931 3697 2989 inferioribus
3751 2939 3938 3004 terra},

2293 3017 2390 3070 ubi
2441 3016 2610 3072 inferi
2662 3033 2790 3072 esse
2842 3018 3244 3090 perhibentur,
3292 3021 3448 3076 unde
3497 3026 3554 3077 et
3601 3022 3713 3094 ipsi
3764 3023 3935 3078 inferi

2293 3105 2577 3160 nominati
2629 3111 2786 3160 sunt.
2819 3111 2996 3178 Aquae
3051 3108 3206 3162 enim
3259 3110 3387 3178 ejus
3435 3117 3657 3168 naturae
3687 3117 3844 3178 sunt,
3879 3118 3942 3168 ut

2293 3196 2419 3250 sine
2451 3200 2603 3250 terra
2634 3211 2762 3250 esse
2792 3213 2905 3251 non
2939 3197 3185 3268 possint.
3221 3199 3362 3254 Ecce
3393 3199 3661 3271 gigantes
3698 3208 3941 3273 gemunt

611 3284 945 3355 «Nunquid
993 3286 1301 3355 justiﬁcari
1356 3267 1544 3359 potest
1588 3289 1761 3346 homo
1805 3295 2178 3363 comparatus

2295 3284 2404 3339 sub
2454 3283 2643 3354 aquis.
2679 3285 2784 3348 Qui
2832 3267 3086 3356 gemitus
3141 3287 3344 3359 utique
3396 3267 3484 3343 de—
3521 3267 3843 3362 doloribus,
3885 3296 3942 3346 et

537 3372 672 3440 Deo,
707 3379 808 3429 aut
848 3391 1126 3446 apparere
1173 3378 1432 3433 mundus
1484 3384 1658 3435 natus
1706 3381 1776 3436 de
1830 3381 2181 3436 muliere?»

539 3463 916 3519 Manifestum
965 3471 1072 3534 est,
1105 3465 1260 3536 quod
1307 3466 1504 3537 inopia
1534 3469 1945 3539 respondendi,
1979 3472 2180 3526 eadem

539 3569 666 3624 quae
697 3553 982 3621 dixerant,
1016 3555 1378 3626 frequentius
1410 3562 1692 3626 repetant.

611 3664 638 3691 ‹‹
674 3641 812 3696 Ecce
841 3641 982 3696 luna
1022 3643 1198 3698 etiam
1244 3661 1357 3698 non
1406 3645 1693 3716 splendet,
1727 3652 1781 3703 et
1829 3649 2010 3704 stella:
2065 3667 2180 3706 non

541 3733 683 3785 sunt
737 3731 969 3784 mundae
1024 3731 1083 3784 in
1143 3739 1457 3802 conspectu
1517 3735 1725 3804 ejus.»
1783 3737 1903 3792 Sub
1950 3740 2183 3795 nomine

540 3817 717 3884 lunae,
742 3818 861 3872 sive
883 3818 1206 3888 stellarum,
1226 3821 1463 3892 angelos
1484 3828 1540 3877 et
1560 3840 1845 3894 supernas
1869 3832 2182 3896 potestates

540 3905 859 3977 intelligere
882 3924 1218 3979 possumus,
1239 3909 1339 3981 qui
1365 3912 1435 3965 ad
1460 3913 1952 3984 comparationem
1974 3916 2182 3973 divinis

540 3997 892 4064 reverentim,
925 3997 1214 4052 immundi
1265 4004 1322 4054 et
1367 4001 1618 4056 tenebris
1663 4008 1910 4072 possunt
1951 4003 2130 4060 videri
2167 4024 2179 4062 :

541 4102 610 4142 ex
660 4101 726 4140 eo
778 4087 998 4157 utique,
1032 4088 1308 4156 quoniam
1356 4096 1568 4145 natura
1609 4093 1852 4146 conditas
1883 4099 2180 4160 creaturae,

535 4173 674 4229 licet
722 4191 836 4230 non
882 4182 1138 4246 peccent,
1172 4193 1413 4248 capaces
1447 4184 1643 4234 tamen
1678 4181 1895 4251 peccati
1927 4188 2086 4252 sunt,
2121 4188 2185 4239 ut

535 4264 810 4335 apparuit
857 4265 916 4319 in
966 4264 1096 4320 aliis
1135 4267 1360 4337 angelis
1393 4267 1656 4337 ejusdem
1689 4275 1907 4326 natum
1939 4286 2182 4342 peccan-

535 4352 713 4410 tibus.
747 4353 858 4407 Sed
904 4359 1039 4424 post
1085 4370 1184 4410 eos
1236 4353 1466 4410 nullum
1517 4356 1859 4428 angelorum
1890 4376 2180 4431 peccasse,

534 4441 892 4497 credendum
918 4446 1026 4511 est,
1045 4442 1182 4513 quia
1204 4459 1376 4498 omne
1401 4443 1647 4500 liberum
1672 4462 1847 4501 suum
1870 4448 2180 4506 arbitrium

533 4528 594 4583 in
630 4529 813 4584 solius
844 4530 943 4585 Dei
976 4531 1300 4586 claritatem
1333 4537 1628 4589 verterunt
1661 4551 1674 4590 :
1725 4536 1926 4607 sicque
1970 4537 2182 4594 immo-

2291 3373 2563 3444 squalore
2592 3380 2853 3429 tartareae
2887 3374 3264 3431 habitationis
3296 3377 3379 3432 eis
3414 3380 3826 3436 nascebantur.

2363 3485 2390 3511 «
2426 3462 2629 3517 Nudus
2678 3467 2768 3518 est
2811 3462 3078 3518 infernus
3123 3481 3317 3519 coram
3350 3465 3475 3534 illo,
3505 3472 3562 3522 et
3591 3468 3818 3525 nullum
3850 3476 3939 3527 est

2291 3551 2718 3622 operimentum
2751 3551 3084 3624 perditioni.
3121 3574 3148 3601 »
3208 3555 3322 3610 Hoc
3362 3555 3526 3627 dicit,
3557 3559 3712 3628 quod
3745 3561 3936 3614 scien-

2292 3641 2432 3696 tiam
2468 3638 2568 3696 Dei
2600 3640 2746 3695 nihil
2779 3640 2956 3696 latere
2987 3642 3193 3714 possit.
3228 3644 3295 3698 Et
3327 3645 3482 3714 quod
3534 3647 3801 3716 perditio,
3837 3650 3936 3719 qui

2292 3729 2560 3786 diabolus
2611 3731 2778 3786 nobis
2822 3747 2935 3786 non
2968 3732 3221 3787 absurde
3251 3735 3521 3804 sentitur,
3555 3752 3616 3790 sc
3648 3753 3759 3792 non
3793 3755 3934 3809 praa~

2292 3817 2478 3874 valeat
2509 3819 2579 3874 ab
2613 3819 3037 3891 omnipotentis
3067 3822 3196 3891 ejus
3243 3822 3614 3878 abscondere.

2364 3931 2390 3956 ‹‹
2425 3907 2528 3970 Qui
2563 3908 2821 3962 extendit
2850 3907 3198 3979 Aquilonem
3246 3925 3422 3980 super
3451 3927 3721 3978 vacuum,
3750 3920 3805 3969 et
3835 3933 3938 3987 ap-

2292 3997 2492 4068 pendit
2518 4001 2730 4052 terram
2765 4014 2943 4070 super
2972 3996 3244 4052 nihilum.
3279 4019 3306 4046 ››
3345 4002 3463 4053 Hoc
3489 3999 3572 4054 sic
3604 4001 3936 4074 intelligen-

2292 4087 2433 4140 dum
2483 4091 2571 4141 est
2603 4103 2615 4142 :
2667 4087 2787 4141 sive
2827 4086 2980 4158 quod
3013 4090 3167 4142 terra
3195 4102 3264 4142 ex
3294 4086 3474 4143 nihilo
3509 4089 3658 4144 facta
3688 4090 3781 4161 sit,
3816 4091 3937 4147 sive

2292 4174 2437 4230 nihil
2490 4175 2642 4230 infra
2680 4180 2896 4232 terram
2929 4178 3026 4246 sit,
3061 4191 3173 4247 quo
3204 4180 3359 4232 terra
3391 4178 3768 4250 sustineatur,
3801 4197 3939 4237 cum

2293 4263 2421 4334 ipsa
2453 4264 2725 4319 universa
2746 4265 3055 4332 sustineat,
3081 4270 3139 4321 et
3158 4264 3286 4338 ipsa
3309 4267 3815 4324 innumerabiliter
3836 4269 3937 4325 Dei

2291 4354 2502 4408 virtute
2550 4353 2816 4424 libretur,
2851 4355 2990 4426 quia
3033 4354 3092 4410 in
3133 4353 3261 4426 ipso
3289 4361 3430 4411 sunt
3461 4357 3749 4424 universa,
3782 4365 3835 4413 et
3865 4359 3938 4414 ab

2292 4441 2390 4497 illo
2440 4443 2638 4498 omnia
2684 4444 3078 4499 continentur.
3126 4447 3204 4498 De
3251 4461 3365 4514 quo
3415 4445 3728 4516 Apostolus
3777 4448 3934 4503 dicit.

2291 4533 2523 4586 Portans
2569 4535 2755 4587 omnia
2803 4531 3024 4587 virtutis
3070 4547 3186 4587 suae
3230 4533 3392 4588 verba
3443 4534 3622 4603 (Hebr.
3665 4535 3706 4601 I,
3735 4537 3810 4607 3).
3867 4538 3939 4592 Et

535 4615 686 4671 biles
743 4617 878 4673 facti
925 4623 1064 4672 sunt
1117 4619 1494 4690 persistentes
1549 4621 1608 4677 in
1656 4625 1916 4693 veritate,
1958 4625 2018 4682 in
2067 4644 2185 4699 qua
2213 4642 2260 4706 D
2291 4622 2432 4692 quia
2479 4620 2795 4694 aliquando
2827 4620 2887 4674 in
2920 4619 3240 4691 Scripturis
3288 4637 3387 4690 per
3433 4622 3683 4694 ﬁguram
3727 4625 3936 4697 Aquilo

536 4703 852 4776 praedictus
901 4707 1146 4778 angelus
1186 4725 1320 4764 cum
1351 4709 1474 4767 suis
1505 4717 1661 4768 stare
1695 4713 1900 4769 noluit.
1933 4716 2181 4772 Proinde

535 4793 879 4865 angelorum
911 4795 1180 4852 voluntas
1230 4815 1332 4869 per
1369 4816 1627 4856 amorem
1659 4801 1758 4857 Dei
1794 4804 1944 4860 facta
1974 4810 2063 4861 est
2094 4805 2181 4860 in-

539 4882 956 4952 convertibilis,
991 4902 1116 4955 quae
1138 4885 1197 4940 in
1229 4886 1344 4942 Deo
1365 4893 1453 4943 est
1473 4905 1575 4960 per
1600 4896 1890 4948 naturam.
1923 4894 2056 4949 Ideo
2098 4893 2184 4948 illi

531 4971 642 5028 soli
691 4973 1029 5045 incorrupto
1076 4973 1282 5043 honor,
1315 4982 1369 5032 et
1418 4976 1624 5049 gloria.
1656 4979 1851 5034 Potest
1892 4986 1951 5037 et
1987 4982 2058 5038 de
2089 4982 2182 5039 his

529 5061 836 5117 elementis
884 5063 1095 5131 dicere,
1147 5065 1301 5135 quod
1350 5065 1478 5123 ideo
1528 5066 1836 5125 immunda
1886 5070 2177 5141 dicantur,

527 5152 668 5224 quia
719 5169 835 5208 non
889 5159 1126 5226 semper
1169 5154 1424 5224 luceant,
1457 5156 1544 5211 vel
1589 5159 1741 5229 quod
1784 5175 2028 5231 corpora
2055 5165 2182 5215 tan-

518 5245 652 5297 tum
705 5241 1061 5312 illuminent,
1111 5248 1168 5299 et
1216 5261 1330 5299 non
1380 5251 1626 5315 mentes,
1673 5246 1825 5304 sicut
1868 5249 2043 5317 Deus,
2077 5249 2178 5322 qui

523 5337 844 5404 utrumque
875 5335 1063 5389 facere
1098 5335 1425 5390 consuevit.

604 5442 630 5474 α
659 5422 882 5486 Quanto
915 5422 1103 5496 magis
1134 5423 1308 5480 homo
1340 5425 1607 5496 putredo,
1641 5432 1698 5482 ct
1727 5425 1887 5483 ﬁlius
1919 5428 2176 5486 hominis

524 5510 739 5566 vermis
768 5534 794 5560 ››
818 5513 844 5566 ?
874 5513 932 5568 Si
955 5514 1111 5569 enim
1139 5511 1350 5584 angeli,
1375 5513 1585 5586 inquit,
1616 5520 1673 5571 et
1695 5516 1972 5572 ccelorum
1997 5519 2174 5574 etiam

527 5614 769 5667 corpora
823 5602 894 5656 ad
953 5602 1453 5675 comparationem
1511 5602 1631 5671 Dei,
1681 5605 1992 5662 immunda
2045 5622 2174 5664 esse

521 5686 822 5770 dicuntur,
881 5694 1018 5766 quid
1075 5701 1268 5770 putas,
1338 5693 1514 5754 homo
1573 5694 2002 5756 existimandus
2060 5701 2169 5775 est,

2291 4715 2519 4779 ventus,
2579 4708 2848 4765 diabolus
2904 4723 3033 4764 esse
3091 4709 3500 4781 signiﬁcatur:
3554 4713 3842 4785 siquidem
3903 4733 3939 4772 a

2291 4799 2600 4855 Salomone
2656 4798 2868 4869 Aquilo
2926 4797 3112 4853 durus
3169 4803 3377 4854 ventus
3433 4801 3698 4859 dicitur:
3751 4805 3932 4874 (Prov.

2291 4905 2420 4953 xxv,
2459 4887 2571 4957 23),
2622 4885 2860 4942 nomine
2911 4889 3108 4942 autem
3157 4888 3356 4944 dexter
3411 4895 3668 4946 vocatur.
3721 4894 3760 4948 A
3809 4893 3936 4949 suis

2291 4975 2508 5048 quippe
2559 4976 2758 5030 dexter
2808 4975 3045 5047 quidem
3103 4976 3338 5047 dicitur,
3371 4981 3472 5035 sed
3524 4985 3680 5037 totus
3710 4983 3936 5038 sinistri

2289 5065 2480 5136 operis
2530 5069 2734 5120 auctor
2781 5070 2890 5121 est.
2922 5065 3028 5120 Hic
3077 5065 3260 5139 igitur
3296 5084 3473 5141 super
3499 5085 3749 5126 vacuum
3781 5070 3937 5126 dila-

2288 5157 2465 5222 tatur,
2500 5153 2558 5208 id
2607 5159 2695 5210 est
2739 5171 2916 5227 super
2952 5153 3193 5227 frigidos
3224 5157 3338 5212 ﬁde
3369 5162 3545 5229 atque
3578 5159 3932 5232 incredulos,

2289 5243 2444 5316 quod
2486 5248 2574 5300 est
2603 5261 2779 5317 super
2808 5243 3012 5300 inanes
3061 5261 3192 5301 vera
3245 5245 3542 5319 religione,
3575 5253 3631 5304 et
3681 5266 3933 5318 vacuos;

2286 5338 2461 5405 atque
2493 5340 2556 5390 ut
2586 5333 2669 5390 eis
2701 5334 2855 5390 velut
2886 5352 2985 5390 rex
3015 5335 3369 5402 dominetur,
3399 5339 3932 5408 superextenditur.

2286 5421 2541 5478 Rursum
2575 5423 2657 5478 illi
2694 5425 2804 5495 ipsi
2837 5423 3147 5492 increduli,
3178 5441 3324 5496 quos
3353 5431 3592 5482 sanctus
3621 5427 3730 5483 Job
3763 5432 3931 5483 terrae

2285 5513 2520 5568 nomine
2550 5513 2880 5585 appellavit,
2905 5529 3082 5584 super
3112 5514 3432 5584 diabolum,
3465 5516 3604 5587 quia
3634 5517 3750 5572 Deo
3783 5517 3932 5574 nihil

2284 5603 2474 5657 factus
2525 5607 2635 5670 est,
2667 5602 3103 5676 appenduntur,
3137 5608 3202 5661 ut
3246 5603 3452 5660 incerti
3503 5622 3736 5680 semper
3788 5607 3931 5676 sint,

2282 5698 2339 5751 et
2389 5691 2694 5751 imitentur
2741 5695 2917 5771 caput
2966 5709 3143 5755 suum
3197 5694 3485 5771 membra,
3519 5699 3582 5757 ut
3626 5701 3931 5776 tamquam
