4310 6572
352 475 356 478 .
395 415 514 476 729

1447 405 1969 469 COMMENTAR.
2013 404 2094 466 IN
2137 402 2278 467 JOB
2325 404 2494 468 CAP.
2541 402 2760 468 XXVI.

3679 400 3801 463 730

399 551 576 619 caput
605 545 760 618 quod
789 543 935 601 nihil
964 542 1186 600 dictum
1217 544 1324 611 est,
1357 557 1506 614 esse,
1569 557 1747 614 super
1791 554 2041 596 vacuum
2072 540 2128 606 Α
2154 539 2359 606 faciam
2385 540 2544 595 iitum
2572 540 2885 595 columnam
2908 537 2969 591 in
2995 534 3196 606 tempto
3251 533 3349 589 Dei
3377 533 3491 588 mei
3519 532 3700 604 (Apoc.
3738 548 3801 588 ιιι

401 642 458 693 et
483 635 735 693 nihilum
764 634 1188 709 appendantur.

476 767 504 794 ››
535 743 641 810 Qui
672 743 816 814 ligat
843 757 1028 812 aquas
1060 739 1118 794 in
1150 739 1409 796 nubibus
1441 739 1587 804 suis,
1621 743 1684 794 ut
1713 756 1828 795 non
1853 755 2042 794 erum-

405 839 544 906 pant
571 832 789 905 pariter
819 832 1092 886 deorsum
1128 851 1176 884 ››,
1197 833 1306 884 Per
1322 829 1427 884 has
1448 829 1633 884 nubes
1655 828 1714 884 in
1733 827 2046 884 altitudine

403 925 530 996 ipsa
559 920 799 994 spatiosi
829 921 978 976 aeris
1012 919 1366 991 colligantur
1396 935 1580 988 aquae,
1641 917 1795 973 sicut
1847 921 1903 972 et
1934 917 2046 972 alio

403 1012 526 1068 loco
549 1013 616 1067 de
637 1011 754 1066 Deo
786 1010 867 1065 ita
920 1009 1172 1080 legimus
1197 1025 1211 1064 :
1274 1009 1532 1063 Cribrant
1587 1023 1758 1078 aquas
1787 1007 1853 1062 de
1879 1007 2048 1062 nubi-

403 1103 498 1156 bus
525 1104 640 1157 suis
671 1102 743 1172 (II
771 1102 896 1171 Reg.
931 1116 1070 1168 χχιι,
1135 1098 1220 1169 12)
1279 1097 1396 1152 Hoc
1453 1096 1636 1168 igitur
1687 1097 1856 1151 modo
1896 1095 2047 1168 liga-

400 1195 471 1246 tae
505 1191 799 1261 dicuntur,
835 1188 1114 1261 quoniam
1148 1203 1264 1242 non
1321 1185 1499 1243 simul
1559 1185 1941 1241 eti'unduntur
1988 1184 2046 1240 in

401 1286 638 1348 terram,
672 1280 824 1338 sicut
853 1279 914 1334 in
947 1277 1164 1332 diluvio
1196 1277 1415 1332 factum
1455 1275 1708 1346 legimus
1738 1275 1889 1347 (Gen.
1924 1291 2045 1344 vin,

400 1373 456 1442 2)
488 1369 820 1443 Spiritualis
851 1370 1046 1423 autem
1080 1366 1189 1421 iste
1220 1370 1308 1421 est
1339 1364 1696 1434 intellectus,
1756 1370 1822 1420 ut
1863 1364 2049 1420 nubes

405 1463 639 1514 sanctos
662 1459 928 1513 doctores
952 1456 1406 1528 interpretemur
1429 1453 1712 1524 Ecclesiae,
1738 1453 1836 1526 qui
1867 1469 2050 1525 aquas

404 1547 699 1621 Evangelii
724 1544 1206 1620 portanlpopulis
1233 1544 1699 1612 cfl‘undendas,et
1717 1543 2050 1616 gubernan-

403 1639 508 1694 das
539 1655 572 1692 a
601 1637 822 1710 Spiritu
854 1639 1055 1693 sancto
1110 1634 1417 1691 deferunt:
1471 1637 1536 1689 ut
1591 1633 1911 1706 irrigentur
1940 1637 2054 1688 ter-

404 1744 476 1782 ree
525 1726 898 1800 populorum,
954 1730 1011 1782 et
1064 1724 1172 1780 hac
1224 1723 1441 1779 caelesti
1490 1723 1708 1796 pluvia,
1767 1723 2051 1778 virtutum

405 1817 599 1889 fruges
631 1814 924 1889 spirituali
980 1813 1316 1886 operatione
1365 1811 1848 1884 multiplicentur.
1896 1813 2052 1876 Quas

402 1923 589 1978 aquas
621 1907 692 1961 de
715 1921 979 1977 supernae
1007 1903 1371 1959 abundantia
1391 1901 2058 1974 deiluentes,ligatDeus
2085 1916 2133 1982 Β

404 1995 465 2050 in
499 1994 757 2050 nubibus
780 1995 928 2060 suis,
963 1997 1028 2048 ut
1057 1992 1373 2064 unicuique
1412 1993 1737 2048 secundum
1766 1993 2054 2064 capacita-

401 2089 520 2138 tem
543 2083 734 2138 cordis
757 2083 869 2149 sui,
903 2086 1135 2137 tantum
1169 2080 1468 2146 doctrinm,
1509 2085 1790 2152 tanquam
1841 2097 2055 2152 aquam

403 2172 684 2242 eﬁ‘undat,
711 2175 996 2242 quantum
1011 2169 1386 2242 suscipientis
1408 2169 1769 2241 possibilitas
1793 2170 2016 2242 patitur
2039 2189 2052 2227 :

405 2273 477 2314 ne
509 2258 685 2314 simul
720 2258 984 2314 fortassis
1017 2258 1235 2328 eﬁ‘usze,
1286 2257 1482 2313 obsint
1528 2257 1822 2327 cordibus,
1857 2258 2054 2315 minus

405 2348 735 2403 valentibus
764 2347 1253 2403 abundantiorem
1290 2347 1588 2418 suscipere
1619 2348 1966 2404 doctrinam.

481 2477 508 2505 ‹‹
542 2455 647 2518 Qui
674 2458 832 2510 tenet
859 2453 1088 2509 vultum
1128 2453 1256 2509 solii
1292 2453 1404 2509 sui.
1436 2475 1460 2503 »
1509 2454 1866 2510 Sententiam
1894 2456 2056 2526 judi-

407 2544 479 2598 cii
512 2545 602 2600 sui
635 2548 888 2599 reservat
921 2543 980 2598 in
1014 2548 1333 2615 posterum.
1374 2543 1624 2599 Justitiae
1675 2561 1812 2616 suis,
1847 2549 1904 2600 et
1933 2546 2053 2616 pie-

411 2634 547 2689 tatis
579 2634 775 2688 sedem
807 2633 866 2687 in
899 2633 1057 2688 omni
1091 2637 1359 2687 creatura
1405 2649 1532 2701 sua,
1584 2632 1844 2689 veritatis
1873 2634 2058 2705 gloria

409 2722 875 2794 resplendentem
910 2721 1063 2777 Deus
1095 2725 1292 2776 tenere
1323 2721 1552 2792 dicitur,
1583 2723 1738 2793 quod
1764 2727 1852 2778 est
1873 2724 2057 2779 mani-

406 2811 774 2867 festationem
806 2814 1164 2866 secretorum
1191 2810 1554 2880 judiciorum
1590 2828 1832 2866 suorum
1867 2813 2057 2869 obval-

406 2899 526 2956 lare
555 2903 730 2971 atque
773 2900 1154 2968 abscondere,
1217 2903 1282 2954 ut
1317 2899 1697 2971 Evangelium
1758 2901 1972 2957 Christi
1996 2902 2054 2958 in

405 2988 500 3044 his
529 2989 628 3060 qui
664 2992 911 3061 pereunt
940 2989 1013 3060 (Il
1045 2987 1164 3044 Cor.
1200 2988 1268 3055 II,
1305 2988 1411 3059 15).

477 3119 504 3145 ‹‹
541 3096 607 3151 Et
638 3094 916 3175 expandit
947 3111 1124 3166 super
1154 3094 1298 3150 illud
1327 3095 1603 3150 nebulam
1656 3113 1848 3152 suam.
1885 3120 1912 3146 »
1955 3097 2054 3154 Se-

404 3185 662 3241 cundum
687 3184 830 3241 illud
857 3185 1011 3257 quod
1036 3183 1322 3240 Dominus
1347 3185 1428 3240 ait
1448 3184 1756 3258 discipulis
1779 3186 1837 3241 in
1869 3187 2053 3243 Evan-

405 3274 591 3349 gelio:
630 3276 782 3331 Vobis
796 3275 1074 3331 datumest
1097 3276 1587 3346 nossemysterium
1608 3277 1765 3346 regni
1789 3277 2051 3333 calorum
2083 3284 2126 3353 α

406 3364 614 3436 (Matth.
674 3381 798 3434 xm,
855 3365 916 3419 11
978 3365 1038 3419 In
1101 3364 1492 3421 obtectionem
1553 3381 1788 3437 quoque
1844 3367 2051 3422 divinae

407 3453 684 3509 custodiae
715 3470 855 3519 suae,
887 3453 1163 3524 expandit
1195 3470 1370 3525 super
1397 3453 1593 3526 ipsum
1642 3455 1862 3510 bonum
1902 3472 2053 3512 nun-

407 3541 554 3597 tium
588 3541 907 3614 Evangelii,
940 3545 997 3596 in
1031 3543 1248 3598 nubem
1280 3542 1638 3599 defensionis
1670 3561 1808 3612 suae,
1833 3548 1899 3600 ut
1931 3545 2056 3601 nul-

408 3630 502 3688 lus
533 3636 730 3704 posset
759 3632 808 3687 ei
842 3631 1109 3704 quamvis
1139 3632 1492 3688 accerrimus
1521 3633 1888 3690 adversarius
1919 3652 2056 3708 pra:-

405 3720 596 3776 valere
626 3738 638 3776 :
673 3721 743 3776 de
773 3737 891 3792 qua
923 3720 1234 3792 Apostolus
1265 3721 1382 3776 ait:
1415 3723 1608 3777 Patres
1654 3725 1837 3780 nostri
1864 3741 2056 3781 omnes

406 3811 504 3867 sub
529 3811 673 3866 nube
699 3813 934 3882 [uerunt
966 3811 1012 3882 (I
1043 3810 1170 3867 Cor.
1202 3827 1257 3881 x,
1291 3811 1365 3882 1).

482 3941 510 3968 ‹‹
565 3916 907 3973 Terminum
967 3917 1355 3979 circumdedit
1415 3917 1608 3990 aquis,
1667 3937 1854 3993 usque
1915 3921 2056 3976 dum

410 4007 690 4063 ﬁniantur
719 4005 818 4062 lux
847 4010 904 4063 et
932 4008 1201 4064 tenebrze.
1240 4029 1268 4057 »
1300 4007 1420 4063 Sub
1483 4009 1718 4065 nomine
1768 4027 2055 4083 aquarum

407 4097 542 4148 κατὰ
609 4093 966 4170 συνεκδοχὴν,
1026 4097 1183 4168 quod
1254 4101 1343 4152 est
1406 4114 1440 4153 a
1495 4102 1659 4169 parte
1726 4099 1798 4155 ad
1846 4103 2055 4170 totum,

412 4185 615 4240 mundi
649 4187 822 4242 ﬁnem
856 4185 1000 4240 mihi
1030 4186 1260 4240 videtur
1290 4185 1528 4249 dixisse,
1579 4186 1718 4257 quia
1771 4188 1958 4243 noctis
1993 4204 2060 4243 ac

419 4273 534 4328 diei
581 4273 923 4331 vicissitudo
972 4275 1335 4347 praeteritum
1365 4274 1459 4329 sit.
1482 4275 1610 4330 Sive
1639 4276 1710 4331 de
1742 4275 2058 4348 impiorum

416 4362 670 4435 populis,
711 4363 798 4418 vel
866 4364 938 4420 de
995 4367 1333 4419 sanctorum
1384 4362 1890 4435 tribulationibus,
1932 4383 2059 4439 qua)

412 4469 702 4524 aquarum
735 4454 973 4509 nomine
1002 4453 1061 4508 in
1094 4451 1412 4524 Scripturis
1445 4468 1596 4525 saepe
1627 4454 1920 4512 dicuntur.
1963 4456 2060 4512 Ha:

409 4543 594 4615 igitur
623 4561 785 4615 aquae
816 4560 850 4599 a
879 4542 996 4598 Deo
1055 4542 1374 4596 terminum
1433 4546 1801 4614 acceperunt,
1844 4545 1964 4600 sive
1996 4549 2061 4600 ut

411 4649 643 4705 semper
670 4631 859 4705 iniqui
891 4636 950 4689 et
994 4635 1325 4705 peccatores
1374 4630 1512 4696 sint,
1557 4632 1677 4687 sive
1717 4636 1783 4688 ut
1830 4650 1946 4689 non
1977 4634 2061 4690 si-

413 4728 514 4778 nat
543 4721 732 4778 ﬁdelis
793 4723 943 4778 Deus
1002 4719 1412 4777 tribulationes
1467 4721 1589 4794 pati
1645 4726 1878 4779 sanctos
1925 4740 2064 4780 suos

413 4829 592 4884 supra
621 4828 800 4878 quam
858 4811 1149 4868 sustinere
1206 4814 1476 4883 possunt.
1543 4812 1670 4868 Haec
1729 4829 1865 4885 ergo
1923 4815 2064 4869 ﬁent

411 4901 592 4957 donec
615 4901 994 4974 prosperitas,
1018 4905 1075 4956 et
1103 4900 1388 4972 iniquitas
1417 4905 1680 4957 transeat
1719 4901 2058 4974 impiorum,

410 5007 538 5062 qua:
557 4991 664 5047 hoc
685 4991 812 5048 loco
833 4990 983 5049 lucis
1005 4994 1060 5048 et
1072 4990 1449 5048 tenebrarum
1473 4990 1708 5048 nomine
1731 4991 2064 5066 signiﬁcata

409 5085 568 5137 sunt.

459 5213 509 5240 .‹‹
563 5189 859 5247 Columnae
917 5191 1045 5246 cceli
1097 5188 1580 5259 contremiscunt,
1625 5193 1682 5246 et
1727 5194 1940 5262 pavent
1989 5192 2062 5247 ad

409 5283 625 5335 nutum
683 5281 831 5352 ejus.
868 5302 895 5329 »
927 5279 1316 5337 Stabilitatem
1348 5295 1484 5351 ergo
1515 5278 1887 5336 solummodo
1929 5298 2063 5353 per-

410 5375 748 5426 manentem
821 5371 879 5425 in
948 5375 1159 5426 natura
1220 5368 1583 5442 angelorum,
1652 5368 2063 5426 columnarum

412 5459 648 5517 nomine
677 5460 1026 5530 sentiamus,
1051 5459 1190 5532 quia
1219 5477 1334 5516 non
1366 5458 1559 5516 solum
1592 5458 1974 5516 immobilitcr
2003 5459 2064 5514 in

412 5552 722 5607 sanctitate
778 5555 1218 5622 perseverantes
1267 5554 1426 5619 sunt,
1480 5549 1583 5605 sed
1614 5547 1791 5604 etiam
1837 5553 2063 5605 aeterna:

412 5640 796 5698 beatitudinis
829 5639 1016 5713 gloria
1047 5639 1319 5714 speciosi.
1352 5640 1498 5697 Nam
1529 5639 1602 5696 de
1633 5638 1833 5696 futura
1861 5638 2067 5696 immo-

413 5730 642 5818 bilitate
671 5731 1005 5803 hominum,
1038 5730 1121 5790 ita
1149 5729 1228 5791 ait
1288 5728 1470 5791 Filius
1498 5729 1638 5790 Dei:
1702 5729 1817 5809 Qui
1855 5730 2063 5806 vicerit,

2156 629 2265 700 12).
2299 629 2408 684 Sed
2441 633 2498 684 et
2526 628 2656 701 ipsa
2687 625 2962 693 Ecclesia,
3008 641 3136 696 quae
3175 627 3264 681 est
3310 625 3647 680 sanctorum
3678 638 3803 678 om-

2154 718 2319 774 nium
2350 717 2743 790 congregatio,
2775 732 2878 789 pro
2907 719 3120 770 aeterna
3143 712 3254 768 sibi
3297 712 3356 767 in
3400 711 3646 768 Domino
3687 715 3805 766 sta-

2155 807 2398 877 bilitate,
2434 807 2708 862 columna
2737 811 2793 862 et
2815 806 3263 860 fundamentum
3291 799 3800 858 diciturveritatis.

2155 900 2353 951 Potest
2383 901 2438 951 et
2468 898 2538 952 de
2568 895 2788 951 sanctis
2837 893 3061 966 angelis
3125 892 3208 948 ita
3268 890 3548 964 intelligi:
3609 894 3675 946 ut
3701 905 3804 962 pro

2156 983 2462 1040 charitatis
2493 1001 2611 1039 sua:
2643 1001 2709 1039 ac
2741 981 3069 1038 dilectionis
3121 981 3359 1053 intuitu,
3401 979 3687 1036 columnae
3717 978 3804 1034 di-

2157 1078 2384 1144 cantur,
2418 1090 2484 1128 eo
2511 1073 2664 1145 quod
2689 1089 2793 1145 pro
2815 1072 3002 1128 salute
3023 1071 3332 1127 hominum
3356 1087 3558 1127 curam
3578 1071 3803 1143 gerant.

2156 1179 2261 1234 pro
2293 1162 2511 1234 quibus
2541 1166 2681 1218 sunt
2710 1163 2805 1234 pio
2837 1161 3046 1218 aﬁ‘ectu
3067 1160 3324 1233 solliciti,
3345 1160 3500 1234 quod
3523 1160 3608 1216 eis
3636 1157 3807 1233 quasi

2159 1251 2230 1307 ad
2261 1252 2492 1324 pondus
2521 1251 2942 1324 cogitationum
2995 1251 3268 1308 accedere
3323 1249 3568 1306 videtur.
3616 1249 3687 1306 Et
3721 1264 3810 1304 se-

2160 1341 2419 1397 cundum
2451 1341 2708 1414 tropicos
2762 1339 3114 1411 intellectus,
3167 1340 3292 1396 cmli
3345 1339 3582 1396 nomine
3627 1337 3809 1411 signi-

2161 1430 2318 1486 ﬁcari
2386 1429 2706 1487 Ecclesium
2775 1431 3131 1501 noverimus,
3214 1430 3273 1485 in
3342 1445 3459 1503 qua
3523 1426 3804 1485 calorum

2162 1519 2441 1592 mysteria
2470 1519 2859 1576 celebrantur.
2893 1521 3082 1592 Hujus
3140 1519 3338 1590 itaque
3397 1516 3547 1589 cceli,
3606 1517 3666 1572 id
3715 1519 3808 1572 est

2164 1608 2449 1674 Ecclesiae,
2500 1608 2805 1666 colummaz
2851 1614 2991 1666 sunt
3046 1608 3317 1681 apostoli,
3377 1615 3435 1664 et
3481 1605 3672 1663 caeteri
3702 1603 3804 1677 qui

2162 1699 2350 1772 gratia
2380 1699 2559 1755 simili
2592 1703 2750 1767 sunt,
2786 1699 2886 1772 qui
2919 1703 3152 1772 portant
3183 1715 3249 1754 ac
3295 1697 3589 1754 sustinent
3621 1695 3806 1752 diver-

2163 1806 2364 1846 sarum
2395 1790 2870 1861 persecutionum
2903 1787 3236 1862 ingruentia
3265 1787 3378 1842 sibi
3407 1783 3685 1860 pericula.
3738 1785 3810 1840 Et

2163 1879 2372 1934 animae
2431 1877 2739 1934 hominum
2798 1877 3113 1950 aliquando
3198 1875 3326 1932 coeli
3377 1874 3806 1948 intelliguntur.

2164 1968 2383 2024 Harum
2415 1967 2747 2024 animarum
2807 1984 2953 2040 quas
3009 1985 3112 2040 per
3169 1965 3575 2039 metaphoram
3634 1963 3809 2021 caelos

2164 2058 2421 2113 diximus
2457 2075 2470 2115 :
2501 2056 2783 2113 columnae
2839 2061 2979 2112 sunt
3034 2055 3418 2129 cogitationes
3473 2072 3591 2111 suae
3618 2070 3632 2111 :
3662 2053 3810 2127 ipsis

2166 2147 2380 2220 quippe
2409 2146 2607 2202 anima
2629 2147 2973 2216 sustinetur,
2998 2151 3055 2201 et
3082 2145 3338 2218 regitur:
3371 2149 3425 2200 et
3457 2160 3530 2200 ne
3555 2143 3812 2216 aerugine

2166 2235 2388 2307 peccati
2410 2239 2575 2291 nutet
2595 2251 2661 2290 ac
2681 2235 2912 2306 titubet,
2933 2234 3165 2291 consilii
3179 2233 3498 2290 stabilitate
3518 2234 3807 2289 ﬁrmatur.

2166 2325 2313 2388 Quia
2343 2325 2450 2379 hoc
2481 2324 2696 2396 saepius
2727 2323 3012 2396 contingit
3059 2324 3332 2380 humanas
3381 2321 3704 2396 fragilitati,
3747 2327 3813 2377 ut

2166 2414 2265 2470 ubi
2299 2414 2491 2470 cautio
2523 2413 2715 2470 minor
2742 2412 3104 2470 intuentium
3135 2416 3244 2484 est,
3296 2413 3556 2485 impulsu
3587 2411 3811 2485 peccati

2165 2503 2471 2571 columnae,
2496 2502 2554 2557 id
2583 2507 2693 2569 est,
2726 2503 2888 2558 bonae
2921 2501 3302 2575 cogitationes
3345 2503 3405 2558 in
3436 2507 3602 2575 parte
3630 2501 3814 2558 altera

2165 2594 2516 2665 deﬁgantur.
2551 2596 2619 2646 Et
2648 2592 2862 2648 idcirco
2893 2595 3152 2648 tremunt
3180 2608 3246 2647 ac
3275 2596 3485 2663 pavent
3507 2592 3580 2648 ad
3601 2595 3810 2647 nutum

2167 2681 2448 2737 minantis
2480 2680 2598 2752 Dei,
2628 2697 2804 2736 suum
2860 2681 3218 2736 horrendum
3267 2681 3560 2752 judicium
3605 2680 3812 2752 praedi-

2166 2771 2374 2828 cantis.
2408 2771 2534 2825 Non
2592 2770 2749 2825 enim
2807 2769 3189 2842 cogitationes
3245 2769 3452 2826 animae
3508 2769 3631 2826 ista:
3674 2773 3815 2825 sunt

2166 2859 2432 2932 propriae,
2457 2864 2739 2930 tanquam
2773 2859 2884 2915 sibi
2916 2864 3126 2915 natura
3151 2858 3430 2927 inessent,
3463 2876 3588 2932 quae
3610 2859 3813 2931 utique

2166 2951 2227 3006 in
2287 2955 2498 3005 natura
2554 2948 2838 3004 existente
2891 2953 3051 3015 sunt,
3109 2954 3166 3004 et
3221 2953 3443 3005 natura;
3501 2948 3812 3006 existentis

2168 3038 2588 3108 ministerium,
2609 3037 2735 3093 sine
2766 3037 2982 3109 quibus
3000 3042 3212 3094 natura
3233 3037 3536 3095 rationalis
3561 3055 3678 3095 non
3699 3044 3812 3109 est,

2166 3129 2467 3201 quoniam,
2503 3130 2568 3182 ut
2595 3126 2736 3197 dixi,
2769 3126 2908 3198 ipsae
2940 3143 3042 3198 per
3071 3143 3133 3182 se
3165 3144 3280 3184 non
3312 3133 3472 3200 sunt,
3494 3129 3596 3186 sed
3619 3132 3814 3185 motus

2165 3216 2491 3274 invisibiles
2524 3221 2663 3272 sunt
2693 3216 3071 3274 subsistentia
3103 3222 3346 3274 naturas.

2236 3332 2264 3357 «
2299 3309 2362 3363 In
2397 3305 2738 3362 fortitudine
2768 3304 2930 3361 illius
2961 3312 3195 3377 repente
3228 3307 3415 3364 maria
3460 3313 3814 3382 congregata

2163 3400 2322 3453 sunt.
2356 3417 2383 3444 »
2415 3393 2577 3458 Quod
2609 3393 2669 3448 in
2699 3392 2986 3465 principio
3019 3393 3264 3450 Genesis
3308 3395 3527 3451 factum
3559 3395 3812 3467 legimus

2163 3485 2316 3556 (Gen.
2354 3501 2390 3552 ι,
2423 3484 2476 3553 9,
2515 3484 2622 3554 10).

2236 3597 2263 3624 ‹‹
2299 3574 2366 3629 Et
2396 3571 2706 3644 prudentia
2749 3571 2877 3642 ejus
2930 3573 3221 3643 percussit
3251 3573 3596 3645 superbum.
3635 3595 3663 3624 »
3705 3572 3810 3630 Cui

2165 3662 2412 3720 dubium
2433 3665 2542 3730 est,
2573 3660 2714 3732 quin
2747 3660 3154 3734 principaliter
3177 3662 3448 3720 diabolus
3477 3664 3556 3720 sit
3593 3663 3685 3719 hic
3715 3681 3812 3720 su-

2166 3753 2422 3827 perbus:
2457 3751 2558 3824 qui
2591 3756 2731 3808 tunc
2761 3751 3022 3824 primum
3079 3769 3113 3808 a
3165 3756 3280 3808 Deo
3333 3770 3649 3826 percussus
3698 3760 3808 3824 est,
3905 3777 3916 3784 ο

2167 3843 2402 3915 quando
2432 3858 2568 3898 eum
2625 3841 2698 3896 de
2749 3841 2886 3898 sede
2939 3840 3042 3897 illa
3094 3843 3374 3900 caelorum
3430 3844 3602 3900 beata
3639 3849 3814 3916 atque

2167 3931 2410 3989 sublimi
2441 3931 2735 4005 deposuit,
2768 3931 2840 3986 de
2870 3947 2985 4003 qua
3013 3931 3303 4005 propheta
3343 3931 3461 3989 ait:
3526 3935 3598 3990 Tu
3627 3933 3810 3990 humi-

2167 4023 2324 4078 liasti
2364 4023 2510 4077 sicut
2568 4021 2920 4076 vulneratum
2971 4022 3270 4092 superbum
3327 4022 3497 4093 (Psal.
3542 4039 3812 4094 Lxxxvm,

2170 4113 2280 4184 11).
2314 4109 2728 4183 Spiritualiter,
2761 4114 2914 4165 recte
2955 4110 3144 4166 maria
3191 4110 3315 4167 haec
3363 4112 3724 4181 Judaaorum,
3757 4117 3816 4170 et

2168 4201 2471 4259 nationum
2504 4198 2750 4272 populos
2779 4215 2908 4255 esse
2939 4199 3250 4267 sentimus,
3285 4199 3499 4272 quibus
3543 4201 3811 4261 domina-

2169 4297 2368 4347 turum
2421 4305 2623 4345 verum
2677 4286 3071 4357 Salomonem,
3133 4288 3311 4345 David
3379 4289 3664 4363 propheta
3728 4294 3814 4351 ita

2170 4379 2529 4454 pronuntiat,
2565 4377 2802 4435 dicens:
2837 4380 2901 4434 Et
2953 4378 3327 4436 dominabitur
3385 4397 3418 4436 a
3467 4383 3617 4437 mari
3645 4399 3816 4456 usque

2168 4470 2239 4528 ad
2268 4487 2420 4526 mare
2447 4469 2620 4542 (Psal.
2656 4485 2804 4535 Lxx1,
2834 4469 2912 4540 8).
2969 4476 3045 4524 Ue
3102 4469 3249 4525 mari
3283 4469 3462 4537 enim,
3514 4470 3572 4526 id
3601 4477 3711 4544 est,
3744 4475 3815 4531 de

2169 4564 2339 4632 gente
2366 4560 2705 4616 Judzsorum
2737 4557 2910 4630 coepit
2929 4558 3303 4631 Evangelium
3324 4560 3558 4632 Christi,
3585 4561 3722 4634 quia
3745 4564 3816 4621 de

2093 4663 2139 4729 ι]
2170 4651 2309 4707 Sion
2339 4649 2478 4705 exiit
2519 4648 2609 4704 lex
2656 4649 2789 4720 (Isa.
2845 4665 2906 4718 ιι,
2957 4649 3036 4719 3),
3096 4654 3150 4705 et
3206 4650 3468 4722 pervenit
3522 4652 3596 4709 ad
3654 4669 3817 4711 mare

2173 4740 2437 4814 gentium
2471 4739 2586 4811 (Isa
2618 4755 2768 4808 LXVI,
2803 4739 2911 4808 19).
2939 4737 3256 4812 Hucusque
3287 4755 3422 4814 ergo
3478 4741 3600 4800 haec
3630 4744 3818 4801 maria

2171 4829 2523 4904 populorum
2583 4827 2922 4884 fortitudine
2979 4844 3046 4884 ac
3096 4829 3314 4886 virtute
3370 4833 3816 4891 resurrectionis

2172 4918 2404 4986 Christi,
2437 4915 2836 4990 apostolorum
2878 4916 3500 4992 Evangelistarumque
3550 4921 3816 4979 ministe-

2172 5009 2258 5064 rio
2290 5012 2749 5078 caaterorumque
2765 5007 3059 5080 przedicta,
3079 5013 3316 5081 repente
3338 5009 3398 5065 in
3421 5027 3605 5067 unum
3630 5009 3816 5066 Eccle-

2172 5098 2268 5154 siae
2299 5114 2512 5170 corpus
2543 5101 2912 5170 congregata,
2969 5102 3143 5170 atque
3193 5099 3254 5154 in
3318 5115 3494 5155 unam
3543 5098 3814 5172 copulam

2172 5189 2306 5244 ﬁdei
2342 5192 2481 5244 sunt
2511 5187 2727 5244 Christi
2758 5187 3041 5244 charitate
3073 5203 3354 5244 connexa.

2255 5279 2563 5351 «Spiritus
2619 5278 2748 5350 ejus
2803 5277 3030 5334 ornavit
3093 5276 3284 5334 caelos.
3328 5302 3358 5328 »
3417 5277 3691 5352 Legimus
3749 5277 3810 5334 in

2173 5368 2460 5442 principio
2490 5369 2802 5437 Geneseos,
2825 5371 3034 5439 quarto
3055 5367 3148 5423 die
3171 5367 3333 5424 aDeo
3365 5366 3564 5423 stellas
3595 5366 3818 5440 positas

2174 5474 2302 5515 esse
2354 5458 2414 5513 in
2473 5457 2638 5526 coelo,
2697 5462 2799 5513 aut
2854 5456 2912 5512 in
2966 5457 3334 5513 ﬁrmamento
3393 5455 3546 5528 (Gen.
3608 5475 3644 5513 1.
3708 5458 3818 5531 14).

2174 5548 2396 5622 Spiritu
2423 5549 2604 5605 etiam
2635 5553 2858 5618 sancto,
2921 5545 3293 5603 rationabiles
3351 5545 3525 5605 ccslos
3555 5548 3817 5608 ornavit:

2175 5655 2322 5712 quos
2353 5637 2666 5712 apostolos,
2698 5643 2756 5695 et
2783 5635 3135 5712 apostolicos
3180 5635 3336 5694 viros
3387 5637 3815 5712 intelligimus:

2174 5729 2274 5808 qui
2306 5729 2508 5789 multis
2540 5729 2973 5806 Scripturarum
3003 5724 3168 5801 locis,
3202 5727 3486 5792 caelorum
3516 5747 3822 5814 nuncupa-
