4310 6598
405 514 408 519 _
507 428 614 488 731

1862 396 1871 409 ’
1947 509 1950 512 ,
1995 428 2416 493 APPENDIX.

3789 412 3914 496 73's

507 558 725 613 tionem
757 563 1217 630 consequuntur,
1251 562 1575 618 secundum
1623 562 1766 619 illud
1818 564 2152 636 prophetae:
2185 567 2239 635 Α
2269 563 2607 637 iniquorum
2641 565 2760 638 pati
2810 563 3119 637 permittit,
3186 563 3640 620 amaritudinem
3682 580 3919 638 quoque

507 648 738 718 Operuit
762 648 921 703 caelos
978 650 1152 705 virtus
1207 651 1321 722 ejus
1374 651 1576 722 (Habac
1630 670 1713 723 111,
1739 652 1814 723 3).
1850 676 1876 703 «
1920 654 1989 709 Et
2018 671 2159 726 pru-

511 735 715 792 dentia
744 738 872 807 ejus
930 739 1221 810 percussit
1267 743 1609 813 superbum.
1661 765 1688 792 ››
1730 743 1998 799 Christus
2057 744 2158 799 Dei

508 826 717 893 virtus,
745 832 803 882 et
826 827 931 883 Dei
964 829 1254 900 sapientia
1284 832 1571 902 percussit
1608 833 1926 904 superbum
1959 834 2157 888 diabo-

508 914 655 971 lum.
688 915 760 971 Hi
791 932 929 989 ergo
963 918 1168 987 sancti,
1202 936 1234 974 a
1265 920 1484 991 Spiritu
1517 927 1716 977 sancto
1758 923 1836 978 ita
1894 922 2157 977 distincti

513 1010 653 1061 sunt
679 1007 1002 1078 gratiarum
1034 1008 1224 1080 donis,
1248 1013 1528 1081 tanquam
1559 1012 1801 1067 sidereis
1846 1011 2158 1068 luminari-

511 1094 644 1151 bus.

586 1208 615 1235 ‹‹
648 1186 716 1240 Et
745 1186 1157 1243 obstetricante
1187 1204 1369 1244 manu
1398 1190 1549 1258 ejus,
1573 1190 1862 1246 adductus
1883 1194 1971 1246 est
1993 1190 2157 1246 colu-

512 1274 617 1330 her
645 1278 964 1332 tortuosus.
997 1296 1023 1328 ι
1062 1277 1258 1334 Sancti
1318 1294 1453 1351 ergo
1510 1279 1775 1335 adornati
1831 1280 2003 1335 verbo
2032 1280 2152 1351 Dei,

510 1366 792 1435 tanquam
824 1382 1021 1421 semen
1051 1367 1285 1438 populis
1316 1372 1621 1440 spargunt.
1684 1369 1847 1425 Unde
1887 1386 1920 1424 a
1948 1369 2158 1425 timore

510 1451 742 1507 Domini
774 1453 831 1508 in
866 1459 1029 1511 utero
1073 1456 1349 1528 spiritum
1399 1457 1608 1514 salutis
1655 1464 2065 1531 conceperunt,
2102 1463 2157 1514 et

506 1540 589 1596 ita
619 1558 852 1610 manus,
914 1549 971 1599 et
1030 1545 1318 1617 sapientia
1375 1547 1585 1615 Patris,
1643 1548 1819 1604 Jesus
1866 1548 2155 1618 Christus,

508 1630 822 1689 animabus
854 1633 1165 1705 multiplici
1219 1636 1432 1692 virtute
1490 1637 1777 1707 fecundis,
1822 1638 2158 1710 dignatione

512 1736 621 1775 sua
650 1737 684 1777 a
713 1726 915 1778 sancto
946 1723 1054 1779 Job
1088 1728 1280 1779 astare
1313 1725 1669 1797 perhibetur,
1700 1731 1763 1781 ut
1784 1728 2160 1798 parturienti-

518 1810 630 1864 bus
677 1809 829 1865 ﬁlios
884 1812 1112 1867 venturi
1171 1813 1389 1877 smculi,
1450 1815 1799 1887 obsequium
1857 1817 2154 1888 quoddam

2270 655 2477 710 anima:
2506 655 2633 726 ejus
2665 655 2902 710 miseria
2932 653 3201 726 praesenti
3261 652 3519 725 replevit.
3580 653 3735 710 Vivit
3759 655 3918 712 Deus

2270 744 2369 815 qui
2402 744 2955 814 abstulitjudicium
2987 759 3204 798 meum.
3265 743 3598 798 Secundum
3659 743 3911 801 formam

2270 834 2419 888 servi
2452 850 2629 905 quam
2680 832 3005 904 assumpsit
3060 833 3325 904 (Philipp.
3388 849 3450 901 11,
3508 836 3585 901 7),
3614 833 3914 904 judicium

2267 922 2586 978 voluntatis
2610 922 2904 986 humanis,
2931 926 2987 977 et
3014 939 3081 977 ex
3128 938 3376 993 persona
3399 922 3692 994 assumpti
3723 922 3912 978 homi-

2268 1012 2361 1066 nis
2390 1011 2609 1067 dictum
2640 1017 2766 1067 est:
2824 1028 2939 1083 quo
2997 1028 3172 1067 orans
3231 1011 3456 1066 dicebat
3515 1012 3587 1067 ad
3630 1010 3905 1068 Patrem:

2268 1102 2340 1155 Mi
2392 1104 2559 1155 Pater
2607 1103 2657 1155 si
2680 1102 2943 1172 possibile
2973 1109 3067 1171 est,
3128 1104 3373 1156 transeat
3419 1117 3453 1156 a
3508 1116 3596 1155 me
3632 1101 3782 1156 calix
3810 1104 3918 1156 iste

2268 1189 2483 1259 (Matth.
2533 1190 2691 1256 xxvl,
2723 1191 2832 1261 39).
2865 1190 2935 1245 Et
2990 1190 3118 1245 ideo
3168 1190 3460 1260 judicium
3514 1205 3713 1246 meum
3744 1190 3911 1259 dixit,

2270 1278 2408 1348 quia
2439 1278 2498 1333 in
2530 1295 2592 1334 se
2610 1278 2855 1334 humani
2882 1278 3111 1350 generis
3134 1278 3560 1347 inﬁrmitatem,
3586 1278 3647 1333 in
3667 1280 3914 1335 veritate

2270 1368 2534 1439 suscepti
2581 1367 2840 1423 hominis
2904 1368 3366 1425 demonstrabat.
3422 1370 3492 1423 Et
3543 1368 3916 1442 omnipotens

2267 1455 2368 1528 qui
2426 1456 2497 1511 ad
2556 1457 3007 1513 amaritudinem
3084 1458 3325 1513 adduxit
3381 1457 3642 1514 animam
3694 1475 3913 1515 meam.

2266 1551 2549 1601 Amarum
2582 1551 2707 1601 erat
2736 1545 3010 1618 poculum
3041 1547 3271 1615 mortis,
3303 1548 3374 1603 ad
3403 1548 3559 1620 quod
3589 1547 3913 1604 bibendum

2268 1634 2528 1691 Salvator
2557 1639 2755 1691 noster
2784 1638 3135 1705 advenerat;
3168 1638 3238 1693 de
3268 1637 3457 1709 Ipsius
3490 1653 3745 1709 namque
3775 1637 3915 1694 cali-

2267 1724 2353 1780 cis
2382 1724 2776 1781 amaritudine
2819 1730 2961 1797 erat,
3022 1727 3180 1797 quod
3242 1727 3323 1782 ait
3383 1726 3689 1798 discipulis
3749 1727 3911 1784 suis:

2269 1815 2460 1869 Tristis
2489 1822 2569 1870 est
2594 1817 2788 1871 anima
2814 1832 2937 1871 mea
2993 1815 3163 1888 usque
3219 1817 3289 1871 ad
3326 1825 3557 1873 mortem
3597 1816 3763 1885 (Ibid.
3795 1816 3908 1887 38).

513 1897 790 2005 adhibeat
821 1916 939 1955 suae
991 1901 1247 1973 pietatis,
1309 1920 1524 1975 easque
1581 1904 1643 1960 in
1688 1906 2154 1977 persecutionem
2187 1903 2523 2005 BVerbum
2582 1909 2778 1960 autem
2850 1905 3105 1973 adduxit,
3174 1907 3500 1962 secundum
3566 1905 3916 1978 Apostolum

514 1985 815 2044 doloribus
842 1990 1063 2061 positas
1119 1992 1451 2048 consoletur
1481 2012 1495 2049 :
1555 1994 1879 2051 ministerio
1925 2012 2159 2067 quoque
2189 1985 2235 2005 "
2266 1991 2713 2064 intelligendum
2744 1997 2851 2063 est,
2884 1994 2985 2065 qui
3016 1995 3087 2049 de
3140 1998 3252 2051 Deo
3311 1995 3479 2050 Patre
3536 1995 3618 2050 ita
3646 1995 3763 2050 ait:
3811 1996 3920 2063 Qui

514 2092 622 2131 suo
680 2076 1058 2136 invisibiliter
1134 2081 1488 2140 intrinsecus
1560 2089 1854 2155 operante,
1926 2087 2159 2157 adjuvet
2261 2084 2486 2155 proprio
2517 2084 2656 2138 Filio
2685 2099 2784 2139 suo
2813 2099 2920 2139 non
2966 2086 3253 2154 pepercit:
3312 2083 3409 2140 sed
3458 2099 3561 2156 pro
3617 2084 3774 2139 nobis
3801 2100 3917 2139 om-

512 2167 929 2237 parturientes.
963 2171 1108 2233 Quia
1136 2171 1263 2227 sine
1312 2171 1430 2243 illo,
1487 2172 1687 2230 nullus
1744 2192 1842 2231 eos
1869 2175 2156 2231 bonorum

513 2271 778 2327 operum,
811 2275 939 2330 quae
997 2259 1253 2317 ﬁliorum
1283 2261 1520 2318 nomine
1575 2264 1848 2335 superius
1876 2264 2154 2336 diximus,

515 2346 907 2419 subsequatur
938 2349 1198 2408 eil‘ectus.
1230 2352 1360 2423 Ipso
1392 2352 1572 2424 igitur
1613 2353 1895 2410 charitate
1927 2354 2156 2410 miseri-

2264 2171 2429 2226 nibus
2453 2171 2683 2227 tradidit
2714 2170 2882 2226 illum
2913 2173 3087 2241 (Rom.
3120 2189 3243 2240 vm,
3273 2173 3385 2243 32).
3446 2173 3571 2229 Non
3628 2174 3786 2229 enim
3816 2190 3917 2229 no-

2266 2259 2392 2317 lens
2425 2261 2677 2317 traditus
2708 2264 2795 2317 est
2824 2260 2885 2316 in
2917 2265 3187 2317 mortem.
3245 2260 3377 2318 Alio
3435 2261 3562 2319 loco
3622 2264 3693 2318 de
3725 2262 3916 2319 Salva-

2265 2357 2390 2406 tore
2447 2350 2603 2406 idem
2657 2350 2975 2422 Apostolus
3027 2351 3207 2411 dicit:
3267 2353 3372 2420 Qui
3422 2369 3480 2408 se
3537 2352 3769 2409 tradidit
3810 2368 3915 2424 pro

513 2435 722 2491 cordize
779 2454 921 2509 suae,
984 2456 1101 2511 qua
1158 2457 1266 2497 nos
1323 2442 1576 2497 multum
1626 2443 1845 2514 dilexit,
1914 2460 2016 2515 per
2047 2444 2157 2499 hoc
2258 2442 2497 2512 peccatis
2527 2442 2733 2496 nostris
2764 2441 2981 2509 (Galat.
3017 2458 3077 2511 ιι,
3109 2442 3222 2509 20).

516 2524 909 2582 ministerium
941 2528 1308 2599 observante,
1357 2536 1414 2587 et
1442 2532 1658 2604 pietate
1708 2534 1837 2603 ejus
1885 2534 2155 2589 obstetri-

517 2619 705 2683 cante,
737 2620 803 2670 ut
834 2617 1041 2673 anima:
1098 2626 1309 2675 sanctae
1366 2621 1705 2693 hujusmodi
1769 2624 1923 2679 fetus
1957 2624 2153 2695 edant,

516 2703 784 2760 educitur
809 2706 879 2761 ab
909 2706 1015 2775 eis,
1047 2712 1104 2763 et
1133 2710 1203 2764 de
1233 2710 1508 2766 cordibus
1566 2727 1767 2767 earum
1828 2713 2158 2769 excluditur

513 2793 633 2860 ille,
666 2794 723 2850 in
757 2812 873 2867 quo
905 2796 1048 2852 nihil
1082 2803 1169 2853 est
1198 2804 1443 2870 rectum,
1477 2800 1713 2857 coluber
1741 2806 2064 2859 tortuosus.

593 2905 614 2932 α
652 2884 793 2940 Ecce
823 2884 944 2941 haec
974 2902 1043 2941 ex
1074 2892 1237 2959 parte
1283 2889 1439 2945 diota
1491 2894 1630 2945 sunt
1685 2892 1912 2946 viarum
1944 2892 2092 2962 ejus.
2128 2914 2156 2943 »

516 2971 611 3027 Hae
645 2978 785 3029 sunt
813 2972 916 3029 vice
946 2975 1197 3044 Domini,
1228 2979 1299 3033 de
1327 2980 1545 3049 quibus
1595 2981 1720 3052 ipse
1768 2980 2026 3036 Salvator
2059 2998 2162 3053 per

518 3062 889 3119 Salomonem
921 3065 1022 3131 ait,
1058 3082 1192 3120 cum
1250 3068 1321 3121 de
1352 3084 1462 3123 sua
1518 3070 1819 3125 nativitate
1857 3070 2156 3142 praedixit:

516 3153 782 3209 Dominus
810 3156 1015 3210 creavit
1040 3172 1129 3210 me
1158 3158 1221 3210 in
1258 3160 1530 3228 principio
1578 3160 1795 3214 viarum
1843 3176 2071 3215 suarum
2102 3163 2163 3216 in

516 3259 683 3314 opera
705 3258 803 3298 sua
835 3244 1023 3314 (Prov.
1056 3262 1177 3313 vm,
1237 3246 1350 3317 22).
1411 3248 1649 3303 Creatus
1706 3253 1795 3304 est
1852 3266 1987 3322 ergo
2035 3250 2159 3322 ipse

2338 2553 2366 2580 ‹‹
2399 2530 2544 2594 Quia
2572 2531 2755 2586 donec
2803 2535 3071 2603 superest
3126 2529 3345 2587 halitus
3402 2531 3462 2587 in
3520 2549 3633 2597 me,
3693 2536 3749 2589 et
3794 2531 3913 2603 spi-

2266 2621 2415 2676 ritus
2446 2619 2547 2676 Dei
2576 2620 2638 2675 in
2669 2621 2909 2676 naribus
2932 2620 3101 2691 meis,
3133 2637 3243 2675 non
3274 2618 3761 2692 loquenturlabia
3782 2636 3913 2677 mea

2265 2707 2659 2780 iniquitatem,
2693 2724 2799 2764 nec
2828 2708 3033 2781 lingua
3087 2725 3218 2765 mea
3247 2709 3627 2766 meditabitur
3673 2710 3913 2767 menda-

2268 2797 2443 2853 cium.
2468 2798 2635 2852 Absit
2664 2814 2699 2853 a
2728 2814 2821 2853 me
2863 2798 3060 2869 justos
3090 2814 3191 2854 vos
3240 2814 3369 2854 esse
3419 2799 3704 2870 judicem.
3732 2822 3753 2850 ι
3788 2804 3914 2854 Huc

2268 2892 2325 2942 et
2353 2886 2495 2941 illud
2517 2886 2766 2958 pertinet
2796 2887 2953 2958 quod
2983 2888 3053 2943 de
3087 2887 3331 2943 Domino
3350 2888 3409 2943 in
3434 2889 3583 2944 Isaia
3605 2889 3911 2945 scribitur:

2270 2977 2491 3044 Quiesce
2522 2976 2588 3030 a’)
2621 2977 2859 3047 homine,
2890 2978 3046 3047 cujus
3100 2978 3328 3047 spiritus
3385 2979 3448 3033 in
3502 2979 3734 3034 naribus
3772 2978 3912 3050 ejus,

2270 3067 2405 3136 quia
2433 3066 2672 3120 excelsus
2712 3070 2996 3136 reputatus
3052 3069 3129 3120 est
3159 3067 3276 3137 ipse
3314 3066 3441 3137 (Isa.
3502 3084 3565 3135 11,
3595 3070 3709 3139 22).
3742 3068 3916 3124 Donec

2271 3159 2467 3210 autem
2526 3153 2886 3223 adverbium,
2947 3155 3273 3211 secundum
3340 3154 3496 3211 hunc
3552 3154 3912 3212 intellectum

2271 3261 2385 3316 quo
2416 3244 2485 3299 de
2509 3242 2804 3299 Salvatore
2826 3248 3024 3299 nostro
3050 3244 3261 3300 seriem
3311 3242 3705 3318 intelligentia
3736 3244 3915 3316 hujus

516 3332 804 3388 Dominus
858 3332 1031 3389 Jesus
1081 3334 1346 3391 Christus
1404 3354 1507 3409 per
1567 3342 1743 3393 Deum
1804 3317 2157 3408 936331,-”
2189 3317 2231 3385 C
2270 3332 2586 3398 texuimus,
2625 3349 2739 3388 non
2771 3332 2852 3387 ita
2883 3336 2947 3387 ut
3002 3336 3175 3389 sonat
3227 3333 3449 3389 dictum
3488 3317 3914 3400 existimemus,

514 3422 700 3478 Maria
761 3422 1004 3496 virgine,
1039 3428 1106 3480 ad
1151 3426 1542 3483 ostendendae
1590 3432 1649 3483 et
1696 3428 2158 3485 manifestandas

517 3514 932 3569 mandatorum
962 3514 1106 3583 vias,
1138 3531 1171 3571 a
1200 3515 1413 3586 quibus
1444 3533 1591 3590 opus
1621 3518 1743 3587 Dei,
1771 3518 1827 3573 id
1850 3524 1957 3582 est,
1985 3519 2159 3576 homo

515 3602 900 3660 aberraverat.

590 3692 718 3746 «Et
776 3709 910 3747 cum
969 3694 1063 3748 vix
1120 3710 1359 3765 parvam
1418 3695 1639 3752 stillam
1698 3698 1989 3754 sermonis
2030 3699 2159 3769 ejus

516 3780 899 3836 audierimus.
933 3804 962 3834 υ
1006 3782 1247 3839 Parvam
1288 3783 1527 3853 stillam,
1562 3785 1861 3841 hominem
1886 3802 2155 3860 assump-

514 3873 643 3925 tum
673 3868 1095 3943 intelligamus,
1129 3871 1313 3944 quiin
1344 3873 1573 3946 psalmo
1620 3875 1957 3931 Hermonim
1989 3893 2160 3933 mons

518 3958 785 4015 modicus
816 3959 1145 4033 appellatur
1199 3963 1371 4034 (Psal.
1431 3981 1547 4032 xm,
1575 3966 1653 4035 7).
1708 3966 1776 4020 Et
1835 3965 1893 4020 in
1924 3966 2160 4022 Daniele

516 4047 667 4121 lapis
696 4050 925 4107 excisus
983 4052 1143 4124 (Dan.
1177 4070 1239 4121 11,
1299 4053 1411 4125 34),
1443 4058 1499 4109 et
1548 4053 1833 4110 faciculus
1888 4058 2065 4127 guttae
2096 4055 2155 4111 in

516 4140 752 4197 Cantico
784 4140 1144 4199 canticorum
1178 4144 1331 4216 (Cap.
1365 4161 1405 4211 1,
1436 4160 1574 4199 vers.
1606 4145 1718 4216 42).

585 4257 613 4283 ις
648 4232 789 4298 Quis
820 4233 1031 4306 poterit
1058 4234 1340 4291 tonitrum
1400 4234 1824 4307 magnitudinis
1882 4234 2041 4290 illius
2067 4235 2157 4291 in-

2268 3427 2551 3494 tanquam
2575 3420 2803 3489 dixerit,
2821 3422 3212 3494 Quoadusque
3235 3426 3324 3478 est
3357 3422 3717 3480 halitusvitzn
3734 3422 3917 3495 hujus

2268 3511 2327 3568 in
2361 3528 2475 3578 me,
2508 3510 2565 3566 id
2598 3514 2705 3579 est,
2741 3514 3055 3582 antequam
3116 3510 3370 3580 moriar;
3430 3513 3532 3568 sed
3587 3512 3771 3579 donec,
3812 3526 3917 3583 pro

2265 3617 2480 3673 semper
2508 3605 2684 3672 atque
2721 3604 2982 3673 perpetuo
3008 3599 3117 3657 hoc
3147 3600 3273 3657 loco
3305 3601 3528 3657 dictum
3582 3617 3710 3658 esse
3740 3616 3914 3659 nove-

2267 3691 2474 3747 rimus.
2508 3690 2667 3747 Sicut
2697 3689 2778 3745 ait
2834 3689 2961 3762 ipse
3015 3690 3299 3746 Dominus
3355 3690 3427 3745 ad
3472 3690 3757 3762 populum
3814 3705 3918 3762 per

2268 3780 2653 3854 prophetam:
2715 3781 2823 3851 Ego
2878 3796 3020 3848 sum,
3078 3780 3158 3834 ait
3204 3780 3504 3859 Dominus,
3562 3783 3613 3834 et
3641 3779 3914 3859 donecse-

2266 3872 2502 3926 nescatis
2532 3885 2629 3938 ego
2659 3885 2800 3924 sum.
2834 3869 2959 3924 Non
2990 3866 3148 3923 enim
3180 3858 3313 3938 post
3343 3871 3702 3923 senectutem
3732 3858 3921 3922 hOmi-

2271 3978 2414 4016 num
2447 3965 2598 4015 Deus
2631 3975 2749 4015 non
2778 3956 2908 4025 erit,
2933 3972 3067 4011 cum
3091 3955 3310 4013 eisdem
3355 3956 3550 4030 potius
3580 3972 3750 4013 senes
3781 3973 3915 4012 cen-

2268 4051 2448 4118 tibus,
2473 4054 2623 4106 Deus
2655 4052 2933 4120 perpetuo
2963 4049 3215 4102 maneat.
3249 4048 3334 4102 Ad
3366 4045 3511 4101 illud
3542 4050 3734 4101 autem
3759 4046 3913 4117 quod

2266 4138 2584 4195 Psalmista
2612 4138 2725 4194 ait:
2759 4136 2912 4192 Dixit
2944 4138 3211 4193 Dominus
3251 4137 3479 4193 Domino
3536 4151 3675 4204 meo,
3728 4133 3849 4189 sede
3877 4150 3915 4189 a

2265 4231 2479 4287 dextris
2508 4231 2666 4299 meis,
2698 4227 2863 4283 donec
2891 4242 3096 4300 ponam
3145 4228 3399 4283 inimicos
3456 4230 3573 4282 tuos
3614 4224 3917 4281 scabetlum

514 4322 688 4393 tueri)
727 4344 756 4373 υ
778 4325 898 4379 Hoc
915 4322 1056 4379 dicit
1078 4341 1091 4379 :
1116 4323 1164 4380 si
1214 4325 1539 4396 assumptio
1591 4325 1790 4379 formai
1832 4325 1982 4379 servi
2013 4340 2157 4396 pene
2258 4320 2464 4393 pedum
2484 4323 2703 4374 tuorum
2725 4318 2896 4389 (Psal.
2914 4333 3024 4387 CIX,
3052 4317 3127 4390 1),
3153 4316 3294 4389 quid
3319 4315 3615 4372 dicimus?
3640 4313 3791 4386 quod
3821 4329 3920 4385 po-

515 4412 909 4469 ineﬁabilibus
939 4412 1233 4486 mysteriis
1265 4413 1616 4481 continetur,
1648 4416 1704 4468 et
1734 4414 1806 4469 ad
1849 4430 2155 4486 compara-

514 4504 739 4560 tionem
807 4503 1167 4559 assumentis
1233 4501 1335 4557 Dei
1397 4501 1553 4557 stilla
1635 4502 1972 4574 permodica
2028 4506 2154 4558 est:

516 4597 735 4667 quanto
766 4591 956 4664 magis
1001 4591 1250 4664 quisque
1306 4607 1421 4646 non
1475 4590 1688 4662 poterit
1735 4590 2016 4647 tonitrum
2043 4610 2159 4649 ma-

2266 4415 2571 4480 steaquam
2595 4406 2819 4463 inimici
2842 4406 3094 4478 subjecti
3117 4406 3351 4475 fuerint,
3367 4404 3635 4461 Christus
3648 4419 3763 4459 non
3787 4416 3914 4457 ses-

2266 4515 2442 4556 surus
2456 4498 2533 4554 sit
2545 4497 2616 4553 ad
2632 4498 2929 4553 dexteram
2943 4495 3045 4552 Dei
3058 4494 3246 4551 Patris
3259 4494 3353 4550 iet
3368 4493 3465 4549 ubi
3479 4492 3743 4548 eritillud
3759 4491 3915 4563 quod

2267 4589 2352 4645 ait
2379 4586 2622 4660 angelus
2647 4604 2659 4642 :
2694 4591 2764 4643 Et
2792 4586 2948 4656 regni
2973 4585 3091 4655 ejus
3120 4600 3236 4638 non
3264 4583 3369 4638 erit
3399 4582 3528 4651 ﬁnis
3558 4583 3708 4650 (Luc.
3743 4580 3915 4651 133)?

519 4680 847 4756 gnitudinis
878 4681 1132 4736 intueri:
1167 4680 1225 4736 id
1258 4684 1364 4752 est,
1389 4680 1579 4752 ipsam
1612 4680 1995 4749 divinitatem,
2029 4699 2156 4754 qua:
2188 4695 2235 4761 D
2268 4679 2510 4751 Propter
2540 4677 2697 4750 quod
2728 4675 2914 4743 donec,
2948 4672 3008 4728 in
3057 4671 3273 4727 talibus
3327 4669 3492 4739 locis,
3545 4669 3779 4761 ut_dixi,
3813 4686 3915 4761 pro

519 4772 649 4828 ideo
676 4768 953 4827 tronitrui
984 4770 1222 4826 nomine
1254 4771 1409 4826 dicta
1437 4775 1562 4828 est:
1597 4771 1734 4843 quia
1782 4788 1917 4827 cum
1965 4773 2035 4827 de
2064 4790 2163 4827 ex-

519 4861 675 4919 celso
706 4861 863 4916 fama
890 4860 1147 4916 nominis
1170 4861 1298 4932 ejus
1328 4862 1387 4916 in
1418 4861 1646 4918 Christo
1672 4862 1811 4919 Jesu
1869 4861 2014 4917 Filio
2054 4878 2161 4918 suo

519 4951 693 5009 terris
723 4948 1005 5018 insonuit,
1042 4954 1097 5005 et
1125 4949 1464 5006 hominibus
1495 4952 1603 5006 hoc
1660 4952 1889 5023 fragore
1943 4949 2161 5007 teribili

518 5041 796 5110 innotuit,
827 5057 1000 5097 nemo
1027 5044 1223 5097 tamen
1254 5058 1456 5097 eorum
1490 5041 1701 5114 poterit
1727 5046 1909 5097 totam
1954 5040 2163 5096 divini-

516 5133 653 5191 tatis
686 5133 814 5204 ejus
844 5131 1309 5204 magnitudinem
1341 5131 1728 5205 intelligentia
1784 5131 2068 5203 contueri,
2099 5130 2159 5185 id

516 5229 624 5291 est,
682 5222 852 5294 illud,
911 5226 977 5277 In
1028 5223 1313 5294 principio
1365 5229 1484 5277 erat
1540 5222 1768 5277 Verbum
1822 5230 1875 5277 et
1931 5222 2161 5277 Verbum

498 5308 634 5371 erat
653 5313 800 5387 apud
826 5314 1019 5384 Deum,
1050 5320 1102 5368 et
1154 5318 1298 5368 Deus
1325 5316 1443 5367 erat
1476 5312 1705 5367 Verbum
1762 5314 1940 5384 (Joan.
2002 5329 2041 5379 1,
2084 5311 2156 5382 1).

1084 5402 1312 5458 CAPUT
1367 5402 1587 5457 XXVII.

592 5518 621 5546 «
677 5494 918 5551 Addidit
972 5507 1207 5567 quoque
1263 5492 1393 5563 Job,
1449 5509 1760 5549 assumens
1817 5491 2159 5565 parabolam

517 5599 708 5658 suam,
739 5589 797 5641 et
839 5585 1018 5642 dixit:
1051 5584 1205 5640 Vivit
1233 5589 1407 5651 Deus,
1441 5582 1542 5655 qui
1573 5582 1816 5639 abstulit
1866 5582 2156 5654 judicium

515 5688 737 5748 meum,
760 5676 818 5731 et
833 5677 1203 5750 omnipotens
1219 5674 1321 5748 qui
1345 5674 1418 5731 ad
1440 5673 1897 5732 amaritudinem
1920 5671 2162 5727 adduxit

516 5764 778 5826 animam
808 5780 1079 5824 meam.»
1137 5768 1288 5825 Dum
1334 5784 1472 5826 eum
1520 5765 1890 5824 innocentem
1958 5778 2161 5839 poenae

2267 4771 2538 4842 perpetuo
2563 4770 2653 4822 est
2684 4762 3157 4835 intelligendum.
3190 4761 3306 4816 Nec
3339 4777 3455 4816 non
3485 4763 3542 4816 et
3582 4759 3726 4815 illud
3758 4759 3913 4831 quod

2271 4859 2344 4914 de
2368 4854 2611 4927 Joseph,
2650 4856 2707 4909 et
2761 4853 2933 4908 beata
2990 4848 3174 4906 Maria
3230 4848 3588 4922 evangelista
3643 4847 3743 4921 ait,
3800 4848 3917 4903 Non

2269 4945 2624 5018 cognoscebat
2683 4942 2850 4998 donec
2900 4941 3114 5014 peperit
3185 4940 3364 5011 ﬁlium
3441 4938 3649 5012 (Matth.
3707 4954 3748 5006 1,
3802 4937 3914 5009 25).

2269 5036 2411 5103 Quis
2442 5034 2598 5091 enim
2630 5038 2719 5090 est
2749 5048 2929 5105 super
2956 5030 3296 5087 veneranda:
3327 5029 3505 5085 beatae
3528 5027 3718 5084 Mariae
3739 5025 3917 5098 virgi-

2268 5126 2451 5183 nitate
2480 5124 2562 5182 ita
2592 5123 2995 5196 blaSphemus,
3030 5123 3096 5175 ut
3126 5120 3235 5175 hoc
3268 5119 3473 5175 saltem
3515 5118 3728 5176 audeat
3757 5116 3918 5189 cogi-

2270 5222 2413 5287 tare,
2446 5219 2513 5271 ut
2540 5219 2671 5288 post
2702 5214 2888 5270 Deum
2915 5210 3294 5280 Salvatorem,
3328 5208 3515 5266 ﬁlium
3574 5223 3770 5278 suum,
3816 5205 3918 5262 illa

2270 5308 2461 5363 virum
2512 5303 2890 5379 cognoverit?
2948 5300 3199 5358 Proinde
3255 5300 3582 5355 secundum
3612 5297 3914 5352 veritatem

2272 5398 2405 5453 ﬁdei
2440 5396 2761 5464 catholicae,
2823 5395 2997 5451 donec
3028 5395 3084 5446 et
3137 5390 3232 5445 hic
3284 5389 3437 5445 sicut
3485 5404 3663 5460 supra
3692 5385 3916 5442 dictum

2270 5491 2378 5556 est,
2414 5504 2517 5559 pro
2565 5501 2784 5555 semper
2839 5481 3264 5553 intelligamus.
3317 5478 3414 5534 Ait
3471 5494 3606 5551 ergo
3638 5474 3919 5531 Dominus

2268 5576 2459 5646 Jesus,
2493 5576 2633 5648 quia
2659 5587 2892 5646 semper
2940 5569 3161 5626 halitus
3215 5567 3535 5625 divinitatis
3591 5566 3649 5622 in
3683 5582 3775 5621 me
3806 5569 3915 5633 est,

2269 5666 2409 5741 quia
2438 5664 2766 5722 secundum
2814 5660 2874 5717 id
2932 5660 3088 5736 quod
3144 5658 3320 5716 homo
3382 5674 3537 5727 sum,
3596 5659 3654 5713 et
3709 5654 3768 5711 in
3800 5653 3915 5711 Deo

2271 5756 2544 5821 conditus
2575 5769 2709 5817 sum
2741 5755 2799 5815 et
2828 5752 3082 5826 creatus,
3140 5749 3327 5811 habeo
3376 5747 3437 5809 in
3494 5762 3590 5808 me
3636 5744 3911 5827 spiritum
