4310 6570
401 409 521 470 733

400 540 596 597 Patris
651 539 788 608 mei,
842 553 1158 610 meumque
1208 529 1674 594 substantialiter

403 645 539 702 ergo
571 630 652 685 ita
694 629 894 684 dicens
933 645 944 683 :
977 627 1171 683 Donec
1224 627 1489 683 deﬁciam
1539 643 1655 682 non
1686 624 1950 682 recedam
1986 623 2058 678 ab

404 717 734 774 innocentia
766 734 914 774 mea.
940 716 1084 782 Quia
1106 733 1243 789 ergo
1271 716 1665 772 innocentiam
1690 733 1802 770 non
1826 729 2056 768 morum

404 807 696 864 industria
744 805 1052 878 acquisivi,
1095 807 1195 861 sed
1249 805 1309 860 in
1359 821 1426 861 ea
1458 809 1521 860 ut
1568 809 1741 860 natus
1791 820 1944 872 sum,
1977 803 2059 857 ita

403 914 534 953 sum
557 898 778 968 justus,
812 901 868 952 et
900 895 1203 951 innocens.

471 1037 499 1065 «
533 1014 725 1069 Donec
775 1011 1068 1082 deﬁciam,
1123 1027 1236 1066 non
1285 1011 1550 1067 recedam
1602 1011 1672 1066 ab
1723 1008 2056 1065 innocentia

398 1118 548 1158 mea.
587 1124 606 1150 ι)
646 1103 764 1174 Ego
805 1101 961 1156 enim
1011 1101 1184 1155 etiam
1219 1100 1268 1155 si
1297 1099 1357 1154 in
1407 1099 1501 1155 his
1532 1099 1890 1155 cruciatibus
1936 1114 2054 1152 mo-

396 1191 533 1258 riar,
573 1207 686 1247 non
727 1191 999 1246 recedam
1054 1189 1128 1243 ab
1159 1189 1491 1244 innocentia
1541 1205 1690 1255 mea,
1724 1203 1902 1259 quam
1950 1202 2052 1242 vos

397 1281 565 1352 quasi
599 1280 1017 1353 blasphemum
1051 1277 1108 1334 in
1140 1279 1224 1334 eis
1256 1295 1350 1334 me
1375 1278 1638 1335 asseritis
1670 1276 2014 1351 perdidisse.

476 1417 497 1445 α
529 1396 1020 1453 Justiﬁcationem
1060 1411 1251 1451 meam
1305 1411 1482 1467 quam
1516 1394 1662 1466 coepi
1712 1399 1906 1450 tenere
1938 1409 2052 1448 non

339 1523 342 1532 ι
396 1487 685 1542 deseram.
715 1507 743 1537 »
777 1485 974 1541 Potuit
1003 1485 1110 1541 hoc
1144 1483 1405 1542 Salvator
1452 1484 1663 1551 dicere,
1692 1486 1758 1538 ut
1786 1483 1960 1538 homo
1993 1482 2052 1536 in

396 1577 578 1631 Deum
612 1578 974 1648 assumptus,
1001 1575 1170 1645 cujus
1201 1574 1438 1654 initium
1465 1577 1553 1629 est
1586 1573 1910 1629 secundum
1934 1589 2055 1628 car-

394 1681 530 1720 nem
580 1681 649 1720 ex
700 1664 923 1736 virgine
968 1664 1150 1720 Maria
1199 1680 1210 1719 :
1259 1666 1563 1736 peccatum
1615 1666 1810 1718 autem
1860 1661 2052 1718 homi-

393 1753 505 1822 nis,
537 1769 641 1809 nec
675 1754 972 1810 nascendo
1003 1753 1229 1823 habuit,
1263 1769 1369 1809 nec
1418 1753 1710 1827 operando
1745 1752 2049 1819 contraxit,

393 1847 446 1898 et
477 1843 606 1899 ideo
639 1843 800 1900 solus
829 1843 1111 1900 veraciter
1139 1843 1280 1898 dicit
1313 1861 1324 1898 :

469 1982 496 2010 «
527 1961 725 2033 Neque
755 1960 914 2016 enim
938 1961 1313 2033 reprehendit
1346 1977 1438 2016 me
1459 1975 1558 2014 cor
1587 1976 1786 2015 meum
1807 1959 1865 2013 in
1891 1959 2052 2014 omni

391 2049 511 2105 vita
540 2065 690 2104 mea.
735 2049 898 2105 Sicut
936 2049 1180 2122 impius,
1226 2050 1504 2105 inimicus
1537 2065 1725 2117 meus,
1757 2052 1813 2104 et
1847 2049 2053 2104 adver-

398 2138 591 2194 sarius
622 2155 812 2209 meus,
837 2139 1005 2210 quasi
1034 2139 1299 2211 iniquus.
1326 2163 1354 2190 ››
1391 2139 1508 2195 Hoc
1539 2138 1663 2194 loco
1688 2138 1880 2194 omnis
1909 2137 2050 2205 vita,

395 2244 652 2299 praesens
696 2229 816 2283 vita
864 2227 1245 2301 intelligenda
1293 2233 1403 2298 est,
1451 2245 1567 2302 quo
1615 2232 1876 2300 tempore
1932 2227 2054 2283 haec

395 2317 645 2384 dicebat,
681 2325 959 2389 tanquam
1008 2316 1057 2373 si
1109 2318 1372 2373 diceret:
1424 2322 1567 2373 Tota
1618 2333 1773 2372 nunc
1820 2331 2052 2372 conver-

396 2406 546 2460 satio
596 2422 727 2462 mea
774 2406 1305 2478 irreprehensibilis
1338 2411 1445 2462 est.
1493 2407 1618 2462 Non
1667 2407 1823 2462 enim
1865 2421 2057 2479 repre-

395 2493 597 2549 hendit
642 2512 735 2550 me
783 2512 881 2550 cor
928 2512 1124 2551 meum
1156 2495 1217 2550 in
1263 2495 1424 2551 omni
1472 2495 1592 2550 vita
1640 2511 1769 2550 mea
1803 2512 1815 2550 :
1849 2493 1908 2549 id
1941 2499 2050 2561 est,

395 2582 547 2639 male
579 2584 987 2650 suadentibus,
1009 2589 1074 2639 ut
1104 2588 1160 2640 et
1185 2601 1284 2640 vos
1304 2585 1496 2640 facitis
1531 2585 1602 2639 ad
1625 2571 2052 2655 blasphemiam

393 2671 769 2728 hortantibus
798 2691 911 2728 non
945 2673 1324 2729 consensensi
1348 2691 1360 2729 :
1383 2674 1537 2745 quod
1569 2678 1624 2728 et
1651 2691 1795 2729 uxor
1816 2678 1878 2727 ut
1911 2674 2056 2730 face-

404 2778 550 2830 rem,
603 2763 906 2819 suadebat.
967 2763 1093 2818 Non
1151 2764 1309 2819 enim
1369 2764 1746 2836 reprehendit
1802 2779 1894 2818 me
1956 2780 2053 2818 cor

399 2867 596 2907 meum
640 2851 698 2907 in
749 2852 906 2908 omni
956 2853 1072 2908 vita
1120 2870 1269 2908 mea.
1303 2853 1462 2908 Sicut
1503 2853 1724 2924 impius
1774 2852 2049 2907 inimicus

399 2957 586 3008 meus,
637 2944 694 2996 et
749 2942 1118 2998 adversarius
1175 2959 1342 2998 meus
1392 2943 1560 3013 quasi
1615 2942 1874 3013 iniquus.
1923 2942 2047 2997 Non

399 3031 724 3086 secundum
775 3031 1051 3086 meritum
1112 3030 1372 3102 loquitur
1421 3031 1728 3087 hominum
1781 3035 2048 3102 peccato-

398 3135 529 3173 rum
565 3136 577 3174 :
610 3119 930 3190 praedicens
958 3119 1094 3191 quid
1149 3119 1558 3192 unusquisque
1608 3135 1958 3191 permanens
1986 3118 2045 3173 in

398 3208 653 3280 peccatis
684 3212 1026 3281 recepturus
1056 3210 1127 3266 ab
1158 3226 1223 3266 eo
1257 3209 1350 3266 sit.
1384 3210 1551 3266 Nunc
1583 3209 1655 3265 ad
1687 3226 1821 3266 eum
1853 3209 2044 3266 locum

399 3302 758 3353 revertamur
790 3316 802 3355 :

473 3434 501 3464 «
532 3415 666 3481 Quae
695 3418 786 3470 est
814 3414 974 3470 enim
1007 3431 1140 3488 spes
1189 3415 1503 3488 hypocriten
1552 3416 1600 3472 si
1633 3432 1800 3472 avare
1831 3414 2042 3487 rapiat,

397 3507 454 3558 et
485 3518 601 3558 non
631 3501 837 3559 liberet
865 3509 1014 3560 Deus
1038 3504 1295 3561 animam
1319 3506 1484 3576 ejus?
1506 3505 1836 3580 Hypocrita,
1871 3505 2045 3560 ﬁctus

395 3592 457 3647 in
490 3592 768 3661 amicitia,
799 3593 885 3649 vel
925 3594 1164 3650 dolosus
1214 3593 1580 3667 intelligitur.
1625 3599 1912 3662 Quantam
1944 3611 2044 3650 vos

397 3682 800 3754 cupiditatem,
829 3688 886 3738 et
934 3684 1103 3756 quasi
1152 3685 1402 3740 avaritiae
1433 3685 1594 3741 sitim
1642 3684 1932 3758 patimini,
1962 3683 2046 3739 in-

399 3771 546 3842 quit,
580 3772 636 3826 in
669 3771 907 3828 interitu
942 3789 1090 3841 meo,
1118 3779 1181 3828 ut
1212 3790 1304 3830 me
1335 3773 1482 3830 votis
1509 3775 1632 3845 jam
1666 3775 1724 3830 in
1756 3779 2043 3830 tartarum

399 3860 641 3933 rapiatis
672 3861 700 3915 ?
749 3862 936 3934 Super
981 3861 1090 3917 hac
1144 3862 1323 3935 igitur
1378 3863 1629 3920 nefanda
1682 3863 1979 3919 voluntate
2030 3878 2044 3917 :

400 3965 578 4021 quam
603 3966 768 4022 spem
800 3951 977 4006 veniae
1009 3954 1142 4007 ante
1171 3951 1355 4008 Deum
1387 3952 1697 4022 habebitis,
1731 3952 1781 4008 si
1812 3969 1928 4007 non
1959 3968 2051 4007 ac-

400 4038 715 4109 quiescetis
749 4044 880 4112 Deo,
915 4043 980 4096 ut
1011 4057 1112 4096 vos
1143 4039 1202 4096 in
1237 4040 1345 4097 hac
1390 4041 1510 4098 vita
1539 4042 1851 4098 emendare
1881 4057 2045 4098 cure-

398 4127 496 4183 tis.

476 4235 772 4306 Numquid
805 4241 956 4292 Deus
1004 4237 1201 4292 audiet
1247 4237 1561 4294 clamorem
1593 4239 1742 4310 ejus,
1775 4255 1908 4294 cum
1952 4254 2046 4295 ve-

405 4323 554 4379 nerit
586 4339 762 4396 super
791 4341 927 4381 eum
959 4326 1253 4397 angustia.
1287 4349 1314 4376 »
1347 4327 1409 4381 In
1441 4331 1703 4399 tempore
1732 4328 1928 4399 itaque
1961 4344 2047 4383 re-

405 4413 768 4482 tributionis,
811 4414 1044 4486 quando
1093 4414 1272 4487 impio
1326 4419 1571 4472 ventura
1619 4421 1707 4473 est
1753 4418 2046 4490 angustia,

404 4502 636 4559 nullum
684 4503 793 4559 erit
821 4503 1147 4559 remedium
1179 4504 1590 4576 peccatoribus
1625 4521 1637 4560 :
1673 4507 1812 4577 quia
1849 4523 2048 4578 preces

404 4608 606 4648 eorum
639 4591 925 4648 Dominus
956 4591 1016 4647 in
1046 4592 1138 4648 die
1169 4592 1410 4650 ultionis
1441 4611 1555 4650 non
1589 4595 1889 4667 suscipiet.

477 4729 506 4760 ‹‹
534 4710 650 4765 Aut
678 4709 890 4782 poterit
919 4708 979 4765 in
1023 4710 1421 4783 omnipotente
1473 4709 1764 4781 delectari,
1798 4715 1855 4767 et
1883 4711 2046 4768 invo-

405 4815 535 4854 care
577 4804 757 4854 Deum
808 4799 968 4854 omni
1013 4800 1383 4871 tempore?»
1424 4801 1477 4856 Is
1523 4800 1583 4856 in
1631 4803 1742 4857 Deo
1773 4801 2045 4858 delectari

403 4889 634 4960 poterit,
678 4893 735 4944 et
776 4887 1044 4944 invocare
1090 4904 1246 4955 eum,
1281 4890 1382 4961 qui
1429 4889 1537 4945 sibi
1588 4890 1734 4947 bene
1780 4893 2048 4948 conscius

405 4982 559 5036 recte
589 4978 910 5050 praesumit,
933 4983 987 5033 et
1021 4977 1122 5050 qui
1154 4995 1216 5033 se
1243 4977 1421 5035 talem
1444 4980 1789 5048 exhibuerit,
1824 4986 1888 5038 ut
1911 4999 2052 5056 quo-

401 5065 543 5123 libet
567 5071 830 5140 tempore
858 5070 1153 5124 mereatur
1181 5067 1391 5124 audiri.

481 5209 506 5236 «
542 5186 770 5242 Docebo
801 5203 902 5242 vos
934 5202 1036 5258 per
1082 5203 1325 5242 manum
1361 5187 1461 5242 Dei
1512 5204 1636 5260 quae
1685 5188 2054 5262 omnipotens

407 5272 642 5344 habeat,
675 5289 779 5329 nec
809 5272 1184 5330 abscondam.
1217 5275 1359 5353 Ecce
1389 5291 1490 5332 vos
1531 5292 1734 5337 omnes
1765 5277 1970 5342 nostis,
2001 5283 2058 5334 et

410 5361 548 5435 quid
599 5362 724 5419 sine
775 5380 954 5419 causa
999 5380 1148 5419 vana
1191 5363 1503 5436 loquimini
1533 5363 1561 5420 ?
1611 5365 1741 5422 Haec
1786 5370 1874 5424 est
1921 5385 2056 5440 pars

408 5451 665 5508 hominis
710 5453 874 5525 impii
918 5454 1070 5524 apud
1102 5458 1307 5525 Deum,
1339 5459 1396 5511 et
1427 5455 1736 5512 haereditas
1778 5457 2056 5514 violento-

409 5559 541 5598 rum
574 5558 753 5614 quam
785 5542 855 5597 ab
884 5541 1295 5615 Omnipotente
1344 5544 1686 5618 suscipient.
1727 5567 1748 5596 ιι
1785 5545 1890 5601 Illa
1920 5547 2060 5603 dicit

409 5648 535 5705 quae
566 5631 743 5689 habet
771 5631 927 5688 Deus
959 5631 1018 5688 in
1048 5647 1228 5692 manu
1259 5649 1324 5693 ac
1351 5639 1659 5714 potestate,
1691 5639 1746 5697 et
1774 5635 1835 5694 in
1865 5653 2057 5698 secre-

408 5721 488 5798 tis
511 5721 754 5802 judieiis
783 5720 929 5782 suis.

1445 400 1966 466 COMMENTAR.
2014 399 2092 458 ΙΝ
2135 396 2272 458 .ΙΟΒ
2319 395 2484 457 CAP.
2535 395 2786 457 XXVII.

1724 552 1738 590 :
1787 532 2054 605 sequitur
2083 530 2138 598 Α

3700 397 3817 456 734

2241 551 2269 580 ‹‹
2303 527 2361 585 Si
2393 527 2763 600 multiplicati
2789 526 3003 584 fuerint
3030 525 3134 581 filii
3165 527 3316 598 ejus,
3338 525 3399 582 in
3429 526 3623 599 gladio
3646 533 3818 584 erunt

2171 624 2224 675 et
2255 624 2493 691 nepotes
2539 620 2667 690 ejus
2700 635 2813 673 non
2863 617 3288 673 saturahuntur
3314 633 3482 687 pane.
3519 639 3548 667 ››
3581 618 3647 672 In
3676 617 3816 674 ﬁliis

2170 713 2224 765 et
2255 709 2561 781 nepotibus
2606 707 2888 779 reliquam
2941 722 3173 762 omnem
3221 706 3619 778 posteritatem
3652 707 3816 762 malm

2167 798 2559 870 generationis
2592 797 2864 869 signavit.
2889 795 3218 868 Aliquando
3243 795 3300 850 in
3332 796 3669 866 Scripturis,
3701 814 3814 851 non

2167 887 2357 942 solum
2401 887 2616 942 carnali
2667 886 2962 958 progenie,
2996 902 3198 940 verum
3247 885 3422 940 etiam
3475 902 3705 942 morum
3736 886 3812 941 si-

2166 975 2501 1032 militudine
2533 975 2636 1031 ﬁlii
2669 975 3059 1048 appellantur.

2241 1115 2261 1140 «
2298 1092 2405 1155 Qui
2447 1091 2653 1163 reliqui
2704 1091 2920 1146 iuerint
2967 1107 3034 1146 cx
3065 1107 3151 1160 eo,
3185 1090 3541 1163 sepeliantur
3570 1091 3627 1146 in
3662 1091 3813 1146 inte-

2164 1179 2303 1251 ritu,
2338 1186 2396 1236 et
2424 1181 2608 1236 viduae
2660 1180 2818 1236 illius
2851 1197 2964 1236 non
3016 1180 3346 1253 plorabunt.
3383 1203 3412 1232 »
3444 1181 3561 1236 Hoc
3593 1181 3816 1253 signifi-

2165 1287 2294 1326 care
2325 1270 2470 1325 mihi
2499 1269 2750 1339 videtur,
2787 1271 2938 1343 quod
2989 1286 3091 1342 per
3119 1277 3383 1343 tempora
3413 1271 3485 1327 ad
3517 1287 3815 1327 summam

2162 1363 2501 1432 egestatem,
2554 1359 2672 1416 sive
2719 1360 3038 1425 miseriam,
3085 1359 3274 1432 proles
3326 1360 3490 1431 impii
3535 1360 3813 1427 hominis,

2164 1451 2283 1506 sive
2313 1451 2609 1522 generatio
2640 1450 2980 1506 deducenda
3013 1450 3107 1518 sit,
3139 1455 3197 1506 et
3243 1450 3432 1505 viduae
3461 1466 3663 1506 eorum
3693 1466 3811 1521 pra:

2163 1539 2345 1595 nimio
2377 1541 2632 1596 instante
2664 1540 2775 1596 sibi
2817 1539 2992 1612 malo,
3027 1540 3160 1596 flere
3191 1557 3304 1594 non
3339 1543 3631 1611 poterunt.

2240 1679 2267 1706 ‹‹
2297 1656 2354 1711 Si
2404 1657 2853 1729 comportaverit
2900 1656 3071 1728 quasi
3122 1661 3336 1712 terram
3383 1661 3714 1728 argentum,
3759 1659 3816 1712 et

2164 1746 2316 1802 sicut
2353 1746 2543 1802 lutum
2592 1746 3003 1819 praeparaverit
3049 1746 3418 1802 vestimenta.
3455 1768 3483 1795 ››
3514 1746 3817 1801 Insatiabi-

2161 1833 2277 1890 lem
2324 1835 2704 1908 cupiditatem
2737 1853 2803 1892 ac
2831 1835 3164 1908 voraginem
3208 1835 3524 1909 quamdam
3556 1834 3811 1907 inexple-

2081 1911 2128 1976 B
2161 1923 2295 1980 bilis
2325 1925 2502 1996 hujus
2534 1924 2701 1997 impii
2731 1925 2890 1981 dicit.

2238 2054 2266 2083 ‹‹
2299 2033 2650 2105 Precparavit
2689 2033 2948 2105 quidem,
2982 2034 3081 2090 sed
3127 2034 3329 2105 justus
3357 2033 3639 2089 vestietur
3670 2031 3808 2104 illis,

2164 2125 2222 2177 et
2253 2127 2557 2194 argentum
2607 2122 2888 2179 innocens
2919 2123 3154 2178 dividet.
3189 2145 3217 2172 »
3263 2123 3331 2177 Et
3360 2121 3633 2178 Salomon
3682 2123 3764 2178 ait
3796 2139 3808 2178 :

2166 2213 2273 2280 Qui
2319 2213 2622 2284 ampliﬁcat
2675 2212 2904 2268 divitias
2946 2229 3071 2268 suas
3115 2229 3237 2267 cum
3285 2213 3468 2268 usuris
3515 2211 3821 2267 abundanti

2164 2301 2344 2372 (Prov.
2374 2319 2573 2375 xxvm,
2603 2302 2658 2375 8)
2695 2320 2706 2358 :
2744 2301 2842 2374 qui
2877 2301 3192 2358 miseretur
3221 2317 3546 2375 pauperum
3581 2317 3819 2374 congre-

2164 2396 2262 2463 gat
2288 2408 2406 2448 eas.

2237 2519 2266 2551 ‹‹
2296 2498 2619 2554 Ᾱέὀὶῐὶοεινὶι
2665 2499 2816 2554 sicut
2844 2499 3003 2554 tinea
3050 2499 3290 2554 domum
3339 2514 3531 2565 suam,
3564 2502 3621 2553 et
3659 2497 3813 2553 sicut

2165 2593 2361 2645 custos
2387 2590 2521 2644 fecit
2544 2587 2973 2643 umbraculum.
3006 2609 3031 2640 ι)
3064 2588 3164 2643 His
3186 2588 3374 2644 verbis
3394 2587 3504 2643 hoc
3534 2588 3634 2658 ait,
3654 2587 3808 2658 quod

2163 2678 2338 2734 homo
2371 2678 2590 2750 impius
2624 2679 2840 2734 frustra
2882 2677 3230 2733 laboraverit
3263 2694 3275 2732 :
3310 2676 3808 2748 quandoquidem,

2162 2768 2249 2823 vel
2282 2768 2396 2823 cito
2428 2768 2870 2822 transeuntibus
2912 2767 3109 2833 rebus,
3132 2765 3220 2821 vel
3245 2765 3418 2820 tineis
3449 2763 3810 2826 demolienti-

2160 2858 2293 2928 bus,
2346 2861 2535 2912 status
2583 2856 2742 2912 illius
2789 2857 3000 2912 domus
3050 2860 3440 2928 comparatur.
3488 2853 3710 2909 Aliter:
3748 2853 3806 2909 Si

2162 2946 2609 3017 comportaverit
2639 2945 2806 3015 quasi
2841 2950 3054 3000 terram
3095 2950 3424 3016 argentum,
3453 2949 3509 2998 et
3537 2943 3690 2998 sicut
3716 2942 3806 2997 lu-

2158 3039 2283 3090 tum
2309 3033 3136 3107 prmparaveritvestimentum
3153 3051 3163 3088 :
3182 3033 3527 3105 praeparabit
3549 3033 3780 3104 quidem
3794 3072 3807 3098 ,

2159 3124 2259 3180 sed
2284 3123 2483 3195 justus
2511 3123 2796 3179 vestietur
2818 3122 2956 3190 illis,
2991 3127 3047 3177 et
3076 3127 3382 3195 argentum
3416 3123 3696 3178 innocens
3727 3121 3812 3176 di-

2157 3212 2333 3268 videt.
2352 3213 2680 3269 zEdiﬁcavit
2710 3213 2862 3268 sicut
2885 3212 3042 3267 tinea
3072 3212 3313 3268 domum
3344 3228 3535 3280 suam,
3569 3215 3626 3267 et
3655 3211 3810 3268 sicut

2077 3283 2120 3351 (ἶ
2161 3306 2358 3359 custos
2389 3302 2525 3358 fecit
2571 3300 3004 3358 umbraculum.
3040 3301 3142 3356 Hic
3191 3318 3327 3372 ergo
3358 3301 3597 3373 impius,
3631 3316 3804 3371 quem

2153 3391 2452 3448 diabolum
2484 3408 2614 3448 esse
2643 3391 2914 3464 superius
2942 3391 3218 3456 diximus,
3242 3390 3301 3444 in
3333 3389 3806 3460 praevaricatione

2151 3482 2288 3536 Adae
2321 3481 2608 3553 pretiosos
2630 3497 2897 3553 quosque
2925 3485 2983 3536 et
3004 3479 3192 3535 claros
3218 3478 3393 3546 viros,
3418 3483 3482 3533 ut
3513 3482 3726 3533 terram
3749 3482 3808 3532 et

2157 3569 2349 3626 lutum
2364 3570 2506 3626 viles
2525 3571 2887 3642 constituit,a
2908 3570 3126 3642 quibus
3144 3568 3320 3624 etiam
3333 3567 3577 3624 virtutes
3589 3571 3645 3624 et
3657 3568 3809 3623 bona

2156 3665 2376 3717 natura:
2406 3659 2564 3716 velut
2592 3660 2946 3716 vestimenta
2975 3660 3244 3728 detraxit,
3269 3662 3325 3714 et
3342 3673 3546 3713 eorum
3569 3673 3801 3725 aurum,

2155 3768 2270 3823 quo
2302 3750 2514 3806 divitiae
2539 3751 2750 3805 mentis
2773 3749 3202 3823 signiﬁcantur.
3228 3749 3295 3802 Hi
3317 3749 3473 3804 enim
3496 3747 3710 3803 divitiis
3732 3747 3802 3801 ad

2153 3840 2470 3914 imaginem
2485 3839 2998 3896 etsimilitudinem
3011 3839 3298 3895 Creatoris
3310 3837 3402 3894 sui
3417 3837 3645 3911 pulchri
3669 3835 3804 3892 facti

2156 3931 2406 3998 fuerant,
2432 3934 2488 3985 et
2517 3929 2820 4002 compositi
2851 3947 2864 3985 :
2899 3929 2996 4000 qui
3025 3945 3122 3984 eas
3154 3928 3469 3984 auferendo
3499 3928 3571 3982 ab
3602 3927 3705 3994 eis,
3730 3926 3801 3982 ad

2158 4036 2448 4076 summam
2468 4035 2567 4075 eos
2588 4019 2972 4092 indigentiam
2985 4017 3384 4090 vilitatemque
3403 4015 3803 4090 perduxit.His

2156 4108 2337 4181 igitur
2358 4108 2532 4163 rebus
2555 4107 2823 4164 homines
2849 4105 3350 4178 comparantur,in
3370 4104 3801 4174 Adam,utdixi,

2157 4197 2382 4254 seducti
2432 4215 2466 4253 a
2495 4197 2745 4265 diabolo,
2778 4213 2905 4267 qua:
2956 4195 3014 4250 in
3046 4200 3314 4251 creatura
3363 4194 3570 4251 mundi
3598 4192 3806 4249 viliora

2154 4287 2444 4344 videntur.
2479 4287 2589 4344 Sed
2613 4288 2818 4358 justus
2849 4285 3148 4357 Dominus,
3183 4289 3239 4340 et
3266 4285 3420 4341 Deus
3448 4288 3664 4351 noster,
3699 4301 3804 4339 au-

2159 4378 2395 4435 ferendo
2444 4396 2478 4434 a
2528 4377 2780 4446 diabolo,
2814 4378 3091 4446 praedicta
3140 4375 3326 4448 spolia
3371 4374 3732 4447 captivorum
3788 4390 3801 4428 :

2156 4467 2317 4540 ipsos
2369 4476 2608 4540 quoque
2632 4468 2890 4540 captivos
2930 4467 3205 4537 liberans,
3237 4481 3386 4537 quos
3437 4463 3712 4519 inimicus
3743 4463 3802 4518 in

2158 4557 2462 4614 interitum
2512 4562 2955 4631 praeparaverat,
3010 4555 3327 4612 Ecclesiam
3376 4559 3642 4611 sanctam
3691 4553 3805 4609 sibi

2077 4664 2125 4728 Ι)
2158 4648 2422 4704 exhibuit
2443 4664 2506 4704 ex
2541 4649 2626 4704 eis
2652 4665 2664 4703 :
2691 4648 2985 4704 mundans
3009 4663 3135 4702 eam
3159 4645 3386 4702 lavacro
3420 4661 3584 4717 aqua:
3607 4644 3664 4698 in
3686 4660 3805 4699 ver-

2155 4741 2253 4806 bo,
2284 4748 2458 4809 atque
2487 4755 2616 4794 cam
2639 4738 2765 4794 sine
2797 4735 3026 4792 macula
3045 4741 3098 4793 et
3123 4753 3269 4810 ruga
3296 4735 3555 4792 efﬁciens
3584 4735 3800 4805 (Ephes.

2157 4847 2212 4898 v,
2245 4829 2333 4896 26,
2367 4831 2454 4900 27)
2489 4844 2501 4882 :
2538 4828 2594 4882 id
2629 4833 2738 4898 est,
2772 4845 2980 4900 puram
3012 4845 3044 4883 a
3074 4831 3330 4900 peccato,
3355 4833 3413 4885 et
3441 4825 3804 4884 confessione

2164 4917 2300 4974 ﬁdei
2329 4916 2679 4990 simplicem,
2704 4919 2957 4989 pretioso
2981 4916 3172 4973 induit
3195 4918 3564 4974 vestimento.
3589 4921 3807 4988 Argen-

2163 5011 2290 5063 tum
2322 5008 2497 5064 etiam
2551 5024 2664 5080 quo
2700 5008 2993 5081 perspicui
3042 5009 3281 5080 quique,
3316 5014 3380 5064 ut
3419 5008 3546 5079 jam
3575 5006 3806 5062 locutus

2165 5115 2318 5166 sum,
2352 5101 2409 5154 et
2437 5097 2578 5154 clari
2609 5099 2812 5154 mundi
2843 5098 3023 5172 hujus
3044 5099 3494 5172 intelliguntur:
3528 5097 3809 5151 innocens

2162 5189 2362 5260 Agnus
2394 5187 2514 5254 Dei,
2547 5192 2602 5242 et
2632 5188 3050 5245 immaculatus
3083 5189 3310 5258 dividit,
3344 5203 3478 5243 cum
3509 5185 3808 5240 credentes

2167 5277 2223 5331 in
2257 5277 2484 5334 beatam
2515 5278 2690 5333 vitam
2722 5283 2778 5334 et
2817 5283 3093 5334 aeternam
3125 5277 3369 5350 gloriam
3403 5275 3602 5342 mittit,
3635 5277 3693 5330 et
3722 5274 3809 5327 in-

2169 5367 2432 5423 credulos
2462 5368 2522 5423 in
2543 5368 2929 5440 perditionem
2952 5368 3149 5424 mittit.
3175 5367 3302 5424 Sive
3330 5369 3636 5437 argentum
3659 5362 3816 5418 clara

2169 5461 2226 5512 et
2275 5456 2590 5529 splendens
2632 5457 2966 5530 eloquentia
3011 5456 3330 5520 sacularis,
3361 5471 3394 5509 a
3443 5454 3662 5510 mundo
3712 5469 3814 5525 per

2168 5547 2467 5603 Christum
2499 5549 2798 5618 aufertur;
2826 5546 3265 5604 utcredentium
3294 5543 3814 5616 facundia,nitenti

2169 5640 2228 5692 et
2259 5653 2403 5710 puro
2447 5636 2698 5712 eloquio,
2731 5638 2860 5710 ejus
2892 5634 3270 5709 Evangelium
3317 5635 3642 5705 vestiatur;
3673 5633 3813 5709 quia

2170 5727 2669 5806 quemadmodum
2694 5728 2899 5786 animm
2920 5725 3227 5784 hominum
3244 5725 3527 5786 virtutum
3553 5725 3814 5786 vestibus
