4310 6568
517 411 632 472 735

2009 405 2429 469 APPENDIX.

3805 397 3933 463 736

514 541 844 598 induuntur
875 557 888 596 :
916 538 1001 595 ita
1030 543 1088 596 et
1117 553 1330 597 sensus
1378 541 1520 596 dum
1550 539 1960 613 pradicatione
1987 555 2159 596 evan-
2190 542 2247 608 Α
2274 539 2615 596 missionem
2659 542 3052 611 peccatorum,
3114 533 3602 608 signiﬁcationem
3650 533 3932 606 spiritus,

515 629 889 704 gelizantium
935 628 1294 697 enuntiatur,
1327 631 1761 702 quodammodo
1791 630 2163 687 sermonibus

512 720 866 776 vestiuntur.
897 718 1222 774 Ediﬁcavit
1253 719 1403 776 sicut
1433 721 1590 775 tinea
1610 721 1850 776 domum
1882 736 2072 790 suam,
2107 723 2164 774 et

515 809 669 866 sicut
698 814 898 866 custos
931 807 1063 864 fecit
1093 809 1525 865 umbraculum.
1559 809 1632 864 Ut
1659 810 1817 866 tinea
1847 808 2161 874 consumit,

516 905 574 954 et
602 898 918 955 demolitur
964 898 1364 954 habitaculum
1407 916 1626 955 suum:
1663 900 1741 955 ita
1792 905 1847 954 et
1895 897 2163 954 diabolus

517 989 760 1044 domum
801 987 1009 1060 perditi
1041 988 1239 1060 populi
1272 987 1364 1044 sui
1415 989 1472 1043 in
1503 989 1803 1044 interitum
1835 989 1961 1059 ejus
1993 987 2166 1043 aediﬁ-

518 1077 654 1134 ﬁcat
683 1093 697 1133 :
734 1077 836 1149 qui
867 1077 1288 1134 habitationem
1321 1077 1433 1134 sibi
1464 1077 1900 1150 temporariam,
1933 1082 1989 1133 et
2019 1093 2162 1148 pau-

515 1166 680 1222 latim
737 1165 1048 1223 solubilem
1098 1167 1459 1239 prazparavit,
1509 1184 1891 1241 possessurus
1949 1171 2165 1223 aeterna

517 1254 826 1328 supplicia.
858 1255 964 1310 Hic
1013 1261 1103 1312 est
1149 1273 1286 1328 ergo
1317 1257 1412 1312 ille
1461 1258 1680 1330 impius
1730 1257 2034 1330 hypocrita
2063 1255 2161 1328 qui

517 1361 685 1400 avare
715 1344 885 1416 rapit.
920 1347 982 1400 In
1033 1363 1148 1402 non
1199 1351 1570 1402 convertente
1602 1346 1762 1402 nulla
1811 1362 1946 1418 spes
1985 1345 2162 1400 venia:

515 1435 644 1500 erit,
677 1450 812 1490 cum
864 1434 1042 1490 etiam
1093 1452 1270 1507 super
1319 1436 1458 1502 haec,
1492 1435 1748 1508 quadam
1795 1434 2036 1491 avaritia
2067 1452 2169 1490 sae-

513 1523 703 1579 viente
735 1523 926 1596 rapiat
973 1524 1242 1581 heminas
1292 1526 1364 1580 ad
1411 1525 1735 1581 interitum.
1769 1525 1916 1589 Quid
1947 1524 2163 1579 idcirco

513 1611 815 1684 hypocrita
844 1613 1059 1669 dicitur
1089 1631 1102 1670 :
1139 1615 1278 1685 quia
1301 1619 1357 1669 te
1387 1614 1768 1686 transﬁgurat
1798 1614 1858 1668 in
1889 1611 2163 1685 angelum

515 1700 666 1758 lucis
697 1702 769 1773 (II
797 1704 919 1759 Cor.
952 1720 1030 1772 x1,
1062 1704 1148 1774 14)
1183 1720 1196 1757 :
1231 1704 1403 1774 cujus
1451 1703 1626 1758 etiam
1661 1703 1976 1759 clamorem
2024 1719 2163 1758 sera:

515 1790 942 1863 deprecationis
973 1808 1089 1847 non
1122 1796 1211 1847 est
1239 1792 1524 1849 Dominus
1546 1793 1877 1858 auditurus,
1914 1809 2048 1848 cum
2079 1792 2167 1847 in-

2273 629 2487 702 pignus
2535 629 2710 686 etiam
2759 625 3046 684 Dominici
3096 623 3374 696 corporis,
3425 627 3481 678 et
3526 622 3928 678 haereditatem

2275 737 2410 776 cum
2440 719 2660 776 sanctis
2688 717 2909 790 angelis
2942 715 3101 787 regni
3132 712 3403 770 caelestis.
3439 712 3504 766 Hi
3549 727 3687 784 ergo
3717 727 3926 768 omnes

2275 809 2393 864 sive
2426 809 2563 880 quia
2612 808 2804 864 crucis
2851 805 3192 862 scandalum
3244 801 3572 875 patiuntur,
3625 801 3743 857 sive
3774 819 3930 873 pre-

2274 898 2609 969 sumptione
2639 897 2830 952 cordis
2862 895 2974 963 sui,
3009 899 3074 950 ut
3102 894 3162 949 in
3193 909 3384 949 errore
3416 889 3740 958 ambulent,
3773 890 3924 946 veri-

2273 988 2410 1043 tatis
2442 987 2737 1042 tramitem
2785 985 3165 1056 reliquerunt.
3201 983 3330 1038 Sive
3379 981 3518 1052 quia
3546 981 3927 1036 obscuratum

2273 1076 2558 1132 habentes
2605 1075 2987 1140 intellectum,
3019 1073 3323 1147 proprium
3351 1071 3544 1126 liberie
3595 1067 3918 1126 voluntatis

2273 1165 2604 1232 arbitrium,
2637 1165 2695 1220 in
2746 1164 3087 1220 inﬁdelitate
3119 1162 3455 1234 perdurant.
3488 1157 3593 1216 Vel
3627 1159 3763 1230 quia
3791 1159 3926 1215 abo-

2275 1255 2586 1312 minabiles
2636 1255 2767 1311 facti
2819 1258 3001 1310 sunt:
3053 1251 3376 1308 exaltantes
3424 1266 3522 1305 cor
3560 1264 3734 1305 suum
3784 1252 3917 1320 post

2275 1345 2573 1400 somnium
2603 1345 2831 1413 mortis,
2861 1343 2920 1398 in
2968 1341 3394 1398 resurrectione
3425 1338 3687 1412 aperient
3717 1336 3915 1394 oculos

2276 1450 2435 1500 suos,
2467 1439 2524 1489 et
2554 1433 2699 1488 nihil
2731 1431 3046 1488 invenient.

2352 1542 2373 1570 α
2423 1522 2832 1595 Apprehendet
2877 1538 3012 1577 eum
3061 1519 3231 1592 quasi
3280 1535 3442 1591 aqua;
3512 1516 3710 1589 inopia
3756 1519 3925 1572 nocte

2275 1612 2565 1684 opprimet
2590 1628 2725 1667 eum
2749 1614 3086 1684 tempestas.
3110 1631 3136 1658 »
3158 1609 3426 1665 Subitam
3449 1609 3765 1680 egestatem
3786 1621 3926 1677 prae-

2275 1701 2447 1757 dictis
2479 1702 2779 1768 divitibus,
2804 1700 2960 1756 velut
2990 1715 3203 1770 aquam
3235 1701 3720 1770 superventuram
3743 1693 3921 1766 signi-

2276 1792 2430 1862 ﬁcat,
2465 1792 2565 1862 qui
2608 1791 2862 1860 miseria,
2895 1793 2952 1845 et
3003 1788 3303 1861 inopinata
3334 1786 3445 1843 sibi
3473 1785 3763 1857 angustia,
3795 1801 3924 1856 qua

518 1880 608 1932 tra
639 1894 942 1948 pinnarum
991 1879 1296 1950 angustias
1345 1880 1520 1936 fuerit
1571 1885 1917 1936 coarctatus.
1953 1881 2013 1935 In
2048 1880 2163 1936 Deo
2196 1919 2241 1983 B
2276 1881 2640 1953 tempestatis
2673 1880 2908 1936 nomine
2938 1877 3092 1934 dicta
3122 1881 3229 1945 est,
3263 1876 3538 1983 nocte,
3570 1877 3922 1983 est‘repen‘te

519 1981 754 2038 quoque
785 1983 901 2022 non
931 1967 1040 2023 erit
1069 1967 1119 2023 ei
1160 1971 1228 2024 de
1259 1969 1409 2025 bono
1441 1970 1809 2026 conscientiae
1839 1970 2036 2043 aliqua
2063 1971 2161 2026 de-

516 2052 843 2111 lectationis
874 2055 1108 2124 ﬁducia,
1142 2057 1242 2112 sed
1291 2074 1395 2113 nec
1425 2057 1484 2113 in
1516 2057 1750 2114 laudem
1781 2058 2164 2114 confessionis

519 2159 652 2198 eum
687 2144 897 2215 poterit
927 2162 1256 2217 provocare,
1289 2147 1388 2218 qui
1420 2147 1479 2202 in
1513 2147 1957 2204 similitudinem
1989 2148 2162 2203 innu-

519 2233 889 2290 merabilium
921 2235 1174 2292 ﬁliorum
1203 2253 1447 2293 suorum
1497 2237 1695 2294 divina
1742 2239 2031 2294 sententia
2061 2239 2163 2295 Dei

517 2321 711 2394 gladio
744 2323 998 2379 ferietur.
1032 2325 1281 2398 Nepotes
1330 2327 1506 2382 etiam
1536 2326 1595 2382 in
1629 2327 1845 2399 quibus
1875 2326 1960 2381 illi
2002 2327 2167 2384 intel-

515 2412 781 2484 liguntur
810 2412 910 2484 qui
943 2413 1014 2470 ab
1046 2413 1164 2470 illis
1205 2416 1567 2472 seducuntur
1596 2433 1743 2488 quos
1775 2417 1937 2489 prius
1968 2417 2165 2475 diabo-

518 2501 613 2558 lus
643 2502 768 2572 ipse
801 2502 1142 2575 deceperat:
1173 2511 1435 2577 nepotes,
1469 2507 1733 2578 inquam,
1765 2508 1893 2578 ejus
1923 2524 2039 2563 non
2072 2525 2163 2564 sa-

518 2593 874 2650 turabuntur
910 2610 1060 2666 pane
1109 2594 1351 2652 visionis
1381 2596 1504 2664 Dei,
1539 2597 1739 2668 utique
1792 2598 2007 2654 famem
2039 2598 2165 2655 ino-

519 2684 795 2755 piamque
817 2685 1224 2756 passuri.Quia
1253 2702 1456 2742 omnes
1487 2687 1674 2743 sancti
1703 2687 2166 2760 contemplantes

517 2771 724 2842 Deum,
749 2773 1045 2830 reﬁciendi
1069 2775 1142 2830 ab
1173 2791 1238 2831 eo
1269 2780 1427 2844 sunt,
1451 2781 1507 2832 et
1537 2777 1833 2848 pascendi,
1867 2794 1983 2849 quo
2010 2795 2167 2833 nunc

519 2863 710 2935 angeli
759 2867 1117 2921 saturantur.
1172 2864 1467 2937 Reliquias
1517 2883 1750 2938 quoque
1799 2866 2034 2934 diaboli,
2070 2884 2167 2922 ex-

521 2955 768 3007 tremam
798 2953 1232 3025 generationem
1281 2955 1408 3025 ejus
1456 2954 1779 3028 intelligere
1827 2973 2165 3027 possumus,

522 3057 649 3112 quae
699 3041 989 3112 similiter,
1023 3047 1085 3097 ut
1117 3042 1243 3114 ipse
1289 3042 1578 3115 diabolus,
1610 3050 1666 3100 et
1697 3044 1802 3099 ﬁlii
1835 3061 1898 3101 ac
1929 3050 2169 3118 nepotes

521 3131 672 3200 ejus,
721 3145 856 3184 cum
904 3134 1020 3186 toto
1065 3147 1306 3204 corpore
1335 3131 1534 3205 populi
1582 3132 1674 3189 sui
1723 3134 2026 3190 interitum
2079 3153 2168 3191 se-

520 3217 829 3290 peliantur.
865 3217 982 3275 Illas
1031 3237 1262 3293 quoque
1289 3221 1498 3293 viduis,
1531 3222 1586 3278 id
1638 3227 1747 3291 est,
1779 3223 1986 3280 animae
2021 3241 2168 3297 quas

2274 1971 2416 2025 dum
2455 1970 2726 2026 nesciunt
2773 1969 3178 2041 opprimentur
3209 1983 3222 2023 :
3250 1967 3420 2038 juxta
3467 1964 3612 2020 illud
3642 1962 3922 2036 Apostoli,

2277 2063 2410 2116 Cum
2451 2061 2697 2116 dixerint
2723 2075 2837 2131 pax
2879 2062 2932 2113 et
2978 2057 3262 2123 securitas,
3314 2059 3445 2110 tunc
3490 2055 3805 2126 repentinus
3844 2054 3924 2108 eis

2271 2152 2616 2222 superveniet
2646 2150 2922 2204 interitus.
2959 2149 3007 2219 (Ι
3036 2147 3210 2202 Thess.
3244 2163 3301 2212 v,
3331 2146 3406 2214 3).

2351 2260 2377 2292 α
2404 2239 2590 2296 Tollet
2633 2255 2767 2295 eum
2813 2242 3022 2294 ventus
3054 2253 3252 2303 urens,
3297 2239 3354 2290 et
3385 2234 3626 2301 auferet,
3661 2235 3717 2288 et
3768 2230 3925 2287 velut

2273 2331 2444 2386 turbo
2496 2329 2683 2400 rapiet
2731 2344 2864 2384 eum
2915 2327 2986 2381 de
3035 2325 3160 2381 loco
3212 2340 3338 2380 suo.
3378 2346 3398 2373 ι
3434 2320 3606 2377 Venti
3662 2320 3921 2386 nomine,

2275 2419 2630 2476 sententiam
2671 2417 2836 2482 dixit,
2870 2433 2987 2488 qua
3015 2415 3175 2470 velut
3203 2413 3392 2486 pulvis
3441 2411 3690 2483 quisque
3720 2425 3922 2466 eorum

2274 2509 2614 2582 projicietur
2643 2525 2675 2562 a
2705 2506 2850 2562 facie
2881 2510 3066 2561 terrae.
3101 2508 3167 2560 Et
3187 2507 3396 2558 ventus
3425 2500 3519 2556 hic
3550 2500 3756 2556 divinae
3789 2514 3920 2555 sen-

2277 2599 2468 2656 tentia
2501 2614 2678 2654 urens
2725 2596 2961 2664 dicitur,
2995 2611 3061 2650 eo
3094 2593 3248 2666 quod
3299 2592 3370 2647 ad
3425 2591 3702 2664 gehennae
3734 2588 3924 2645 uredi-

2277 2705 2411 2746 nem
2443 2689 2563 2744 sive
2597 2685 2913 2758 compellit.

2356 2798 2376 2827 ι
2411 2778 2645 2833 Emittet
2694 2792 2871 2848 super
2919 2791 3076 2842 eum,
3107 2776 3165 2829 et
3208 2767 3321 2828 nOn
3376 2775 3591 2844 parcet.
3627 2792 3655 2821 ››
3702 2769 3924 2824 Ventus

2277 2868 2480 2940 utique
2511 2866 2810 2923 sententia)
2835 2864 2956 2931 Dei,
2984 2864 3102 2919 sive
3132 2862 3256 2935 ipse
3273 2862 3426 2917 Deus
3444 2877 3545 2933 per
3576 2856 3925 2915 sententiam

2269 2957 2515 3031 justitize
2547 2974 2684 3023 suae,
2720 2955 2909 3010 mittet
2936 2970 3112 3025 super
3132 2968 3266 3007 cum
3299 2967 3500 3024 pmnas
3534 2966 3546 3006 :
3581 2949 3634 3004 id
3669 2952 3778 3015 est,
3803 2963 3926 3002 me-

2279 3048 2458 3103 ritum
2491 3046 2813 3101 facinorum
2847 3059 3088 3100 suorum
3116 3041 3416 3113 suscipiet.
3450 3040 3576 3096 Non
3608 3038 3764 3096 enim
3794 3053 3928 3110 par-

2279 3142 2386 3208 cet,
2421 3153 2552 3192 cum
2581 3136 2782 3192 reddet
2811 3134 2860 3189 ei
2894 3132 3219 3189 secundum
3245 3147 3422 3204 Opera
3451 3146 3578 3186 sua.

2351 3250 2378 3277 ‹‹
2413 3226 2493 3282 De
2525 3242 2700 3280 manu
2732 3225 2862 3296 ejus
2910 3223 3141 3295 fugiens
3174 3221 3375 3293 fugiet.
3410 3243 3437 3270 »
3471 3220 3538 3274 Et
3566 3235 3679 3274 non
3711 3215 3931 3273 tenebi-

520 3307 674 3364 vitiis
704 3309 849 3377 suis,
877 3313 934 3364 et
962 3307 1254 3366 illecebris
1301 3310 1668 3384 voluptatum
1701 3313 1970 3370 diabolus
2002 3294 2166 3372 ener-
2199 3294 2242 3362 (ἶ
2281 3320 2397 3386 tur,
2433 3315 2646 3387 inquit,
2681 3294 2859 3370 manu
2885 3294 2992 3368 Dei
3014 3317 3077 3367 ut
3108 3310 3381 3376 salvetur,
3405 3311 3476 3365 de
3507 3325 3626 3382 qua
3653 3307 3810 3363 velut
3835 3307 3927 3361 fu-

516 3402 767 3466 vaverat,
793 3398 1115 3472 mollesque
1146 3401 1495 3473 reddiderat,
1523 3406 1588 3458 ut
1615 3419 1849 3459 omnem
1873 3403 2167 3459 fortitudi-

524 3503 658 3543 nem
691 3492 748 3543 et
776 3487 1112 3546 virilitatem
1145 3490 1505 3560 amitterent,
1528 3491 1691 3548 nulla
1720 3493 2072 3550 correctione
2102 3511 2169 3549 ac

523 3577 924 3635 satisfactione
955 3579 1360 3649 deﬁebunt,ut
1387 3581 1597 3638 saltem
1616 3581 1930 3654 aliquando
1963 3582 2168 3655 resipi-

525 3671 694 3723 scant
731 3668 803 3724 ad
835 3668 1041 3736 Deum,
1072 3685 1248 3741 quem
1279 3675 1562 3742 tanquam
1591 3672 1779 3730 virum
1827 3671 2167 3742 amiserant,

521 3755 678 3812 vitiis
707 3755 867 3812 velut
897 3758 1178 3815 adulteris
1208 3759 1572 3818 cohaerendo.

599 3869 626 3897 α
657 3845 826 3902 Dives
883 3863 1017 3904 cum
1073 3849 1397 3918 dormierit,
1439 3850 1582 3907 nihil
1643 3867 1840 3908 secum
1901 3852 2167 3908 auferet:

526 3935 745 4009 aperiet
795 3936 994 3994 oculos
1052 3955 1214 4007 suos,
1245 3944 1302 3996 et
1357 3939 1503 3996 nihil
1560 3940 1833 3997 inveniet.
1885 3966 1912 3993 ››
1973 3941 2170 3998 Multis

528 4027 720 4083 modis
791 4027 953 4084 dives
1019 4027 1368 4102 intelligitur
1424 4031 1484 4086 in
1563 4031 1878 4103 Scripturis
1934 4031 2168 4088 divinis.

524 4117 628 4173 Est
655 4116 816 4174 dives
864 4118 1240 4176 facultatibus
1270 4121 1516 4178 terrenis
1550 4138 1562 4177 :
1594 4121 1694 4178 sed
1736 4121 1786 4177 si
1839 4123 2080 4178 conﬁdit
2110 4122 2170 4178 in

525 4207 670 4280 ipsis
697 4208 936 4282 divitiis,
969 4211 1161 4268 cadet.
1201 4211 1306 4267 Hic
1348 4228 1486 4284 ergo
1517 4211 1676 4268 dives
1707 4228 1841 4268 cum
1873 4212 1932 4268 in
1963 4229 2170 4269 somno

526 4298 731 4355 mortis
756 4299 948 4368 fuerit,
973 4299 1119 4355 nihil
1143 4301 1214 4357 de
1235 4301 1360 4357 suis
1381 4300 1759 4358 facultatibus
1781 4285 1979 4357 secum
2004 4301 2166 4357 feret:

2278 3422 2359 3478 gm
2392 3402 2777 3472 modo,veloci
2801 3401 2972 3474 lapsu
3003 3401 3063 3457 in
3087 3400 3257 3456 ruina
3275 3399 3520 3456 decidet.
3541 3399 3702 3464 Quod
3729 3401 3928 3472 autem

2279 3495 2378 3562 ait,
2411 3493 2643 3567 fugiens
2674 3493 2876 3566 fugiet,
2902 3491 3023 3546 sive
3052 3495 3117 3546 ut
3144 3489 3242 3546 alii
3272 3490 3565 3558 dixerunt,
3588 3490 3722 3561 fuga
3747 3488 3930 3558 fugiet

2280 3588 2622 3658 pereuntem
2687 3582 2746 3637 in
2798 3583 3556 3654 perpetuum'peccatorem
3614 3576 3926 3650 signiﬁcat,

2280 3673 2424 3746 quia
2471 3687 2775 3744 nunquam
2827 3671 2904 3728 sit
2951 3670 3309 3727 revocandus
3355 3669 3426 3725 ad
3475 3668 3678 3738 vitam,
3711 3670 3766 3722 et
3806 3664 3928 3722 illic

2281 3762 2633 3837 pmnitentiaa
2663 3760 2824 3818 locus
2856 3776 2971 3815 non
3003 3761 3130 3816 erit.

2353 3876 2380 3902 «
2413 3852 2673 3924 Stringet
2718 3866 2895 3922 super
2935 3865 3070 3906 eum
3118 3863 3329 3903 manus
3373 3862 3531 3915 suas,
3565 3849 3622 3901 et
3665 3843 3931 3901 sibilabit

2281 3958 2456 4015 super
2485 3941 2673 4012 illum,
2707 3940 2942 3997 intuens
2996 3937 3190 3994 locum
3240 3937 3387 4006 ejus.
3425 3958 3451 3984 ››
3483 3934 3597 3988 Alii
3629 3934 3927 4002 dixerunt,

2280 4035 2510 4102 Planget
2554 4047 2722 4103 super
2771 4046 2893 4086 eum
2937 4027 3189 4083 manibus
3229 4027 3367 4095 suis,
3406 4028 3455 4080 et
3485 4023 3663 4078 trahet
3709 4037 3834 4076 eum
3862 4022 3932 4077 de

2283 4125 2393 4180 loco
2409 4138 2531 4178 suo.
2551 4121 2802 4176 Nutibus
2819 4117 3176 4192 quibusdam
3198 4131 3504 4187 corperum
3527 4113 3926 4168 humanorum

2281 4228 2592 4270 censuram
2643 4208 3007 4282 indignantis
3055 4206 3180 4275 Dei,
3209 4210 3266 4262 et
3311 4207 3514 4260 contra
3564 4204 3929 4276 peccatorem

2282 4303 2520 4359 divitem
2553 4299 2883 4366 irascentis,
2915 4298 3024 4353 hoc
3056 4311 3327 4353 sermone
3377 4292 3656 4350 describit
3687 4309 3700 4348 :
3735 4289 3835 4345 ubi
3865 4294 3926 4346 et

527 4389 820 4461 quoniam'
838 4390 1036 4446 nudus
1065 4389 1222 4446 venit
1263 4391 1556 4446 nascendo
1592 4408 1604 4446 :
1639 4391 1833 4446 nudus
1866 4389 2174 4446 revertitur
2273 4395 2400 4466 jam
2431 4390 2601 4464 quasi
2649 4388 2896 4447 sibilans
2940 4387 3158 4442 indicet
3188 4400 3361 4458 quam
3409 4389 3573 4440 atrox
3619 4379 3707 4437 illi
3738 4396 3933 4452 pinna-

526 4479 586 4535 in
615 4483 836 4536 terram
888 4479 1209 4536 moriendo.
1243 4479 1344 4535 Hic
1376 4479 1434 4535 in
1483 4479 1905 4538 resurrectione
1953 4481 2174 4553 aperiet

527 4567 730 4624 oculos
759 4585 920 4636 suos,
953 4573 1011 4624 et
1039 4567 1272 4624 nullum
1317 4568 1593 4626 meritum
1625 4569 1761 4625 boni
1793 4569 1984 4642 operis
2015 4569 2170 4626 inve-

527 4656 667 4713 niet.
699 4657 1036 4714 Judaaorum
1067 4673 1298 4729 quoque
1345 4659 1611 4731 populos,
1644 4659 2176 4732 propter_innume-
2206 4674 2251 4740 ι)

531 4745 738 4807 rabilia
765 4746 963 4804 divina
980 4747 1297 4804 beneﬁcia:
1334 4749 1752 4822 prophetarum
1784 4767 2016 4824 quoque
2049 4768 2176 4807 ora-

533 4836 686 4903 cula,
736 4837 858 4893 sive
908 4837 1329 4909 promissiones
1379 4839 1686 4911 plurimas,
1737 4845 1795 4897 et
1840 4841 1940 4896 Dei
1987 4840 2174 4912 ipsius

531 4927 807 4999 frequens
837 4926 1184 4998 alloquium,
1207 4929 1368 4985 dives
1397 4934 1487 4986 est
1514 4931 1726 4986 dictus.
1761 4929 1923 4986 Unde
1953 4930 2176 4986 eisdem

530 5016 751 5075 Judaais
780 5016 861 5074 ait
888 5017 1173 5074 Dominus
1203 5018 1263 5074 in
1293 5019 1600 5092 Evangelia
1633 5037 1646 5076 :
1687 5025 1784 5078 Vae
1811 5021 1958 5077 vobis
1988 5019 2176 5075 diviti-

533 5107 630 5164 bus
677 5112 832 5179 (Luc.
883 5125 964 5179 v1,
995 5109 1106 5180 24).
1159 5108 1408 5181 Superbi
1457 5126 1689 5182 quoque
1736 5127 1849 5166 non
1894 5110 2178 5166 habentes

531 5199 777 5272 spiritus
806 5203 1232 5272 paupertatem,
1265 5200 1471 5257 divites
1493 5201 1876 5274 appellantur.
1912 5201 2178 5257 Philoso-

533 5289 634 5362 phi
665 5289 840 5347 etiam
873 5289 1155 5346 habentes
1189 5291 1546 5357 facundiam,
1579 5296 1637 5347 et
1667 5291 1971 5348 scientiam
2005 5308 2176 5346 mun-

531 5379 767 5454 dialem,
799 5380 1010 5437 divites
1042 5383 1477 5454 nuncupantur.
1510 5381 1578 5436 Hi
1609 5397 1744 5437 cum
1774 5379 1834 5436 in
1865 5381 1958 5437 die
1989 5397 2178 5436 resur-

530 5471 804 5528 rectionis
837 5470 1058 5528 fuerint
1079 5469 1368 5538 suscitati,
1391 5469 1538 5527 nihil
1560 5471 1800 5528 remedii
1820 5487 1934 5542 quo
1958 5470 2178 5527 salven-

528 5563 630 5615 tur
666 5561 977 5618 invenient.
1011 5561 1330 5618 Haereticus
1360 5560 1536 5618 etiam
1591 5561 1840 5634 quisque
1871 5561 2029 5617 dives
2063 5561 2177 5616 dici

532 5652 724 5722 potest
754 5666 769 5707 :
801 5652 1074 5723 quoniam
1119 5653 1306 5710 multa
1335 5653 1454 5712 imo
1498 5651 1697 5710 omnia
1725 5652 1798 5708 de
1829 5654 2042 5708 sanctae
2071 5651 2177 5709 Ec-

533 5739 722 5802 clesiae
752 5744 1327 5805 renumerationibus
1357 5760 1420 5805 se
1466 5743 1682 5804 habere
1711 5741 2015 5821 praesumit
2048 5759 2060 5799 :
2095 5757 2180 5802 re-

2281 4499 2413 4539 rum
2445 4481 2608 4538 locus
2657 4481 3006 4538 reservetur.
3039 4477 3124 4532 Ad
3176 4475 3352 4532 talem
3403 4474 3598 4530 locum
3646 4475 3702 4528 et
3747 4469 3931 4526 Judas

2280 4571 2555 4630 Iscarioth
2585 4570 2746 4628 abiit.

2845 4655 3074 4713 CAPUT
3113 4653 3357 4708 XXVIII.

2360 4777 2387 4805 ‹‹
2423 4751 2605 4808 [labet
2631 4750 2938 4822 argentum
2970 4759 3253 4801 venarum
3275 4757 3516 4798 suarum
3549 4739 3852 4814 principia,
3876 4742 3934 4794 et

2287 4859 2430 4900 auro
2460 4842 2625 4896 locus
2655 4843 2764 4904 est,
2796 4837 2857 4892 in
2907 4851 3023 4907 quo
3073 4837 3376 4890 conﬂatur.
3407 4831 3647 4887 Ferrum
3679 4832 3749 4887 de
3782 4835 3935 4886 terra

2286 4931 2534 4997 tollitur,
2566 4933 2625 4984 et
2663 4926 2835 5000 lapis,
2869 4923 3101 4982 solutus
3151 4922 3360 4986 calore,
3395 4921 3453 4976 in
3499 4939 3576 4977 aes
3606 4920 3868 4977 vertitur.
3901 4939 3933 4971 ιι

2284 5020 2531 5077 Videtur
2561 5015 2707 5075 mihi
2740 5016 2894 5089 quod
2925 5030 3028 5088 per
3058 5013 3308 5085 aenigma
3337 5015 3394 5066 et
3427 5008 3786 5083 parabolam,
3819 5007 3929 5064 sub

2285 5111 2497 5167 horum
2541 5106 2882 5166 nominibus
2930 5103 3325 5170 metallorum,
3358 5117 3548 5156 mores
3597 5099 3930 5163 hominum,

2286 5205 2342 5258 et
2387 5199 2632 5256 virtutes
2677 5197 3014 5255 animorum
3061 5191 3376 5261 describat,
3421 5189 3662 5244 minime
3711 5187 3934 5242 ordinis

2287 5288 2742 5356 observantiam,
2767 5284 3186 5360 prophetarum
3218 5296 3398 5344 more,
3438 5277 3793 5334 custodiens.
3821 5281 3936 5329 Ar-

2287 5380 2445 5455 genti
2458 5383 2673 5449 vero,et
2685 5367 3936 5455 aurivocabulum,sccundumauctoritatem

2287 5453 2744 5544 Scripturarum,
2763 5465 2924 5523 verbi
2955 5461 3252 5534 eloquium
3272 5464 3328 5515 et
3353 5474 3564 5514 sensus
3591 5455 3769 5510 animi
3793 5453 3938 5510 indi-

2289 5577 2419 5618 care
2448 5560 2652 5617 voluit.
2674 5563 2806 5613 Haec
2832 5555 3186 5610 disserentes
3207 5552 3333 5621 jnos
3365 5547 3446 5602 ita
3476 5546 3742 5601 dicamus
3775 5561 3786 5599 ;
3821 5548 3936 5599 11a-

2286 5652 2384 5710 bet
2414 5653 2723 5726 argentum
2765 5659 3047 5704 venarum
3096 5654 3339 5700 suarum
3371 5635 3680 5726 principia,
3711 5639 3937 5726 etauro

2288 5741 2452 5804 locus
2482 5723 2571 5804 est
2599 5741 2659 5802 in
2709 5754 2823 5818 quo
2873 5734 3180 5798 conﬂatur.
3213 5733 3385 5790 Venae
3429 5724 3656 5804 argenti
3689 5741 3702 5784 :
3735 5723 3793 5784 id
3824 5727 3935 5802 est,
