4310 6590
361 494 478 559 ’737
1385 486 1906 550 COMMENTAR.
1953 485 2034 546 IN
2079 486 2220 548 JOB
2267 487 2440 548 CAP.
2486 487 2755 550 XXVIII.
3662 496 3781 558 738

364 625 603 684 initium
632 624 843 699 eloquii
876 624 948 680 ab
978 621 1186 680 animae
1210 621 1486 678 sensibus
1520 620 1706 678 oritur
1734 634 1750 678 :
1801 635 2014 678 sensus
2047 635 2102 704 Α
2213 642 2242 672 ‹‹
2271 625 2448 678 Terra
2475 623 2547 678 de
2572 639 2688 695 qua
2718 622 3018 679 oriebatur
3045 623 3302 696 panis,in
3337 625 3461 682 loco
3495 644 3623 694 suo,
3655 631 3778 704 igni

365 734 500 775 vero
522 732 753 782 aureus,
786 713 1025 771 rationis
1055 731 1121 770 ac
1151 712 1449 786 sapientiae
1487 711 1713 784 judicio
1771 710 2015 767 fabrica—
2129 712 2414 768 subversa
2445 716 2552 768 est.
2589 735 2618 763 »
2648 712 2916 770 Diversae
2945 730 3039 770 res
3068 717 3125 770 et
3153 715 3436 773 obscuras
3465 721 3778 788 connectit,

370 811 488 876 tur,
523 809 578 862 et
607 813 668 860 ut
694 803 768 860 sit
796 803 1308 876 optimus,abigne
1335 801 1542 857 divinae
1565 801 2019 858 examinationis
2130 806 2198 857 ut
2284 818 2418 857 cum
2502 803 2901 875 superioribus
2974 802 3250 859 inferiora
3315 822 3432 861 non
3522 807 3782 866 haereant

373 895 714 970 probatione
745 895 1048 950 conﬂatur.
1083 891 1385 947 Fortitudo
1415 906 1572 959 vero,
1605 907 1732 964 quae
1756 890 1890 946 ferri
1918 907 2018 946 no-
2129 891 2381 948 Proinde
2412 892 2558 947 mihi
2593 893 2841 964 videtur,
2885 893 3026 965 quia
3054 893 3164 950 hoc
3216 893 3340 952 loco
3398 899 3617 955 terram
3677 901 3778 956 So-

374 986 530 1040 mine
550 983 898 1057 appellatur,
927 986 1017 1039 est
1070 998 1187 1054 qua
1234 985 1476 1047 terram,
1537 980 1593 1034 id
1653 985 1763 1047 est,
1823 981 2020 1035 carnis
2133 982 2444 1037 domorum
2476 982 2788 1052 describat,
2821 985 2992 1055 cujus
3017 984 3440 1042 abundantiam
3499 991 3556 1043 et
3603 1005 3782 1046 amca-

373 1078 582 1132 nostrze
610 1073 892 1128 malitiam
931 1072 989 1126 in
1016 1070 1184 1126 nobis
1206 1070 1467 1126 tollimus
1502 1085 1515 1126 :
1550 1070 1858 1124 adversum
1891 1063 2020 1124 eam
2131 1071 2379 1126 nitatem
2410 1089 2543 1127 cum
2576 1072 2961 1129 admiratione
2990 1071 3299 1131 collaudet.
3331 1076 3508 1133 Terra
3539 1079 3612 1134 de
3669 1097 3788 1152 qua

371 1171 570 1222 contra
599 1180 706 1218 nos
758 1162 1132 1228 militantem,
1189 1164 1246 1215 et
1292 1165 1493 1215 contra
1530 1158 1718 1230 legem
1778 1158 2020 1230 spiritus
2133 1161 2432 1218 oriebatur
2483 1163 2654 1234 panis
2712 1163 2772 1218 in
2814 1163 2941 1219 loco
2991 1181 3118 1232 suo,
3169 1164 3292 1236 igni
3339 1167 3621 1224 subversa
3675 1175 3784 1238 est,

371 1255 809 1310 conversantem
858 1250 1032 1322 (Rom.
1082 1267 1183 1319 v11,
1244 1249 1358 1320 23),
1413 1248 1600 1320 rigore
1686 1247 1891 1318 animi,
1968 1251 2024 1303 et
2134 1252 2262 1306 Haec
2301 1255 2458 1306 terra
2487 1255 2680 1323 potest
2711 1253 2992 1308 etJudaza
3021 1253 3291 1327 intelligi,
3326 1255 3386 1310 in
3436 1273 3553 1328 qua
3615 1259 3788 1330 panis

368 1343 587 1398 virtute
619 1355 1036 1414 repugnemus.
1063 1338 1550 1412 Lapidisquoque
1573 1337 1809 1393 nomine
1831 1337 2023 1393 cordis
2133 1339 2282 1414 legis
2343 1340 2460 1412 Dei,
2522 1357 2624 1412 per
2681 1342 3011 1398 doctrinam
3069 1344 3493 1415 prophetarum
3551 1348 3785 1420 populis

370 1433 660 1506 figuratur
689 1429 950 1500 durities,
976 1446 1102 1501 quae
1134 1445 1237 1501 per
1265 1428 1516 1485 calorem
1555 1432 1612 1483 et
1642 1428 1924 1483 fervorem
1958 1427 2025 1480 fi-
2134 1430 2506 1501 nascebatur,
2540 1447 2656 1501 qua
2685 1447 2881 1487 amore
2911 1430 3012 1486 Dei
3038 1448 3140 1503 per
3167 1433 3342 1489 fidem
3391 1432 3605 1491 Christi
3661 1453 3788 1492 car-

371 1522 463 1578 dei
489 1520 748 1576 resoluta
778 1517 1107 1576 mollescit:
1169 1522 1235 1574 ut
1291 1518 1548 1591 primum
1609 1518 1793 1590 possit
1849 1516 1910 1572 in
1956 1532 2021 1572 se
2136 1518 2290 1574 nalis
2321 1518 2468 1590 legis
2499 1518 2890 1592 intelligentia
2919 1520 3203 1576 subversa
3232 1526 3341 1592 est,
3387 1526 3444 1577 et
3503 1523 3563 1578 in
3598 1529 3785 1582 rectos

370 1611 548 1668 verba
579 1608 889 1666 scribentis
921 1608 1448 1681 recipere..Deinde
1476 1607 1633 1663 velut
1654 1607 1713 1662 in
1739 1623 1816 1662 aes
1866 1605 2019 1677 quod
2135 1607 2430 1680 tramites,
2465 1613 2522 1664 et
2543 1608 2881 1680 spirituales
2901 1625 3112 1666 sensus
3151 1611 3496 1684 constituta,
3549 1617 3616 1670 ut
3654 1613 3781 1685 jam

373 1717 656 1758 canorum
689 1700 1008 1769 est,merito
1042 1697 1370 1754 sanctitatis
1386 1696 1797 1769 proﬁciens,ad
1822 1695 2026 1751 laudes
2136 1697 2498 1754 occidentem
2529 1696 2784 1754 litteram
2814 1716 2932 1755 non
2961 1703 3261 1772 sequatur.

374 1794 432 1848 et
459 1789 678 1864 gratias
706 1793 819 1845 Deo
848 1789 1199 1858 oﬂerendas,
1227 1787 1360 1843 fidei
1385 1785 1679 1843 soliditate
1708 1785 2024 1857 perveniet.
2213 1806 2237 1836 α
2275 1787 2462 1841 Locus
2504 1786 2765 1859 sapphiri
2819 1787 3044 1860 lapides
3103 1790 3252 1861 ejus,
3285 1793 3341 1846 et
3392 1790 3572 1862 glebae
3629 1792 3792 1849 illius

444 1903 472 1931 ‹‹
501 1881 761 1952 Tempus
790 1879 988 1952 posuit
1012 1876 1293 1944 tenebris,
1322 1881 1381 1932 et
1413 1877 1822 1932 universorum
1847 1875 2026 1930 finem
2143 1875 2398 1931 aurium.
2433 1898 2461 1924 »
2492 1876 2600 1932 Per
2617 1877 3022 1950 metaphoram
3053 1879 3215 1949 dicit,
3250 1881 3404 1952 quod
3435 1881 3493 1935 in
3524 1883 3793 1938 Sodomis

371 1969 499 2042 ipse
531 1967 879 2025 considerat.
917 1989 945 2016 »
977 1970 1043 2022 In
1074 1966 1394 2038 Scripturis
1435 1965 1669 2030 divinis,
1694 1967 2028 2037 peccatores
2060 2011 2110 2076 B
2140 1965 2438 2021 uberrima
2471 1965 2688 2022 fuerint
2716 1966 2915 2022 omnia
2934 1970 2993 2023 et
3020 1969 3266 2040 optima,
3292 1986 3418 2042 quae
3441 1971 3617 2027 etiam
3650 1989 3793 2029 auro

372 2059 387 2076 1
472 2057 529 2076 η·
590 2075 638 2076 ,7
703 2057 986 2076 ,1,-,-_A___
1026 2055 1425 2076 AL:_.__..__-12__
1482 2059 1649 2076 _L.___-
1701 2053 2000 2076 L_!L-_l_l.2_
2146 2058 2195 2076 ,Δ
2229 2054 2496 2076 __-12-_2_
2529 2055 2821 2076 I__3_I!L,_a
2864 2066 3188 2076 -___,,,,,_,.
3322 2060 3345 2076 τ
3678 2062 3693 2076 ιι
3727 2063 3736 2072 ο
3780 2063 3790 2074 ι

372 2057 662 2129 homines,
695 2057 988 2113 daemones
1018 2055 1429 2130 etignorantize
1478 2059 1652 2127 atque
1701 2053 2028 2109 tribulatio-
2060 2053 2110 2076 ”
2140 2058 2198 2110 et
2229 2054 2499 2126 pretiosis
2529 2055 2825 2126 lapidibus
2856 2066 3290 2130 comparentur.
3322 2060 3509 2116 Locus
3530 2062 3794 2134 sapphiri
3846 2077 3848 2080 '

374 2164 498 2215 nes,
532 2147 651 2203 sive
673 2153 926 2220 peccata,
947 2162 1048 2217 pro
1071 2146 1264 2213 modo,
1285 2148 1343 2202 et
1390 2143 1534 2200 locis
1579 2145 1830 2201 tenebrae
1875 2160 2028 2199 nun-
2139 2143 2365 2217 lapides
2396 2145 2545 2216 ejus.
2578 2145 2673 2200 Sic
2704 2145 2845 2202 dicit
2870 2147 2922 2201 ei
2945 2147 3232 2204 Dominus
3263 2165 3366 2220 per
3394 2150 3740 2222 prophetam
3779 2170 3794 2208 :

379 2239 692 2309 cupantur.
2142 2238 2278 2291 Ecce
2306 2249 2400 2305 ego
2429 2242 2670 2289 sternam
2686 2251 2788 2308 per
2816 2237 3066 2292 ordinem
3091 2238 3300 2308 lapides
3357 2245 3496 2305 tuos,
3553 2248 3604 2296 et
3654 2243 3796 2311 fun-

451 2349 478 2377 «
511 2325 788 2397 Lapidem
821 2339 1055 2396 quoque
1078 2323 1369 2396 caliginis,
1395 2323 1742 2378 etumbram
1765 2322 2031 2378 mortis.»
2142 2323 2280 2379 dabo
2305 2331 2359 2378 te
2389 2324 2450 2378 in
2468 2324 2748 2395 sapphiris
2777 2325 2909 2397 (Isa.
2942 2343 3052 2392 LIV,
3110 2327 3218 2397 14),
3271 2331 3330 2382 et
3376 2327 3620 2400 reliqua.
3680 2330 3799 2386 Hoc
3843 2342 3846 2344 ‘

378 2419 548 2470 Hunc
580 2413 837 2486 lapidem
869 2413 1268 2486 metaphoriee
1297 2411 1596 2468 diabolum
1627 2412 1737 2467 hoc
1769 2411 1894 2467 loco
1943 2410 2033 2465 in-
2145 2411 2301 2468 enim
2334 2412 2539 2468 decore
2560 2413 2947 2484 pretiosorum
2978 2413 3264 2486 lapidum,
3296 2415 3354 2471 id
3387 2421 3496 2484 est,
3529 2419 3794 2475 omnium

379 2503 646 2576 telligere
673 2519 990 2575 possumus
1008 2521 1025 2555 :
1059 2503 1156 2575 qui
1181 2505 1415 2574 propter
1442 2518 1666 2559 errores
1706 2518 1846 2558 suos
1901 2499 2037 2572 qui-
2146 2502 2378 2559 Christo
2402 2502 2763 2558 credentium
2786 2520 2888 2575 per
2910 2508 3088 2561 Deum
3107 2505 3504 2572 Patrem,tunc
3517 2508 3800 2565 adornata

385 2596 499 2650 bus
524 2596 712 2649 totum
747 2594 1039 2649 mundum
1071 2592 1410 2659 involverat,
1441 2591 1592 2664 lapis
1625 2590 1895 2664 caliginis
1925 2590 2039 2645 dic-
2148 2595 2238 2647 est
2261 2592 2483 2657 Judea,
2516 2593 2752 2664 quando
2783 2593 3043 2665 gentium
3067 2594 3320 2667 populus
3349 2596 3400 2651 ei
3459 2613 3563 2669 per
3617 2598 3796 2654 fidem

385 2687 486 2740 tus
516 2687 624 2740 est.
659 2683 765 2749 Qui
798 2699 930 2737 cum
962 2681 1128 2738 fortis
1160 2685 1217 2737 et
1248 2685 1453 2753 potens
1487 2682 1582 2748 sit,
1618 2697 1721 2752 per
1769 2685 2039 2736 naturam
2149 2680 2363 2736 Christi
2395 2684 2484 2737 est
2512 2681 2840 2754 copulatus,
2881 2687 3064 2739 Locus
3095 2684 3356 2755 sapphiri
3387 2684 3614 2758 lapides
3643 2687 3794 2758 ejus,

397 2792 513 2847 qua
538 2777 627 2829 est
656 2791 690 2828 a
723 2774 834 2828 Deo
858 2771 1136 2828 conditus
1170 2789 1183 2828 :
1220 2771 1519 2827 confidens
1543 2787 1647 2843 per
1703 2771 2042 2842 superbiam
2151 2774 2211 2827 et
2240 2769 2420 2842 glebae
2449 2770 2608 2826 illius
2639 2788 2868 2828 aurum.
2899 2773 3146 2844 Lapides
3178 2773 3437 2845 pretiosi,
3484 2778 3541 2830 et
3589 2792 3798 2832 aurum

395 2863 457 2920 in
487 2862 698 2918 virtute
730 2879 856 2928 sua,
885 2866 943 2917 et
974 2879 1090 2916 non
1115 2861 1172 2917 in
1206 2859 1474 2928 Domino,
1506 2864 1562 2914 et
1618 2865 1730 2916 Deo
1789 2864 2046 2915 creatore
2153 2876 2272 2916 non
2302 2859 2361 2913 in
2393 2859 2614 2931 optima
2643 2865 2816 2928 terra,
2852 2863 2952 2917 sed
2980 2863 3039 2916 in
3087 2862 3352 2928 remotis,
3405 2867 3462 2919 et
3517 2865 3806 2936 squalidis

399 2970 526 3019 suo,
561 2950 823 3008 amiserit
854 2950 1149 3022 sapientiae
1178 2948 1400 3018 lumen,
1435 2965 1749 3006 conversus
1794 2948 1854 3004 in
1900 2947 2044 3004 stul-
2153 2947 2402 3005 inveniri
2433 2949 2729 3004 dicuntur.
2767 2950 2952 3022 Igitur
2984 2951 3308 3006 secundum
3339 2952 3497 3008 hunc
3553 2955 3798 3009 modum

402 3042 594 3098 titiam
642 3044 700 3096 et
730 3040 1024 3102 tenebras,
1058 3043 1114 3094 et
1166 3039 1381 3095 idcirco
1431 3039 1582 3110 lapis
1628 3037 1874 3111 calignis
1931 3037 2046 3093 dici
2153 3037 2353 3093 Iudaea
2378 3037 2594 3094 sterilis
2625 3038 2758 3106 fide,
2791 3044 2847 3094 et
2875 3039 3189 3096 infecunda
3208 3041 3548 3109 virtutibus,
3578 3043 3806 3107 habuit,

400 3131 608 3204 potuit,
645 3130 966 3187 secundum
999 3128 1167 3197 illud,
1203 3128 1410 3184 Stultus
1430 3131 1488 3183 in
1516 3129 1753 3183 tenebris
1800 3128 2049 3182 ambulat
2156 3127 2217 3181 in
2248 3143 2309 3181 se
2339 3127 2446 3182 hos
2477 3127 2702 3200 lapides
2735 3128 3045 3200 pretiosos,
3069 3129 3126 3184 id
3155 3134 3263 3197 est,
3325 3131 3693 3202 patriarchas
3751 3137 3813 3188 et

399 3221 688 3294 (Ecclen,
731 3219 833 3290 14).
869 3219 1030 3274 Sicut
1060 3235 1194 3291 ergo
1253 3218 1405 3291 lapis
1463 3217 1729 3290 caliginis
1781 3217 2050 3272 diabolus
2159 3215 2496 3288 prophetas,
2556 3221 2613 3272 et
2651 3235 2884 3274 omnem
2947 3223 3284 3275 sanctorum
3345 3211 3809 3278 multitudinem.

402 3303 765 3374 nominatur,
798 3309 879 3363 ita
908 3313 965 3363 et
989 3308 1201 3363 umbra
1229 3308 1436 3363 mortis
1475 3307 1711 3362 dicitur.
1764 3306 2050 3372 Quoniam
2163 3307 2352 3361 Locus
2381 3306 2646 3378 sapphiri
2675 3307 2899 3378 lapides
2923 3308 3073 3379 ejus,
3106 3313 3163 3363 et
3191 3308 3371 3380 gleba
3420 3313 3548 3381 ejus
3578 3327 3814 3366 aurum.

402 3399 461 3454 hi
489 3398 588 3471 qui
615 3415 676 3454 se
707 3399 778 3452 ab
811 3413 874 3451 eo
907 3396 1138 3452 defendi
1178 3413 1244 3453 ac
1283 3396 1504 3469 protegi
1537 3399 1748 3469 putant
1763 3394 1791 3449 ἐ
1824 3394 2054 3451 aeternis
2085 3383 2128 3449 C
2168 3394 2379 3450 Glebas
2411 3399 2623 3450 sancta;
2654 3399 2818 3451 terrae
2849 3397 3139 3464 Ecclesiae,
3174 3401 3409 3453 sanctos
3429 3399 3559 3469 ejus
3579 3403 3818 3471 propter

405 3495 468 3543 ut
497 3487 622 3558 ipse
642 3485 914 3541 diabolus
935 3485 1464 3558 gehennzeignibus
1485 3485 1858 3558 mancipandi
1889 3489 2048 3540 sunt.
2165 3484 2581 3540 fecunditatem
2634 3485 2921 3540 bonorum
2981 3502 3222 3556 operum
3273 3486 3604 3559 appellavit,
3665 3505 3814 3560 quos

485 3597 513 3629 tt
543 3575 754 3630 Dividit
782 3579 1012 3630 torrens
1039 3593 1072 3630 a
1102 3575 1315 3648 populo
1341 3574 1748 3648 peregrinante
1779 3591 2054 3645 eos,quos
2167 3573 2340 3629 etiam
2375 3577 2432 3628 et
2453 3578 2692 3645 propter
2721 3573 3047 3645 gratiarum
3081 3574 3416 3642 divisiones,
3445 3576 3644 3649 glebas
3674 3594 3810 3634 san-

407 3665 627 3724 oblitus
657 3669 746 3720 est
774 3681 877 3736 pes
910 3664 1133 3736 egentis
1161 3664 1442 3730 hominis,
1493 3670 1552 3720 et
1606 3665 1812 3720 invios.
1852 3687 1879 3713 »
1937 3664 2055 3718 Hoc
2165 3665 2294 3718 ctus
2326 3661 2581 3733 Spiritus
2613 3663 2797 3717 voluit
2842 3680 3182 3736 nuncupare
3216 3681 3228 3718 :
3267 3681 3382 3736 quo
3415 3666 3540 3722 auri
3600 3667 3812 3722 merito

408 3755 550 3811 dicit
585 3773 598 3822 ;
630 3753 904 3820 invios,id
935 3757 1045 3822 est,
1080 3758 1361 3822 errantes,
1395 3758 1450 3810 et
1478 3753 1610 3810 illos
1643 3771 1789 3826 quos
1839 3754 2056 3810 oblitus
2166 3755 2566 3817 censerentur,
2597 3751 2656 3805 in
2693 3768 2944 3823 quarum
3004 3753 3252 3809 occultis
3308 3754 3473 3810 venis
3528 3761 3813 3828 tanquam

408 3848 499 3901 est
527 3860 627 3916 pes
659 3844 883 3916 egentis
912 3842 1496 3915 bominis,separabit
1525 3848 1754 3899 torrens
1777 3861 1809 3899 a
1839 3843 2055 3916 populo
2167 3840 2499 3895 animarum
2532 3839 2880 3907 seminibus,
2939 3857 3150 3898 sensus
3205 3845 3405 3916 magni
3460 3845 3817 3917 pretiosique

408 3933 836 4006 peregrinante,
868 3948 933 3988 eo
967 3933 1120 4004 quod
1155 3933 1371 3987 oblitus
1402 3949 1605 3989 eorum
1665 3933 1741 3988 sit
1797 3949 2054 4005 gressus.
2167 3933 2506 3986 nascantur.

371 4058 374 4059 ν
409 4024 538 4078 Sive
570 4039 824 4094 praesens
882 4021 1242 4077 conversatio
1298 4022 1522 4094 egentis
1581 4022 1839 4078 hominis
1893 4023 2058 4096 pedis
2243 4041 2270 4067 ‹‹
2301 4019 2579 4074 Semitam
2611 4018 2898 4090 ignoravit
2929 4021 3072 4075 avis.
3111 4044 3137 4070 ››
3161 4023 3362 4078 Exitus
3411 4023 3698 4094 plurimos
3756 4023 3816 4078 in

410 4112 647 4168 nomine
679 4111 1009 4183 signiﬁcata
1039 4115 1144 4167 est.
1181 4111 1412 4167 Oblitus
1471 4115 1560 4166 est
1616 4112 1784 4177 dixit,
1843 4129 1948 4184 pro
1993 4128 2059 4167 eo
2171 4109 2373 4164 eadem
2408 4108 2644 4179 regione
2675 4109 2990 4165 multitudo
3018 4109 3415 4167 habitatorum
3477 4112 3707 4176 fecerat,
3765 4118 3820 4166 et

413 4201 569 4274 quod
591 4201 932 4273 praemissus
963 4217 1288 4271 egens,non
1314 4205 1404 4255 est
1435 4201 2060 4274 Deumprohujusmo-
2171 4197 2300 4252 ideo
2357 4198 2546 4251 forsan
2600 4196 2767 4266 dixit,
2815 4198 2970 4268 quod
3049 4200 3254 4255 avibus
3340 4217 3454 4272 praa
3527 4199 3816 4272 frequenti

413 4290 473 4344 di
505 4290 868 4360 deprecatus,
904 4306 1039 4344 cum
1072 4295 1266 4345 tamen
1299 4289 1671 4363 eleemosyna
1701 4295 1880 4346 Deum
1931 4306 2060 4363 pre-
2170 4286 2478 4342 hominum
2510 4285 2676 4358 copia
2706 4289 2945 4343 semitas
2967 4288 3253 4357 intuendi,
3285 4288 3373 4345 vel
3407 4287 3654 4345 facultas
3701 4287 3822 4345 illic

413 4383 598 4446 cetur,
623 4379 679 4434 id
703 4383 807 4449 est,
839 4379 1035 4452 ipsum
1059 4395 1205 4450 opus
1227 4379 1446 4434 bonum
1471 4381 1622 4450 quod
1645 4380 1819 4436 homo
1843 4379 2062 4443 fecerit,
2174 4375 2565 4448 respondendi
2595 4376 2975 4432 incedendive
3008 4394 3122 4432 non
3158 4378 3348 4433 fuerit.

413 4470 668 4542 quadam
725 4467 1201 4524 manil’estatione
1261 4467 1357 4522 sui
1415 4467 1692 4539 loquatur
1751 4469 1821 4524 ad
1880 4473 2062 4524 Deum
2246 4489 2275 4518 ‹‹
2308 4466 2421 4521 Nec
2451 4465 2700 4522 intuitus
2730 4471 2818 4521 est
2847 4483 2976 4522 eam
3017 4467 3221 4523 oculus
3275 4467 3547 4524 vulturis.
3585 4489 3614 4517 »
3673 4468 3821 4533 Quia

415 4559 532 4613 Hoc
564 4574 698 4630 ergo
729 4558 870 4612 dicit
900 4561 1141 4613 sanctus
1170 4557 1302 4621 Job,
1336 4558 1491 4628 quod
1542 4556 1730 4613 invios
1790 4558 1918 4613 sine
1974 4556 2066 4612 via
2174 4560 2297 4612 tam
2347 4556 2659 4611 condensis
2717 4556 2970 4622 frutetis,
3029 4561 3087 4612 et
3143 4557 3438 4630 contignis
3513 4557 3822 4613 arboribus

411 4663 560 4704 verae
592 4646 889 4720 religionis
912 4646 1186 4716 viventes,
1219 4653 1275 4702 et
1301 4647 1398 4718 qui
1433 4647 1895 4703 misericordiam
1927 4663 2067 4720 pau-
2176 4645 2400 4702 consita
2429 4649 2554 4699 erat
2585 4663 2597 4700 :
2632 4650 2696 4699 ut
2741 4662 2869 4700 eam
2930 4663 3062 4701 aves
3112 4647 3364 4719 desuper
3406 4645 3672 4711 volantes
3729 4647 3825 4702 de-

416 4737 674 4810 peribus,
704 4737 859 4808 quod
893 4741 981 4791 est
1016 4735 1229 4791 Christi
1287 4736 1566 4791 fratribus
1617 4753 1732 4792 non
1781 4737 2063 4807 fecerunt,
2096 4757 2144 4823 D
2176 4750 2413 4807 pascere
2443 4751 2556 4790 non
2580 4738 2837 4806 possent.
2869 4735 3147 4790 Semitam
3178 4735 3465 4808 ignoravit
3495 4735 3616 4792 avis
3651 4753 3663 4790 :
3721 4752 3828 4791 nec

416 4830 645 4881 torrens
677 4825 830 4896 ignis
864 4824 1299 4897 separet,simul
1321 4829 1378 4880 et
1399 4843 1433 4880 a
1465 4830 1800 4882 sanctorum
1834 4843 2068 4882 consor-
2097 4821 2129 4823 ﬁ
2176 4822 2424 4878 intuitus
2455 4828 2545 4877 est
2568 4838 2695 4877 eam
2729 4821 2936 4878 oculus
2958 4823 3232 4880 vulturis.
3279 4829 3460 4881 Avem
3521 4830 3578 4880 et
3633 4826 3828 4881 vultu-

418 4915 501 4970 tio
533 4914 770 4969 dividet.
806 4913 931 4969 Sive
960 4913 1052 4969 hic
1073 4929 1290 4985 egenus
1327 4915 1561 4987 proprie
1580 4915 1846 4972 Salvator
1868 4919 2068 4972 noster
2178 4928 2324 4981 rem,
2346 4911 2542 4982 ipsum
2573 4910 2871 4966 diabolum
2905 4928 3038 4968 cum
3071 4915 3196 4969 suis
3239 4931 3558 4986 possumus
3616 4914 3827 4977 dicere.

417 5002 782 5075 intelligitur,
818 5003 916 5075 qui
951 5008 1186 5076 propter
1215 5021 1321 5058 nos
1353 5019 1592 5076 egenus,
1619 5009 1675 5060 et
1707 5022 1928 5078 pauper
1956 5006 2067 5061 fac-
2179 5001 2279 5073 qui
2302 5001 2572 5057 semitam
2632 5000 2958 5072 spiritualis
3016 5003 3411 5075 intelligentiae
3453 5004 3511 5057 in
3568 5002 3714 5074 lege,
3773 5005 3832 5057 et

419 5093 515 5146 tus
538 5096 626 5147 est
652 5108 786 5146 cum
817 5092 977 5146 dives
1007 5095 1160 5148 esset
1206 5093 1279 5163 (II
1329 5093 1448 5148 Cor.
1507 5110 1628 5160 vm,
1685 5095 1762 5166 9).
1818 5099 1879 5149 In
1926 5095 2070 5166 pede
2179 5089 2667 5162 prophetiszhoc
2698 5095 2806 5156 est,
2839 5107 2967 5162 quae
3025 5093 3085 5147 in
3142 5093 3343 5148 Judan
3402 5091 3624 5147 occulte
3679 5107 3831 5162 prae-

421 5197 652 5252 quoque
671 5181 1352 5253 eius,dispensationem,
1400 5181 1487 5236 vel
1547 5183 1905 5239 assumentis
1965 5183 2069 5239 ho-
2179 5180 2544 5245 dicebantur,
2579 5195 2750 5236 nosse
2783 5180 3027 5236 minime
3059 5185 3398 5254 potuerunt.
3440 5180 3554 5237 Nec
3608 5179 3826 5235 intueri

418 5269 661 5332 minem,
694 5269 783 5326 vel
806 5272 1095 5326 mundum
1155 5271 1538 5343 ingredientis
1589 5273 1844 5328 adverte.
1907 5272 2070 5328 Unde
2180 5269 2377 5342 aliquo
2407 5269 2650 5341 vestigio
2679 5268 2932 5325 scientiae
2962 5267 3569 5339 valuerunt,as&culis
3591 5268 3828 5339 dispen-

417 5359 702 5431 propheta
731 5359 848 5413 ait:
886 5361 1062 5414 Exi.in
1098 5360 1160 5414 in
1205 5362 1441 5416 salutem
1491 5361 1683 5432 populi
1739 5363 1824 5416 tui
1871 5361 2072 5432 ("alme
2183 5359 2430 5416 sationis
2464 5359 2669 5414 futurae
2704 5360 3047 5414 abscondita
3077 5362 3463 5415 sacramenta.
3501 5361 3577 5413 De
3607 5357 3826 5428 quibus

420 5463 504 5514 III,
542 5449 646 5515 13).
675 5448 739 5501 Hi
765 5465 900 5521 ergo
934 5449 1033 5520 qui
1064 5449 1565 5522 dispensationem
1596 5451 1809 5506 salutis
1842 5467 1959 5505 suae
2011 5451 2070 5505 in
2183 5449 2264 5505 ait
2293 5448 2645 5520 Apostolus:
2673 5449 2771 5504 Dei
2797 5451 3129 5520 sapientiam
3163 5449 3440 5520 loqui-mur
3467 5447 3529 5501 in
3550 5448 3835 5518 mysteriis

419 5535 727 5608 Evangelio
751 5554 868 5593 non
900 5543 1263 5610 receperunt,
1298 5539 1574 5595 oblivioni
1607 5540 1726 5595 dati
1766 5545 1924 5608 sunt,
1973 5539 2072 5611 qui
2181 5556 2306 5614 qum
2337 5539 2649 5596 abscondita
2670 5547 2748 5596 est
2777 5558 2796 5596 :
2837 5557 3002 5613 quam
3059 5554 3222 5596 nemo
3271 5539 3612 5610 principium
3669 5537 3834 5610 hujus

419 5628 658 5682 credere
689 5644 791 5698 per
822 5627 1100 5682 duritiam
1125 5629 1368 5700 propriae
1400 5630 1717 5686 voluntatis
1736 5631 2069 5698 noluerunt,
2183 5631 2376 5687 saeculi
2403 5631 2650 5700 cognovit
2681 5631 2728 5699 (Ι
2753 5631 2878 5686 Cor.
2915 5645 2973 5697 η,
3013 5629 3069 5693 7,
3122 5627 3198 5697 8).
3258 5626 3538 5682 Semitam
3597 5625 3832 5700 ignora-

420 5716 490 5770 Et
520 5715 738 5771 idcirco
770 5715 908 5769 invii
940 5715 1078 5771 dicti
1112 5723 1270 5786 sunt,
1305 5719 1443 5790 quia
1473 5719 1794 5791 Christum,
1838 5721 1936 5794 qui
1988 5725 2076 5777 est
2181 5719 2266 5774 vit
2297 5719 2419 5774 avis
2452 5736 2466 5774 :
2511 5734 2616 5774 nec
2672 5717 2926 5796 intuitus
2978 5720 3067 5770 est
3123 5731 3253 5772 eam
3290 5716 3498 5773 oculus
3549 5717 3823 5780 vulturis.

419 5803 535 5872 via,
566 5821 682 5861 non
715 5809 1077 5876 receperunt.
2185 5812 2443 5865 Possunt
2469 5807 2564 5864 hic
2589 5808 2703 5863 duo
2734 5804 2936 5880 populi
2966 5804 3213 5880 intelligi
3267 5823 3382 5864 non
3440 5807 3715 5876 absurde,
3775 5807 3833 5867 id
