4220 6582
436 504 555 563 739

1925 488 2344 551 APPENDIX.

3724 470 3849 546 740

436 640 545 706 est,
576 634 914 693 Judaaorum
944 634 1003 689 et
1031 629 1319 706 gentium.
1365 626 1627 685 Carnalis
1684 640 1822 699 ergo
1878 624 2083 683 Judzea

2222 644 2417 699 ’aetum
2440 642 2528 700 est
2558 638 2687 698 istis
2709 636 3255 713 Evangelizantibus
3282 636 3552 706 verbum,
3583 638 3649 695 ut
3679 653 3854 695 mons

437 729 610 783 fidem
645 726 705 781 in
762 724 992 779 Christo
1048 738 1163 778 non
1221 721 1484 776 habens:
1534 719 1635 774 sed
1694 717 1888 789 potius
1942 716 2089 788 legis

437 817 714 890 operibus
772 814 990 881 vivens,
1049 812 1324 868 eumdem
1384 809 1683 865 Christum
1742 824 1844 880 pro
1917 806 2088 862 nobis

438 909 658 965 factum
689 904 959 961 semitam
984 901 1103 959 sive
1122 902 1296 967 viam,
1323 917 1440 972 qua
1464 898 1690 954 reditur
1720 898 1791 952 ad
1814 896 2085 968 patriam,

440 1004 503 1055 ut
534 995 837 1052 incredula
868 992 1155 1065 ignoravit
1196 1010 1208 1046 :
1243 994 1477 1061 propter
1524 986 1835 1043 elationem
1896 1002 2085 1052 suam,

440 1104 557 1161 qua
594 1103 657 1141 se
679 1084 922 1157 putabat
950 1082 1094 1154 legis
1117 1080 1393 1153 operibus
1409 1094 1583 1150 posse
1606 1076 2089 1148 justiﬁcari.Avis

437 1178 595 1233 dicta
624 1180 733 1241 est,
765 1172 906 1229 levis
953 1172 1180 1242 utique,
1240 1172 1297 1225 et
1354 1184 1538 1241 vaga:
1590 1170 1765 1238 atque
1825 1166 1885 1221 in
1945 1165 2091 1238 ipsis

432 1266 709 1339 operibus
741 1263 886 1335 legis
916 1259 1237 1316 instabilis.
1274 1257 1504 1313 Vulturi
1535 1272 1669 1313 vero
1701 1256 1965 1330 gentium
1999 1272 2093 1327 po-

432 1356 607 1430 pulus
636 1355 763 1409 ideo
795 1350 1113 1408 assimilari
1141 1350 1391 1416 videtur,
1417 1348 1695 1419 quoniam
1729 1363 1831 1418 per
1868 1361 2093 1401 errores

433 1449 799 1501 mortuorum
823 1440 1131 1497 hominum
1154 1438 1603 1508 discurrebat,et
1631 1437 1807 1491 rebus
1845 1434 2093 1489 mortuis

439 1534 807 1608 pascebatur.
841 1530 910 1585 Hi
941 1546 1078 1601 ergo
1110 1528 1409 1585 Christum
1467 1525 1613 1597 legis
1673 1525 1873 1580 littera
1932 1524 2093 1578 obte-

441 1629 624 1693 ctum,
658 1627 716 1678 et
742 1626 959 1678 terram
984 1616 1458 1690 repromissionis
1481 1632 1584 1687 per
1611 1614 1906 1669 Christum
1938 1613 2095 1668 tutu-

442 1730 591 1781 ram,
614 1710 925 1784 opacitatis
948 1707 1446 1781 significationum
1465 1703 1827 1760 umbraculis
1849 1720 1963 1758 non
1995 1720 2094 1783 po-

444 1806 688 1859 tuerunt
717 1800 956 1855 omnino
987 1795 1622 1870 perspicere.Semitam
1654 1792 2095 1866 ignoravitavis:

445 1908 551 1948 nec
581 1888 831 1945 intuitus
861 1891 951 1943 est
979 1904 1109 1941 eam
1133 1884 1341 1941 oculus
1371 1882 1766 1939 vulturis.Sub
1783 1882 1877 1938 his
1910 1882 2098 1938 nomi-

447 1981 626 2036 nibus
657 1979 778 2034 avis
809 1976 916 2047 (Al.
950 1975 1096 2046 auri)
1128 1979 1186 2030 et
1213 1972 1775 2043 vulturis,{inimicos
1831 1970 2097 2026 Ecclesiae

430 2067 879 2141 intelligamus,
930 2065 1031 2137 qui
1076 2064 1333 2119 tenebris
1391 2064 1771 2118 obscuratum
1818 2061 2102 2117 habentes

449 2158 834 2227 intellectum,
866 2155 1199 2211 nescierunt
1241 2154 1512 2208 semitam
1571 2150 1891 2207 vocationis
1948 2152 2102 2221 ejus,

451 2265 570 2321 qua
589 2248 661 2304 ad
680 2247 865 2303 Deum
883 2242 1195 2300 ambulans
1219 2259 1322 2315 per
1344 2242 1517 2298 fidem
1541 2239 2102 2311 revertitur.Quique

450 2336 696 2393 diversis
758 2334 1054 2393 erroribus
1113 2338 1479 2388 mortuorum
1564 2331 1873 2386 hominum
1930 2329 2100 2401 rapti,

450 2426 621 2500 quasi
642 2424 836 2481 volare
858 2423 1177 2480 arbitrandi
1212 2426 1369 2477 sunt.
1940 2474 1945 2479 ,

523 2540 551 2568 ‹‹
585 2516 708 2571 Non
748 2515 1118 2570 calcaverunt
1163 2528 1290 2567 eam
1348 2511 1451 2565 filii
1512 2511 1867 2566 institorum.
1904 2531 1931 2558 »
1987 2508 2105 2563 Hoc

454 2608 554 2673 ait,
588 2605 742 2678 quod
800 2604 884 2659 ita
941 2601 1117 2657 fuerit
1172 2605 1328 2657 terra
1382 2602 1769 2656 Sodomorum
1830 2598 2103 2654 omnibus

449 2696 621 2752 bonis
651 2694 860 2750 referta
888 2710 901 2748 :
933 2696 996 2747 ut
1024 2690 1244 2747 nullius
1274 2690 1472 2763 patrita
1513 2689 1739 2761 eguerit
1796 2687 2104 2743 mercimo-

449 2786 584 2841 niis.
617 2786 743 2840 Non
776 2782 1291 2839 calcaverunteam
1348 2780 1452 2836 filii
1510 2780 1870 2835 institorum.
1931 2777 2103 2833 Insti-

449 2880 607 2932 tores
636 2875 755 2930 sive
782 2872 1170 2945 negotiatores
1187 2870 1446 2943 prredieti
1476 2869 1906 2941 intelliguntur.
1956 2868 2103 2922 Nam

450 2963 838 3036 negotiatores
870 2965 1009 3017 sunt
1038 2959 1179 3015 mali
1209 2964 1265 3014 et
1294 2958 1532 3031 superbi
1567 2974 1579 3012 :
1614 2958 1768 3029 quod
1819 2958 1998 3012 etiam
2032 2956 2103 3010 ad

453 3053 651 3124 ipsum
681 3048 980 3105 diabolum
1013 3048 1300 3120 pertinet:
1328 3048 1429 3120 qui
1456 3047 1793 3119 superbiam
1824 3045 2105 3100 delictum

455 3141 780 3197 maximum
811 3139 1130 3193 adinvenit.
1165 3139 1233 3193 Et
1254 3138 1583 3209 negotiator
1615 3141 1853 3209 propter
1902 3135 2104 3190 multi-

455 3231 720 3286 tudinem
760 3211 1130 3301 peccatorum
1162 3228 1488 3301 appellatus
1518 3232 1625 3296 est,
1667 3243 1793 3297 qua:
1853 3225 1972 3281 sive
2033 3225 2105 3279 ad

458 3338 522 3376 se
546 3321 764 3391 ipsum,
796 3318 915 3373 sive
944 3317 1015 3372 ad
1049 3318 1411 3389 perdendum
1441 3316 1741 3371 hominem
1774 3314 2103 3387 exquisivit.

2197 731 2467 788 Christus
2498 732 2558 787 in
2591 749 2751 788 mare
2777 730 3043 805 gentium
3074 728 3628 801 transplantaretur.
3687 728 3855 786 Unde

2200 823 2345 879 etin
2370 822 2593 895 psalmo
2618 821 2746 877 ait:
2799 823 2863 875 Et
2919 821 3324 891 transferentur
3382 826 3587 874 montes
3645 819 3706 875 in
3763 834 3858 876 cor

2196 915 2370 968 maris
2399 913 2572 983 (Psal.
2602 928 2728 981 xnv,
2761 910 2836 982 3),
2879 909 2935 964 id
2968 915 3076 977 est,
3118 910 3207 965 vel
3266 908 3708 982 prophetarum,
3763 908 3854 965 vel

2198 987 2695 1074 evangelistarum
2746 998 3005 1065 oracula,
3075 999 3146 1053 ad
3209 998 3533 1053 credituros
3591 998 3855 1071 gentium

2200 1088 2446 1163 populos
2480 1089 2928 1145 transferentur.
2961 1088 3087 1143 Non
3134 1086 3503 1143 calcaverunt
3563 1104 3692 1143 eam
3748 1087 3858 1143 ﬁlii

2201 1179 2562 1235 institorum.
2598 1178 2664 1233 lli
2695 1178 2996 1234 institores
3028 1176 3151 1233 sive
3182 1176 3573 1249 negotiatores
3625 1177 3857 1249 reprobi

2202 1273 2365 1337 sunt,
2397 1274 2453 1325 et
2481 1268 2654 1323 laude
2678 1266 2926 1341 indigni,
2961 1266 3061 1337 qui
3094 1271 3331 1339 peccata
3376 1266 3648 1338 peccatis,
3705 1265 3863 1322 velut

2203 1357 2436 1413 divitias
2469 1356 2579 1413 sibi
2612 1356 3064 1429 congregant;de
3096 1355 3313 1429 quibus
3344 1356 3426 1411 ait
3453 1354 3856 1428 Apocalypsis=

2207 1448 2419 1505 Omnia
2448 1447 2609 1502 clara
2638 1450 2687 1501 et
2716 1447 2948 1517 pinguia
2974 1446 3259 1517 perierunt
3290 1462 3323 1499 a
3356 1450 3409 1502 to
3457 1445 3639 1518 (Apoc.
3698 1462 3859 1516 xvm,

2208 1537 2316 1608 14).
2351 1536 2418 1591 Ηί
2450 1534 2629 1609 igitur
2658 1534 3047 1608 negotiatores
3092 1534 3246 1590 circa
3303 1534 3536 1590 divitias
3596 1538 3861 1606 peccato-

2207 1643 2359 1693 rum,
2392 1642 2508 1681 non
2539 1624 2848 1680 calcabunt
2875 1624 3214 1692 Ecclesiam,
3250 1624 3306 1679 id
3336 1628 3443 1695 est,
3477 1641 3593 1680 non
3633 1623 3863 1679 habita-

2208 1716 2356 1771 bunt
2387 1715 2444 1770 in
2477 1731 2565 1779 ea,
2600 1714 2740 1787 quia
2788 1718 3055 1770 sanctam
3115 1730 3265 1785 eam,
3324 1718 3382 1769 et
3420 1712 3860 1770 immaculatam

2209 1804 2495 1860 Dominus
2527 1804 2871 1878 possidebit.

2284 1916 2311 1945 ‹‹
2343 1894 2457 1949 Nec
2478 1892 2852 1967 pertransivit
2881 1909 2982 1965 per
3014 1909 3143 1948 eam
3175 1891 3377 1948 lemna.
3416 1914 3443 1942 »
3476 1892 3562 1949 Ob
3592 1892 3860 1964 frequen-

2212 1984 2355 2039 tiam
2388 1982 2908 2038 innumerabilium
2940 1982 3287 2054 populorum
3338 1982 3397 2037 in
3444 1981 3711 2037 Sodomis
3763 1980 3864 2036 ha-

2214 2072 2554 2143 bitantium,
2584 2072 2782 2127 bestiae
2807 2089 2910 2143 per
2940 2072 3200 2131 medium
3228 2071 3483 2143 regionis
3513 2070 3673 2127 illius
3702 2075 3864 2127 tran-

2214 2160 2327 2216 sire
2360 2178 2474 2216 non
2508 2165 2791 2232 poterant.
2829 2161 2942 2215 Nec
2972 2161 3314 2232 pertansivit
3345 2178 3447 2231 per
3494 2177 3624 2216 eam
3663 2160 3865 2223 leaena.

2213 2252 2417 2307 Leaena
2445 2254 2633 2323 potest
2661 2250 2878 2305 diaboli
2912 2250 3234 2304 dominatio
3273 2249 3628 2318 sentiri,sive
3665 2266 3869 2322 super-

2212 2340 2310 2395 bia
2338 2341 2695 2396 Judeeorum.
2730 2340 2892 2404 Quod
2921 2343 3117 2394 autem
3150 2338 3313 2404 dicit,
3347 2356 3462 2395 non
3495 2338 3872 2412 pertransivit

2213 2431 2322 2485 hoc
2355 2430 2435 2485 ait
2468 2448 2480 2485 :
2517 2447 2632 2485 non
2666 2428 2907 2484 recessit
2938 2446 2971 2485 a
2998 2429 3329 2496 Judma,sed
3362 2428 3578 2484 ibidem
3614 2427 3867 2485 infidelis

2214 2518 2488 2589 superbia
2520 2517 2862 2590 permansit.
2897 2515 3080 2571 Aliter
3111 2521 3320 2589 potest,
3380 2521 3438 2571 et
3494 2517 3565 2572 de
3608 2515 3868 2571 Ecclesia

2213 2608 2481 2680 intelligi.
2519 2608 2581 2663 In
2610 2606 2710 2661 illa
2744 2606 2945 2678 utique
2976 2605 3162 2679 gloria
3190 2606 3474 2661 virtutum
3502 2622 3745 2663 suarum
3802 2604 3862 2660 in

2216 2697 2339 2752 loco
2369 2696 2699 2752 necessario
2721 2694 3145 2767 redemptionis
3177 2696 3381 2763 suae,in
3406 2712 3526 2773 quo
3555 2710 3660 2767 per
3689 2695 3866 2749 fidem

2214 2792 2351 2854 stat,
2384 2786 2519 2859 igne
2549 2786 2828 2840 subversa
2858 2790 2965 2847 est,
2999 2783 3098 2839 illo
3148 2783 3349 2856 utique
3407 2784 3560 2857 igne,
3626 2785 3697 2839 de
3754 2800 3885 2855 quo.

2215 2876 2339 2947 ipse
2372 2874 2651 2930 Dominus
2684 2874 2809 2929 ait:
2842 2876 3025 2944 Ignem
3078 2876 3206 2928 veni
3268 2875 3487 2928 mittere
3544 2875 3605 2927 in
3664 2881 3872 2929 terram

2216 2968 2366 3037 (Luc.
2401 2965 2638 3039 x1149).
2701 2967 2818 3017 Hoc
2871 2963 3053 3033 igitur
3109 2963 3243 3035 igne
3301 2962 3581 3029 Ecclesia,
3639 2963 3697 3016 id
3756 2970 3867 3027 est,

2215 3060 2369 3109 terra
2420 3058 2782 3118 sanctorum,
2843 3052 3059 3106 amoris
3107 3051 3208 3106 Dei
3277 3050 3564 3107 desiderio
3614 3050 3870 3124 ﬂagrans

2216 3143 2594 3207 subvertitur,
2629 3146 2693 3195 ut
2743 3158 2869 3195 eam
2918 3141 3170 3195 carnalis
3229 3139 3700 3211 concupiscentia
3753 3156 3871 3194 non

2214 3232 2532 3305 possideat.
2565 3231 2681 3285 Hoc
2715 3231 2892 3301 igitur
2921 3230 3094 3284 modo
3127 3229 3502 3301 subvertitur,
3529 3234 3593 3284 ut
3621 3229 3678 3284 in
3713 3233 3865 3283 terra

2221 3322 2413 3377 carnis
2444 3338 2562 3380 suae
2594 3320 2814 3383 vivens,
2846 3318 3040 3373 carnis
3068 3319 3125 3373 in
3158 3335 3227 3374 ea
3252 3318 3392 3373 vitia
3421 3318 3769 3387 moriantur,
3801 3320 3871 3372 ut

459 3410 561 3465 Isti
593 3408 774 3481 igitur
793 3407 1203 3480 promissionis
1237 3412 1453 3462 terram
1488 3422 1614 3477 quae
1646 3403 1994 3470 mansuetis,
2057 3408 2114 3458 et
2145 3395 2186 3461 C
2226 3411 2305 3466 ait
2333 3408 2647 3482 Apostolus
2682 3425 2694 3462 :
2730 3410 2837 3477 Qui
2855 3411 3004 3463 enim
3030 3412 3160 3463 sunt
3193 3408 3417 3475 Christi,
3449 3424 3674 3463 carnem
3701 3423 3872 3461 suam

457 3500 629 3555 corde
687 3496 1014 3553 humilibus
1072 3502 1421 3561 reservatur,
1466 3502 1530 3551 ut
1582 3497 1641 3550 in
1701 3512 1768 3551 ea
1824 3494 2111 3561 habitent,

463 3588 686 3643 calcare
714 3604 829 3642 non
863 3590 1154 3657 poterunt,
1181 3586 1318 3656 quia
1348 3603 1454 3641 nec
1513 3584 1682 3657 quasi
1732 3583 1957 3651 incolre,
2015 3600 2117 3655 per

461 3694 591 3732 cam
624 3674 969 3730 transeundi
1002 3675 1301 3729 habebunt
1330 3673 1651 3729 licentiam.
1705 3674 1847 3729 Item
1900 3672 2067 3727 aliter
2099 3690 2113 3727 :

465 3768 594 3822 HtBO
624 3765 807 3835 igitur
829 3764 1051 3829 Judzeo,
1086 3763 1178 3817 cui
1228 3763 1323 3817 hic
1377 3764 1549 3834 panis
1608 3763 1884 3817 doctrina:
1943 3762 2115 3815 mini-

469 3854 798 3910 strantibus
829 3852 1147 3923 prephetis,
1173 3857 1230 3907 et
1274 3852 1698 3917 sacerdotibus,
1756 3851 2122 3921 praebebatur

469 3943 530 3997 in
563 3942 689 3997 loco
713 3958 1001 3996 suozsuo
1034 3940 1260 4012 utique,
1312 3945 1370 3995 et
1426 3959 1538 3995 non
1602 3941 1722 4011 Dei,
1781 3941 1839 3995 id
1899 3944 2004 4005 est,
2057 3941 2118 3995 in

469 4032 594 4087 loco
647 4029 1047 4086 delectationis
1101 4047 1238 4091 suae,
1302 4030 1402 4084 ubi
1458 4030 1858 4102 voluptatibus
1946 4036 2121 4103 atque

470 4121 763 4178 illecebris
784 4121 1199 4191 conflagrabat,
1221 4120 1355 4193 igne
1401 4120 1675 4175 vitiorum
1727 4138 1969 4175 suorum
2030 4137 2119 4174 ar-

471 4212 617 4267 dens
648 4212 929 4268 subversa
972 4215 1060 4264 est
1116 4210 1269 4265 sicut
1325 4210 1467 4265 dicit
1514 4211 1843 4280 propheta:
1925 4209 2121 4265 Omnes

471 4300 865 4367 adulterantes,
895 4302 1040 4355 sicut
1067 4301 1318 4355 clibanus
1366 4300 1531 4354 corda
1585 4315 1772 4354 eorum
1813 4299 1984 4369 (Osce,
2018 4317 2119 4367 vn,

470 4393 527 4463 7)
561 4409 575 4459 ;
609 4390 747 4445 etin
772 4389 1004 4444 Psalmo
1036 4390 1107 4443 de
1139 4406 1207 4443 ea
1236 4388 1451 4443 dicitur
1507 4389 1678 4458 (Psat.
1736 4405 1921 4451 LXXIV,
1984 4390 2070 4457 l7)
2104 4405 2118 4442 :

474 4486 708 4537 Incensa
735 4480 853 4550 igni
878 4482 931 4533 et
960 4480 1189 4549 suffossa
1220 4493 1398 4531 manu
1429 4476 1622 4548 operis
1654 4477 1746 4531 sui
1804 4478 2126 4547 exstirpata

472 4568 732 4633 omnino,
758 4572 817 4623 et
845 4567 1056 4622 effossa
1082 4572 1189 4621 est.
1224 4567 1382 4621 Licet
1405 4567 1590 4637 possit
1611 4566 1761 4637 ignis
1802 4566 1911 4621 iste
1944 4568 2122 4622 etiam

473 4674 653 4729 super
707 4656 931 4711 ultione
986 4660 1361 4733 peccatorum
1402 4655 1670 4728 intelligi,
1750 4655 1901 4710 sicut
1984 4656 2126 4711 dicit

2221 3500 2617 3569 cruciﬁxerunt
2642 3515 2767 3552 cum
2823 3500 2994 3565 vitiis,
3054 3507 3105 3552 et
3159 3499 3613 3570 concupiscentiis
3648 3496 3874 3569 '(Galat.

2223 3608 2278 3657 v,
2310 3591 2423 3661 21¢).
2457 3589 2570 3644 Nec
2601 3586 2973 3659 perlransivit
3003 3603 3104 3660 per
3141 3604 3270 3642 eam
3328 3587 3527 3641 leaena.
3592 3585 3719 3642 Sive
3773 3587 3875 3655 leo,

2226 3685 2290 3735 ut
2317 3680 2415 3735 alii
2446 3679 2735 3733 dixerunt.
2799 3681 2911 3731 Leo
2969 3676 3064 3731 hic
3124 3694 3240 3732 non
3300 3676 3554 3731 absurde
3609 3674 3880 3731 diabolus

2229 3768 2597 3838 intelligitur,
2631 3766 2732 3837 qui
2765 3782 2866 3838 per
2898 3770 3109 3821 sancta:
3142 3764 3406 3821 Ecclesiae
3438 3768 3654 3820 terram
3690 3769 3881 3820 trans-

2231 3860 2313 3913 ire
2346 3875 2460 3913 non
2494 3855 2702 3929 potuit,
2738 3872 2803 3911 eo
2836 3856 2992 3927 quod
3040 3855 3314 3927 gravibus
3372 3853 3887 3926 perseeutionibus

2231 3965 2359 4005 eam
2391 3948 2619 4002 vincere
2657 3963 2772 4002 non
2802 3944 3067 4002 valuerit.

2302 4059 2331 4087 «
2362 4037 2447 4091 Ad
2478 4036 2702 4091 silicem
2729 4035 2988 4091 extendit
3034 4049 3274 4088 manum
3328 4047 3516 4088 suam.
3551 4053 3575 4083 ι
3637 4028 3888 4085 Videtur

2232 4126 2376 4181 mihi
2398 4125 2753 4181 sanctusJob
2775 4123 2933 4179 aliud
2952 4119 3613 4194 aanigmaprotulisse,et
3642 4122 3885 4190 propter

2232 4215 2584 4271 soliditatem
2620 4231 2809 4281 suam,
2843 4218 2901 4268 et
2951 4211 3375 4273 fortitudinem,
3433 4208 3730 4263 Christum
3790 4223 3884 4261 se-

2233 4304 2491 4360 cundum
2522 4303 2844 4367 hominem,
2878 4318 3053 4374 quem
3086 4296 3690 4373 assumpsit,scilicem
3716 4312 3889 4368 posse

2234 4393 2573 4466 significari,
2605 4393 2703 4464 qui
2730 4392 2902 4446 etiam
2935 4396 3099 4462 petra
3138 4397 3194 4446 et
3253 4390 3423 4462 lapis,
3480 4386 3780 4460 prophetis
3828 4391 3889 4440 et

2235 4482 2512 4555 apostolis
2543 4481 2736 4536 dictus
2769 4485 2875 4535 est.
2914 4482 3064 4534 Deus
3099 4496 3237 4551 ergo
3287 4479 3456 4533 Pater
3507 4474 3762 4532 extendit
3816 4475 3890 4530 ad

2237 4572 2461 4627 silicem
2493 4586 2737 4625 manum
2770 4585 2963 4635 suam,
2996 4569 3053 4622 id
3088 4574 3197 4637 est,
3258 4566 3469 4621 Filium
3529 4582 3727 4629 suum,
3789 4580 3894 4636 per

2236 4678 2411 4733 quem
2442 4660 2717 4716 universa
2738 4656 3045 4712 condidit:
3103 4672 3279 4727 quem
3330 4656 3509 4710 etiam
3569 4656 3889 4721 dexteram,

473 4744 789 4818 Apostolus
821 4762 834 4800 ε
871 4746 1032 4799 Terra
1060 4760 1188 4815 qua:
1216 4748 1428 4817 ιςρέηαε,
1488 4749 1543 4800 εἰ
1600 4746 1830 4800 tribulos
1885 4748 2117 4816 profert,
2159 4768 2203 4832 ο
2236 4757 2291 4807 et
2321 4749 2627 4806 brachium
2650 4750 2837 4814 vocat,
2871 4749 2927 4799 et
2958 4746 3029 4800 ad
3079 4744 3525 4816 suscipiendum
3584 4743 3889 4798 hominem

477 4835 819 4907 reprobaest,
865 4843 916 4889 et
968 4834 1251 4889 maledicto
1297 4838 1602 4905 proxima:
1655 4836 1811 4904 cujus
1867 4852 2125 4889 consum-

475 4926 648 4980 matio
678 4924 738 4978 in
758 4923 1186 4979 combustionem
1217 4924 1398 4995 (Hebr.
1430 4942 1507 4990 v1,
1539 4930 1615 4991 8).
1679 4925 1758 4979 De
1815 4941 1930 4995 quo
1989 4925 2122 4995 igne

475 5015 573 5070 ira:
606 5014 688 5069 ait
718 5013 932 5068 David:
964 5015 1194 5070 Iuvenes
1225 5031 1421 5070 eorum
1451 5014 1682 5069 comedit
1742 5016 1893 5086 ignis
1952 5015 2123 5085 (I’sal.

479 5121 683 5171 Lxxvu,
714 5104 827 5174 63).
861 5104 984 5158 Non
1017 5102 1385 5158 calcaverunt
1440 5121 1569 5158 eam
1629 5102 1730 5157 filii
1785 5103 2123 5159 institorum

478 5193 608 5249 Filii
648 5192 1006 5264 institorum,
1040 5194 1438 5265 apostolorum
1462 5192 1756 5263 discipuli,
1792 5196 1848 5247 et
1902 5199 2129 5264 aposto-

476 5283 574 5340 lici
604 5283 712 5340 viri
743 5282 1110 5355 intelligendi
1143 5287 1301 5349 sunt,
1335 5283 1435 5354 qui
1457 5283 1728 5355 gentibus
1748 5282 2126 5355 Evangelium

430 5364 437 5367 ἤ
478 5373 955 5447 praadieaverunt.
989 5373 1057 5428 Hi
1088 5372 1268 5446 igitur
1294 5372 1580 5437 Judeeam,
1611 5378 1826 5427 terram
1858 5372 2129 5428 videlicet

478 5463 829 5535 inﬁdelium,
863 5467 928 5519 ut
957 5464 1008 5519 ei
1069 5461 1490 5518 annuntiarent
1547 5461 1951 5533 Evangelium,
2012 5479 2127 5517 non

480 5550 865 5610 calcaverunt.
898 5554 979 5609 De
1009 5554 1222 5623 quibus
1252 5551 1467 5607 dicitur
1495 5552 1553 5606 in
1602 5552 1845 5606 Actibus
1903 5557 2132 5623 aposto-

482 5638 674 5694 lorum
708 5656 722 5693 :
762 5643 911 5696 Vobis
942 5646 1254 5714 Oportuerat
1278 5644 1525 5713 primum
1556 5641 1781 5695 verbum
1814 5641 1912 5694 Dei
1958 5641 2127 5709 loqui,

480 5727 573 5783 sed
602 5729 734 5799 quia
758 5730 1012 5798 indignos
1042 5748 1130 5787 vos
1176 5732 1469 5804 judicaszis
1524 5737 1750 5787 .vternae
1805 5730 1959 5794 niue,
2014 5745 2133 5784 ecce

482 5820 853 5874 convertimur
883 5820 953 5874 ad
1006 5826 1189 5890 gentes
1247 5822 1381 5890 (Act.
1436 5838 1557 5885 xm,
1611 5821 1721 5888 46).
1783 5816 1875 5872 Sic
1934 5816 2132 5890 itaque

2238 4840 2419 4903 misit,
2454 4843 2520 4891 ut
2549 4832 2865 4907 Apostolus
2896 4832 3042 4887 dixit
3069 4849 3081 4887 :
3118 4834 3258 4888 Deus
3291 4834 3494 4888 Filium
3524 4850 3684 4887 suum
3740 4833 3891 4886 misit

2234 4933 2297 4984 in
2344 4925 2710 4983 similitudine
2756 4924 2942 4977 carnis
2994 4924 3203 4995 peccati
3259 4924 3432 4994 (Rom.
3500 4939 3623 4977 vm.
3684 4922 3761 4992 3).
3824 4921 3895 4974 Et

2236 5017 2452 5072 idcirco
2484 5016 2543 5069 in
2577 5012 2913 5069 extensione
2945 5030 3180 5083 manus,
3232 5012 3329 5066 Dei
3391 5011 3596 5081 Patris,
3650 5014 3706 5066 et
3765 5008 3894 5064 Filii

2236 5108 2366 5176 ejus
2398 5104 2468 5158 ad
2501 5120 2608 5159 nos
2661 5103 2978 5157 adventum
3037 5100 3357 5174 signiﬁcari
3416 5100 3777 5165 noverimus,
3826 5113 3893 5153 ac

2236 5212 2342 5267 per
2370 5211 2505 5251 eum
2539 5194 2693 5249 sicut
2724 5192 2994 5263 sequitur
3026 5208 3039 5247 :

2314 5308 2336 5335 α
2386 5284 2682 5339 Subvertit
2746 5300 2780 5337 a
2836 5282 3136 5337 radicibus
3196 5285 3443 5335 montes.
3499 5301 3527 5327 »
3576 5278 3733 5341 Quos
3787 5294 3891 5349 per

2237 5375 2641 5447 metaphoram
2674 5373 2967 5427 daemones
2990 5372 3111 5427 sive
3143 5371 3411 5425 heminas
3438 5368 3721 5440 superbos
3769 5383 3898 5421 esse

2239 5470 2392 5521 recte
2439 5464 2773 5519 sentimus:
2831 5462 2969 5531 quia
3030 5459 3413 5531 principatus,
3475 5466 3528 5512 et
3583 5459 3898 5528 potestates

2240 5554 2434 5626 palam
2458 5549 2841 5623 triumphavit
2871 5550 2929 5603 in
2965 5549 3285 5620 semetipso
3318 5548 3540 5620 (Cotoss.
3586 5564 3645 5613 ιι,
3682 5546 3786 5615 15).

2315 5643 2438 5696 «In
2464 5641 2646 5712 petris
2679 5639 2831 5693 rivos
2890 5639 3125 5693 excidit.
3154 5662 3181 5687 »
3242 5638 3414 5693 Duris
3474 5634 3697 5691 scilicet
3752 5650 3898 5705 prte-

2242 5730 2456 5786 cordiis
2485 5729 2775 5801 gentium,
2807 5731 2864 5783 et
2893 5728 3077 5784 nimia
3126 5726 3473 5783 infidelitate
3524 5723 3855 5779 constrictis
3887 5740 3903 5773 :

2242 5818 2671 5876 abundantiam
2704 5818 3026 5889 gratiarum
3075 5834 3318 5872 suarum
3383 5814 3635 5887 largitus
3692 5817 3801 5883 est,
3850 5826 3910 5875 et,
