4220 6620
308 502 421 566 7M

1341 492 1859 558 COMMENTAR.
1905 492 1987 556 ΙΝ
2029 492 2169 558 JOB
2214 494 2386 556 CAP.
2430 491 2696 556 XXVIII.

3607 498 3729 557 ⁸742

308 636 472 696 velut
501 633 656 695 rivos
684 649 848 710 aquae
878 630 1150 703 ﬂuentes,
1180 628 1425 690 uberem
1475 630 1706 707 copiam
1754 629 1965 689 doctri-
1994 629 2158 700 Axx,
2206 630 2297 699 23,
2354 631 2468 704 27).
2528 630 2595 688 Et
2648 629 2778 688 ideo
2836 626 3095 687 suaviter
3149 626 3287 686 dicti
3344 633 3486 687 sunt
3538 630 3727 687 vivere

314 744 526 787 narum
556 726 783 783 tribuit.
816 724 935 781 Hoc
965 722 1163 797 ipsum
1194 723 1569 782 distribuisse
1599 722 1970 797 intelligitur,

322 819 479 891 quod
531 816 776 874 scidisse
822 817 1203 883 memoratur,
1253 814 1406 870 sicut
1465 814 1547 870 ait
1603 813 1971 886 Apostolus:

318 909 432 965 Atii
460 907 610 963 enim
632 922 735 978 per
762 906 1027 976 spiritum
1072 904 1235 959 datur
1284 919 1459 959 sermo
1509 905 1821 975 sapientiae,
1871 904 1974 958 alii

318 1013 496 1054 sermo
525 996 766 1051 scientiae
797 995 843 1067 (ι
885 994 1005 1050 Cor.
1052 1012 1157 1061 xu,
1205 994 1281 1066 8).
1333 992 1445 1048 Alii
1469 993 1975 1064 dixeruntzliipas

317 1089 614 1161 ﬂuminum
643 1085 906 1156 disrupit,
938 1088 1003 1139 ut
1028 1082 1189 1139 illam
1232 1082 1558 1138 doctrinam
1607 1080 1974 1154 spiritualem

321 1176 576 1249 Legis,et
609 1174 1030 1247 prophetarum
1053 1173 1123 1229 de
1155 1189 1274 1243 qua
1295 1172 1479 1228 Isaias
1501 1172 1583 1227 ait
1608 1190 1621 1228 :
1647 1173 1762 1244 Qui
1779 1173 1975 1240 sititis,

318 1266 392 1320 ite
421 1264 501 1319 ad
529 1280 741 1334 aquam
771 1262 901 1333 ([sa.
938 1278 1022 1329 LV,
1058 1260 1132 1332 1),
1177 1277 1302 1332 quae
1351 1261 1412 1316 in
1461 1277 1580 1316 una
1627 1264 1797 1333 gente
1845 1265 1975 1317 tan-

320 1370 499 1427 quam
562 1353 720 1408 intra
772 1350 1060 1423 quaedam
1110 1350 1416 1422 angustias
1475 1350 1785 1419 deﬂuebat,
1848 1366 1979 1422 quae

320 1443 498 1499 etiam
557 1440 821 1497 Mosaicae
869 1438 1015 1512 legis
1058 1440 1383 1512 praeceptis,
1415 1438 1573 1495 velut
1616 1440 1976 1511 quibusdam

324 1532 493 1606 quasi
553 1531 816 1604 riparum
866 1528 1132 1586 obicibus
1185 1528 1511 1584 claudatur.
1555 1528 1977 1601 Hujuscemodi

323 1620 610 1694 disruptis
667 1618 1006 1688 obstaculis,
1048 1618 1219 1690 quasi
1271 1619 1343 1675 de
1391 1617 1552 1675 alveo
1603 1618 1749 1692 legis
1802 1636 1980 1691 super

326 1728 562 1768 omnem
588 1715 805 1766 terram
838 1707 1147 1781 Evangelio
1180 1708 1516 1764 abundante
1539 1707 1982 1764 diﬂ'udit.Aliter

326 1817 645 1874 possumus
676 1799 827 1858 hanc
858 1802 1076 1854 terram
1107 1796 1424 1853 Ecclesiam
1459 1797 1668 1854 dicere.
1704 1797 1866 1854 Unde
1899 1796 1982 1853 ait

325 1890 612 1963 propheta
645 1906 659 1945 :
691 1888 1042 1944 Fluminibus
1093 1887 1376 1943 scindetur
1425 1890 1574 1943 terra
1621 1888 1842 1960 (Habac.
1892 1905 1979 1959 in,

325 1982 402 2053 9).
435 1978 633 2036 Scindi
663 1995 798 2034 vero
829 1994 960 2033 eam
1008 1981 1184 2049 atque
1232 1978 1525 2051 disrumpi
1566 1994 1633 2034 eo
1666 1979 1839 2034 modo
1872 1995 1981 2034 no-

324 2070 604 2137 verimus,
637 2067 874 2140 quando
907 2084 969 2123 se
1000 2066 1073 2121 ad
1107 2066 1555 2139 suscipiendum
1580 2068 1824 2124 verbum
1856 2068 1979 2136 Dei,

329 2158 653 2231 capabilem
685 2157 921 2228 praebet.
940 2156 1098 2211 Hanc
1130 2173 1364 2229 quoque
1395 2158 1712 2229 quemdam
1743 2159 1983 2229 adaper-

328 2249 548 2304 tionem
582 2246 942 2317 capacitatis,
974 2262 1101 2317 quae
1134 2247 1201 2301 ﬁt
1228 2263 1330 2319 per
1375 2247 1770 2303 obedientiam
1818 2252 1983 2303 terrae

331 2336 623 2393 rationem
652 2334 946 2405 habentis,
996 2334 1339 2391 eorumdem
1382 2334 1697 2392 ﬂuminum
1729 2336 1987 2409 impetus

337 2429 673 2499 operantur.

412 2538 442 2567 ‹‹
472 2516 541 2570 Et
573 2530 746 2571 omne
775 2513 1098 2587 pretiosum
1143 2513 1291 2570 vidit
1338 2514 1545 2571 oculus
1597 2516 1747 2587 ejus.
1784 2538 1806 2566 ιι
1842 2516 1992 2571 Edu-

340 2606 451 2662 ctis
505 2605 686 2677 igitur
730 2604 870 2659 rivis
913 2604 1235 2676 gratiarum
1282 2604 1405 2671 Dei,
1439 2604 1584 2660 vidit
1628 2606 1782 2662 Deus
1811 2622 1992 2677 quam

341 2695 636 2751 immensa
663 2698 719 2750 et
749 2692 1201 2748 innumerabilia
1240 2693 1474 2764 pietatis
1522 2711 1639 2749 sua:
1690 2696 1992 2751 beneﬁcia.

344 2784 505 2839 Vidit
529 2789 725 2840 autem
757 2782 922 2849 dixit,
956 2799 1021 2838 eo
1056 2782 1210 2853 quod
1258 2791 1390 2837 ante
1440 2788 1820 2855 conspectum
1868 2786 1996 2855 ejus

348 2874 687 2946 adimpletio
720 2872 839 2928 sive
870 2871 1108 2928 effectus
1156 2888 1273 2927 suae
1322 2871 1662 2946 voluntatis,
1714 2875 2000 2930 exstiterit

348 2964 409 3019 in
441 2963 699 3019 Ecclesia
727 2979 855 3018 sua.

422 3075 451 3102 «
483 3052 779 3108 Profunda
809 3067 1044 3123 quoque
1092 3050 1405 3107 ﬂuviorum
1460 3056 1756 3108 scrutatus
1805 3056 1914 3125 est,
1948 3057 2005 3108 et

353 3142 698 3198 abscondita
730 3140 1004 3213 produxit
1031 3138 1092 3195 in
1119 3140 1330 3195 lucem.
1371 3163 1398 3190 ››
1429 3141 1544 3197 Hos
1573 3141 1753 3214 igitur
1794 3143 2003 3199 ﬂuvios

356 3249 472 3287 non
517 3230 771 3287 absurde
825 3228 1089 3302 singulos
1138 3228 1319 3285 libros
1367 3230 1579 3286 veteris
1626 3230 2007 3287 instrumenti

353 3337 482 3377 esse
504 3318 816 3385 sentimus,
850 3318 910 3373 in
942 3335 1194 3389 quorum
1245 3320 1477 3392 magnis
1532 3319 1794 3377 latibulis
1842 3326 2008 3377 erant

352 3410 618 3465 Ecclesiae
652 3412 1038 3476 sacramenta,
1094 3425 1220 3480 quae
1270 3408 1330 3463 in
1380 3413 1644 3480 tempora
1686 3410 2004 3468 Salvatoris
2036 3386 2078 3454 Ο

354 3501 510 3557 Deus
542 3501 709 3555 Pater
749 3502 1048 3555 scrutatus
1090 3499 1187 3565 sit,
1237 3498 1308 3554 ad
1358 3498 1758 3570 impletionem
1805 3517 2006 3556 eorum

358 3590 559 3646 omnia
590 3606 715 3661 quae
747 3587 1023 3660 praedicta
1070 3593 1209 3643 sunt
1256 3589 1662 3646 manifestans.
1696 3590 1825 3645 Sive
1870 3591 2010 3662 quia

358 3680 670 3736 fluviorum
717 3678 972 3741 nomine,
1034 3677 1387 3749 populorum
1445 3678 1857 3735 multitudines
1906 3679 2009 3734 ali-

360 3770 597 3843 quando
627 3767 1056 3839 intelliguntur,
1091 3768 1591 3837 quemadmodum
1621 3768 1853 3824 Nahum
1885 3786 2013 3841 pro-

362 3859 537 3932 pheta
585 3857 667 3912 ait
709 3874 721 3912 :
767 3858 959 3913 Porta?
1003 3859 1304 3927 ﬂuviorum
1348 3864 1553 3929 apertae
1598 3866 1728 3912 sunt
1777 3859 2015 3930 (Nahum

360 3967 422 4016 ιι,
454 3950 530 4019 6),
563 3947 860 4002 Profunda
890 3945 1196 4002 fluviorum
1245 3946 1355 4001 hoc
1401 3948 1547 4015 loco,
1591 3952 1815 4003 secreta
1844 3964 2012 4003 cons-

363 4037 587 4094 cientiae
618 4036 924 4091 hominum
967 4036 1340 4090 advertamus
1374 4054 1387 4091 :
1423 4053 1675 4108 quorum
1726 4041 2019 4092 scrutator

365 4132 423 4183 et
452 4126 716 4198 cognitor
746 4130 897 4181 Deus
927 4130 1035 4189 est,
1070 4125 1171 4197 qui
1204 4125 1261 4179 in
1285 4125 1378 4180 die
1401 4125 1610 4196 judicii
1642 4127 2015 4197 producendo

368 4216 565 4270 omnia
594 4220 814 4270 secreta
857 4214 1146 4285 cordium,
1197 4214 1399 4269 reddet
1450 4215 1769 4287 unicuique
1817 4233 2021 4272 secun-

369 4306 511 4360 dum
543 4321 717 4377 opera
737 4322 864 4361 sua.
900 4306 1072 4375 (Rom.
1100 4321 1161 4371 ιι,
1193 4306 1271 4375 6).

442 4394 723 4465 Sapientia
750 4408 874 4450 vero
904 4395 1004 4449 ubi
1031 4394 1392 4465 invenitur,et
1420 4397 1540 4464 quis
1570 4398 1652 4449 est
1682 4396 1831 4451 locus
1855 4397 2022 4451 intel-

371 4485 647 4553 ligentiae?
676 4484 838 4547 Quod
870 4484 980 4539 hoc
1011 4468 1176 4555 quasi
1209 4482 1537 4554 inquirens,
1572 4484 1671 4552 ait,
1724 4484 2023 4540 difﬁcilem

371 4591 517 4641 rem,
546 4578 624 4639 et
678 4590 807 4646 quae
856 4574 952 4629 vix
998 4572 1312 4639 invenitur,
1362 4572 1545 4627 voluit
1592 4572 1872 4639 indicare,
1906 4574 2025 4630 imo

373 4680 500 4733 quae
533 4661 645 4718 nisi
680 4680 712 4717 a
742 4662 857 4718 Deo
884 4662 1345 4725 demonstrante,
1382 4678 1485 4716 nec
1526 4660 1777 4716 inveniri
1830 4667 2030 4734 posset

2080 722 2165 778 illi
2223 722 2325 794 qui
2381 721 2545 778 nullo
2607 723 2743 795 iugo
2799 720 3121 794 disciplinae
3176 725 3470 789 tenentur,
3529 725 3586 778 et
3650 723 3732 779 ef-

2085 813 2278 869 frenes
2308 829 2375 868 ac
2413 812 2740 886 praecipites
2785 811 2845 867 in
2893 811 3085 868 labem
3129 816 3523 885 prorumpunt
3566 812 3732 870 vitio-

2083 920 2239 959 rum.
3328 965 3343 982 .

2156 1014 2185 1043 ‹‹
2217 993 2480 1065 Abyssus
2512 991 2803 1061 dicit,non
2825 995 2915 1048 est
2943 990 3002 1047 in
3034 1008 3148 1063 me,
3171 997 3228 1049 et
3257 1009 3419 1050 mare
3449 993 3731 1066 loquitur,

2086 1099 2201 1138 non
2233 1086 2322 1138 est
2352 1098 2604 1137 mecum.
2642 1104 2671 1131 »
2701 1081 2997 1153 Abyssum
3028 1081 3138 1138 hoc
3168 1082 3293 1139 loco
3322 1083 3617 1139 infernum
3644 1084 3732 1139 in-

2084 1171 2423 1243 telligamus
2454 1172 2608 1227 sicut
2647 1171 2789 1227 dicit
2835 1171 3149 1243 Apostolus
3182 1190 3195 1227 :
3230 1174 3336 1229 Aut
3363 1176 3483 1245 quis
3511 1174 3739 1231 descen-

2085 1261 2166 1316 dit
2192 1262 2254 1315 in
2274 1261 2529 1331 abyssum
2560 1262 2735 1333 (Rom.
2764 1279 2821 1328 x,
2851 1262 2952 1332 7)?
2980 1262 3051 1317 Et
3080 1278 3242 1317 mare
3278 1262 3389 1318 hoc
3438 1264 3741 1329 saeculum,

2086 1355 2152 1406 ut
2179 1349 2430 1405 Psalmis
2463 1354 2707 1405 canente
2736 1349 3116 1422 cognovimus
3141 1366 3156 1404 :
3182 1352 3289 1405 Hoc
3305 1367 3458 1407 mare
3478 1369 3763 1426 magnum

2087 1442 2458 1512 etspatiosum
2488 1440 2658 1510 (Psat.
2700 1455 2819 1506 cm,
2868 1440 2981 1510 25).
3030 1440 3299 1495 Infernus
3330 1456 3487 1513 ergo,
3538 1445 3598 1497 et
3643 1442 3739 1498 hic

2087 1529 2348 1586 mundus
2379 1527 2725 1600 sapientiam
2753 1528 2983 1585 timoris
3022 1528 3123 1585 Dei
3157 1545 3219 1585 se
3240 1546 3356 1586 non
3382 1529 3596 1587 habere
3618 1535 3735 1587 tes-

2086 1622 2305 1675 tantur.
2340 1618 2490 1674 Loca
2520 1618 2664 1673 dicit
2705 1618 2887 1690 loqui,
2934 1634 3036 1689 pro
3084 1618 3178 1675 his
3227 1619 3327 1691 qui
3359 1620 3417 1674 in
3447 1618 3613 1688 locis,
3644 1619 3733 1677 vel

2090 1708 2318 1775 mundi,
2351 1707 2439 1762 vel
2499 1707 2820 1764 inferorum
2873 1712 3030 1764 sunt.
3064 1708 3169 1763 Hic
3200 1709 3270 1763 de
3299 1708 3418 1765 illis
3472 1709 3738 1783 loquitur

2089 1798 2188 1870 qui
2221 1797 2439 1854 carnali
2471 1797 2911 1854 conversatione
2956 1798 3165 1853 mundi
3220 1797 3511 1855 illecebris
3541 1799 3735 1871 possi-

2091 1889 2306 1943 dentur
2339 1904 2352 1944 :
2383 1887 2506 1942 haec
2561 1887 2736 1942 dictio
2792 1887 3201 1960 prosopopoeia
3257 1888 3585 1960 appellatur
3636 1890 3737 1945 ubi

2091 1994 2341 2050 persona
2368 1976 2664 2049 loquentis
2696 1993 2831 2033 cum
2860 1976 3144 2049 loquinon
3175 1977 3379 2049 possit,
3414 1979 3742 2034 assumitur

2092 2072 2149 2124 et
2180 2067 2336 2139 quod
2367 2067 2624 2122 continet
2653 2083 2757 2139 pro
2787 2082 2853 2123 eo
2884 2068 3039 2139 quod
3089 2066 3441 2123 continetur.
3470 2067 3743 2124 Continet

2094 2157 2332 2229 quidem
2363 2156 2458 2212 hic
2487 2157 2768 2222 mundos,
2800 2155 2887 2212 vel
2919 2157 3186 2212 infernus
3220 2173 3232 2211 :
3268 2156 3602 2212 continetur
3632 2174 3740 2213 au-

2095 2251 2216 2303 tem
2250 2246 2445 2302 homo.
2478 2250 2638 2301 Hanc
2666 2261 2803 2318 ergo
2825 2246 3180 2317 sapientiam
3226 2264 3342 2302 non
3374 2246 3553 2303 habet
3581 2263 3743 2303 mare

2097 2335 2516 2403 mundiistius,
2551 2340 2759 2407 praeter
2801 2334 2986 2391 solam
3031 2335 3371 2404 Ecclesium,
3405 2353 3532 2408 quae
3564 2353 3746 2409 prop-

2098 2430 2188 2482 ter
2217 2425 2575 2482 saevientium
2608 2426 2824 2480 ﬂuctus
2855 2425 3253 2497 inimicorum,
3285 2424 3484 2481 insula
3532 2425 3751 2483 dicitur

2099 2515 2159 2570 in
2190 2514 2508 2586 Scripturis
2556 2516 2683 2583 (lsa,
2742 2531 2878 2582 XLII,
2947 2515 3058 2587 12),
3126 2515 3625 2585 quemadmodum
3693 2519 3751 2571 et

2100 2604 2372 2661 navicula
2428 2620 2533 2676 per
2587 2605 2838 2676 ﬁguram
2909 2603 2970 2658 in
3044 2603 3354 2675 Evangelio
3410 2604 3752 2661 nominatur

2104 2695 2310 2766 (Matth.
2343 2711 2444 2759 v11,
2476 2695 2589 2765 24).

2185 2805 2212 2837 a
2239 2789 2363 2839 Non
2396 2784 2633 2839 dabitur
2661 2799 2875 2838 aurum
2926 2783 3189 2838 obrizum
3223 2800 3327 2855 pro
3353 2800 3421 2838 ea
3454 2800 3468 2839 :
3505 2799 3609 2840 nec
3657 2800 3756 2858 ap-

2108 2874 2397 2946 pendetur
2434 2879 2847 2944 argumentum
2907 2872 2967 2927 in
3027 2874 3484 2929 commutatione
3542 2874 3693 2944 ejus.
3729 2895 3758 2924 ››

2112 2963 2233 3017 Ηοο
2264 2962 2363 3027 ait,
2389 2964 2543 3033 quod
2569 2961 2730 3017 nulla
2760 2978 2852 3016 res
2884 2961 3155 3033 quamvis
3188 2962 3440 3034 pretiosa
3470 2963 3762 3035 sit,possit

2110 3052 2246 3107 huic
2271 3051 2571 3123 sapientiae
2604 3051 2950 3122 comparari.
2982 3051 3111 3107 Sive
3133 3052 3273 3123 quia
3294 3052 3577 3107 aurumin
3603 3053 3760 3108 Scri-

2113 3143 2326 3215 pturis,
2359 3142 2445 3197 vel
2479 3142 3185 3213 argumentum,tropicus
3217 3159 3448 3209 sensus,
3484 3147 3540 3198 ct
3570 3160 3762 3199 sermo

2113 3231 2482 3304 intelligitur,
2515 3231 2624 3287 hoc
2654 3231 2814 3296 dicit,
2849 3231 3198 3302 sapientiam
3227 3232 3402 3288 istam
3434 3232 3636 3301 nullus
3658 3250 3763 3306 pro

2117 3322 2324 3377 merito
2356 3321 2570 3376 sentire
2600 3326 2818 3392 posset,
2851 3325 2954 3375 aut
2983 3320 3201 3392 eloqui.

2191 3432 2220 3461 «
2252 3410 2377 3464 Non
2428 3409 2757 3464 conferetur
2811 3408 3010 3464 tinctis
3069 3410 3242 3464 Indiae
3302 3409 3616 3477 coloribus,
3662 3428 3767 3467 nec

2118 3499 2297 3572 lapidi
2342 3498 2691 3554 sardonicho
2752 3498 3200 3569 pretiosissimo,
3253 3498 3343 3554 vel
3402 3499 3698 3570 sapphiro.
3734 3522 3764 3549 »

2118 3589 2374 3645 Diversis
2405 3588 2599 3653 rebus,
2626 3586 3366 3660 pretiosis,ha3c.sapientia
3395 3588 3591 3643 divina
3620 3606 3764 3662 pra:-

2121 3679 2325 3733 fertur.
2357 3677 2475 3732 Hoc
2504 3682 2701 3731 tamen
2736 3676 3228 3748 sciendum,quod
3264 3676 3518 3733 maxime
3548 3677 3607 3733 in
3642 3695 3766 3734 me-

2123 3768 2350 3824 ridiano
2383 3766 2615 3821 climate
2642 3765 2764 3820 brec
2822 3765 3062 3821 metalla
3120 3767 3378 3838 pretiosa
3430 3772 3769 3823 nascantur.

2125 3859 2193 3913 Et
2222 3856 2322 3928 qui
2353 3857 2412 3911 in
2451 3856 2615 3911 India
2663 3872 2867 3911 omnes
2917 3855 3209 3912 idolorum
3240 3857 3493 3913 cultores
3548 3857 3773 3930 signiﬁ-

2126 3951 2336 4003 cantur
2366 3963 2381 4001 :
2416 3946 2475 4001 in
2509 3963 2624 4016 qua
2648 3946 2887 4013 colores,
2921 3950 2988 3999 ut
3038 3945 3175 4012 dixi,
3229 3946 3467 4017 pretiosi
3525 3946 3611 4002 vel
3672 3964 3775 4003 na-

2128 4041 2391 4101 scuntur,
2424 4035 2509 4089 vel
2538 4036 2687 4089 ﬁunt
2719 4052 2731 4089 :
2766 4035 2821 4089 id
2854 4039 2994 4106 puto
3022 4051 3193 4105 posse
3222 4034 3492 4106 intelligi,
3527 4036 3667 4103 quia
3712 4036 3774 4091 in

2127 4125 2401 4199 gentibus
2433 4125 2531 4178 ubi
2589 4125 2766 4178 timor
2802 4123 2917 4179 veri
2978 4123 3079 4177 Dei
3137 4139 3251 4178 non
3309 4129 3416 4191 est,
3480 4125 3671 4179 fucata
3719 4129 3777 4181 et

2131 4214 2563 4288 quodammodo
2584 4217 2814 4268 terrena
2835 4211 3037 4283 religio
3065 4212 3141 4267 sit
3172 4229 3185 4267 :
3219 4228 3345 4283 quae
3367 4214 3478 4268 sub
3496 4218 3775 4285 praetextu

2132 4304 2389 4361 nominis
2454 4303 2555 4358 Dei
2615 4302 2673 4357 in
2730 4318 2993 4357 errorum
3046 4302 3372 4367 mendacio,
3431 4303 3658 4358 diverso
3717 4320 3783 4359 ac

2132 4394 2289 4450 vario
2323 4407 2660 4448 sermonum
2690 4391 2878 4445 colore
2909 4389 3067 4446 velut
3107 4390 3336 4463 pictura
3390 4392 3779 4463 componitur,

2135 4490 2193 4540 et
2223 4483 2392 4555 quasi
2422 4482 2571 4553 lapis
2604 4482 2892 4549 pretiosus
2916 4480 3145 4551 eloquio
3177 4480 3501 4553 splendeat,
3535 4482 3655 4538 sive
3685 4499 3786 4537 no-

2137 4574 2296 4630 mine
2327 4571 2546 4645 fulgeat
2576 4571 2828 4637 deitatis,
2853 4576 2910 4625 et
2941 4571 3106 4625 India
3127 4571 3247 4627 sive
3269 4571 3444 4626 etiam
3473 4572 3784 4644 Ethiopia.

2137 4663 2528 4737 pigredinem,
2558 4660 2647 4715 vel
2679 4662 2953 4716 tenebras
3012 4666 3388 4733 peccatorum
3444 4662 3739 4735 significat
3772 4679 3785 4718 :

374 4752 446 4807 ab
478 4751 734 4817 homine,
767 4768 873 4806 nec
896 4751 1119 4806 haberi.
1154 4751 1314 4814 Quod
1348 4755 1404 4805 et
1431 4750 1558 4822 ipse
1585 4751 1696 4806 Job
1729 4751 1789 4805 in
1820 4751 2028 4807 subse-
2062 4767 2107 4831 Ι)
2140 4770 2267 4826 quae
2298 4750 2629 4824 specialiter
2659 4750 2716 4803 in
2744 4749 3037 4805 idolorum
3070 4750 3316 4807 culturis
3350 4751 3661 4809 habentur.

376 4840 695 4912 quentibus
727 4840 1061 4907 declaravit,
1095 4836 1178 4895 ita
1207 4839 1408 4895 dicens
1442 4856 1455 4894 :
1491 4866 1518 4889 α
1553 4840 1622 4894 Et
1651 4839 1797 4895 dixit
1840 4841 2029 4896 homi-

377 4930 459 4998 ni,
493 4930 698 5000 utique
729 4930 925 4984 Deus:
961 4930 1104 4984 Ecce
1134 4929 1312 4984 timor
1348 4928 1575 4984 Domini
1621 4929 1753 5001 ipsa
1801 4935 1890 4986 est
1937 4949 2028 4986 sa-

378 5018 615 5091 pientia,
650 5024 707 5075 et
734 5020 999 5074 recedere
1031 5036 1065 5074 a
1095 5018 1249 5073 malo
1280 5017 1690 5090 intelligentia.
1736 5040 1763 5067 »

451 5108 709 5163 «Nescit
756 5108 929 5163 homo
987 5108 1242 5179 pretium
1303 5110 1452 5176 ejus.
1511 5129 1538 5156 »
1591 5111 1725 5161 Hmc
1764 5108 2034 5178 dicendo,

383 5196 852 5252 inaestimabilem
883 5214 1012 5253 esse
1043 5196 1393 5269 sapientiam
1430 5196 1655 5251 timoris
1692 5196 1785 5252 Dei
1807 5196 2033 5267 signiti-

381 5288 552 5342 cavit.

461 5399 487 5428 «
517 5377 630 5432 Nec
663 5376 960 5432 invenitur
1013 5378 1071 5432 in
1122 5381 1281 5432 terra
1310 5375 1568 5432 suaviter
1612 5374 1951 5431 viventium.
2008 5399 2029 5427 ι

382 5466 542 5521 Hanc
574 5466 755 5538 igitur
786 5467 1136 5538 sapientiam
1158 5466 1388 5522 timoris
1421 5464 1519 5520 Dei
1543 5481 1657 5519 non
1679 5464 1851 5520 habet
1875 5465 2034 5535 quis-

384 5572 587 5627 quam,
619 5555 731 5610 nisi
762 5572 999 5611 carnem
1032 5573 1202 5611 suam
1234 5554 1586 5611 crucilixerit
1617 5570 1749 5608 cum
1782 5554 1940 5610 vitiis
1979 5561 2038 5611 et

380 5645 877 5716 concupiscentiis
907 5646 1118 5715 (Galat.
1152 5662 1205 5715 v,
1235 5646 1348 5715 24),
1381 5643 1495 5699 nisi
1529 5643 1734 5699 vixerit
1775 5649 1840 5699 ut
1889 5645 2035 5701 Pau-

383 5734 476 5790 lus
506 5733 833 5806 apostolus,
868 5739 932 5789 ut
964 5751 1168 5789 omnes
1199 5734 1410 5806 sancti,
1443 5734 1504 5789 in
1535 5732 2035 5808 tribulationibus,

383 5823 917 5895 persecutionibus,
968 5824 1281 5897 angustiis,
1341 5828 1400 5879 et
1455 5823 1751 5895 pressuris
1795 5824 1867 5897 (ΙΙ
1913 5825 2032 5882 Cor.

2214 4864 2242 4892 ‹‹
2275 4841 2400 4895 Non
2434 4838 2839 4910 adzequabitur
2877 4839 2924 4893 ei
2977 4856 3210 4909 aurum,
3264 4841 3352 4896 vel
3410 4842 3649 4910 vitrum,
3685 4859 3789 4898 nec

2142 4930 2666 4987 commutabantur
2696 4945 2799 5000 pro
2831 4945 2898 4985 ca
2943 4946 3083 4984 vasa
3130 4930 3279 4985 auri.
3342 4953 3371 4980 »
3428 4934 3653 4987 Aurum
3700 4932 3790 4986 vel

2141 5021 2380 5088 vitrum,
2413 5024 2469 5075 et
2498 5020 2673 5073 etiam
2695 5036 2834 5074 vasa
2863 5019 3262 5091 auri,pretiosi
3294 5021 3530 5091 quippe,
3566 5024 3623 5075 et
3649 5020 3791 5075 clari

2144 5110 2551 5182 intelliguntur
2580 5125 2591 5162 :
2628 5108 2723 5180 qui
2757 5109 2817 5163 in
2851 5109 2956 5165 hoc
2987 5108 3198 5165 saeculo
3222 5110 3456 5165 nomine
3488 5109 3793 5181 dignitatis

2144 5206 2201 5256 et
2252 5200 2590 5270 divitiarum
2652 5197 2838 5269 gloria
2912 5198 3269 5271 splendent:
3304 5198 3363 5252 hi
3421 5197 3626 5269 utique
3672 5215 3790 5253 non

2146 5290 2428 5345 habentes
2459 5304 2604 5344 verre
2636 5287 2936 5359 religionis
2967 5288 3261 5355 timorem,
3312 5302 3416 5359 pro
3464 5286 3649 5342 nihilo
3688 5287 3792 5342 ha-

2144 5380 2444 5435 bebuntur
2476 5395 2489 5433 :
2523 5393 2589 5432 eo
2621 5377 2776 5447 quod
2809 5393 2925 5431 non
2957 5381 3203 5449 possunt
3258 5375 3413 5431 velut
3453 5392 3555 5447 pro
3582 5375 3791 5433 merito

2146 5470 2342 5543 gloriae
2375 5486 2516 5534 sure,
2549 5467 2622 5523 ad
2654 5466 3173 5522 commutationem
3234 5463 3532 5537 sapientiae
3590 5464 3791 5539 singu-

2144 5550 2287 5616 laris
2318 5558 2610 5614 accedere.

2219 5670 2248 5699 ‹‹
2281 5648 2519 5703 Excelsa
2548 5650 2605 5701 et
2635 5643 2955 5699 eminentia
3002 5659 3118 5699 non
3171 5647 3795 5704 commemorabuntur

2147 5740 2206 5793 in
2238 5736 2669 5809 comparatione
2698 5735 2845 5804 ejus.
2882 5754 2909 5781 »
2941 5732 3125 5788 Etiam
3163 5735 3212 5790 si
3283 5734 3511 5793 excelsa
3568 5738 3707 5805 sint,
3742 5742 3797 5795 et

2148 5827 2472 5903 plurimum
2502 5822 2820 5880 eminentia
2849 5837 3212 5895 quiscunque
3232 5824 3292 5883 in
3324 5831 3610 5885 creaturis
3632 5832 3791 5885 sunt:
