4220 6572
441 474 563 543 743

1917 463 2333 529 APPENDIX.

3734 468 3899 533 7M-

448 611 515 663 ut
541 607 682 662 sunt
710 601 852 661 etim
877 600 1150 675 angelicae
1193 602 1531 674 potestates,
1581 598 1829 655 minima
1872 599 2091 669 omnia,
2126 601 2183 665 Α
2211 603 2308 653 tur
2335 600 2787 670 modo,adventu
2818 616 2923 655 suo
2956 616 3064 655 nos
3092 598 3403 669 visitando,
3453 599 3600 658 ﬁnes
3647 600 3862 658 mundi

444 695 565 753 imo
595 693 796 767 potius
818 691 1063 765 indigna
1092 690 1377 747 memoria
1411 692 1602 755 erunt,
1628 689 1686 743 in
1718 688 2101 759 comparatio-

448 802 522 842 ne
558 783 741 855 illius,
775 798 903 854 quae
938 781 1073 837 fecit
1099 795 1333 836 omnem
1374 782 1700 834 creaturam
1753 774 2100 831 rationalem

449 876 563 931 Deo
595 872 845 945 placere,
871 870 1041 941 eique
1071 873 1274 924 sancto
1303 884 1501 922 amore
1530 858 1828 937 co'njungi.
1861 865 1931 919 Et
1969 864 2097 919 ideo

448 963 755 1037 praefertur
781 959 897 1015 illis
933 957 1326 1015 eminentibus
1358 954 1602 1011 excelsis
1632 954 1860 1009 timoris
1889 954 2101 1025 hujus-

450 1050 613 1109 modi
670 1048 957 1122 sapientia
997 1066 1011 1116 ;
1046 1047 1185 1120 quia
1237 1046 1363 1102 sine
1420 1044 1522 1100 illa
1567 1042 1715 1099 nihil
1770 1047 1909 1097 sunt
1965 1047 2099 1099 ante

449 1141 660 1205 Deum,
691 1138 846 1194 sicut
875 1140 932 1192 et
959 1136 1084 1207 ipse
1112 1133 1381 1190 diabolus
1404 1133 1506 1205 qui
1536 1133 1756 1187 amisso
1786 1131 1998 1186 timore
2015 1130 2100 1185 di-

448 1229 597 1285 vinae
628 1224 984 1295 reverentiae,
1012 1222 1267 1296 perdidit
1296 1221 1705 1293 semetipsum.

521 1341 550 1368 ‹‹
582 1316 857 1373 Trahitur
884 1317 1083 1368 autem
1116 1310 1403 1383 sapientia
1454 1311 1526 1365 de
1577 1309 1843 1366 occultis.
1890 1328 1917 1360 ιι
1970 1308 2101 1364 Haec

338 1414 343 1417 ’
448 1406 629 1481 igitur
657 1404 891 1461 aliunde
920 1418 1037 1457 non
1068 1404 1261 1473 potest
1289 1399 1404 1456 nisi
1434 1400 1505 1455 de
1536 1398 1808 1472 supernis
1851 1397 2100 1466 assumi,

452 1496 573 1553 sive
592 1495 664 1551 de
692 1491 920 1548 intimis
947 1490 1140 1547 cordis
1191 1489 1523 1555 affectibus,
1555 1490 1709 1543 dono
1739 1486 1928 1543 sancti
1969 1486 2104 1558 Spi-

450 1585 600 1641 ritus
648 1580 926 1644 trahitur,
972 1583 1038 1635 ut
1088 1579 1372 1651 propheta
1399 1577 1481 1633 ait
1512 1596 1526 1645 ;
1562 1578 1630 1634 0s
1655 1593 1841 1632 meum
1881 1576 2101 1646 aperui,

416 1683 504 1734 Aet
549 1672 765 1729 attraxi
815 1671 1083 1742 spiritum
1129 1668 1298 1739 (Psal.
1355 1684 1553 1737 cxvm,
1586 1666 1700 1737 31),
1732 1670 1798 1721 ut
1834 1664 2106 1721 videlicet

453 1762 645 1837 sapiat
670 1761 849 1817 homo
870 1758 1056 1814 Deum
1086 1760 1145 1813 et
1171 1757 1396 1825 timeat,
1447 1772 1514 1812 ac
1552 1756 1823 1811 recedere
1868 1771 1904 1810 a
1946 1751 2102 1809 malo

453 1850 764 1924 intelligat.
822 1896 841 1913 ,

2208 686 2461 744 intuitus
2489 692 2598 744 est.
2649 691 2712 745 In
2742 688 2856 759 his,
2888 688 3154 760 inquam,
3204 690 3566 761 temporibus
3614 691 3858 762 nostris,

2207 774 2269 831 in
2301 794 2449 849 quos
2479 777 2830 833 saeculorum
2862 778 3008 833 fines
3040 779 3418 834 devenerunt.
3447 779 3497 850 (ι
3528 781 3712 850 Cor.x,
3746 780 3859 852 11).

2285 906 2312 934 ‹‹
2344 883 2452 947 Qui
2483 884 2618 939 fecit
2642 884 2830 939 ventis
2860 885 3109 956 pondus,
3144 890 3201 940 et
3240 902 3425 956 aquas
3474 886 3753 958 appendit
3798 886 3863 942 in

2209 988 2507 1028 mensura.
2541 972 2785 1035 Quando
2837 973 3089 1044 ponebat
3138 972 3352 1045 pluviis
3403 974 3590 1045 legem
3621 979 3679 1030 et
3706 975 3863 1031 viam

2209 1060 2479 1134 procellis
2529 1061 2899 1116 sonantibus.
2952 1062 3325 1118 Manifestum
3357 1068 3466 1130 est,
3498 1063 3639 1135 quia
3666 1065 3865 1120 omnis

2208 1154 2475 1205 creatura
2494 1150 2558 1204 in
2587 1166 2767 1205 manu
2788 1155 2846 1206 et
2864 1150 3077 1207 virtute
3103 1152 3372 1223 potentize
3394 1152 3552 1207 illius
3573 1158 3862 1212 teneatur.

2207 1238 2389 1294 Aliter
2419 1254 2432 1295 :
2463 1238 2625 1310 Ipsas
2669 1239 2887 1311 gratias
2920 1240 3164 1311 spiritus
3200 1241 3412 1308 sancti,
3446 1242 3616 1313 quasi
3643 1243 3702 1297 in
3734 1243 3864 1316 ipso

2209 1328 2381 1384 initio
2414 1344 2517 1399 per
2546 1328 2839 1399 apostolos
2863 1329 3087 1401 accepit
3110 1329 3651 1402 Ecclesia:quando
3674 1332 3864 1388 factus

2210 1421 2300 1473 est
2330 1417 2401 1472 de
2432 1416 2574 1472 cmlo
2618 1417 2847 1473 sonitus
2876 1421 3159 1488 tanquam
3207 1418 3568 1475 advenientis
3617 1420 3864 1492 spiritus

2209 1506 2572 1562 vehementis
2637 1507 2772 1576 (Act.
2843 1524 2906 1575 ιι,
2972 1509 3050 1578 2).
3120 1508 3357 1577 Ventos,
3431 1508 3552 1565 sive
3617 1509 3865 1582 spiritus

2214 1595 2516 1667 Scriptura
2544 1600 3139 1668 commemorat,quos
3167 1599 3316 1653 Deus
3346 1596 3648 1670 largiendo
3679 1599 3747 1655 de
3770 1617 3864 1655 ar-

2214 1685 2376 1741 canis
2408 1689 2764 1741 secretorum
2797 1686 3122 1742 caelestium
3154 1687 3492 1758 prolaturus
3524 1687 3866 1745 hominibus

2213 1777 2323 1841 est,
2359 1773 2684 1827 secundum
2711 1772 3056 1844 prophetam
3086 1773 3375 1830 dicentem
3421 1791 3434 1830 :
3482 1776 3588 1845 Qui
3611 1777 3868 1849 producit

2212 1869 2398 1917 ventos
2453 1861 2517 1917 de
2583 1862 2855 1917 thesauris
2918 1865 3036 1918 suis
3101 1863 3273 1934 (Psal.
3309 1881 3531 1933 cxxxiv,
3594 1866 3672 1938 7).
3743 1867 3867 1921 Ali-

528 1963 557 1992 «
604 1940 732 1996 Non
781 1936 1186 2009 adequabitur
1240 1936 1289 1993 ei
1348 1935 1615 2007 topazius
1666 1935 1737 1990 de
1787 1932 2099 2004 IEthiopia,

2224 1952 2449 2024 quando
2480 1950 2569 2006 his
2598 1950 2969 2007 diversitates
3001 1932 3347 2023 gratiarum,
3387 1932 3642 2026 Spiritus
3672 1958 3868 2012 sancti

455 2046 564 2088 nec
592 2029 859 2085 tinctura
890 2024 1295 2081 mundissimis
1327 2028 1756 2097 componentur
1788 2046 1816 2073 »
1836 2023 1864 2077 ?
1904 2021 2101 2078 Diver-

457 2120 541 2177 sis
569 2118 781 2183 modis,
810 2121 868 2173 et
895 2115 1141 2172 diversis
1167 2114 1509 2171 nominibus
1541 2114 1693 2181 auri,
1726 2129 1793 2169 ac
1823 2110 2107 2184 supellec-

455 2210 578 2268 tilis
605 2206 892 2281 pretiosis,
925 2209 1168 2261 sanctus
1196 2203 1305 2259 Job
1338 2203 1500 2274 dicit,
1524 2202 1681 2274 quod
1711 2202 1889 2257 timor
1918 2199 2109 2255 Domi-

458 2298 519 2354 ni
549 2314 665 2354 non
697 2294 885 2368 possit
913 2293 999 2349 eis
1028 2291 1149 2348 ullo
1181 2292 1355 2348 modo
1387 2290 1738 2363 comparari.

537 2408 565 2440 ιι
593 2385 757 2442 Unde
786 2399 922 2456 ergo
967 2381 1258 2453 sapientia
1303 2382 1482 2449 venit,
1532 2383 1591 2436 et
1633 2380 1767 2452 quis
1809 2382 1899 2435 est
1945 2378 2110 2433 locus

457 2472 878 2547 intelligentiae.
913 2495 936 2524 ι
973 2473 1344 2543 Interrogans
1377 2468 1643 2543 requirit,
1662 2472 1719 2525 et
1748 2468 1927 2524 dicit:
1952 2467 2108 2540 quod

460 2565 656 2623 omnis
681 2565 949 2621 creatura
976 2559 1064 2617 vel
1096 2560 1349 2617 maxime
1379 2559 1731 2632 sapientiam
1763 2558 1913 2614 hanc
1944 2556 2111 2628 igno-

460 2659 573 2713 ret.

533 2767 563 2796 «
589 2740 945 2800 Abscondita
970 2744 1060 2797 est
1088 2739 1162 2796 ab
1191 2738 1379 2797 oculis
1408 2737 1676 2795 omnium
1723 2736 2044 2792 viventium
2095 2750 2110 2791 :

458 2834 722 2893 volucres
771 2847 1006 2904 quoque
1056 2829 1187 2886 coeli
1232 2829 1396 2885 latet.
1446 2850 1474 2878 »
1519 2826 1851 2883 Viventium
1890 2824 2112 2881 mundo

461 2921 911 2994 intelligendum
965 2923 1079 2985 est,
1109 2918 1182 2973 de
1228 2918 1449 2989 quibus
1500 2915 1775 2991 superius
1826 2914 1927 2984 ait,
1976 2928 2113 2968 cum

462 3013 536 3068 de
564 3011 673 3067 hac
703 3007 992 3082 sapientia
1022 3007 1384 3079 loqueretur,
1418 3020 1524 3061 nec
1555 3003 1850 3059 invenitur
1870 3002 1930 3057 in
1961 3005 2117 3056 terra

463 3100 721 3157 suaviter
763 3097 1103 3154 viventium.
1139 3095 1303 3161 Quod
1352 3099 1549 3149 autem
1598 3092 1762 3157 dixit,
1812 3090 1951 3164 quia
1995 3089 2115 3144 hzec

464 3189 755 3264 sapientia
789 3186 1055 3243 volucres
1101 3183 1231 3240 οωὶί
1280 3183 1507 3249 lateret,
1559 3180 1818 3254 superbi,
1851 3185 1910 3236 et
1938 3179 2114 3243 leves,

465 3280 587 3337 sive
616 3279 718 3351 qui
747 3276 934 3333 altum
968 3273 1391 3346 sapiunt,quod
1424 3273 1496 3329 ad
1528 3276 1818 3327 tumorem
1850 3285 2120 3340 arrogan-

464 3370 558 3426 tia)
592 3342 862 3441 pertinet,
894 3342 1271 3435 intelligendi
1310 3367 1470 3431 sunt,
1500 3362 1623 3417 sive
1675 3361 1918 3433 spiritus
1949 3357 2110 3425 mali,
2144 3342 2187 3411 C

467 3458 571 3533 qui
602 3454 929 3515 secundum
959 3450 1300 3524 parabolam
1322 3450 1642 3523 Evangelii,
1667 3450 1892 3521 jactum
1915 3464 2115 3504 semen

466 3546 838 3605 Dominicum
886 3542 1059 3614 juxta
1118 3539 1272 3596 viam
1330 3540 1649 3596 comedunt
1706 3539 1927 3610 (Matth.
1987 3551 2114 3607 xm,

467 3638 526 3704 4,
594 3635 705 3706 19).
775 3632 892 3688 Hos
957 3630 1140 3703 igitur
1203 3628 1382 3685 latere
1454 3628 1537 3683 ait
1608 3628 1828 3684 bonum
1888 3625 2118 3682 timoris

467 3725 593 3782 Dei.

543 3835 574 3863 ι(
604 3810 882 3875 Perditio,
912 3812 972 3866 et
1010 3825 1167 3865 mors
1193 3807 1484 3878 dixerunt,
1508 3806 1753 3863 auribus
1782 3804 2000 3861 nostris
2021 3822 2125 3860 ίιιι-Δ

472 3901 730 3959 divimus
760 3900 977 3959 famam
998 3899 1144 3969 ejus.
1180 3919 1208 3947 ››
1240 3896 1437 3952 Potest
1467 3901 1714 3967 utroque
1741 3895 1851 3951 hoc
1882 3894 2119 3949 nomine

470 3989 742 4049 diabolus
791 3988 931 4055 dici,
982 3988 1103 4043 sive
1150 3985 1247 4042 ille
1295 4002 1453 4041 mors
1500 3984 1781 4059 appellari
1814 3987 2023 4057 potest,
2056 3986 2121 4037 ut

468 4081 562 4138 sui
592 4078 877 4137 satellites
908 4076 1155 4150 perditio
1210 4081 1645 4147 nuncupentur.
1680 4074 1748 4129 Hi
1778 4090 1915 4146 ergo
1959 4072 2116 4128 dixe-

465 4174 607 4227 runt
635 4168 791 4241 quod
822 4168 1040 4223 famam
1071 4165 1300 4222 timoris
1332 4164 1434 4220 Dei
1463 4165 1941 4220 audieruntmon
1962 4161 2120 4217 enim

468 4275 681 4333 negare
709 4262 979 4330 possunt,
1011 4256 1152 4328 quia
1181 4271 1301 4310 non
1332 4254 1628 4311 audierint
1672 4252 1861 4319 illam,
1895 4268 2028 4307 eum
2060 4250 2122 4305 in

467 4355 689 4405 natura:
720 4364 839 4404 sua:
869 4347 1022 4402 bono
1052 4344 1305 4399 inditam
1336 4341 1828 4414 perceperint,sed
1861 4355 1964 4412 per
1992 4340 2116 4394 ino-

466 4436 771 4495 bedientiae
804 4433 1050 4501 malum,
1084 4448 1214 4488 eam
1246 4430 1462 4486 habere
1490 4429 1824 4485 noluerunt.

542 4548 572 4577 α
607 4526 758 4582 Deus
787 4521 1064 4595 intelligit
1090 4520 1247 4575 viam
1277 4520 1428 4589 ejus,
1480 4522 1538 4574 et
1584 4521 1710 4590 ipse
1744 4517 1902 4573 novit
1930 4516 2125 4574 locum

464 4613 647 4671 illius.
681 4637 705 4666 ι
742 4613 851 4668 Pro
900 4616 1056 4666 certo
1108 4609 1221 4665 scit
1275 4610 1447 4673 Deus.
1496 4608 1651 4679 quod
1686 4607 1807 4663 haec
1840 4607 2128 4680 sapientia

465 4705 738 4777 properet
765 4701 837 4757 ad
870 4698 1069 4755 locum
1100 4697 1303 4770 utique
1333 4697 1568 4769 quietis,
1602 4701 1658 4753 et
1688 4702 1981 4771 perpetuae
2023 4714 2123 4769 pa-
2160 4719 2205 4784 D

467 4792 577 4857 cis,
623 4789 724 4846 ubi
774 4805 878 4861 per
925 4788 1078 4843 hanc
1123 4787 1317 4859 ipsam
1366 4786 1713 4859 sapientiam
1746 4786 1976 4842 timoris
2009 4785 2121 4855 sui,

467 4896 646 4951 super
674 4877 939 4950 quietum
970 4878 1028 4932 et
1055 4875 1364 4946 humilem,
1398 4881 1456 4931 et
1497 4879 1846 4931 trementem
1898 4891 2121 4930 sermo-

463 4987 570 5027 nes
595 4985 733 5025 suos
762 4966 1128 5039 requiescere
1159 4964 1499 5021 delectetur.
1531 4964 1658 5021 Sive
1702 4969 1855 5020 Deus
1908 4963 2124 5019 intelli-

461 5061 550 5134 git
574 5058 732 5114 viam
762 5056 915 5126 ejus,
949 5071 1075 5127 quae
1109 5054 1519 5126 praedicatione
1552 5053 1844 5126 Evangelii
1875 5070 1977 5135 per
2006 5068 2128 5108 om-

462 5167 567 5207 nes
597 5152 786 5204 terras
815 5143 1047 5219 prolata
1075 5148 1189 5201 est.
1221 5142 1387 5200 Unde
1413 5147 1469 5200 et
1501 5144 1769 5216 sequitur
1799 5143 1871 5197 de
1905 5143 2015 5197 Deo
2038 5141 2124 5197 di-

467 5254 607 5297 cens
638 5254 654 5295 :
1786 5228 1793 5239 ’

539 5352 568 5381 ‹‹
602 5329 729 5401 ipse
753 5325 911 5384 enim
944 5325 1093 5381 ﬁnes
1122 5322 1331 5379 mundi
1362 5322 1647 5394 intuetur,
1681 5324 1737 5377 et
1765 5320 1965 5376 omnia
2000 5336 2128 5392 quae

470 5419 582 5475 sub
615 5417 758 5474 cmlo
788 5419 930 5472 sunt
959 5413 1218 5486 respicit.
1250 5411 1393 5477 Quis
1442 5411 1600 5466 enim
1645 5409 1912 5483 ambigit,
1948 5415 2131 5465 Deum

469 5523 643 5563 nosse
670 5505 847 5562 etiam
877 5520 1007 5577 qua:
1041 5504 1238 5559 futura
1270 5503 1412 5556 sunt
1434 5500 1461 5554 ἱ)
1486 5500 1599 5555 Sed
1632 5499 1726 5554 hic
1756 5500 1952 5571 potius
1982 5505 2130 5555 Deus

470 5594 739 5666 cognitor
757 5593 1092 5649 futurorum
1122 5590 1268 5645 illud
1295 5588 1733 5661 inspexit,quod
1762 5591 1963 5659 postea
1986 5588 2132 5643 dixit

472 5684 602 5755 ejus
629 5681 942 5754 Apostolus
992 5697 1006 5736 :
1057 5681 1193 5737 Cum
1219 5687 1405 5735 autem
1437 5679 1586 5734 venit
1606 5677 1898 5749 plenitudo
1928 5685 2129 5750 tempo-

474 5773 576 5843 ris,
607 5770 764 5827 misit
794 5770 935 5826 Deus
957 5770 1168 5827 Filium
1186 5785 1349 5826 suum
1376 5767 1576 5837 (Calai.
1619 5784 1697 5837 v1,
1747 5768 1822 5839 4).
1876 5766 1994 5823 Hoc
2025 5767 2131 5841 igi-

2213 2044 2523 2096 censentur
2570 2040 2829 2111 nomine,
2863 2040 3059 2096 dantis
3109 2041 3215 2096 has
3264 2043 3507 2114 gratias,
3541 2044 3869 2100 secundum

2214 2127 2359 2183 illud
2410 2128 2672 2200 Apostoli
2724 2129 2962 2199 Spiritus
3026 2131 3417 2201 prophetarum
3463 2133 3690 2204 subjecti
3742 2142 3874 2189 sunt

2210 2218 2496 2289 prophetis
2520 2220 2572 2286 (ι
2603 2219 2724 2273 Cor.
2750 2235 2863 2284 XIV,
2898 2220 3013 2289 3'2),
3046 2219 3145 2290 qui
3178 2219 3355 2276 etiam
3386 2226 3622 2293 propter
3667 2238 3871 2294 opera-

2216 2307 2433 2361 tionem
2468 2310 2525 2361 et
2554 2307 2822 2361 effectum
2847 2308 3054 2362 divina:
3078 2310 3563 2365 sanctificationis
3584 2327 3873 2382 summon-

2218 2396 2330 2450 dus
2362 2394 2576 2450 habere
2608 2396 2906 2463 dicuntur,
2936 2401 2999 2450 ut
3031 2399 3359 2452 secundum
3401 2399 3870 2473 uniuscujusque

2217 2484 2370 2539 vires
2401 2484 2809 2557 praedicatores
2839 2485 2993 2539 verbi
3032 2485 3125 2541 Dei
3159 2486 3292 2541 aliis
3342 2486 3432 2542 lac
3481 2489 3708 2556 darent,
3737 2490 3868 2545 aliis

2220 2574 2476 2629 solidum
2507 2574 2704 2629 cibum
2736 2574 3120 2645 porrigerent,
3166 2575 3266 2629 ubi
3317 2575 3595 2643 dicerent,
3624 2578 3711 2633 vel
3744 2579 3873 2650 qui-

2220 2664 2333 2719 bus
2365 2663 2791 2719 dicerent.lnde
2819 2663 2897 2716 ait
2929 2664 3213 2734 propheta
3245 2681 3257 2719 :
3294 2666 3436 2721 Dabo
3464 2667 3608 2721 vobis
3638 2668 3872 2722 imbrem

2219 2755 2562 2808 matutinum
2590 2756 2639 2807 et
2668 2754 2972 2807 serotinum
3002 2754 3139 2824 (Joel
3160 2754 3319 2824 11,23)
3349 2773 3362 2808 :
3398 2755 3507 2811 hoc
3536 2759 3626 2811 est
3653 2773 3869 2813 novum

2223 2845 2281 2897 et
2308 2844 2475 2896 vetus
2503 2841 2973 2897 Testamentum.

2296 2970 2324 2997 «
2358 2948 2522 3002 Tunc
2548 2947 2693 3001 vidit
2722 2946 2906 3014 illam,
2940 2952 2998 3002 et
3039 2949 3349 3017 enarravit,
3401 2953 3459 3006 et
3505 2952 3870 3024 praeparavit,

2224 3041 2282 3093 et
2312 3035 2698 3106 investigavit,
2731 3041 2787 3090 et
2817 3038 2963 3091 dixit
2988 3037 3271 3093 homini.»
3295 3040 3355 3094 Id
3385 3044 3493 3105 est,
3527 3040 3586 3096 in
3616 3041 3876 3097 Ecclesia

2224 3144 2352 3191 sua,
2385 3130 2533 3182 Deus
2575 3126 2831 3180 futuram
2883 3128 3031 3181 hanc
3083 3127 3432 3200 sapientiam
3486 3133 3620 3186 ante
3666 3132 3874 3203 praevi-

2225 3217 2333 3281 dit,
2367 3216 2521 3288 quod
2552 3219 2712 3271 totus
2742 3217 3002 3272 mundus
3034 3216 3305 3272 timorem
3356 3218 3517 3274 illius
3563 3219 3872 3294 habiturus

2226 3309 2403 3362 esset.

2300 3436 2327 3463 ‹‹
2356 3412 2501 3469 Ecce
2529 3412 2706 3467 timor
2738 3412 2987 3479 Domini,
3019 3413 3148 3485 ipsa
3195 3418 3283 3470 est
3331 3415 3640 3488 sapientia,
3682 3421 3737 3472 et
3782 3434 3870 3473 re-

2225 3504 2427 3559 cedere
2449 3519 2481 3557 a
2510 3501 2686 3569 malo,
2721 3502 3129 3575 intelligentia.
3167 3526 3193 3552 »
3225 3502 3388 3559 Alter
3416 3504 3595 3560 timor
3640 3509 3747 3573 est,
3800 3522 3873 3561 ne

2225 3592 2540 3665 quisquam
2574 3596 2754 3646 Deum
2790 3593 3047 3647 oll‘endat
3084 3609 3097 3647 :
3132 3593 3277 3648 alter
3304 3610 3437 3649 vero
3471 3596 3517 3650 si
3547 3594 3871 3651 offenderit.

2227 3680 2328 3737 Ille
2360 3682 2517 3754 prior
2546 3688 2779 3735 sanctus
2810 3685 2867 3735 et
2896 3680 3235 3747 laudabilis,
3268 3682 3376 3738 iste
3406 3682 3557 3739 alius
3605 3700 3720 3740 non
3767 3683 3871 3739 ha-

2226 3771 2372 3826 bens
2402 3770 2769 3833 charitatem,
2802 3770 2902 3825 sed
2937 3787 3188 3843 poenam.
3221 3772 3470 3828 Proinde
3499 3773 3570 3829 de
3600 3772 3708 3830 hoc
3730 3790 3874 3846 pra:-

2227 3859 2465 3916 dicabili
2523 3859 2734 3914 timore
2786 3859 2928 3914 dicit
2987 3860 3299 3915 Psalmista
3349 3877 3362 3917 :
3427 3863 3609 3917 Timor
3657 3864 3882 3917 Domini

2225 3955 2448 4005 sanctus
2489 3964 2813 4019 permanens
2861 3951 2921 4002 in
2965 3952 3231 4005 arculum
3277 3950 3475 4007 saeculi
3504 3951 3666 4023 (Psal.
3718 3968 3878 4022 xvm,

2238 4040 2342 4109 lO).
2373 4038 2453 4093 De
2483 4037 2596 4093 alio
2629 4038 2837 4092 timore
2870 4037 3131 4108 loquitur
3153 4039 3509 4111 evangelista
3535 4044 3786 4096 Joannes
3818 4041 3880 4095 in

2230 4126 2487 4201 Epistula
2532 4143 2640 4181 sua
2683 4126 2931 4183 dicens:
2971 4129 3155 4183 Timor
3202 4146 3312 4184 non
3360 4138 3437 4184 est
3484 4132 3544 4184 in
3588 4130 3880 4201 charitatc,

2214 4216 2323 4282 ,scd
2355 4217 2598 4286 perfecta
2627 4214 2869 4269 charilas
2898 4214 3052 4289 foras
3080 4219 3252 4273 mittit
3280 4220 3582 4291 timorem(l
3612 4219 3767 4274 Joan.
3804 4234 3881 4286 Iv,

2234 4307 2343 4375 18).
2378 4303 2484 4370 Qui
2514 4304 2693 4385 timor
2720 4304 2925 4377 utique
2947 4323 3177 4378 pmnam
3211 4307 3408 4379 habet,
3440 4308 3579 4380 quia
3622 4307 3884 4363 dilectio-

2233 4395 2325 4450 nis
2358 4393 2633 4449 meritum
2666 4410 2780 4448 non
2812 4394 3006 4449 habet.

2834 4556 3069 4612 CAPUT
3108 4557 3295 4613 XXIX.

2311 4681 2583 4738 «Addidit
2608 4696 2839 4753 quoque
2860 4681 2969 4737 Job
2990 4700 3298 4739 assumens
3330 4682 3667 4756 parabolam
3692 4700 3887 4753 suam,

2237 4775 2293 4826 et
2344 4770 2509 4826 dixit.
2562 4791 2590 4820 ‹‹
2645 4770 2979 4827 Secundum
3026 4772 3382 4844 superiorem
3416 4771 3682 4845 regulam
3712 4774 3890 4829 etiam

2234 4858 2371 4914 istic
2421 4857 2822 4929 intelligentiae
2872 4859 3088 4915 lineam
3142 4861 3440 4927 ducimus,
3474 4867 3539 4916 ut
3569 4862 3800 4934 quando
3831 4860 3891 4916 id
3920 4912 3929 4919 ,

2235 4948 2390 5019 quod
2425 4947 2695 5019 sequitur
2728 4948 2783 5002 in
2818 4948 3173 5005 Salvatorem
3209 4952 3413 5005 referri
3446 4967 3559 5006 non
3609 4966 3891 5006 convene-

2235 5037 2332 5100 rit,
2366 5035 2437 5091 ad
2471 5037 2870 5092 membrorum
2893 5037 3049 5093 illius
3072 5054 3414 5111 compagem
3448 5056 3689 5096 sensum
3717 5054 3891 5110 expo-

2238 5125 2471 5180 sitionis
2505 5141 2848 5181 conaremur
2882 5128 3190 5183 inﬂectere.
3225 5130 3292 5183 Et
3322 5134 3476 5185 recte
3527 5128 3583 5183 id
3635 5129 3755 5184 ﬁeri
3788 5144 3895 5200 pn-

2236 5214 2396 5281 terit,
2431 5219 2496 5269 ut
2524 5216 2677 5287 quod
2709 5216 2829 5287 ipse
2861 5216 3149 5271 Dominus
3181 5217 3653 5288 caputEcclesize
3679 5234 3795 5274 suze
3830 5216 3897 5273 in

2239 5320 2303 5359 se
2331 5304 2589 5376 recipere
2620 5322 2734 5360 non
2768 5310 2980 5376 potest,
3014 5307 3083 5361 de
3115 5307 3244 5376 ejus
3290 5323 3551 5379 corpore,
3597 5307 3752 5379 quod
3804 5313 3898 5363 est

2237 5393 2497 5449 Ecclesia
2526 5394 2835 5449 sentiatur.

2312 5523 2341 5550 «
2374 5499 2513 5566 Quis
2545 5500 2688 5555 mihi
2720 5500 2964 5564 tribuat,
3000 5506 3064 5556 ut
3094 5503 3207 5558 sim
3230 5503 3401 5572 juxta
3434 5519 3669 5559 menses
3693 5503 3899 5575 pristi-

2242 5591 2699 5656 nos,secundum
2730 5589 2852 5645 dies
2885 5590 3100 5661 quibus
3133 5597 3284 5648 Deus
3317 5594 3687 5649 custodiebat
3717 5592 3895 5648 me?»

2244 5680 2417 5753 Optat
2446 5695 2582 5750 ergo
2614 5685 2855 5734 sanctus
2884 5681 2997 5736 Job
3029 5686 3204 5754 atque
3234 5683 3547 5749 desiderat,
3581 5687 3647 5737 ut
3669 5684 3795 5753 jam
3826 5683 3905 5737 de

2243 5770 2345 5825 illo
2379 5768 2672 5841 squalore,
2707 5772 2765 5825 et
2794 5770 3154 5828 cruciatibus
3198 5771 3500 5843 liberetur,
3550 5775 3905 5827 revertatur-
