4220 6570
273 487 390 549 ’745

1319 487 1833 550 COMMENTAR.
1881 485 1960 549 ΙΝ
2004 485 2167 551 JOB.
2210 488 2383 554 CAP.
2429 490 2642 556 XXIX.

3568 488 3687 556 746

276 637 391 695 que
420 621 492 678 ad
539 618 699 678 illam
749 617 994 693 gloriam
1043 619 1302 693 pristinae
1350 619 1665 692 felicitatis,
1715 620 1774 680 in
1808 639 1926 698 qua
1953 623 2009 689 Α
2035 622 2226 680 vidum
2257 625 2592 684 consolatus
2614 641 2768 682 sum.
2793 647 2822 676 »
2848 622 3131 698 Pupillus,
3157 639 3380 699 pauper
3398 629 3456 682 et
3483 623 3685 703 vidua,

275 713 610 785 aliquando,
642 711 886 768 Domino
917 717 1315 784 prosperante,
1350 713 1605 783 degerat,

350 827 370 852 α
410 803 648 868 Quando
697 801 1042 872 splendebat
1089 801 1328 856 lucerna
1373 804 1502 873 ejus
1543 821 1721 875 super
1750 811 1926 877 caput

273 908 492 948 meum.
525 910 552 944 ι
606 891 806 946 Multis
853 890 1045 946 modis
1095 892 1152 946 in
1205 892 1525 963 Scripturis
1570 894 1790 950 divinis'
1822 913 1920 967 ap-

272 980 520 1053 pellatur
573 979 831 1036 lucerna.
893 979 996 1035 Hic
1053 996 1188 1035 vero
1239 981 1425 1052 potuit
1481 999 1610 1038 eam
1667 983 1774 1038 Job
1820 1001 1924 1056 pro

269 1069 455 1141 gloria
503 1068 807 1140 temporali
861 1068 1099 1134 dixisse,
1153 1085 1330 1140 quam
1383 1087 1416 1125 a
1446 1071 1561 1125 Deo
1605 1079 1922 1143 acceperat,

269 1163 326 1213 et
373 1174 550 1229 quam
599 1158 658 1212 in
706 1157 946 1213 honoris
994 1157 1254 1228 potentia
1299 1162 1356 1212 et
1403 1158 1623 1214 divitiis
1662 1160 1921 1232 posside-

269 1247 390 1304 bat.

349 1359 370 1388 ι
407 1338 476 1393 Et
531 1337 602 1392 ad
636 1335 834 1391 lumen
865 1335 993 1405 ejus
1025 1335 1400 1391 ambulabam
1460 1337 1519 1392 in
1567 1338 1843 1394 tenebris.
1889 1358 1916 1390 ι

268 1429 424 1483 Inter
481 1430 718 1498 peccata
799 1425 1022 1496 utique,
1097 1428 1155 1480 et
1211 1442 1279 1480 ea
1353 1442 1484 1496 quas
1559 1428 1922 1498 ignorabam,

269 1515 438 1587 quasi
499 1515 651 1570 inter
708 1531 935 1586 aspera,
995 1518 1052 1570 et
1123 1515 1374 1572 obscura
1428 1515 1556 1572 vitae
1615 1516 1794 1587 hujus
1852 1519 1923 1574 ad

268 1606 469 1662 lumen
521 1605 823 1675 virtutum,
871 1603 962 1659 vel
1012 1605 1428 1662 consolationis
1477 1605 1640 1662 illius
1688 1608 1924 1663 incede-

269 1697 427 1754 bam.

338 1811 366 1838 ‹‹
402 1787 566 1844 Sicut
597 1786 678 1842 fui
710 1786 772 1840 in
805 1785 1014 1841 diebus
1037 1784 1439 1841 adolescentiae
1464 1801 1624 1852 meae,
1659 1789 1714 1841 et
1745 1803 1928 1858 quan-

267 1877 341 1933 do
389 1879 612 1932 secreto
663 1875 816 1931 Deus
869 1878 994 1930 erat
1038 1873 1097 1928 in
1151 1873 1526 1931 tabernaculo
1574 1891 1723 1930 meo.
1759 1898 1786 1924 »
1820 1877 1927 1932 Se-

265 1970 490 2022 eretum
539 1979 739 2024 suum.
791 1967 1048 2018 mentem
1102 1979 1271 2018 suam
1321 1963 1449 2018 ideo
1500 1963 1690 2019 dicere
1719 1963 1923 2031 voluit,

265 2056 405 2127 quia
432 2053 550 2109 illic
582 2051 960 2108 tumultuosae
990 2051 1268 2107 vitiorum
1301 2053 1484 2108 turbas
1520 2051 1763 2108 minime
1795 2069 1925 2125 per-

264 2143 622 2215 strepebant.

333 2254 362 2283 ‹‹
398 2231 638 2296 Quando
669 2233 793 2285 erat
840 2229 1224 2301 Omnipotens
1269 2247 1522 2298 mecum,
1557 2236 1613 2286 et
1642 2231 1702 2286 in
1734 2232 1922 2287 circu-

265 2321 412 2376 mitu
448 2336 576 2375 meo
610 2319 772 2391 pueri
821 2319 953 2374 mei.
986 2337 1011 2369 ιι
1072 2319 1312 2385 Quando
1347 2324 1527 2374 Deum
1580 2321 1832 2376 habebat
1862 2322 1922 2376 in

263 2408 640 2465 tabernaculo
674 2425 783 2464 suo
810 2424 823 2464 :
855 2407 1100 2463 virtutes
1129 2413 1263 2463 ante
1293 2425 1428 2463 eum
1453 2413 1608 2464 stare
1638 2414 1920 2482 tanquam

261 2499 424 2570 pueri
458 2497 857 2570 perhibentur,
911 2514 1036 2568 quae
1085 2497 1212 2551 ideo
1244 2497 1491 2553 masculi
1525 2498 1918 2570 appellantur,

259 2591 495 2658 propter
547 2585 798 2654 vigorem
845 2590 1047 2640 contra
1097 2585 1234 2641 vitia
1295 2587 1648 2644 resistendi:
1700 2588 1920 2644 talibus

262 2675 548 2731 ministris
579 2675 688 2729 Job
721 2675 924 2730 beatus
956 2674 1344 2732 ambiebatur.

330 2787 358 2813 «
392 2763 636 2827 Quando
687 2761 955 2817 lavaham
1004 2764 1181 2834 pedes
1231 2781 1390 2820 meos
1443 2764 1673 2837 butyro.
1733 2788 1762 2815 »
1815 2767 1916 2822 Pe-

259 2853 397 2907 dum
431 2851 714 2907 vocabulo
765 2851 824 2906 in
875 2851 1190 2924 Seripturis
1241 2853 1476 2921 divinis,
1528 2855 1737 2911 modus
1781 2858 1918 2926 qui-

261 2942 395 2996 dam
456 2940 730 2996 humanae
807 2943 1264 2998 conversationis
1341 2943 1686 3015 plerumque
1746 2943 1914 3000 intel-

261 3030 530 3102 ligendus
586 3035 691 3085 est.
746 3029 1057 3098 Lavabam,
1119 3030 1329 3103 inquit,
1378 3032 1450 3086 ab
1496 3033 1657 3087 omni
1696 3034 1914 3104 peccati

261 3119 492 3175 macula
523 3124 687 3174 actus
720 3135 904 3190 meos,
937 3124 994 3175 et
1023 3137 1156 3175 cum
1187 3120 1522 3177 innocentia
1553 3125 1608 3177 et
1639 3121 1917 3194 simplici-

258 3212 376 3264 tate
409 3209 702 3264 versabar.

333 3319 360 3347 ‹‹
391 3297 460 3352 Et
492 3303 653 3369 petra
684 3298 965 3354 fundebat
988 3298 1130 3353 mihi
1155 3299 1307 3355 rivos
1334 3299 1464 3354 olei.
1500 3322 1528 3349 »
1551 3300 1726 3356 Juxta
1756 3301 1912 3356 hunc

2034 730 2207 770 omne
2234 731 2420 787 genus
2444 716 2755 772 humilium
2788 722 2962 788 atque
2984 715 3331 770 afflictorum
3367 716 3682 789 significat,

2033 820 2287 874 quorum
2341 806 2569 862 nullum
2625 811 2862 862 sanctus
2917 805 3026 860 Job
3090 805 3382 877 praeteriit,
3441 805 3528 862 vel
3586 807 3685 861 de-

2033 895 2242 965 spexﬁ.

2107 1002 2133 1029 α
2167 981 2406 1037 Justitia
2436 981 2679 1038 indutus
2730 999 2886 1050 sum,
2919 987 2974 1039 et
3019 983 3249 1038 vestivit
3287 1000 3380 1040 me
3411 984 3564 1042 sicut
3591 1003 3686 1043 ve-

2034 1068 2330 1141 stimento,
2363 1076 2421 1126 et
2451 1071 2776 1128 diademate
2807 1071 3029 1143 judicio
3061 1089 3208 1128 meo.
3241 1095 3268 1124 »
3297 1073 3559 1141 Justitia,
3585 1075 3684 1145 ju-

2034 1158 2255 1214 dicium
2309 1166 2553 1233 rectum,
2614 1161 3033 1231 misericordia,
3083 1161 3203 1218 haec
3260 1169 3425 1219 erant
3477 1164 3684 1220 animae

2033 1246 2194 1304 illius
2219 1247 2586 1306 indumenta.

2110 1359 2133 1387 ι
2169 1337 2384 1395 Oculus
2442 1339 2523 1393 fui
2583 1355 2754 1408 czeco,
2809 1344 2866 1395 et
2923 1356 3024 1412 pes
3099 1339 3385 1396 claudo.»
3427 1342 3690 1399 Affectus

2035 1425 2267 1498 pietatis
2297 1428 2427 1498 ejus
2456 1434 2632 1500 atque
2663 1428 3072 1485 misericordiae
3104 1429 3162 1484 in
3193 1429 3284 1484 his
3314 1431 3690 1488 sermonibus

2035 1516 2498 1584 demonstratur,
2523 1519 2642 1574 sive
2663 1523 2830 1574 erant
2852 1518 3190 1590 ignorantiae
3211 1519 3466 1574 tenebris
3489 1519 3688 1577 lumen

2038 1606 2263 1677 praebui
2312 1608 2598 1678 veritatis,
2651 1612 2708 1663 et
2761 1607 3116 1664 claudicanti
3168 1607 3227 1662 in
3283 1607 3390 1664 viis
3439 1608 3692 1681 Domini,

2042 1700 2210 1750 rectae
2239 1696 2345 1751 viae
2378 1696 2588 1752 itinera
2619 1697 3036 1752 demonstravi.

2116 1805 2146 1833 «
2181 1783 2350 1840 Pater
2378 1799 2538 1839 eram
2579 1801 2928 1856 pauperum,
2959 1789 3019 1841 et
3065 1801 3302 1842 causam
3355 1803 3532 1859 quam
3565 1803 3700 1844 nes-

2046 1871 2294 1940 ciebam,
2357 1873 2807 1946 diligentissime
2861 1874 3311 1947 investigabam.
3375 1899 3396 1926 ι
3460 1876 3702 1949 Negotia

2035 1977 2363 2033 causasque
2392 1979 2718 2035 pauperum
2754 1967 2956 2020 contra
3002 1968 3266 2035 potentes
3297 1964 3697 2037 suscipiendo,

2037 2051 2310 2108 defensor
2338 2068 2542 2108 eorum
2591 2053 2782 2108 factus
2828 2057 2971 2124 erat,
3021 2058 3078 2109 et
3111 2054 3312 2125 judex.
3372 2056 3439 2112 Et
3482 2055 3698 2113 idcirco

2036 2155 2108 2193 ne
2187 2139 2388 2212 aliqua
2465 2141 2899 2198 adversantium
2976 2148 3139 2214 parte
3205 2142 3696 2215 opprimerentur,

2037 2229 2266 2284 retectis
2297 2245 2499 2285 eorum
2544 2229 2870 2300 fraudibus,
2912 2246 3011 2287 eas
3061 2231 3409 2305 investigare
3441 2233 3693 2289 dicebat.

2106 2340 2133 2366 «
2166 2317 2549 2374 Conterebam
2603 2317 2791 2374 molas
2839 2318 3048 2390 iniqui,
3099 2327 3157 2375 et
3202 2321 3479 2377 dentibus
3531 2320 3694 2378 illius

2035 2406 2370 2462 auferebam
2403 2407 2681 2479 praedam,
2713 2408 2817 2462 Hic
2847 2407 3008 2464 velut
3055 2425 3324 2480 rapacem
3355 2409 3605 2466 bestiam
3635 2416 3692 2466 et

2030 2495 2345 2552 violentam
2391 2497 2690 2553 hominem
2741 2496 3013 2568 iniquum
3062 2498 3375 2554 describit:
3410 2501 3480 2555 de
3513 2500 3686 2570 cujus

2029 2601 2127 2640 ore
2153 2585 2544 2642 substantiam
2579 2603 2902 2658 pauperum
2933 2587 2988 2642 vi
3018 2587 3343 2643 abstulerit.

2101 2698 2130 2725 «
2162 2674 2554 2737 Dicebamque
2582 2692 2595 2729 :
2652 2677 2714 2730 In
2765 2674 2966 2730 nidulo
2999 2693 3128 2731 meo
3176 2676 3414 2743 moriar,
3447 2682 3504 2732 et
3534 2677 3686 2734 sicut

2027 2763 2224 2835 palma
2272 2763 2675 2836 multiplicabo
2725 2765 2870 2820 dies.
2921 2789 2943 2817 ι
3001 2765 3186 2821 Nidus
3230 2767 3379 2837 ejus,
3436 2767 3686 2822 exterior

2026 2853 2201 2908 homo
2233 2855 2361 2922 ejus
2390 2852 2807 2924 intelligendus
2847 2858 2954 2924 est,
2996 2853 3098 2924 qui
3125 2855 3194 2909 de
3227 2855 3356 2910 feno
3389 2855 3582 2912 carnis
3612 2855 3682 2910 il-

2025 2939 2140 2996 lius
2173 2943 2535 3012 compositus
2566 2960 2599 2996 a
2620 2942 2735 2996 Deo
2767 2942 2973 3009 fuerat,
2999 2948 3055 2997 et
3084 2944 3456 2999 constrictus.
3491 2945 3681 3000 Omnis

2023 3047 2172 3086 6mm
2201 3046 2326 3085 caro
2370 3033 2562 3100 fenum
2610 3032 2737 3098 (Isa.
2789 3048 2880 3093 xL,
2930 3031 3005 3102 ὃ).
3056 3031 3118 3085 In
3173 3031 3281 3086 hoc
3326 3032 3507 3103 igitur
3543 3034 3679 3090 nido

2024 3136 2256 3190 semper
2303 3135 2364 3173 se
2412 3118 2559 3172 mori
2609 3118 2718 3174 sub
2772 3119 3177 3175 testificatione
3228 3120 3477 3188 dicebat,
3537 3123 3678 3178 dum

2021 3209 2178 3265 vitiis
2210 3209 2440 3275 mundi,
2467 3215 2524 3264 et
2572 3209 2700 3280 ejus
2747 3209 3236 3281 concupiscentiis
3274 3227 3390 3266 non
3423 3211 3676 3280 vivebat,

2022 3305 2080 3354 et
2104 3301 2176 3355 ob
2204 3299 2312 3353 hoc
2341 3298 2402 3352 in
2424 3297 2870 3366 resurrectione,
2903 3297 3059 3354 velut
3079 3298 3296 3370 palma,
3320 3299 3676 3373 multiplices

259 3403 499 3443 sensum
556 3387 782 3458 Moyses
839 3387 954 3442 ait:
1012 3389 1289 3443 Suixerunt
1339 3390 1448 3443 mel
1503 3389 1567 3444 de
1618 3398 1796 3460 petra,
1854 3396 1907 3445 et
1938 3373 1980 3440 C
2021 3388 2146 3444 dies
2173 3392 2231 3442 et
2258 3392 2505 3442 aeternos
2538 3386 2795 3442 habebit.

258 3476 438 3531 oleum
493 3475 557 3531 de
615 3475 932 3544 ﬁrmissima
987 3480 1143 3544 petra
1203 3478 1380 3547 (Deut.
1413 3495 1586 3546 xxxn,
1653 3480 1771 3549 13):
1820 3495 1910 3534 se-

258 3564 518 3618 cundum
578 3563 1020 3619 delectationem
1072 3563 1412 3634 volentium,
1473 3583 1570 3621 ore
1625 3567 1906 3638 sapiebat.

257 3653 325 3706 Et
355 3668 489 3705 cum
523 3657 684 3722 petra
718 3651 816 3705 illa
865 3653 1160 3707 Christum
1210 3656 1530 3710 secundum
1567 3655 1906 3727 Apostolum

257 3743 535 3812 figuraret
565 3742 614 3812 (I
665 3739 787 3794 Cor.
822 3758 877 3805 x,
927 3743 1002 3812 4),
1033 3744 1158 3797 oleo
1207 3747 1401 3798 tamen
1435 3744 1544 3800 isto
1594 3746 1747 3800 dona
1777 3747 1910 3816 Spi-

257 3831 401 3884 ritus
436 3830 644 3900 saneti,
673 3835 912 3886 sanctus
941 3830 1050 3886 Job
1093 3829 1330 3903 largiter
1378 3834 1488 3888 sibi
1520 3835 1704 3890 effusa
1729 3835 1911 3890 voluit

256 3921 676 3974 demonstrare.
713 3919 814 3974 Hic
844 3925 933 3975 est
963 3937 1098 3992 ergo
1131 3920 1322 3977 oleum
1353 3923 1570 3995 vivum,
1599 3930 1655 3978 et
1683 3941 1907 3990 verum,

256 4007 355 4079 qui
404 4013 492 4063 est
542 4007 796 4078 Spiritus
844 4015 1083 4064 sanctus
1140 4013 1296 4066 Patri
1356 4017 1412 4066 et
1458 4012 1601 4068 Filio
1653 4015 1909 4069 consub-

256 4096 565 4152 stantialis.
600 4100 718 4151 Hoc
761 4114 898 4169 ergo
945 4098 1069 4153 oleo
1122 4105 1360 4154 sanctus
1409 4101 1519 4156 Job
1550 4102 1909 4169 abundabat,

259 4202 374 4256 quo
405 4191 462 4240 et
494 4185 794 4242 charitatis
829 4187 1184 4258 pinguedine
1216 4191 1570 4260 replebatur.

331 4275 627 4338 «Quando
683 4276 1066 4346 procedebam
1127 4277 1197 4331 ad
1254 4285 1480 4349 portam
1531 4281 1804 4348 civitatis,
1854 4287 1911 4337 et

257 4361 315 4416 in
349 4361 542 4432 platea
573 4364 850 4434 parabam
900 4364 1234 4420 cathedram
1269 4367 1432 4421 mihi.
1473 4392 1492 4420 ι
1534 4369 1906 4425 Manifestum

255 4456 362 4518 est,
397 4451 534 4522 quia
563 4452 898 4508 Judaaorum
924 4454 1157 4524 judi’ees
1204 4455 1262 4509 in
1297 4457 1481 4527 portis
1512 4459 1810 4531 sedebant,
1844 4465 1910 4514 ut

253 4541 614 4595 vindicarent
644 4542 946 4614 populum.

326 4652 353 4679 «
384 4629 674 4685 Videbant
722 4647 814 4686 me
857 4633 1123 4702 juvenes,
1177 4638 1233 4688 et
1281 4635 1808 4706 abscondebantur,
1852 4643 1910 4692 et

2089 3497 2118 3526 «
2153 3475 2338 3529 Radix
2367 3489 2499 3529 mea
2527 3477 2729 3545 aperta
2761 3479 2850 3529 est
2896 3491 3067 3530 secus
3097 3492 3304 3546 aquas,
3332 3481 3391 3531 et
3422 3494 3518 3532 ros
3545 3494 3671 3532 mo-

2019 3563 2247 3620 rabitur
2271 3564 2330 3618 in
2359 3563 2651 3618 messione
2683 3579 2831 3618 mea.
2868 3587 2896 3612 »
2931 3571 3072 3636 Spes
3100 3582 3250 3631 mea,
3281 3570 3338 3619 et
3369 3566 3511 3621 fides
3543 3583 3670 3638 qua;

2020 3672 2090 3710 ex
2117 3654 2227 3710 hac
2273 3653 2674 3726 expectatione
2721 3670 2850 3709 mea
2899 3659 3060 3723 sunt,
3109 3659 3310 3727 patent
3356 3657 3427 3710 ad
3476 3656 3673 3710 divina

2019 3743 2271 3814 eloquia,
2323 3759 2572 3814 quarum
2623 3743 3040 3810 consolatione,
3094 3761 3165 3798 ne
3213 3743 3272 3799 in
3327 3744 3673 3800 infidelitate

2020 3834 2232 3889 mentis
2265 3849 2404 3888 mea:
2434 3831 2591 3887 viror
2619 3839 2864 3900 arescat,
2888 3833 3242 3888 infunditur.

2092 3947 2119 3972 ‹‹
2155 3922 2350 3979 Gloria
2379 3939 2509 3978 mea
2540 3939 2772 3994 semper
2798 3923 3193 3990 innovabitur,
3227 3928 3283 3979 et
3303 3942 3475 3979 arcus
3509 3941 3676 3980 meus

2017 4012 2078 4067 in
2133 4029 2312 4068 manu
2363 4029 2493 4066 mea
2539 4012 2984 4068 instaurabitur.
3039 4013 3147 4076 Qui
3199 4029 3290 4068 me
3335 4015 3675 4079 audiebant,

2019 4101 2435 4173 exspectabant
2492 4102 2864 4168 sententiam,
2924 4107 2981 4156 et
3027 4101 3233 4156 intenti
3293 4103 3563 4156 tacebant
3602 4102 3674 4156 ad

2020 4190 2331 4246 consilium
2361 4206 2577 4245 meum.
2613 4213 2640 4239 »
2675 4189 2869 4244 Gloria
2900 4207 3028 4246 mea
3067 4195 3125 4244 et
3155 4196 3362 4246 cratera
3398 4196 3586 4261 potest
3615 4190 3674 4244 in

2017 4279 2334 4336 virtutibus
2383 4278 2697 4334 crescentis
2745 4279 2909 4334 bonae
2958 4279 3324 4334 conscientiae
3366 4280 3593 4335 fructus
3623 4284 3678 4335 et

2019 4387 2206 4426 novus
2262 4385 2492 4440 semper
2550 4370 2844 4439 profectus
2903 4367 3170 4440 intelligi.
3232 4369 3297 4423 In
3356 4385 3490 4422 arcu
3540 4385 3671 4423 vero

2020 4460 2346 4515 resistentis
2371 4476 2436 4512 ac
2478 4457 2863 4530 repugnantis
2911 4458 3169 4529 vigorem
3202 4457 3519 4530 signiﬁcari
3553 4459 3671 4512 exi-

2019 4547 2215 4612 stimo,
2248 4546 2347 4617 qui
2396 4545 2455 4600 in
2507 4563 2719 4601 manus
2770 4546 2957 4601 sancti
3006 4546 3198 4618 operis
3245 4553 3448 4601 contra
3475 4547 3673 4602 obvios

2019 4653 2302 4707 quosque,
2336 4640 2393 4689 et
2422 4633 2662 4690 hostiles
2691 4633 2965 4689 vitiorum
3005 4634 3262 4706 impetus
3291 4642 3672 4708 praeparetur.

265 4735 436 4774 senes
496 4726 869 4790 assurgentes
940 4722 1194 4776 stabant.
1256 4724 1556 4796 Principes
1615 4727 1926 4796 cessabant
1956 4742 2002 4806 Β
2035 4724 2198 4779 Sicut
2247 4723 2329 4777 ait
2377 4722 2556 4779 David
2609 4723 2668 4777 in
2719 4722 2984 4794 psalmo:
3033 4727 3107 4779 Et
3130 4727 3366 4796 posuisti
3407 4731 3465 4780 ut
3494 4743 3682 4780 arcum

251 4806 434 4878 loqui,
465 4813 520 4861 et
572 4808 823 4879 digitum
874 4813 1347 4883 superponebant
1393 4815 1477 4868 ori
1529 4831 1655 4870 suo.
1701 4815 1912 4870 Vocem

250 4913 418 4951 suam
453 4896 807 4952 cohibebant
854 4899 1052 4969 duces,
1108 4906 1164 4956 et
1196 4901 1399 4972 lingua
1447 4920 1646 4958 eorum
1689 4905 1914 4976 gutturi

253 5002 361 5040 suo
397 4985 748 5041 adhaerebat.
781 5008 808 5037 »
857 4988 1257 5045 Reverentiam
1307 4991 1406 5061 pii,
1437 4998 1494 5046 et
1525 4995 1708 5048 sancti
1743 4994 1912 5048 timo-

260 5073 361 5138 ris,
397 5090 572 5146 quam
607 5074 657 5128 ei
692 5092 804 5130 non
841 5075 1034 5132 solum
1075 5079 1268 5134 omnis
1317 5086 1476 5148 aetas,
1511 5098 1711 5137 verum
1741 5083 1913 5137 etiam

252 5162 534 5218 universae
569 5153 888 5236 potestates
937 5167 1146 5222 merito
1197 5169 1552 5238 deferebant,
1604 5170 1697 5225 his
1735 5172 1912 5228 versi-

251 5249 399 5306 culis
429 5253 873 5310 demonstravit.

325 5341 556 5398 «Auris
635 5344 881 5400 audiens
957 5346 1329 5403 beatificabat
1409 5364 1521 5413 me,
1589 5354 1646 5404 et
1705 5349 1913 5404 oculus

246 5429 452 5485 videns
481 5432 882 5489 testimonium
940 5437 1222 5491 reddebat
1271 5437 1434 5506 mihi,
1485 5455 1550 5493 eo
1584 5439 1736 5509 quod
1770 5439 1912 5494 libe-

248 5536 472 5575 rassem
506 5537 822 5593 pauperem
875 5524 1312 5593 vociferantem,
1363 5533 1419 5581 et
1466 5528 1781 5599 pupillum,
1817 5528 1910 5582 cui

247 5626 362 5664 non
386 5616 539 5664 esset
561 5612 813 5681 adjutor.
843 5633 871 5658 ι»
891 5614 1034 5667 Tam
1055 5620 1252 5668 sancta
1275 5623 1417 5680 erat,
1442 5622 1504 5670 ut
1527 5618 1624 5686 ait,
1651 5635 1907 5690 praesens

245 5698 606 5753 conversatio
639 5699 787 5769 ejus,
822 5716 1001 5770 quam
1029 5704 1184 5756 fama
1208 5705 1512 5760 referebat.

336 5807 361 5838 ι
393 5787 722 5845 Benedictio
773 5788 1015 5861 perituri
1046 5807 1225 5864 super
1272 5809 1366 5850 me
1413 5794 1699 5854 veniebat.
1733 5800 1790 5853 et
1819 5813 1918 5852 cor

580 5917 848 5980 Puson.
895 5919 1120 5984 XXVI.

2031 4830 2239 4868 aereum
2297 4813 2523 4867 brachia
2578 4829 2698 4868 mea
2753 4813 2925 4882 (Psal.
2993 4831 3129 4880 xvu,
3184 4816 3296 4885 35),
3358 4816 3512 4887 quod
3571 4822 3677 4880 est,

2028 4903 2215 4957 fecisti
2243 4901 2663 4973 infatigabilem
2695 4902 3078 4958 intentionem
3119 4904 3407 4959 bonorum
3438 4919 3678 4975 operum

2025 5009 2310 5047 meorum.

2103 5105 2123 5130 α
2163 5079 2370 5136 Verbis
2422 5079 2571 5135 meis
2597 5081 2809 5135 addere
2862 5080 3010 5136 nihil
3059 5082 3372 5149 audebant,
3416 5085 3473 5135 et
3504 5095 3680 5149 super

2023 5169 2156 5225 illos
2186 5169 2446 5225 stillabat
2491 5168 2789 5241 eloquium
2824 5187 3042 5236 meum,
3078 5192 3106 5220 »
3155 5172 3299 5234 Quia
3323 5172 3445 5239 jam
3479 5175 3678 5222 aucte-

2023 5261 2167 5314 ritas
2225 5258 2522 5330 sapientiae
2580 5260 2798 5329 ubique
2858 5260 3044 5313 fuerat
3111 5259 3440 5330 divulgata:
3505 5272 3676 5310 nemo

2025 5349 2194 5420 quasi
2227 5349 2573 5415 detrectans,
2608 5350 2678 5403 ad
2729 5349 2908 5404 verba
2937 5350 3064 5417 ejus
3113 5347 3433 5419 quidquam
3466 5346 3679 5400 addere

2025 5439 2433 5509 praesumebat,
2495 5438 2761 5508 quinimo
2841 5436 3100 5492 stillabat
3165 5453 3340 5505 super
3404 5451 3503 5490 eos
3561 5433 3679 5490 elo-

2026 5527 2230 5598 quium
2285 5526 2465 5597 illius,
2526 5527 2585 5580 id
2633 5532 2742 5595 est,
2800 5543 3009 5581 sensus
3059 5523 3334 5578 interiora
3391 5523 3679 5578 viscerum

2026 5616 2390 5688 penetrabat,
2450 5621 2514 5670 ut
2567 5631 2768 5670 eorum
2828 5614 3022 5667 infusa
3081 5612 3438 5684 praecordiis,
3497 5631 3530 5668 a
3581 5612 3683 5668 tali

2024 5705 2308 5777 magistro
2362 5704 2596 5778 perfecti
2657 5709 2831 5773 atque
2882 5700 3089 5772 Optimi
3143 5701 3420 5775 discipuli
3474 5703 3678 5760 redde-

2022 5800 2244 5852 rentur.

3274 5924 3349 5982 24
