4220 6572
525 471 640 533 747

2018 472 2434 536 APPENDIX.

3821 470 3950 546 748

599 633 626 662 ‹‹
657 608 1052 684 Expectabant
1102 625 1195 664 me
1245 607 1399 665 sicut
1449 608 1726 682 pluviam,
1775 613 1832 663 et
1884 625 1948 665 os
1997 623 2172 664 suum
2204 608 2258 675 Α
2286 606 2717 664 Abominantur
2745 622 2859 680 me,
2891 611 2948 664 et
2976 606 3148 679 longe
3178 605 3412 680 fugiunt
3438 623 3472 663 a
3502 621 3617 673 me,
3649 609 3706 665 et
3737 607 3950 666 faciem

529 702 866 774 aperiebant
896 700 1062 770 quasi
1113 700 1182 755 ad
1230 699 1478 754 imbrem
1525 699 1867 754 serotinum.
1901 719 1927 748 »
1962 697 2172 752 Pluvia:

528 793 783 858 nomine,
814 791 1109 862 copiosam
1136 789 1302 844 valde
1321 788 1737 843 \eruditionem
1769 804 1888 842 suae
1922 787 2172 842 scientia:

526 884 910 951 demonstrat,
943 885 999 935 et
1027 881 1227 935 laudat
1259 879 1553 932 auditores
1595 894 1751 944 suos,
1787 877 1941 947 quod
1977 876 2176 946 dispu-

524 977 685 1028 tante
715 989 802 1041 eo,
836 988 966 1025 cum
999 970 1205 1042 grandi
1241 967 1528 1022 desiderio
1557 966 2040 1038 exspectaverint.

603 1085 624 1114 α
661 1063 719 1117 Si
752 1061 985 1133 quando
1035 1060 1292 1113 ridebam
1347 1059 1416 1111 ad
1458 1073 1574 1120 eos,
1630 1073 1742 1110 non
1777 1056 2107 1110 credebant.
2142 1077 2172 1103 »

526 1153 733 1222 Tanta,
791 1149 1000 1221 inquit,
1053 1145 1368 1202 reverentia
1427 1150 1482 1199 et
1531 1144 1747 1199 honore
1792 1161 1824 1197 a
1881 1144 2172 1214 praedictis

522 1241 800 1305 habebar,
835 1244 898 1292 ut
923 1236 1218 1308 sapientia:
1251 1251 1411 1301 meae,
1440 1239 1497 1288 et
1527 1233 1795 1305 gravitati
1831 1250 1943 1287 non
1977 1236 2174 1304 posset

521 1328 892 1402 indulgentiae
941 1326 1162 1397 aliquid
1211 1341 1275 1379 ac
1326 1325 1710 1390 remissionis,
1757 1340 1883 1394 qua:
1917 1323 1987 1376 ad
2021 1328 2174 1377 tem-

517 1422 920 1492 peramentum
944 1415 1132 1488 magis
1157 1431 1386 1469 morum
1410 1414 1798 1485 pertinebant,
1831 1428 2170 1482 congruere.

516 1511 586 1564 Et
615 1509 828 1564 idcirco
858 1506 984 1578 ipso
1016 1523 1049 1559 a
1096 1521 1189 1559 me
1225 1501 1460 1574 pietatis
1510 1502 1686 1556 fiebat
1736 1500 1957 1566 studio,
1995 1504 2058 1554 ut
2089 1499 2171 1553 af-

516 1599 700 1654 fectus
733 1596 950 1652 amoris
981 1611 1047 1649 ac
1068 1591 1394 1648 dilectionis
1418 1607 1620 1646 eorum
1645 1590 1756 1646 mei
1786 1589 2173 1645 admiratione

517 1687 839 1759 proliceret.

588 1799 615 1824 «
649 1776 721 1829 Et
771 1773 869 1827 lux
923 1770 1120 1826 vultus
1177 1769 1291 1824 mei
1326 1786 1440 1824 non
1499 1768 1745 1822 cadebat
1785 1766 1843 1820 in
1872 1771 2108 1822 terram.
2141 1789 2169 1815 »

517 1864 714 1920 Gratia
743 1860 1095 1925 reverentiae,
1129 1876 1306 1930 quam
1339 1859 1398 1912 in
1449 1858 1578 1928 ejus
1611 1857 1754 1912 facie
1784 1855 2169 1928 refulgentem

516 1953 968 2015 contuebantur,
1017 1949 1170 2019 apud
1203 1947 1510 2018 praedictos
1558 1963 1672 2000 non
1717 1961 1819 2016 pro
1850 1945 2033 1999 nihilo
2064 1945 2165 2000 ha-

514 2042 782 2098 bebatur.
833 2040 958 2094 Non
1008 2037 1162 2093 enim
1209 2035 1428 2108 aliquid
1480 2037 1608 2106 ejus
1659 2033 1900 2088 nutibus
1949 2034 2169 2090 frustra

515 2131 638 2186 fieri
671 2129 1100 2195 existimabant,
1135 2131 1190 2182 et
1221 2126 1436 2180 idcirco
1471 2124 1638 2196 quasi
1681 2139 1962 2194 magnum
1993 2128 2168 2195 atque

510 2220 868 2293 praecipuum
918 2218 975 2271 in
1027 2234 1086 2271 se
1125 2213 1385 2287 praadicti
1429 2212 1844 2285 suscipiebant,
1879 2212 2164 2284 quidpuid

508 2309 567 2365 in
600 2309 909 2364 serenitate
937 2305 1132 2360 vultus
1165 2305 1320 2359 illius
1350 2301 1919 2374 contemplabantur.

588 2399 705 2454 «Si
759 2396 1074 2452 voluissem
1136 2394 1218 2448 ire
1274 2393 1344 2448 ad
1404 2409 1525 2460 eos,
1584 2392 1862 2446 sedebam
1912 2391 2159 2462 primus.

507 2489 770 2559 Cumque
816 2487 1100 2554 sederem,
1155 2482 1322 2554 quasi
1380 2499 1478 2537 rex
1536 2481 1956 2535 circumstante
2001 2498 2161 2536 exer-

507 2578 643 2644 citu,
679 2593 835 2631 cram
869 2580 1062 2629 tamen
1089 2572 1461 2627 mmrentium
1507 2570 1855 2636 consolator,
1893 2592 1920 2617 ››
1950 2571 2163 2641 Digna-

503 2668 720 2721 tionem
754 2681 921 2720 suam
955 2669 1010 2719 et
1055 2667 1317 2717 sanctam
1368 2659 1760 2714 humilitatem
1808 2659 1901 2714 his
1935 2676 2160 2714 sermo—

503 2755 676 2810 nibus
710 2753 1070 2820 manifestat,
1099 2769 1215 2822 qua
1247 2751 1316 2805 ad
1351 2749 1651 2804 inferiores
1693 2764 1852 2812 suos,
1885 2749 2053 2819 quasi
2084 2750 2157 2804 ad

503 2845 724 2900 amicos
755 2843 982 2914 sibique
1033 2839 1356 2912 coaequales
1416 2839 1642 2905 abierit,
1695 2843 1751 2892 et
1802 2854 1864 2893 se
1905 2838 1963 2892 in
1992 2838 2158 2909 regni

503 2932 784 3006 potentia,
818 2931 1054 2986 miseris
1085 2933 1140 2985 et
1171 2927 1551 2985 mmrentibus
1581 2926 1919 2998 praebuisse.

1127 3070 1352 3127 CAPUT
1392 3069 1536 3124 XXX

579 3227 607 3253 ‹‹
633 3203 799 3257 Nunc
829 3203 1024 3254 autem
1057 3197 1325 3254 derident
1371 3212 1464 3251 me
1493 3195 1762 3266 juniores
1809 3201 2089 3268 tempore.
2126 3219 2148 3248 ι

500 3291 874 3348 Manifestum
906 3293 1013 3344 est.

2286 714 2477 752 meam
2511 715 2828 770 conspuere
2861 716 2976 754 non
3025 702 3320 754 verentur.
3356 719 3385 748 »
3435 697 3702 764 Obscuri,
3735 703 3791 755 et
3822 716 3950 754 me-

2283 787 2471 841 moria
2502 787 2740 858 penitus
2768 787 3014 859 indigni.

2355 916 2382 942 «
2418 893 2752 948 Pharetram
2784 894 2939 948 enim
2989 911 3158 948 suam
3207 894 3455 966 aperuit,
3489 900 3545 950 et
3583 896 3789 950 afﬂixit
3819 913 3942 964 me,

2282 987 2338 1036 et
2369 984 2595 1038 frenum
2631 983 2828 1053 posuit
2861 983 2931 1037 in
2968 1000 3032 1038 os
3069 1000 3286 1038 meum.
3324 983 3698 1038 »Pharetram
3732 986 3944 1041 existi-

2284 1089 2378 1126 mo
2409 1071 2847 1127 multitudinem
2891 1072 3224 1144 plagarum,
3265 1073 3351 1127 vel
3385 1073 3580 1144 ipsum
3613 1073 3939 1143 diabolum,

2281 1160 2366 1214 vel
2416 1167 2760 1232 potestatem
2809 1161 2968 1217 illius
3019 1161 3125 1216 hoc
3177 1161 3301 1217 loco
3353 1161 3600 1233 intelligi
3651 1169 3941 1233 oportere.

2281 1251 2466 1314 Quam
2495 1253 2646 1306 sicut
2679 1252 2785 1306 Job
2818 1252 2917 1317 ait,
2951 1252 3107 1307 Deus
3154 1253 3401 1323 aperuit,
3440 1253 3582 1307 dum
3615 1254 3768 1308 circa
3799 1269 3941 1308 eum

2282 1339 2552 1396 diabolus
2577 1358 2743 1396 suam
2789 1340 3046 1396 exercuit
3093 1346 3464 1412 potestatem,
3509 1343 3665 1397 unde
3693 1358 3851 1412 eum,
3884 1348 3946 1397 et

2274 1429 2490 1501 jaculis
2521 1434 2945 1485 tormentorum
2979 1431 3203 1485 afflixit.
3240 1433 3484 1502 Insuper
3503 1432 3678 1486 etiam
3710 1432 3942 1488 frenum

2282 1519 2332 1572 ei
2365 1517 2582 1574 silentii
2615 1520 2674 1573 in
2706 1535 2803 1574 ore
2835 1536 2905 1574 ne
2937 1519 3275 1591 loqueretur
3304 1520 3605 1592 imposuit.

2355 1647 2380 1673 ‹‹
2413 1626 2496 1679 Ad
2548 1627 2845 1682 dexteram
2899 1627 3144 1683 orientis
3193 1627 3557 1683 calamitates
3605 1645 3746 1684 mea:
3784 1629 3941 1685 illico

2281 1720 2678 1770 surrexerunt.
2714 1738 2743 1765 »
2776 1717 2835 1770 Id
2872 1721 2985 1783 est,
3017 1717 3102 1772 vel
3152 1717 3210 1772 in
3246 1717 3374 1788 ipso
3412 1721 3674 1789 tempore
3704 1717 3941 1775 felicita-

2280 1803 2377 1869 tis,
2414 1805 2567 1874 quod
2599 1804 3022 1877 gravissimum
3073 1806 3374 1878 probatur,
3421 1812 3627 1861 exorta:
3658 1812 3813 1876 sunt,
3849 1808 3937 1863 vel

2280 1893 2571 1964 permissu
2621 1893 2824 1948 divinae
2880 1895 3188 1967 potestatis
3246 1895 3535 1968 imposita:
3587 1903 3744 1952 sunt.
3808 1899 3937 1970 Ipse

2196 1983 2244 2048 Β
2276 1987 2362 2036 est
2417 1983 2572 2037 enim
2633 1984 2827 2038 oriens
2885 2001 2952 2039 ex
3001 1983 3138 2050 alto,
3194 1984 3317 2056 ipse
3369 1985 3606 2042 dextera
3661 1991 3718 2041 et
3743 1987 3933 2043 virtus

2280 2071 2566 2127 Altissimi
2601 2074 2750 2143 (Luc.
2797 2091 2853 2140 x,
2885 2075 2994 2140 78;
3048 2075 3200 2128 Psal.
3247 2092 3430 2145 Lxxv1,
3467 2076 3526 2129 11
3557 2093 3570 2130 :
3621 2077 3750 2130 Luc.
3789 2095 3826 2141 1,
3860 2079 3935 2132 33

2349 2181 2592 2234 «Pedes
2663 2197 2826 2236 meos
2898 2180 3333 2248 snbverterunt,
3403 2186 3459 2237 et
3515 2188 3934 2254 oppresserunt

2275 2268 2437 2338 quasi
2470 2270 2744 2325 fluctibus
2795 2271 3023 2325 semitis
3072 2269 3217 2325 suis.
3250 2292 3279 2320 »
3337 2271 3395 2324 Id
3425 2276 3534 2336 est,
3569 2270 3933 2327 calamitates

2274 2374 2415 2411 mea:
2473 2359 2761 2430 frequenti
2821 2359 3162 2431 repetitione
3221 2376 3314 2415 me
3371 2361 3717 2432 affligentes,
3773 2361 3934 2417 velut

2274 2447 2548 2503 ﬂuctibus
2608 2465 2813 2504 omnes
2868 2449 2994 2503 vias
3052 2454 3240 2504 rectas
3291 2449 3746 2505 conversationis
3791 2467 3933 2506 meae

2272 2537 2704 2592 snbverterunt.

2343 2649 2368 2674 ‹‹
2406 2627 2848 2698 Dissipaverunt
2878 2626 3090 2682 itinera
3123 2644 3271 2698 mea,
3295 2627 3553 2682 insidiati
3590 2633 3731 2684 sunt
3761 2629 3933 2702 mihi,

2269 2719 2324 2770 et
2359 2715 2809 2786 praevaluerunt,
2832 2721 2887 2770 et
2919 2733 3030 2771 non
3065 2716 3175 2771 fuit
3219 2716 3317 2788 qui
3362 2718 3535 2772 ferret
3564 2717 3869 2773 auxilium.
3907 2743 3933 2768 ››

2268 2805 2328 2859 Id
2363 2810 2450 2859 est
2482 2805 2691 2859 itinera
2735 2822 2883 2870 mea,
2936 2805 3152 2877 quibus
3185 2823 3288 2878 per
3328 2805 3480 2862 viam
3503 2807 3749 2878 justitia:
3781 2825 3930 2880 quo-

2265 2893 2506 2947 tidianis
2555 2893 2909 2965 profectibus
2958 2895 3322 2966 incedebam,
3372 2895 3594 2951 inimici
3646 2897 3759 2952 mei
3788 2914 3926 2953 con-

2265 2983 2668 3049 turbaverunt,
2746 2983 2804 3038 in
2876 2984 3154 3055 injuriam
3214 3002 3405 3040 meam
3477 3002 3543 3041 ex
3601 2985 3920 3058 insperato,

2264 3071 2422 3127 velut
2454 3089 2521 3127 ex
2550 3071 2782 3128 insidiis
2827 3079 3203 3146 erumpentes
3233 3074 3582 3146 negantibus
3612 3074 3755 3129 mihi
3785 3093 3924 3148 pro-

2265 3160 2438 3217 ximis
2471 3161 2618 3218 meis
2648 3161 3063 3218 consolationis
3095 3163 3399 3218 auxilium.

2337 3292 2364 3318 «
2397 3270 2572 3332 Quasi
2604 3274 2775 3341 rupto
2831 3287 3020 3337 muro,
3067 3275 3126 3326 et
3173 3275 3374 3342 aperta
3410 3272 3597 3343 janua
3627 3272 3929 3328 irruerunt

577 3403 605 3432 α
635 3383 892 3446 Quorum
925 3396 1040 3434 non
1089 3377 1375 3449 dignabar
1418 3381 1611 3448 patres
1651 3392 1864 3447 ponere
1890 3393 2023 3431 cum
2057 3394 2150 3433 ca-
2182 3358 2225 3426 C
2264 3375 2440 3429 super
2482 3376 2596 3425 me,
2648 3364 2704 3415 et
2753 3361 2825 3414 ad
2877 3377 3038 3415 meas
3091 3361 3360 3416 miserias
3409 3361 3662 3417 devoluti
3696 3367 3852 3417 sunt.
3887 3386 3918 3413 ››

500 3473 676 3527 nibus
705 3470 897 3543 gregis
923 3469 1058 3524 mei.
1099 3490 1126 3516 »
1157 3467 1282 3522 Non
1338 3466 1447 3522 hoc
1479 3471 1616 3538 typo
1665 3466 1948 3536 superbia:
1979 3472 2154 3538 atque

499 3561 928 3629 divitiarum,et
944 3558 1333 3613 deridentium
1349 3555 1538 3627 illum,
1559 3572 1808 3627 quorum
1833 3561 2026 3627 patres
2050 3574 2155 3612 nec

499 3651 744 3706 canibus
777 3649 1072 3721 quondam
1107 3649 1235 3717 ejus
1265 3647 1425 3717 digni
1453 3645 1668 3700 fuerint
1694 3645 2040 3716 comparari.

571 3763 600 3790 «
633 3739 888 3802 Quorum
921 3736 1106 3791 virtus
1137 3751 1421 3789 manuum
1471 3733 1618 3787 mihi
1658 3737 1779 3788 erat
1810 3751 1912 3804 pro
1945 3733 2148 3805 nihilo,

496 3833 550 3884 et
581 3829 700 3884 vita
728 3828 858 3900 ipsa
899 3825 1262 3899 putabantur
1313 3823 1561 3892 indigni.
1611 3823 1877 3892 Egestate
1907 3829 1964 3877 et
1994 3823 2148 3878 fame

493 3916 740 3974 steriles.
778 3937 800 3966 ι)
837 3916 898 3970 Id
931 3919 1039 3980 est,
1075 3912 1407 3986 ignominiaa
1438 3909 1659 3966 vilitate
1688 3911 1967 3982 despecti.

567 4031 588 4058 ε
626 4006 733 4072 Qui
758 4006 1040 4061 rodebant
1069 4004 1127 4058 in
1161 4001 1495 4067 solitudine,
1545 4000 1878 4072 squalentes
1908 3999 2144 4056 calami-

487 4102 626 4163 tate,
658 4099 714 4151 et
760 4094 1016 4151 miseria.
1047 4095 1113 4149 Et
1140 4091 1575 4147 manducabant
1623 4090 1854 4158 herbas,
1889 4095 1945 4145 et
1976 4092 2145 4146 arbo-

486 4203 616 4242 rum
677 4186 943 4256 cortices,
1003 4187 1060 4238 et
1114 4181 1279 4238 radix
1327 4180 1738 4252 juniperorum
1799 4184 1923 4234 erat
1977 4180 2144 4236 cibus

485 4293 707 4333 eorum.
770 4276 876 4341 Qui
932 4275 1002 4329 de
1062 4270 1421 4328 convallibus
1479 4269 1595 4324 ista
1651 4268 1960 4338 rapientes,
2007 4287 2140 4324 cum

483 4365 715 4438 singula
736 4363 1110 4436 reperissent,
1138 4361 1208 4414 ad
1233 4376 1300 4414 ea
1321 4373 1455 4412 cum
1485 4355 1736 4411 clamore
1758 4357 2086 4413 currebant.
2111 4381 2140 4407 »

482 4455 602 4510 Prm
634 4453 873 4508 miseria
927 4456 984 4506 et
1041 4448 1337 4515 aviditate,
1397 4446 1521 4501 haec
1567 4445 1743 4500 etiam
1801 4461 1930 4515 qum
1979 4451 2142 4502 extra

484 4544 680 4599 cibum
709 4545 895 4608 erant,
928 4538 1016 4594 vel
1048 4537 1375 4602 hominum,
1421 4534 1511 4590 vel
1545 4535 1820 4604 ferarum,
1854 4541 2136 4608 tanquam

484 4630 688 4703 epulas
717 4646 782 4685 ac
813 4627 1048 4684 delicias
1093 4625 1464 4696 invadebant,
1515 4623 1818 4679 humectas
1847 4625 2137 4681 convalles

483 4737 602 4792 prae
633 4718 816 4774 nimia
843 4720 1098 4790 egestate
1128 4719 1455 4787 surgentes.

555 4809 681 4864 «In
741 4806 985 4862 desertis
1043 4804 1374 4860 habitatant
1431 4803 1804 4866 torrentium,
1863 4808 1919 4858 et
1966 4805 2021 4858 in
2055 4821 2145 4860 ca-

480 4897 676 4954 vernis
701 4901 887 4967 terrzn,
934 4895 1024 4950 vel
1073 4911 1250 4966 super
1299 4892 1577 4965 glaream.
1613 4892 1721 4957 Qui
1759 4893 1910 4948 inter
1939 4895 2147 4962 hujus-

482 4987 707 5044 cemodi
757 4986 1124 5040 laetabantur.
1180 5006 1207 5032 ››
1259 4983 1365 5047 Qui
1415 4983 1614 5047 etiam,
1646 4986 1710 5036 ut
1757 4982 1856 5047 ait,
1903 4982 1961 5037 in
1996 4982 2138 5039 locis

479 5076 779 5134 sterilibus
811 5082 868 5130 et
896 5074 1189 5147 inaquosi,
1222 5072 1341 5127 sive
1390 5073 1688 5138 dumibus,
1731 5072 1898 5142 quasi
1933 5089 2136 5142 repen-

478 5168 562 5222 tia
581 5171 770 5238 terrae,
801 5165 858 5220 in
885 5164 1273 5219 foraminibus
1299 5162 1718 5227 morabantur;
1748 5177 1894 5231 quos
1917 5161 2136 5216 imbres

478 5256 766 5312 montium
802 5255 1014 5326 rigant.

549 5370 576 5396 ‹‹
611 5346 681 5400 Et
705 5361 832 5400 esse
864 5343 975 5398 sub
1025 5343 1291 5399 sentibus
1337 5339 1575 5394 delicias
1627 5338 2065 5408 computabant.
2102 5363 2130 5390 ››

471 5436 529 5489 Si
561 5435 618 5488 in
651 5440 794 5490 mstu
827 5450 955 5500 suo,
1007 5432 1432 5486 vilissimorum
1484 5426 1754 5498 stirpium
1787 5426 1942 5482 foliis
1973 5433 2129 5500 toge-

475 5527 697 5578 rentur.

549 5631 579 5658 ‹‹
636 5608 762 5664 Filii
823 5611 1133 5664 stultorum
1195 5614 1250 5662 et
1309 5605 1679 5679 ignobilium,
1742 5609 1798 5660 et
1857 5605 1916 5658 in
1975 5612 2127 5663 terra

473 5697 708 5770 penitus
740 5715 852 5752 non
910 5704 1201 5769 parentes.
1256 5698 1420 5751 Nunc
1471 5695 1528 5748 in
1590 5711 1790 5748 eorum
1833 5696 2123 5751 canticum

468 5803 671 5843 versus
721 5803 874 5851 sum,
934 5792 990 5841 ct
1047 5788 1233 5844 factus
1292 5801 1424 5841 sum
1479 5783 1562 5840 eis
1622 5783 1680 5838 in
1731 5784 2121 5855 proverbium.

2266 3449 2409 3503 Tam
2442 3449 2642 3514 veloci,
2695 3449 2907 3521 inquit,
2956 3450 3178 3520 impetu
3229 3451 3505 3521 praedicta
3556 3451 3711 3507 mala
3742 3469 3923 3524 super

2263 3555 2356 3592 me
2387 3538 2705 3604 irruerunt,
2740 3543 2803 3592 ut
2834 3537 2993 3594 nullo
3026 3539 3334 3595 resistente
3373 3539 3694 3610 obstaculo,
3732 3540 3788 3594 in
3824 3556 3922 3596 me

2263 3628 2513 3699 desuper
2541 3627 2928 3684 volverentur.

2333 3741 2358 3764 ‹‹
2395 3717 2682 3770 Redactus
2715 3733 2845 3771 sum
2879 3718 2937 3771 in
2972 3717 3243 3772 nihilum.
3277 3718 3537 3773 Abstulit
3566 3719 3734 3790 quasi
3766 3735 3910 3773 ven-

2259 3810 2357 3859 tus
2383 3805 2737 3859 desiderium
2788 3822 3008 3876 meum,
3041 3811 3097 3861 et
3145 3807 3302 3861 velut
3349 3808 3534 3862 nubes
3575 3807 3920 3879 pertransiit

2258 3893 2420 3949 salus
2452 3910 2599 3947 mea.
2635 3915 2663 3942 »
2717 3894 2837 3956 Quo
2886 3895 3387 3950 remunerationes
3432 3901 3564 3950 tuas
3607 3913 3709 3967 pro
3743 3913 3919 3950 man-

2256 3982 2529 4037 datorum
2587 3986 2824 4037 tuorum
2901 3985 3169 4039 custodia
3242 3985 3636 4058 praestolabar,
3695 3986 3918 4056 pariter

2256 4087 2388 4125 cum
2422 4071 2630 4141 salute,
2666 4072 2834 4143 quasi
2866 4073 3019 4128 venti
3071 4075 3322 4146 impetu,
3370 4080 3426 4129 et
3455 4075 3622 4146 quasi
3656 4079 3920 4130 transvo-

2252 4162 2429 4226 1antis
2483 4161 2657 4216 nubis
2689 4163 2796 4231 (Al.
2858 4163 3048 4234 nobis]
3107 4163 3398 4219 celeritate
3457 4163 3717 4236 rapuisti,
3769 4163 3917 4234 quia

2252 4250 2439 4322 abripi
2471 4250 2814 4323 permisisti.

2329 4341 2539 4395 «Tunc
2587 4346 2773 4395 actem
2832 4341 2892 4396 in
2953 4343 3300 4414 memetipso
3359 4345 3668 4399 marcescit
3711 4345 3915 4400 anima

2251 4445 2398 4497 mea,
2426 4435 2482 4484 et
2511 4430 2811 4501 possident
2843 4448 2933 4485 me
2966 4432 3091 4486 dies
3132 4433 3485 4488 afﬂictionis.
3523 4459 3548 4483 ››
3584 4435 3912 4503 Marcescit,

2247 4519 2304 4573 id
2340 4523 2451 4589 est,
2481 4537 2515 4574 a
2545 4519 2741 4591 vigore
2774 4537 2891 4574 sure
2926 4521 3269 4578 intentionis
3303 4523 3661 4579 dissolvitur.

2323 4650 2342 4675 ι
2381 4627 2557 4681 Nocte
2607 4643 2672 4682 os
2723 4643 2920 4681 meum
2972 4629 3306 4699 perforatur
3353 4629 3672 4698 doloribus,
3702 4637 3758 4686 et
3804 4632 3911 4702 qui

2175 4736 2222 4799 D
2255 4733 2347 4770 me
2395 4715 2728 4783 comedunt,
2786 4732 2899 4770 non
2951 4717 3271 4773 dormiunt.
3310 4742 3330 4766 ιι
3385 4719 3755 4775 Manifestum
3798 4727 3911 4786 est,

2254 4805 2392 4876 quia
2414 4820 2641 4859 vermes
2686 4804 2784 4875 qui
2835 4821 3040 4861 carnes
3091 4809 3218 4877 ejus
3274 4810 3678 4877 comededant,
3713 4815 3916 4865 noctes

2253 4895 2545 4949 ducebant
2579 4893 2910 4964 pervigiles.

2325 5007 2348 5030 ‹‹
2385 4983 2445 5037 In
2472 4982 2850 5037 multitudine
2876 5001 3078 5039 eorum
3102 4986 3471 5041 consumitur
3493 4987 3909 5042 vestimentum

2247 5087 2466 5134 meum,
2501 5076 2557 5126 et
2587 5073 2752 5143 quasi
2797 5074 3011 5144 capitio
3041 5075 3248 5130 tunicae
3282 5077 3696 5131 succinxerunt
3727 5093 3839 5130 me.
3876 5098 3904 5123 ν

2247 5160 2606 5215 Scatentium
2657 5162 2944 5216 vermium
2997 5163 3329 5229 multitudo,
3384 5181 3616 5235 semper
3652 5182 3713 5220 se
3743 5180 3902 5219 com-

2245 5266 2503 5314 movens,
2535 5255 2592 5305 et
2621 5267 2722 5320 per
2772 5250 3030 5305 diversos
3079 5252 3386 5308 vulnerum
3436 5271 3699 5309 meorum
3728 5252 3900 5308 sinus

2243 5339 2598 5403 discurrens,
2648 5344 2866 5393 vestem
2915 5357 3150 5411 quoque
3199 5359 3412 5408 meam,
3463 5343 3604 5398 dum
3656 5359 3756 5413 per
3803 5359 3898 5396 me

2241 5446 2436 5500 repere
2484 5446 2597 5483 non
2659 5434 2867 5498 cessat,
2930 5431 3187 5486 attrivit:
3251 5449 3424 5502 quem
3484 5436 3670 5487 totum
3717 5436 3896 5500 atque

2238 5535 2305 5572 ex
2331 5518 2489 5573 omni
2551 5523 2710 5588 parte
2761 5515 3208 5586 circumdatum,
3268 5527 3324 5574 et
3380 5521 3547 5590 quasi
3607 5520 3664 5574 in
3706 5537 3891 5574 unum

2235 5607 2448 5662 vulnus
2499 5605 2798 5659 redactum
2845 5605 3181 5662 incessabili
3233 5626 3333 5663 esu
3389 5609 3722 5679 haustuque
3770 5609 3893 5662 dis-

2236 5699 2474 5751 cruciat.

2306 5810 2330 5834 α
2367 5787 2750 5854 Comparatus
2809 5801 2941 5841 sum
2998 5785 3142 5853 luto,
3218 5794 3277 5843 et
3333 5786 3696 5843 assimilatus
3755 5801 3891 5841 sum
