4220 6616
320 529 441 596 ’749

1388 523 1903 587 COMMENTAR.
1952 523 2032 585 IN
2076 522 2237 586 JOB.
2285 523 2456 584 CAP.
2503 523 2688 586 XXX.

3615 521 3737 584 750

329 664 536 724 favillae
577 668 635 722 et
675 660 876 720 cineri.
912 684 940 712 »
996 660 1084 717 Ad
1118 676 1415 717 summam
1446 660 1732 716 vilitatem
1763 659 1976 731 perdu-
2011 657 2064 726 Α
2089 659 2542 716 interﬁciuntur.
2574 659 2645 714 Et
2674 658 2870 715 socius
2901 657 3295 715 struthionum
3333 675 3345 714 :
3395 657 3591 715 fatuus
3622 657 3739 716 fac-

330 762 491 812 ctum
525 771 584 810 se
616 753 775 819 dicit,
801 751 901 824 qui
929 750 1272 805 vulneribus
1301 754 1358 804 et
1390 749 1574 816 sanie,
1604 749 1757 803 sicut
1783 747 1974 802 lutum

333 847 844 918 computresceret,
876 846 932 896 et
963 841 1181 895 faeteret
1214 857 1226 893 :
1273 837 1740 894 exsciccantibus
1774 852 1978 891 rursus

334 938 525 992 carnis
557 942 682 1005 ejus
714 931 1109 1004 putredinem,
1142 927 1414 984 sordibus
1454 925 1728 999 pulveris.

410 1046 436 1076 «ι
465 1024 660 1079 Clamo
711 1023 781 1077 ad
832 1025 908 1088 te,
943 1024 998 1074 et
1043 1035 1156 1073 non
1198 1017 1439 1072 exaudis
1471 1032 1602 1079 me;
1638 1020 1746 1082 sto,
1781 1018 1837 1070 et
1865 1031 1980 1070 non

334 1113 575 1186 respicis
623 1129 736 1166 me.
777 1134 798 1160 υ
853 1111 916 1164 In
963 1108 1216 1163 clamore
1246 1105 1491 1160 intentio
1537 1109 1626 1160 est
1658 1102 1880 1159 orantis
1911 1103 1981 1158 ad

331 1205 536 1260 Deum.
570 1202 634 1256 In
666 1218 731 1256 eo
762 1215 895 1255 vero
927 1197 1082 1269 quod
1114 1201 1268 1251 stare
1300 1211 1362 1249 se
1395 1193 1684 1266 perhibet,
1720 1209 1980 1265 perseve-

330 1293 580 1349 rantiam
631 1307 693 1346 se
736 1290 807 1344 ad
843 1289 1027 1343 Deum
1058 1286 1272 1341 habere
1306 1282 1783 1339 indeclinabilem
1815 1281 1982 1336 dixit.

330 1380 569 1437 Fiducia
589 1378 958 1451 justitiarum
996 1391 1237 1432 suarum
1273 1374 1344 1428 ad
1377 1373 1557 1428 Deum
1595 1390 1606 1428 :
1655 1372 1777 1427 haec
1806 1371 1986 1426 libere

329 1473 440 1528 Job
474 1473 716 1527 sanctus
745 1467 1031 1539 loquitur.

409 1560 730 1615 «Mutatus
781 1574 844 1612 es
892 1555 1036 1611 mihi
1089 1555 1148 1610 in
1198 1553 1518 1622 crudelem,
1551 1555 1609 1607 et
1658 1551 1718 1605 in
1771 1549 1990 1605 duritia

336 1666 551 1706 manus
599 1654 710 1704 tua
743 1645 1071 1702 adversaris
1104 1643 1269 1699 mihi.
1303 1642 1553 1698 Elevasti
1584 1657 1696 1711 me,
1732 1645 1788 1695 et
1820 1639 1989 1711 quasi

336 1756 514 1810 super
541 1741 780 1792 ventum
812 1750 1040 1807 ponens
1068 1732 1276 1789 elisisti
1309 1748 1401 1788 me
1428 1730 1614 1786 valde.
1651 1751 1680 1778 »
1731 1729 1902 1784 Pium
1935 1733 1993 1784 et

339 1825 778 1883 misericordem
812 1823 996 1878 Deum
1036 1838 1165 1876 esse
1215 1819 1358 1876 dicit
1406 1819 1466 1873 in
1516 1817 1812 1890 prosperis
1867 1816 1991 1871 suis

341 1919 558 1973 durum
610 1919 784 1986 atque
837 1911 1158 1978 crudelem,
1190 1926 1323 1964 cum
1361 1925 1574 1963 manus
1605 1907 1908 1972 duritiam,
1938 1909 1996 1960 et

340 2022 544 2079 graves
574 2019 777 2076 poenas
809 2000 1064 2056 sustinet
1094 2003 1151 2054 et
1181 2003 1428 2054 atroces.

414 2117 441 2142 ‹‹
474 2094 624 2163 Scio,
658 2091 798 2164 quia
842 2089 1018 2144 morti
1049 2088 1246 2143 trades
1278 2104 1394 2153 me,
1427 2085 1525 2141 ubi
1559 2085 1878 2141 constituta
1911 2089 2000 2139 est

341 2185 550 2240 domus
610 2179 770 2236 omni
825 2178 1062 2234 viventi.
1098 2199 1126 2226 »
1180 2180 1320 2231 Post
1372 2175 1653 2231 delictum
1710 2174 1996 2245 parentis,

339 2272 553 2344 inquit,
586 2271 800 2324 domus
851 2267 1198 2322 inferiorum
1248 2269 1337 2320 est
1388 2263 1730 2327 constituta,
1777 2263 1835 2317 id
1885 2268 2002 2332 est,

345 2378 505 2416 mors
552 2359 700 2430 ipsa,
734 2374 849 2412 non
899 2355 1233 2410 conditione
1276 2355 1404 2424 ejus
1444 2356 1656 2408 creata.
1689 2351 1833 2406 Illuc
1865 2367 2002 2423 ergo

347 2455 403 2504 et
435 2465 527 2503 me
555 2453 836 2518 tanquam
870 2443 1192 2516 peccatoris
1237 2443 1376 2496 Adae
1427 2440 1639 2512 ﬁlium,
1673 2439 2003 2495 secundum

343 2539 572 2610 justam
607 2534 956 2592 sententiam
990 2533 1151 2588 abire
1181 2531 1440 2587 voluisti.

424 2650 451 2678 ‹‹
483 2627 901 2681 Verumtamen
934 2639 1048 2677 non
1082 2623 1153 2676 ad
1187 2619 1700 2692 consumptionem
1723 2635 1949 2674 eorum.
1977 2642 1999 2669 ι)

357 2714 904 2773 Reconciliationem
936 2712 1140 2766 mundi
1189 2710 1498 2782 prophetat
1547 2709 1605 2762 in
1655 2707 1880 2762 Christo
1912 2708 2008 2762 fu-

354 2810 569 2873 turam,
605 2805 747 2856 dum
779 2801 922 2856 dicit
949 2799 1218 2854 homines
1250 2815 1364 2852 non
1399 2798 1457 2851 in
1493 2801 1837 2868 perpetuam
1870 2813 2007 2851 con-

356 2893 751 2966 sumptionem
782 2889 1152 2962 redigendos,
1183 2887 1285 2943 sed
1319 2886 1630 2958 aliquando
1681 2886 1753 2940 ab
1805 2885 2009 2939 inferis

359 2982 734 3040 revocandos.

432 3096 460 3122 «
492 3070 726 3127 Emittis
768 3084 1012 3123 manum
1063 3070 1224 3121 tuam
1262 3084 1274 3119 :
1327 3069 1384 3120 et
1423 3065 1470 3119 si
1503 3063 1854 3134 corruerint,
1887 3063 2012 3133 ipse

360 3160 635 3218 salvabis.
671 3181 700 3209 ››
753 3158 813 3214 Si
866 3161 998 3230 post
1041 3154 1526 3227 redemptionem,
1559 3171 1676 3225 qua
1705 3170 1808 3225 per
1837 3153 2010 3207 ﬁdem

362 3252 421 3306 in
453 3251 681 3306 Christo
714 3247 1034 3312 salvamur,
1065 3246 1281 3300 iterum
1323 3261 1424 3315 per
1453 3248 1758 3314 peccatum
1791 3242 2015 3297 ruerint

362 3339 652 3408 homines,
677 3353 854 3392 manu
882 3334 1116 3407 pietatis
1145 3333 1449 3399 allevante,
1475 3349 1577 3403 per
1608 3331 2011 3404 pcenitentiam

365 3431 489 3501 ipse
525 3426 795 3483 salvabit.

437 3541 464 3567 ‹‹
500 3517 735 3571 Flebam
767 3514 1060 3585 quondam
1094 3528 1272 3583 super
1301 3529 1388 3580 eo,
1425 3511 1522 3583 qui
1555 3511 1809 3566 afﬂictus
1839 3513 1962 3564 erat
1996 3525 2008 3564 :

367 3613 424 3662 et
473 3603 938 3675 compatiebatur
989 3601 1185 3655 anima
1235 3617 1366 3656 mea
1408 3599 1670 3673 pauperi.
1704 3600 2013 3669 Exspecta-

367 3698 504 3751 bam
552 3694 726 3758 bona,
778 3697 834 3745 et
883 3695 1164 3745 venerunt
1217 3689 1363 3744 mihi
1418 3690 1591 3760 mala,
1639 3687 2018 3760 praestolabar

368 3785 581 3851 lucem,
617 3787 672 3836 et
701 3784 1021 3852 eruperunt
1049 3778 1323 3834 tenebrae.
1353 3801 1379 3827 ››
1412 3779 1652 3833 Factum
1684 3783 1792 3845 est,
1817 3781 1882 3830 ut
1917 3793 2020 3847 pro

370 3875 658 3929 bonorum
711 3868 1162 3940 exspectatione,
1195 3868 1334 3938 quia
1376 3869 1623 3923 miseros
1654 3865 2020 3930 consolabar,

375 3962 530 4018 mala
561 3976 716 4015 nunc
748 3957 948 4013 omnia
994 3958 1371 4022 sustinerem,
1405 3963 1461 4013 et
1490 3973 1594 4028 pro
1625 3956 1752 4011 luce
1785 3972 2022 4028 prospe-

375 4052 585 4119 ritatis,
620 4049 890 4104 tenebras
921 4046 1279 4102 incurrerem
1326 4051 1773 4100 tormentorum.

452 4163 473 4190 ι
511 4137 793 4194 Interiora
813 4153 943 4191 mea
962 4136 1352 4191 eii‘erbuerant
1384 4136 1608 4206 absque
1637 4133 1756 4188 ulla
1786 4134 1985 4206 requie
2011 4151 2024 4188 :

379 4230 780 4301 pri-evenerunt
811 4241 902 4280 me
933 4225 1058 4279 dies
1110 4222 1469 4278 afﬂictionis.
1508 4245 1529 4271 ι
1589 4222 1690 4278 Ubi
1740 4222 1838 4286 ait,
1875 4222 2030 4293 quod

379 4334 514 4374 eum
539 4315 664 4371 dies
683 4313 1016 4370 ai’tlictionis
1040 4311 1439 4384 praevenerint,
1456 4317 1596 4383 puto
1621 4312 1776 4382 quod
1800 4318 2032 4381 tempus

375 4405 586 4478 judicii
606 4404 854 4459 voluerit
879 4402 1171 4456 indicare:
1203 4417 1318 4471 quo
1345 4405 1700 4471 praeventum
1726 4418 1786 4455 se
1818 4400 2033 4454 idcirco

380 4497 613 4552 videtur
657 4492 893 4558 dixisse,
929 4490 1068 4562 quia
1116 4506 1251 4544 cum
1298 4489 1407 4544 sibi
1444 4489 1693 4543 necdum
1725 4495 2036 4543 venturum

385 4583 676 4658 putaverit
708 4599 722 4636 ε
777 4581 877 4637 ubi
926 4580 1101 4635 etiam
1135 4596 1419 4650 magnum
1451 4577 1709 4632 dolorem
1743 4578 2036 4649 gehenna-

389 4691 520 4731 rum
552 4671 868 4746 significat,
901 4671 1042 4724 dum
1076 4686 1215 4724 suas
1245 4667 1366 4722 illis
1409 4672 1712 4738 comparat
1744 4684 1966 4738 poenas.

2089 757 2188 805 tus
2218 767 2351 806 sum
2383 754 2439 806 et
2466 749 2772 822 insipiens,
2807 754 2872 804 ut
2900 748 3176 813 struthio,
3211 749 3332 804 avis
3364 750 3732 821 stultissime,

2087 845 2154 895 ut
2184 857 2297 911 prae
2330 839 2526 894 dolore
2555 839 2775 894 frustra
2803 855 2896 893 me
2926 837 3260 893 existiment
3290 838 3606 894 laborasse.

2165 952 2193 980 ‹‹
2225 929 2386 984 Cutis
2444 945 2575 984 mea
2630 929 2935 1000 denigrata
2982 934 3072 982 est
3124 945 3302 999 super
3355 945 3467 996 me,
3501 933 3558 983 et
3604 946 3740 984 ossa

2091 1035 2222 1074 mea
2249 1023 2529 1073 aruerunt
2559 1035 2672 1090 prae
2705 1022 2990 1072 caumate.
3028 1040 3056 1065 ››
3089 1017 3155 1071 Et
3190 1019 3293 1072 hoc
3325 1018 3394 1073 ad
3428 1035 3734 1085 pcenarum

2091 1110 2219 1179 ejus
2248 1106 2551 1162 cumulum
2603 1105 2951 1178 pertinebat,
2984 1110 3048 1160 ut
3076 1105 3133 1160 in
3167 1111 3419 1162 stercore
3449 1109 3736 1163 constitu-

2092 1202 2212 1262 tus,
2246 1212 2348 1267 per
2377 1194 2564 1250 multa
2593 1201 2878 1267 tempora,
2901 1195 3042 1251 solis
3073 1196 3521 1252 ardentissimos
3552 1214 3740 1269 usque

2094 1286 2163 1340 ad
2195 1302 2328 1341 ossa
2358 1290 2654 1357 pateretur
2683 1285 2898 1340 radios.

2171 1397 2198 1424 ‹‹
2227 1374 2410 1430 Versa
2438 1377 2529 1430 est
2557 1374 2617 1428 in
2646 1373 2872 1430 luctum
2904 1374 3128 1444 cithara
3159 1391 3310 1441 mea,
3350 1379 3408 1431 et
3453 1392 3740 1447 organum

2097 1481 2295 1521 meum
2343 1463 2402 1519 in
2443 1479 2643 1519 vocem
2675 1464 2962 1520 flentium.
2999 1487 3026 1514 ››
3078 1464 3178 1519 His
3222 1465 3416 1531 rebus,
3449 1465 3592 1520 dicit
3619 1466 3745 1520 feli-

2100 1555 2254 1610 cium
2289 1554 2516 1609 dierum
2548 1570 2790 1609 suorum
2817 1558 2996 1626 atque
3027 1553 3430 1624 prosperitatis
3458 1553 3746 1622 laetitiam,

2100 1649 2158 1700 et
2180 1643 2613 1716 jucunditatem
2645 1643 2705 1696 in
2736 1643 2958 1698 luctum
2990 1659 3118 1698 esse
3148 1659 3508 1700 conversam.

2314 1822 2393 1878 Ad
2439 1822 2641 1878 Chriin
2665 1839 2957 1894 personam
2985 1825 3219 1878 vertitur
3246 1826 3534 1895 expositio.

2176 1935 2204 1961 ‹‹
2238 1912 2377 1977 Quis
2408 1912 2553 1966 mihi
2583 1912 2826 1982 tribuat,
2857 1916 2924 1967 ut
2955 1911 3067 1968 sim
3091 1914 3260 1982 juxta
3290 1930 3524 1969 menses
3555 1913 3752 1985 pristi-

2027 2029 2075 2094 Β
2106 2019 2233 2069 nos,
2267 2025 2295 2053 »
2349 2007 2456 2057 etc.
2492 2002 2554 2056 In
2606 2006 2910 2075 assumpto
2960 2002 3198 2058 homine
3234 2003 3374 2058 Jesu
3408 2002 3660 2070 Christo,
3694 2003 3753 2058 id

2110 2096 2220 2159 est,
2253 2091 2437 2145 Adam
2469 2091 2748 2159 secundo,
2778 2091 2897 2147 sive
2929 2093 3246 2146 novissimo
3272 2109 3285 2146 :
3317 2108 3428 2146 vox
3457 2096 3545 2147 est
3572 2093 3757 2147 Adam

2110 2179 2456 2252 protoplasti
2505 2179 2814 2236 recolentis
2857 2180 2997 2251 quid
3037 2181 3373 2252 perdiderit,
3409 2185 3464 2236 et
3497 2181 3568 2235 ad
3602 2182 3758 2252 quod

2114 2271 2335 2326 bonum
2386 2269 2575 2324 redire
2622 2269 2837 2341 cupiat.
2867 2268 3157 2324 Amiserat
3187 2270 3402 2341 quippe
3433 2287 3536 2342 per
3565 2269 3766 2324 inobe-

2112 2359 2341 2415 dientize
2399 2359 2644 2426 malum,
2704 2358 3166 2414 immortalitatis
3224 2360 3468 2428 bonum,
3528 2360 3764 2431 paradi-

2115 2448 2283 2520 sique
2331 2446 2614 2503 delicias:
2668 2447 2820 2503 hanc
2877 2448 2989 2503 sibi
3047 2465 3150 2520 per
3202 2448 3404 2504 Jesum
3463 2450 3761 2504 Christum

2114 2527 2430 2593 Dominum
2491 2543 2758 2592 nostrum
2817 2537 3132 2599 instaurari
3200 2538 3512 2593 desiderat.
3570 2537 3765 2593 Susci-

2116 2627 2330 2698 piendo
2360 2642 2615 2698 namque
2663 2626 2722 2680 in
2781 2643 2843 2680 se
2872 2626 2972 2681 Dei
3024 2626 3204 2681 Filius
3248 2626 3506 2681 hominis
3554 2626 3764 2694 filium,

2118 2715 2380 2787 suscepit
2408 2715 2468 2769 in
2505 2732 2570 2770 eo
2603 2719 2659 2770 et
2690 2715 2934 2769 humani
2964 2716 3192 2787 generis
3223 2731 3444 2786 preces.

2191 2829 2219 2856 ‹‹
2254 2806 2497 2869 Quando
2549 2803 2896 2875 splendebat
2941 2804 3181 2859 lucerna
3229 2807 3356 2874 ejus
3386 2821 3563 2876 super
3591 2810 3766 2876 caput

2122 2911 2342 2960 meum,
2377 2898 2434 2948 et
2481 2895 2551 2948 ad
2597 2893 2795 2948 lumen
2828 2895 2956 2964 ejus
2989 2892 3365 2948 ambulabam
3396 2893 3456 2948 in
3487 2895 3767 2949 tenebris.

2122 2983 2380 3040 Gloriam
2432 2983 2640 3038 divina:
2690 2984 2910 3054 gratiae,
2944 2982 3180 3037 nomine
3229 2982 3476 3037 lucernae
3531 3000 3658 3054 qua:
3706 2983 3768 3038 in

2123 3071 2396 3145 paradiso
2426 3072 2719 3141 floruerat,
2754 3071 3125 3143 signiﬁcavit.

2199 3187 2219 3210 ι
2257 3161 2420 3217 Sicut
2451 3161 2532 3216 fui
2564 3161 2624 3215 in
2657 3161 2862 3216 diebus
2894 3160 3297 3216 adolescentiae
3337 3179 3499 3226 meae,
3533 3164 3770 3234 quando

2123 3256 2343 3307 secreto
2367 3251 2522 3305 Deus
2547 3255 2672 3305 erat
2700 3251 2758 3304 in
2783 3250 3161 3305 tabernaculo
3185 3267 3333 3305 meo.
3356 3271 3383 3301 ιι
3420 3251 3772 3307 Adolescen-

2122 3342 2214 3396 tize
2263 3341 2500 3395 nomine
2550 3345 2800 3412 possunt
2850 3339 3170 3411 primordia
3200 3341 3332 3393 Adae
3377 3340 3645 3412 intelligi,
3678 3340 3768 3396 vel

2123 3430 2254 3500 ipsa
2280 3429 2565 3484 felicitas:
2598 3429 2698 3482 ubi
2732 3433 2865 3482 ante
2894 3428 3522 3498 peccantum,juvenili
3551 3429 3768 3498 vigore,

2123 3518 2250 3574 sine
2272 3517 2390 3572 ullo
2413 3518 2634 3572 defectu
2671 3517 2856 3571 aetatis
2878 3531 3109 3583 semper
3136 3515 3350 3580 virens,
3375 3517 3542 3586 quasi
3564 3517 3623 3570 in
3648 3518 3774 3572 die-'

2125 3609 2238 3663 bus
2269 3606 2669 3662 adolescentia:
2703 3604 2883 3661 fuisse
2915 3606 3146 3659 dicitur.

2201 3719 2229 3745 «
2263 3697 2505 3761 Quando
2536 3701 2659 3750 erat
2679 3695 3049 3765 omnipotens
3081 3711 3333 3762 mecum,
3358 3700 3414 3749 et
3444 3695 3499 3749 in
3526 3696 3775 3751 circuitu

2131 3802 2260 3841 meo
2292 3787 2452 3856 pueri
2486 3784 2622 3839 mei.
2661 3808 2682 3832 ι
2743 3784 2905 3838 Pueri
2937 3784 3142 3848 Adam,
3173 3784 3419 3839 virtutes
3449 3787 3656 3840 animae
3686 3787 3778 3839 in-

2132 3874 2458 3944 telligentiae
2491 3879 2648 3927 sunt.
2675 3874 2892 3928 Pueros
2923 3878 3116 3927 autem
3145 3873 3355 3928 Christi
3389 3873 3646 3944 angelos,
3681 3876 3784 3944 qui

2134 3962 2617 4018 ministraverunt
2669 3960 2718 4013 ei
2767 3959 2824 4013 in
2879 3959 3084 4014 diebus
3125 3959 3315 4014 carnis
3345 3961 3494 4027 ejus.
3525 3959 3610 4013 vel
3645 3976 3783 4029 apo-

2137 4053 2339 4118 stolos,
2390 4050 2512 4105 sive
2572 4065 2776 4104 omnes
2833 4053 3066 4103 sanctos
3119 4065 3235 4102 non
3293 4048 3545 4103 absurde
3603 4048 3783 4102 senti-

2139 4158 2293 4196 IDUS.

2215 4251 2242 4279 ‹‹
2272 4229 2513 4293 Quando
2561 4226 2826 4282 lavabam
2877 4226 3052 4295 pedes
3085 4241 3245 4280 meos
3280 4225 3505 4296 butyro,
3539 4229 3595 4280 et
3625 4229 3792 4295 petra

2143 4319 2426 4374 fundebat
2454 4315 2598 4370 mihi
2631 4315 2782 4370 rivos
2815 4314 2947 4369 olei.
2974 4335 3001 4360 ι)
3037 4313 3218 4367 Pedes
3251 4313 3430 4382 igitur
3454 4313 3791 4378 Salvatoris,

2145 4408 2552 4479 prredicatores
2581 4405 2862 4471 veritatis,
2897 4403 2992 4473 qui
3036 4403 3095 4456 in
3138 4403 3406 4456 universo
3440 4404 3657 4457 mundo
3690 4420 3794 4456 an-

2147 4497 2384 4551 nuntiat
2430 4493 2832 4566 Evangelium.
2866 4491 3227 4563 intelligendi
3279 4496 3434 4546 sunt.
3469 4492 3585 4546 Hos
3615 4492 3800 4563 igitur

2151 4588 2328 4658 pedes
2377 4601 2516 4639 suos
2557 4585 2730 4638 Jesus
2761 4582 3044 4644 Christus,
3077 4582 3184 4635 Job
3236 4589 3452 4642 noster,
3486 4581 3634 4637 lacte
3683 4581 3803 4635 sive

2152 4675 2359 4746 butyro
2391 4672 2534 4727 eluit
2565 4677 2742 4742 atque
2785 4670 3080 4735 abstersit,
3116 4671 3348 4740 quando
3399 4687 3497 4724 eos
3546 4687 3579 4725 a
3625 4670 3809 4724 tribu-

461 4787 486 4813 ει
525 4763 768 4818 Maerens
813 4759 1179 4822 incedebam.
1235 4758 1360 4812 Sine
1416 4758 1607 4812 furore
1657 4771 2043 4826 consurgens,
2076 4774 2123 4838 1)
2154 4762 2440 4817 lationum
2475 4759 2770 4830 pressuris
2803 4758 3062 4812 sinceros
3094 4764 3267 4828 atque
3299 4759 3650 4829 purissimos
3684 4759 3809 4813 red-

391 4854 454 4909 in
485 4852 662 4907 turba
691 4849 1038 4904 clamabam.
1078 4872 1099 4897 ιδ
1143 4847 1352 4902 Tristis
1386 4851 1442 4900 et
1475 4845 1718 4900 aﬁ'ectus
1749 4845 2045 4914 maestitia,

393 4942 533 5014 quia
585 4955 767 5012 poenae
824 4936 1100 4992 meritum
1149 4935 1502 5005 nesciebam,
1555 4940 1612 4990 et
1659 4936 1784 4988 sine
1834 4933 2048 4988 furoris

396 5028 724 5094 iracundia,
773 5043 933 5082 eram
987 5026 1047 5079 in
1098 5042 1259 5097 spem
1317 5025 1499 5080 animi
1549 5024 1759 5079 virtute
1807 5040 2048 5078 consur-

666 5117 807 5189 quia
865 5115 1020 5170 Deus
1078 5115 1357 5170 docuerat
1412 5130 1504 5167 me
1561 5113 1927 5184 patientiam,
1989 5116 2053 5165 ut

397 5207 806 5281 aequanimiter
854 5206 1086 5271 ferrem,
1119 5203 1356 5275 publica
1404 5201 1801 5257 satisfactione
1844 5200 2052 5255 vocife-

397 5137 540 5193 gens
590 5135 604 5173 :

400 5315 564 5360 rans,
597 5300 654 5351 et
684 5311 952 5350 exorans.
1003 5343 1012 5350 .

473 5410 500 5436 ‹‹
537 5386 738 5440 Frater
770 5383 851 5438 l'ui
885 5384 1227 5449 draconum,
1263 5388 1320 5437 et
1349 5380 1544 5437 socius
1578 5379 1998 5435 struthionum.
2023 5399 2048 5428 η

403 5475 676 5532 Cruciatu
727 5490 1030 5542 pcenarum
1086 5473 1352 5537 ali'ectus,
1385 5471 1612 5525 dolores
1667 5485 1827 5522 meos
1869 5469 2060 5523 sibilis

408 5562 808 5635 temperabam
835 5579 848 5615 :
884 5561 1383 5631 quemadmodum
1416 5561 1601 5615 facere
1636 5558 1914 5612 dicuntur
1934 5559 2061 5611 dra-

411 5671 606 5718 cones,
641 5650 875 5722 quando
909 5650 980 5704 ab
1030 5650 1358 5719 elephantis
1405 5650 1766 5720 capiuntur:
1822 5652 1883 5700 ut
1933 5665 2063 5717 pro-

413 5746 591 5816 pheta
617 5740 699 5794 ait
731 5756 745 5793 :
795 5739 1026 5794 Faciam
1050 5738 1334 5808 planctum
1363 5738 1513 5793 velut
1543 5737 1840 5791 draconum
1882 5736 2062 5802 (ΜὶσΙι.

415 5849 456 5900 ι,
488 5836 544 5905 8)
579 5847 593 5886 ;
626 5844 801 5902 quem
833 5827 1076 5898 faciunt,
1109 5833 1176 5882 ut
1204 5826 1345 5894 dixi,
1378 5828 1613 5900 quando
1642 5826 1714 5881 ab
1741 5825 2068 5897 elephantis

2158 4851 2346 4907 didit:
2379 4851 2596 4904 docens
2618 4865 2717 4902 eos
2749 4863 2850 4918 per
2879 4846 3152 4917 spiritum
3186 4864 3382 4908 suum,
3406 4848 3694 4919 simplicis
3728 4848 3816 4901 in-

2158 4938 2436 4995 nocentiae
2465 4937 2666 4992 vitam.
2696 4938 2810 4990 Hoc
2841 4935 3021 5007 igitur
3051 4936 3222 4990 modo
3254 4937 3430 5007 pedes
3460 4935 3815 4992 annuntian-

2161 5030 2240 5083 tis
2272 5043 2472 5100 pacem
2506 5024 2799 5095 Evangelii
2833 5025 3299 5079 mundabuntur.
3333 5025 3417 5080 Ne
3447 5021 3806 5094 coinquinati

2162 5122 2360 5174 essent
2391 5115 2643 5172 carnalis
2676 5114 2971 5185 sapientia:
3004 5113 3124 5168 luto
3160 5130 3171 5168 :
3219 5113 3403 5182 Petra,
3436 5113 3648 5184 inquit,
3683 5112 3816 5165 fun-

2164 5207 2338 5262 debat
2369 5205 2512 5260 mihi
2549 5206 2701 5259 rivos
2731 5203 2862 5259 olei.
2893 5205 3042 5274 Ergo
3077 5208 3238 5274 petra
3266 5202 3548 5265 Ecclesia,
3571 5200 3819 5254 fundata

2167 5310 2344 5366 super
2365 5294 2664 5349 Christum
2688 5292 3090 5346 ﬁrmissimam
3121 5297 3362 5362 petram,
3387 5291 3456 5345 de
3485 5307 3546 5344 se
3569 5287 3818 5360 gratiam

2167 5384 2420 5455 Spiritus
2451 5383 2658 5444 sancti,
2694 5380 2849 5436 velut
2881 5382 3032 5435 rivos
3063 5380 3309 5434 ell‘undit
3343 5397 3354 5433 :
3391 5380 3544 5448 quod
3580 5377 3639 5432 in
3674 5382 3821 5430 Pon-

2171 5479 2411 5538 tecoste,
2436 5479 2491 5526 et
2523 5473 2694 5527 domo
2720 5470 2989 5532 Cornelii,
3014 5477 3072 5524 et
3101 5469 3156 5522 in
3193 5468 3310 5522 illis
3342 5467 3650 5522 duodecim
3689 5469 3830 5534 (Act.

2174 5581 2211 5624 ι,
2247 5564 2318 5626 4;
2368 5563 2432 5614 fili
2483 5562 2820 5630 etpassim),
2855 5559 2980 5612 sine
3031 5559 3089 5610 in
3139 5557 3295 5609 omni
3332 5555 3589 5611 Ecclesia
3637 5555 3832 5612 decla-

2174 5657 2364 5706 ratum
2398 5655 2506 5711 est,
2539 5655 2596 5705 et
2626 5666 2815 5719 usque
2849 5647 3021 5699 hodie
3052 5646 3403 5700 declaratur.

2251 5763 2272 5787 ι
2307 5739 2549 5804 Quando
2581 5737 2962 5809 procedebam
2993 5735 3063 5787 ad
3105 5739 3331 5805 portam
3365 5735 3642 5801 civitatis,
3676 5739 3732 5790 et
3761 5734 3821 5788 in

2176 5826 2366 5900 platea
2397 5825 2691 5899 ponebant
2722 5821 3057 5878 cathedram
3092 5822 3258 5879 mihi.
3297 5847 3324 5873 ››
3355 5823 3530 5882 Velut
3562 5841 3663 5882 rex
3694 5839 3831 5895 ergo
