4220 6618
524 522 638 587 751

2017 524 2433 590 APPENDIX.

3808 532 3935 593 752

532 667 591 723 et
618 660 904 726 Dominus
937 665 1164 740 primus
1187 665 1438 725 civitatis
1468 681 1587 724 suis
1617 660 1907 734 Ecclesiae,
1940 663 2013 721 ad
2044 680 2175 738 por-
2204 661 2261 730 Α
2362 685 2391 716 ‹‹
2421 662 2661 722 Justitia
2687 662 2933 722 indutus
2965 679 3120 734 sum,
3152 664 3211 721 et
3236 662 3466 721 vestivit
3501 678 3597 722 me
3626 662 3779 723 sicut
3804 665 3936 723 dia-

536 759 662 813 tam
715 758 844 830 ejus
891 758 1156 816 Christus
1202 756 1482 832 procedit,
1514 756 1571 812 id
1620 759 1727 827 est,
1758 754 1871 812 sub
1918 758 2180 826 tempore

533 845 838 905 initiorum
888 850 1037 919 ejus,
1071 850 1306 922 quando
1336 850 1667 922 ingressum
1711 862 1925 918 parans
1953 845 2181 901 dicebat

535 939 811 995 omnibus
842 955 857 995 :
896 941 1080 997 Venite
1105 941 1183 996 ad
1210 956 1296 996 me
1324 955 1510 994 omnes
1536 939 1634 1009 qui
1662 936 1944 1006 taboratis,
1977 939 2027 990 et
2056 951 2181 991 one-

530 1029 649 1083 rati
676 1031 803 1085 estis
832 1031 1039 1094 (Matth.
1072 1048 1151 1100 x1,
1182 1031 1294 1101 28).
1342 1027 1625 1083 Cathedra
1670 1030 1865 1081 autem
1914 1024 2177 1080 eminens

535 1116 784 1174 scientia
826 1118 1039 1175 Christi
1070 1118 1446 1190 intelligenda
1475 1121 1598 1184 est;
1651 1115 1841 1187 platea
1869 1119 2064 1169 autem
2096 1114 2177 1168 ci-

532 1205 851 1273 vitatis,vel
875 1211 1030 1280 quod
1053 1208 1281 1280 publice
1303 1204 1722 1278 praedicaverit,
1739 1202 1826 1259 vel
1850 1202 2176 1259 secundum

528 1293 856 1351 Psalmistae
887 1313 1123 1352 sensum
1156 1302 1247 1351 est
1276 1295 1651 1367 intelligenda
1683 1310 1695 1348 :
1744 1294 1916 1348 latum
1944 1292 2176 1347 manda-

530 1401 653 1441 sum
680 1388 837 1441 tuum
866 1388 1036 1441 nimis
1064 1386 1235 1457 (Psat.
1270 1402 1461 1452 cxvm,
1492 1385 1605 1453 96).
1638 1383 1800 1449 Quod
1834 1398 1951 1438 non
1981 1381 2175 1437 solum

529 1474 589 1529 in
620 1473 908 1547 triplicem
934 1476 1377 1548 expositionem,
1399 1475 1502 1530 sed
1534 1473 1711 1529 etiam
1742 1472 1803 1528 in
1825 1470 2174 1544 disputatio-

526 1580 661 1620 nem
694 1566 1030 1638 porrigitur.

596 1676 624 1704 «
657 1654 950 1712 Videbant
996 1672 1089 1711 me
1134 1657 1400 1726 juvenes,
1446 1657 1506 1709 et
1549 1651 2076 1716 abscondebantur,
2117 1653 2176 1705 et

525 1759 695 1800 senes
725 1749 1101 1815 assurgentes
1145 1744 1400 1800 stabant.
1431 1762 1458 1795 ι
1514 1742 1619 1796 His
1668 1740 1872 1797 scribit
1918 1739 2173 1795 Joannes

525 1831 749 1900 dicens,
782 1833 969 1889 Scribo
998 1834 1147 1889 vobis
1168 1834 1418 1903 juvenes,
1451 1832 1583 1902 quia
1625 1832 1793 1899 fortes
1821 1831 1971 1899 estis,
2003 1837 2055 1883 et
2082 1830 2173 1882 vi-

521 1922 678 1977 cistis
727 1923 1038 1993 matignum
1086 1924 1133 1987 (1
1156 1925 1312 1979 Joan.
1345 1939 1409 1985 II,
1442 1921 1550 1992 13).
1584 1918 1655 1974 Hi
1692 1936 1796 1991 per
1837 1918 2010 1973 fidem
2061 1918 2170 1972 Do-

524 2009 694 2081 mini,
728 2010 1085 2068 Salvatorem
1114 2012 1313 2067 vident
1359 2011 1418 2065 in
1450 2008 1685 2082 spiritu,
1717 2012 1775 2064 et
1802 2006 1862 2062 in
1893 2011 2049 2063 terra
2076 2006 2168 2061 sui
2195 2040 2245 2107 B

524 2100 784 2171 corporis
813 2101 1255 2159 abscondantur
1286 2117 1300 2155 :
1354 2099 1736 2170 reprimentes
1783 2094 2050 2152 videlicet
2079 2099 2164 2150 at-

521 2206 636 2261 que
658 2191 718 2245 in
748 2206 810 2246 se
833 2192 1149 2263 pugnando
1170 2190 1310 2246 vitia
1334 2188 1672 2245 cohibentes
1696 2203 1709 2241 :
1744 2184 2165 2241 mortiﬁcantes

476 2308 482 2313 -
519 2279 866 2353 semetipsos
915 2297 951 2336 a
993 2280 1243 2353 peccatis
1274 2284 1333 2334 et
1361 2275 1853 2349 concupiscentiis
1906 2274 2112 2329 mundi
2146 2289 2161 2330 :

519 2367 659 2424 hinc
688 2371 771 2425 ait
817 2369 1103 2442 propheta
1133 2386 1147 2424 :
1199 2368 1518 2425 Abscondite
1545 2382 1635 2422 vos
1666 2368 1727 2421 in
1756 2370 1961 2420 terram
1991 2364 2160 2434 (Osee,

517 2475 575 2528 χ,
606 2458 684 2528 8).
716 2460 896 2516 Senes
926 2476 1058 2515 vero
1088 2457 1194 2514 filii
1235 2455 1647 2523 consummati,
1680 2459 1737 2511 et
1767 2454 2027 2526 perfecti,
2060 2452 2163 2523 qui

519 2547 778 2619 quotidie
808 2552 1003 2603 mente
1029 2547 1327 2602 elevantur
1356 2546 1427 2601 ad
1451 2543 1682 2613 oculum,
1706 2547 1768 2599 et
1786 2531 1945 2599 stant
1976 2541 2034 2598 in
2058 2541 2163 2597 Do-

517 2636 701 2703 mino,
733 2637 848 2693 fide
882 2636 1200 2693 immobilis
1228 2636 1377 2691 vitae.

490 2710 493 2715 V
587 2748 615 2775 «
648 2725 946 2798 Principes
976 2726 1285 2781 cessabant
1330 2723 1513 2796 loqui,
1544 2727 1599 2779 et
1651 2722 1901 2794 digitum
1950 2737 2161 2792 super-

515 2815 809 2887 ponebant
840 2815 924 2871 ori
954 2832 1060 2871 suo
1094 2831 1108 2871 :
1140 2830 1340 2870 vocem
1374 2829 1543 2869 suam
1576 2811 1927 2868 cohibebant
1957 2812 2158 2878 duces,

512 2908 568 2961 et
594 2904 798 2977 lingua
822 2920 1023 2961 eorum
1047 2904 1272 2976 gutturi
1303 2919 1506 2958 eorum
1532 2901 1881 2957 adhaerebat.
1904 2919 1931 2951 ι
1971 2900 2033 2955 In
2063 2899 2161 2954 ad-

510 2998 708 3064 ventu,
756 2993 968 3065 inquit,
1009 3010 1138 3049 meo
1187 2991 1456 3048 omnium
1505 2994 1841 3045 sanctorum
1891 3003 2156 3043 meorum

511 3081 818 3153 prophetia
846 3079 1125 3136 conclusa
1153 3084 1265 3145 est,
1296 3084 1353 3134 et
1382 3079 1635 3149 signata,
1670 3078 1822 3148 quod
1855 3076 1915 3131 in
1944 3076 2159 3131 Zacha-

508 3169 607 3226 τίω
657 3168 888 3227 silentio
940 3170 1382 3242 praefiguratum
1427 3174 1531 3223 est.
1565 3165 1774 3221 Clausa
1800 3170 1890 3221 est
1918 3164 2155 3237 quidem

508 3258 817 3331 prophetia
845 3258 907 3313 in
930 3257 1205 3330 mysterio
1228 3256 1732 3319 annuntiatorum,
1762 3255 1864 3311 sed
1891 3254 1949 3311 in
1972 3250 2158 3311 Sacra-

508 3353 841 3404 mentorum
874 3346 1169 3419 mysteriis
1199 3346 1484 3417 patefacta
1505 3349 1612 3400 est.
1638 3344 1937 3416 Prinmpes
1964 3349 2020 3400 et
2048 3345 2156 3399 du-

2290 754 2519 812 demate
2560 754 2785 827 judicio
2834 772 2984 812 meo.
3018 776 3048 806 »
3097 754 3337 812 Justitia
3382 772 3518 829 ergo
3545 754 3669 823 hinc
3698 755 3935 829 pietatis

2288 861 2451 912 meae,
2484 845 2565 900 ait
2606 844 2910 911 Dominus,
2941 845 3175 902 vestivit
3219 862 3312 901 me
3359 846 3517 902 sicut
3558 845 3932 903 vestimento.

2287 934 2357 989 Et
2403 934 2731 991 diademate
2774 934 2998 1005 judicio
3048 951 3197 990 meo.
3251 936 3391 1003 Hoc,
3445 934 3709 1007 inquam,
3750 936 3936 991 vesti-

2288 1028 2504 1093 mento,
2533 1024 2593 1080 in
2624 1041 2740 1096 quo
2770 1041 2874 1095 per
2896 1024 3272 1095 Evangelium
3296 1025 3534 1095 justitia
3565 1024 3748 1098 patris
3778 1042 3935 1081 reve-

2285 1110 2484 1168 latur:
2538 1114 2598 1168 in
2651 1113 2911 1169 Ecclesia
2962 1113 3105 1169 dicit
3157 1130 3221 1170 se
3267 1130 3397 1170 esse
3450 1113 3932 1171 circumdatum:

2287 1202 2457 1272 cujus
2488 1202 2739 1275 figuram
2753 1202 3151 1259 habuitvestis
3171 1203 3299 1273 ejus
3319 1202 3379 1258 in
3404 1208 3600 1259 monte
3623 1202 3931 1260 clariﬁcati

2283 1291 2502 1359 (Matth.
2534 1308 2672 1362 xvu,
2706 1290 2795 1362 17,
2826 1292 2903 1361 2).

2357 1402 2385 1430 ‹‹
2418 1379 2635 1437 Oculth
2678 1380 2761 1436 fui
2789 1397 2966 1446 caeco,
2997 1385 3054 1436 et
3083 1397 3186 1453 pes
3214 1381 3446 1437 claudo.
3479 1404 3507 1431 ››
3559 1381 3801 1452 Lumen,
3834 1380 3932 1437 in-

2284 1468 2431 1540 quit,
2465 1487 2596 1525 sum
2644 1471 2933 1543 peccatori
2980 1470 3041 1525 in
3088 1470 3364 1526 vitiorum
3394 1487 3637 1527 suorum
3668 1472 3928 1528 tenebris

2283 1558 2630 1630 ambulanti,
2674 1565 2740 1619 .et
2789 1560 2849 1614 in
2903 1564 3327 1632 prazceptorum
3382 1577 3647 1616 meorum
3693 1562 3924 1617 semitis

2283 1646 2633 1705 claudicanti
2656 1650 2847 1705 factus
2876 1666 3009 1705 sum
3041 1665 3300 1722 gressus.
3330 1649 3491 1707 Unde
3519 1650 3644 1723 ipse
3665 1652 3781 1707 ait:
3816 1654 3925 1722 Ego

2278 1752 2404 1791 sum
2434 1739 2527 1794 via
2565 1741 2741 1807 (Joan.
2776 1756 2891 1805 xxv,
2920 1740 2997 1811 6).

2351 1827 2584 1884 «Pater
2638 1844 2798 1885 eram
2855 1844 3200 1901 pauperum,
3252 1852 3275 1879 ιι

2279 1917 2467 1972 corde.

2353 2027 2380 2056 ‹‹
2411 2007 2479 2061 Et
2508 2023 2746 2063 causam
2778 2024 2912 2064 cum
2944 2008 3298 2076 nesciebam,
3330 2009 3639 2083 diligenter
3682 2009 3927 2066 investi-

2273 2096 2508 2166 gabam.
2534 2097 2754 2152 »‘Hanc
2783 2097 2963 2170 igitur
2991 2115 3229 2154 causam
3260 2099 3666 2170 peccaminum
3696 2099 3926 2156 miseri-

2274 2184 2471 2241 cordia
2492 2186 2722 2257 pietatis
2750 2204 2890 2243 meae
2921 2187 3281 2255 indulturus,
3308 2188 3756 2261 diligentissime
3783 2206 3920 2262 per-

3327 1830 3385 1885 id
3438 1835 3545 1898 est,
3603 1829 3919 1887 humilium

2274 2275 2597 2343 scrutabar,
2622 2281 2688 2331 ut
2716 2277 2969 2333 radicem
3000 2277 3309 2334 vulnerum
3333 2278 3592 2335 curando
3619 2279 3921 2352 perquire-

2273 2380 2395 2419 rem
2423 2382 2435 2419 :
2468 2368 2534 2420 ut
2564 2371 2949 2437 peccatorem,
2979 2367 3367 2439 investigante
3397 2384 3511 2435 me,
3539 2368 3917 2425 confitentem

2272 2452 2473 2525 culpas
2521 2472 2681 2522 suas,
2713 2456 2785 2511 ab
2826 2456 2987 2511 omni
3021 2462 3255 2529 peccato
3286 2457 3552 2513 criminis
3583 2457 3916 2513 liberarem.

2271 2543 2398 2598 Sive
2419 2542 2623 2599 aliter:
2655 2544 2907 2601 Nescivit
2932 2562 3138 2601 causas
3166 2546 3384 2618 peccati
3408 2546 3693 2603 Dominus
3718 2551 3919 2603 noster

2267 2632 2440 2688 Jesus
2472 2632 2740 2689 Christus
2774 2650 2788 2689 :
2821 2651 2971 2705 quas
3002 2636 3074 2690 ab
3106 2652 3171 2691 eo
3200 2636 3389 2691 Judaei
3421 2638 3775 2708 qumrebant.

2340 2745 2367 2771 «
2401 2723 2783 2778 Conterebam
2816 2723 3001 2780 molas
3034 2724 3247 2795 iniqui,
3274 2729 3333 2780 et
3361 2725 3431 2779 de
3461 2725 3735 2781 dentibus
3780 2726 3915 2795 ejus

2268 2810 2599 2865 auferebam
2623 2812 2900 2882 praedam.
2928 2834 2956 2862 »
2981 2814 3147 2869 Hunc
3169 2813 3441 2885 iniquum
3465 2813 3760 2870 diabolum
3784 2832 3916 2871 esse

2266 2904 2424 2955 recte
2453 2900 2763 2967 sentimus,
2797 2901 2967 2971 cujus
3014 2903 3219 2958 dentes
3273 2920 3339 2958 ac
3386 2903 3638 2960 molares
3669 2908 3807 2960 sunt
3838 2905 3911 2960 ad

2264 2986 2720 3044 interimendum
2752 2990 2885 3045 saevi
2917 3008 2981 3046 ac
3012 2996 3206 3047 truces
3238 2992 3419 3048 animi
3454 2999 3669 3049 motus.
3702 2995 3778 3049 De
3809 2993 3917 3049 hu-

2258 3077 2546 3148 jusmodi,
2578 3077 2791 3150 inquit,
2823 3080 3099 3136 dentibus
3130 3080 3289 3136 velut
3318 3082 3575 3153 praedam
3623 3083 3913 3154 captivam

2265 3165 2593 3222 humanum
2639 3184 2824 3239 genus
2856 3169 3156 3235 abstraxit,
3191 3171 3262 3225 de
3292 3170 3499 3226 mortis
3533 3169 3735 3243 utique
3764 3170 3909 3227 illud

2264 3254 2509 3312 interitu
2557 3255 2881 3313 liberando.
2914 3258 3130 3315 Omnes
3163 3260 3330 3332 impii
3361 3260 3566 3315 dentes
3597 3264 3735 3316 sunt
3782 3259 3925 3327 dia-_

2265 3342 2404 3399 boli.
2429 3348 2625 3401 Potest
2653 3351 2710 3402 et
2738 3346 3045 3404 haereticus
3075 3348 3323 3421 quisque
3351 3346 3623 3421 intelligi,
3647 3350 3705 3404 in
3736 3350 3908 3421 cujus

507 3452 603 3493 ces
619 3434 779 3493 illius
800 3412 1349 3508 populiJudzeorum
1367 3435 1605 3490 fuerunt
1621 3450 1806 3506 reges,
1823 3412 2153 3490 sacerdotes
2184 3412 2228 3481 (ἶ
2264 3433 2537 3490 dentibus
2561 3436 2825 3491 doctrina
2848 3412 3156 3510 perSpicua
3177 3412 3482 3494 sentiatur.
3500 3412 3574 3493 In
3588 3412 3906 3495 molaribus

505 3529 563 3583 et
613 3524 928 3598 prophetae.
982 3524 1113 3580 Sive
1169 3523 1464 3596 principes
1523 3528 1582 3579 et
1636 3524 1834 3591 duces,
1886 3528 2151 3595 potentes

504 3614 727 3684 quique
749 3612 953 3668 mundi
976 3611 1146 3668 istius
1168 3617 1342 3684 atque
1358 3612 1698 3683 eloquentes
1720 3616 1967 3683 possunt
1986 3611 2153 3668 intel-

503 3700 631 3773 ligi,
654 3701 756 3772 qui
788 3704 1024 3773 propter
1053 3702 1356 3757 mendacia
1384 3701 1763 3767 seductiouis,
1788 3700 2150 3773 principatus

503 3789 567 3846 in
598 3788 833 3862 populis
881 3791 1179 3848 tenebant.
1214 3791 1280 3847 lli
1326 3791 1389 3846 in
1437 3791 1689 3847 adventu
1717 3790 1934 3846 Christi
1964 3790 2149 3845 couti-

506 3883 776 3935 cuerunt.

578 3991 606 4020 ‹‹
635 3968 819 4025 Auris
836 3968 1083 4026 audiens
1116 3969 1485 4025 beatificabat
1511 3985 1625 4025 me.
1657 3988 1684 4021 ι)
1723 3968 2001 4025 Gentium
2032 3968 2147 4024 uti-

505 4074 618 4131 que
646 4059 919 4132 populus,
953 4059 1025 4115 ad
1056 4075 1231 4131 quem
1264 4057 1642 4131 Evangelium
1674 4074 1895 4125 meum,
1925 4074 2151 4113 annun-

499 4147 713 4205 tiatum
744 4147 1150 4222 praedicatione
1179 4147 1459 4220 pervenit.
1493 4147 1601 4214 Qui
1648 4164 1751 4219 pro
1797 4146 2148 4219 redemptio-

503 4254 579 4296 ne
623 4255 733 4296 sua
779 4237 1015 4296 laudem
1062 4238 1350 4306 deferens,
1384 4236 1753 4294 heatiﬁcabat
1798 4254 1891 4293 me
1928 4236 2148 4308 gratias

502 4328 750 4401 agendo.

577 4439 607 4469 «
636 4419 706 4475 Et
725 4417 933 4475 oculus
954 4417 1182 4485 videns,
1202 4415 1605 4472 testimonium
1628 4414 1910 4471 reddebat
1929 4414 2097 4470 mihi.
2116 4436 2147 4466 ››

499 4506 760 4580 Populus
805 4505 1075 4562 videlicet
1123 4505 1483 4570 Judaaorum,
1536 4504 1630 4560 cui
1682 4520 1784 4577 per
1834 4502 2147 4577 prophetas

2260 3539 2392 3579 vero
2441 3522 2659 3581 lateant
2705 3532 2948 3595 remota,
2981 3532 3039 3583 et
3084 3532 3325 3598 secreta,
3371 3533 3429 3583 et
3482 3528 3733 3584 nefanda
3777 3545 3902 3601 my-

2260 3612 2456 3669 steria.

2331 3724 2359 3751 ‹‹
2392 3702 2783 3777 Dicebamque
2816 3721 2830 3761 :
2881 3704 2945 3760 In
2993 3705 3195 3761 nidulo
3240 3722 3369 3761 meo
3400 3705 3634 3774 moriar,
3665 3710 3722 3762 et
3748 3706 3906 3762 sicut

2257 3789 2455 3862 palma
2475 3790 2875 3865 multiplicabo
2902 3794 3049 3850 dies.
3072 3817 3099 3844 »
3121 3795 3307 3851 Nidus
3332 3794 3564 3851 Domini
3591 3795 3907 3852 Salvatoris

2259 3878 2514 3936 Ecclesia
2561 3882 2689 3953 ejus
2738 3887 2930 3954 potest
2974 3883 3243 3956 intelligi.
3278 3884 3381 3939 Hic
3412 3885 3592 3955 igitur
3625 3886 3909 3942 Dominus

2258 3968 2320 4023 in
2340 3969 2598 4026 Ecclesia
2621 3972 2792 4042 quasi
2818 3972 3020 4029 nidulo
3049 3990 3176 4042 suo,
3201 3990 3376 4045 quem
3408 3974 3521 4030 sibi
3552 3973 3680 4029 feno
3710 3976 3905 4031 carnis

2257 4057 2530 4114 humanze
2551 4061 2865 4133 congessit,
2882 4066 2938 4117 et
2958 4063 3018 4116 in
3040 4079 3159 4133 qua
3184 4067 3447 4135 procreat
3467 4080 3532 4119 ac
3556 4063 3705 4119 fovet
3725 4062 3904 4131 ﬁlios,

2258 4148 2407 4203 mori
2438 4147 2671 4218 dicitur,
2705 4150 2845 4205 dum
2891 4152 3157 4206 membra
3187 4152 3335 4222 ejus,
3368 4168 3619 4224 quorum
3651 4151 3770 4222 ipse
3801 4168 3910 4208 ca-

2257 4241 2363 4307 put
2392 4242 2500 4303 est,
2533 4237 2687 4293 vitiis
2717 4255 2783 4294 ac
2814 4239 3300 4312 concupiscentiis
3342 4240 3524 4311 hujus
3554 4239 3745 4296 saeculi
3778 4256 3907 4296 mo-

2256 4325 2510 4381 riuntur.
2542 4327 2820 4397 Sequitur
2864 4346 2877 4384 :
2934 4329 3005 4383 Et
3054 4329 3205 4385 sicut
3256 4328 3453 4402 palma
3504 4327 3908 4401 multiplicabo

2258 4413 2383 4469 dies
2414 4416 2563 4486 ejus.
2599 4416 2784 4488 Igitur
2811 4422 2945 4489 post
2973 4417 3370 4475 humilitatem
3402 4418 3691 4482 Ecclesiae,
3724 4434 3907 4490 quam

2256 4502 2316 4559 in
2347 4503 2547 4561 nidulo
2578 4506 2851 4578 superius
2881 4506 3167 4563 Dominus
3210 4507 3508 4572 indicavit,
3541 4507 3785 4581 gloriam
3817 4507 3903 4562 al-

499 4611 664 4652 meos
693 4594 1005 4666 praedictus
1032 4595 1278 4663 fueram,
1304 4594 1362 4648 in
1395 4593 1705 4665 praesentia
1724 4593 2009 4649 adventus
2031 4592 2147 4648 mei
2252 4592 2524 4650 titudinis
2570 4596 2698 4665 ejus
2750 4595 2809 4649 in
2863 4594 3060 4667 palma
3103 4596 3307 4652 arbore
3347 4596 3531 4653 voluit
3572 4597 3901 4665 ostendere,

498 4682 906 4740 testimonium
942 4681 1223 4738 reddebat
1252 4680 1418 4737 mihi.
2255 4684 2425 4752 cujus
2472 4684 2636 4739 radix
2688 4700 2893 4756 aspera
2937 4685 3167 4741 videtur
3215 4686 3274 4740 in
3320 4690 3497 4751 terra,
3530 4686 3685 4742 unde
3723 4686 3901 4741 etiam

572 4796 602 4824 ‹‹
632 4773 751 4844 Ego
782 4771 938 4844 quod
970 4770 1311 4827 liberassem
1343 4786 1662 4844 pauperem
1710 4769 2143 4839 vociferantem,
2176 4791 2223 4858 ι)
2256 4771 2496 4829 nidulus
2550 4772 2915 4845 appellatur;
2965 4775 3065 4830 sed
3106 4775 3288 4831 comis
3320 4774 3565 4847 pulchra
3593 4775 3702 4831 sub
3734 4774 3900 4844 ccnlo,

497 4867 555 4920 et
583 4860 876 4935 pupillum
908 4861 1001 4917 cui
1034 4877 1151 4917 non
1182 4864 1305 4917 erat
1335 4862 1586 4933 adjutor.
1622 4883 1651 4911 ››
1699 4862 1926 4933 Pauper
1965 4860 2062 4917 hic
2090 4865 2147 4917 et
2255 4878 2391 4919 cum
2421 4878 2490 4917 ex
2521 4862 2942 4919 resurrectione
2970 4862 3148 4919 fuerit
3175 4863 3519 4937 glorificata,
3551 4864 3755 4936 palma;
3785 4864 3901 4920 cel-

495 4949 779 5025 pupillus,
806 4955 1144 5007 sanctorum
1173 4950 1426 5023 populus
1450 4949 1974 5023 estintelligendus
1999 4966 2013 5005 :
2042 4950 2143 5021 qui
2255 4950 2577 5007 situdinem
2607 4951 2910 5019 obtinebit,
2941 4952 3001 5008 id
3041 4957 3152 5019 est,
3181 4952 3469 5008 virtutum
3504 4970 3743 5008 suarum
3779 4970 3899 5008 me-
3960 4980 3965 4981 ί

494 5046 734 5115 propter
760 5040 1157 5099 humilitatem
1211 5039 1458 5111 spiritus
1492 5038 1890 5107 contribulati,
1924 5055 2145 5112 pauper
2255 5041 2367 5095 rita
2395 5046 2803 5111 consequetur,
2836 5059 2964 5113 quae
2996 5042 3055 5109 in
3088 5042 3285 5114 palma
3314 5042 3740 5115 significantur.
3771 5042 3903 5098 sive

490 5138 580 5188 est
631 5130 845 5187 dictus.
879 5128 1148 5201 Pupillus
1195 5145 1329 5185 vero
1378 5127 1595 5184 idcirco
1646 5127 1838 5183 dictus
1868 5136 1972 5194 est,
2004 5127 2144 5198 quia
2252 5127 2495 5185 nidulus
2525 5129 2618 5184 hic
2662 5130 2913 5203 populus
2943 5132 3277 5187 Judaei-rum
3311 5137 3501 5204 potest
3530 5130 3799 5203 intelligi.
3833 5133 3900 5186 In

489 5225 655 5293 pater
683 5237 887 5277 eorum
918 5236 1021 5291 pro
1052 5224 1311 5290 tempore
1343 5218 1557 5273 absens
1599 5220 1689 5272 est
1721 5232 1735 5270 :
1791 5215 1893 5286 qui
1940 5215 2021 5271 ita
2051 5214 2140 5270 lo-
2250 5218 2360 5274 hoc
2392 5218 2571 5291 igitur
2596 5219 2756 5289 nido,
2780 5221 2899 5292 pati
2933 5225 2989 5276 et
3014 5222 3161 5276 mori
3193 5237 3296 5292 pro
3325 5221 3494 5276 nobis
3520 5220 3723 5287 voluit,
3745 5221 3904 5276 sicut

491 5310 730 5383 quitur:
760 5314 886 5367 Non
913 5310 1228 5380 relinquam
1254 5323 1347 5363 vos
1374 5305 1644 5377 orphanos
1677 5305 1852 5375 (Joan.
1876 5322 1991 5372 XIV,
2025 5304 2135 5375 18).
2248 5308 2329 5363 ait
2357 5307 2576 5364 Judaeis
2610 5325 2622 5361 :
2656 5309 2886 5379 Moriar,
2922 5315 2979 5365 et
3008 5311 3067 5364 in
3100 5326 3303 5365 eorum
3336 5310 3634 5366 mentibus
3665 5310 3899 5365 cruciﬁ-

566 5421 589 5449 α
622 5399 956 5457 Benedictio
988 5397 1175 5470 pueri,
1201 5419 1229 5445 ››
1263 5396 1400 5463 sive,
1436 5400 1502 5450 ut
1530 5394 1627 5450 alii
1660 5393 1950 5459 dixerunt,
1984 5415 2012 5444 ‹‹
2043 5410 2137 5465 pe-
2244 5415 2383 5467 gar:
2417 5397 2517 5452 ubi
2551 5399 2874 5455 secundum
2906 5398 3205 5454 hominem
3231 5403 3606 5455 conversatus
3637 5404 3693 5453 et
3720 5404 3899 5455 natus

486 5490 677 5558 rituri,
712 5507 889 5560 super
920 5505 1012 5543 me
1044 5486 1328 5548 veniebat,
1363 5490 1420 5540 et
1450 5501 1549 5540 cor
1576 5484 1763 5539 vidua:
1795 5482 2132 5540 consolatus
2243 5504 2397 5555 sum,
2430 5492 2487 5542 et
2516 5487 2575 5541 in
2607 5488 2907 5559 gentibus,
2934 5489 3034 5543 ubi
3067 5488 3263 5561 palma
3292 5489 3542 5543 victoriae
3573 5505 3733 5554 meas,
3767 5506 3898 5541 cru-

484 5594 639 5633 sum.
674 5600 702 5627 ››
752 5577 1018 5650 Pupillus
1050 5575 1238 5631 fidelis
1267 5579 1324 5631 et
1354 5579 1645 5631 sanctus:
1699 5589 1863 5644 puer,
1897 5578 2132 5645 propter
2240 5576 2444 5647 eisque
2494 5576 2769 5631 vexillum
2822 5581 3080 5632 erectum
3131 5583 3239 5643 est,
3288 5575 3690 5648 multiplicabo
3738 5576 3889 5640 dies,

432 5678 433 5681 ‘
483 5666 903 5736 reciprocatam
951 5665 1348 5722 innocentiam
1380 5667 1756 5734 nuncupatus
1785 5666 1892 5717 est.
1926 5662 2126 5717 Perdi-
2238 5665 2439 5720 dicens
2491 5666 2574 5719 eis
2610 5683 2621 5719 :
2672 5667 2806 5719 Ecce
2835 5681 2928 5733 ego
2956 5668 3233 5722 vobiscum
3262 5684 3382 5721 sum
3411 5666 3663 5721 omnibus
3691 5664 3892 5721 diebus

477 5759 575 5811 tus
598 5770 730 5809 vero
751 5754 907 5810 idem
929 5755 1255 5827 appellatus
1277 5762 1385 5823 est,
1411 5752 1554 5825 quia
1579 5750 1867 5824 sanguine
1890 5751 2123 5809 Domini
2235 5770 2404 5826 usque
2431 5755 2502 5809 ad
2530 5757 3052 5812 consummationem
3076 5757 3265 5811 εκσαιί
3292 5757 3500 5827 (Matth.
3531 5771 3729 5820 xxviii,
3766 5756 3885 5824 ‘20).

472 5842 799 5917 acquisitus
839 5846 945 5899 est.
2306 5866 2333 5891 α
2369 5842 2552 5899 Radix
2596 5859 2727 5900 mea
2756 5848 2954 5915 aperta
2981 5849 3070 5903 est
3098 5861 3267 5903 secus
3298 5861 3502 5917 aquas,
3535 5849 3593 5902 et
3624 5860 3719 5901 ros
3751 5861 3884 5901 mo-
