4220 6600
333 431 447 491 153

1387 428 1902 491 COMMENTAR.
1951 427 2032 488 IN
2074 427 2234 489 JOB.
2282 427 2457 486 CAP.
2505 426 2695 487 XXX.

3619 432 3736 490 ’754

323 563 550 620 rabitur
576 562 638 618 in
671 561 958 620 messione
989 576 1140 618 mea.
1174 583 1202 611 »
1234 565 1323 618 Ita
1361 561 1473 617 erit
1518 561 1578 616 in
1628 560 1967 617 nationibus
1995 560 2050 627 Α
2082 559 2300 628 Gratia,
2333 558 2544 631 inquit,
2579 556 2898 631 praesentiae
2932 571 3094 629 mem,
3129 573 3305 629 quam
3338 559 3558 615 mundo
3600 561 3733 616 uni-

321 652 571 720 radix,id
605 652 863 720 est,tides
893 668 1010 723 qua
1037 650 1180 706 mihi
1214 650 1425 723 placeri
1459 650 1638 716 volui,
1670 653 1735 705 ut
1763 665 1967 706 omnes

322 741 505 796 sancti
539 741 595 795 in
628 740 931 812 praeteritis
967 741 1353 813 placuerunt:
1387 743 1452 794 ut
1482 741 1677 812 pateat
1703 739 1965 811 gentium

320 831 507 902 aquis,
553 831 608 885 id
643 838 748 896 est,
785 831 1059 903 populus,
1094 834 1157 885 ut
1204 830 1263 884 in
1311 846 1404 884 me
1453 829 1674 884 scilicet
1703 829 1963 893 credant,

320 920 532 990 quibus
564 920 771 988 utique
795 920 855 974 in
887 919 1269 976 retributione
1309 922 1544 989 aeterna,
1593 935 1690 974 ros
1741 917 1963 988 gratiae,

317 1014 372 1064 et
403 1010 663 1064 muneris
713 1010 821 1066 erit
868 1026 961 1064 me
1008 1008 1290 1081 largiente
1321 1009 1602 1079 prolluus.
1639 1007 1768 1062 Sive
1799 1005 1965 1060 radix

317 1098 620 1154 charitatis
653 1116 792 1155 mea:
825 1104 999 1170 atque
1029 1098 1379 1165 dilectionis,
1429 1113 1556 1168 ques
1608 1097 1722 1151 fixa
1772 1098 1862 1149 est
1903 1095 1960 1150 in

316 1188 592 1244 cordibus
645 1188 1014 1260 diligentium
1065 1204 1156 1242 me
1203 1204 1216 1243 :
1269 1189 1468 1259 aperta
1515 1190 1602 1241 est
1647 1185 1703 1238 in
1756 1184 1840 1239 eis
1890 1184 1961 1239 ad

315 1293 499 1348 aquas
531 1277 902 1350 eloquiorum
932 1293 1219 1333 meorum.

388 1389 415 1416 «
447 1366 646 1423 Gloria
676 1383 807 1423 mea
838 1383 1067 1439 semper
1096 1365 1524 1422 innovabitur.»
1556 1363 1659 1419 I-lic
1689 1363 1957 1435 gloriam,

314 1455 633 1512 Ecclesiam
691 1455 1016 1529 intelligere
1073 1471 1390 1527 possumus
1426 1471 1438 1510 :
1473 1453 1670 1509 Gloria
1721 1453 1957 1524 quidem

311 1545 501 1600 Patris
536 1549 624 1600 est
652 1545 853 1613 Filius,
907 1545 1001 1601 cui
1051 1545 1191 1600 dicit
1240 1544 1408 1600 Pater
1439 1561 1451 1600 :
1487 1548 1756 1614 Eaxsurge,
1783 1543 1960 1614 gloria

310 1650 452 1702 mea,
485 1649 718 1709 exsurge
740 1635 906 1704 (Psal.
937 1650 1072 1705 evn,
1104 1634 1181 1705 3).
1212 1633 1322 1689 Sed
1352 1633 1521 1689 aliter
1548 1631 1806 1688 Ecclesia
1834 1631 1959 1704 glo-

311 1723 398 1779 ria
427 1727 534 1795 est,
569 1741 696 1796 quas
716 1723 1044 1795 justiﬁcata
1074 1727 1164 1780 est
1192 1740 1296 1796 per
1327 1723 1597 1794 gratiam.

379 1837 408 1862 «
441 1815 511 1869 Et
539 1830 710 1870 arcus
743 1830 910 1870 meus
938 1813 1000 1869 in
1027 1830 1207 1869 manu
1259 1829 1390 1868 mea
1437 1811 1882 1868 instaurabitur.
1927 1834 1956 1863 »

303 1905 518 1959 Arcum
542 1903 699 1959 hunc
722 1904 1000 1962 virtutem
1022 1902 1346 1975 intelligere
1372 1919 1834 1974 possumus,qua
1853 1919 1957 1975 pro

307 1993 563 2050 Ecclesia
591 2009 700 2049 sua
727 2009 916 2065 usque
945 1992 1017 2049 ad
1050 1992 1227 2049 ﬁnem
1277 1992 1478 2049 saeculi
1528 2009 1791 2066 pugnare
1836 2009 1951 2048 non

308 2083 542 2138 desinit.

385 2193 406 2221 α
439 2171 547 2237 Qui
579 2186 673 2227 me
706 2171 1042 2238 audiebant,
1073 2172 1488 2244 exspectabant
1519 2171 1957 2239 sententiam,et

309 2259 520 2316 intenti
569 2261 841 2316 tacebant
888 2261 960 2316 ad
1010 2259 1321 2317 consilium
1374 2275 1594 2315 meum.
1628 2281 1659 2311 »
1688 2260 1956 2324 Quotidie

311 2349 528 2404 clamat
565 2349 830 2406 Christus
887 2366 990 2421 per
1044 2349 1482 2422 dispensatores
1533 2349 1692 2404 verbi
1748 2350 1860 2421 sui,
1902 2354 1958 2406 et

311 2438 648 2494 obedientes
681 2439 752 2510 ei,
786 2439 1139 2495 sententiam
1169 2438 1528 2495 deﬁnitionis
1578 2440 1706 2510 ejus
1754 2455 1956 2512 exspe-

311 2531 490 2583 ctant.
519 2529 587 2584 Et
615 2528 826 2583 intenti
856 2528 1123 2584 tacebant
1154 2529 1226 2584 ad
1259 2528 1568 2584 consilium
1601 2544 1818 2585 meum.
1840 2529 1957 2585 Hoc

309 2617 484 2672 verbo
529 2616 768 2689 silentii,
821 2622 1160 2673 sanctorum
1205 2617 1568 2689 significatur
1607 2619 1954 2686 obedientia,

311 2705 412 2776 qui
442 2705 592 2760 tardi
625 2709 764 2761 sunt
792 2706 864 2761 ad
896 2705 1512 2777 loquendum,veloces
1543 2710 1737 2762 autem
1772 2708 1843 2763 ad
1868 2709 1957 2764 fa-

310 2794 582 2850 ciendum
631 2795 823 2867 :sive,
857 2795 996 2867 quia
1050 2796 1109 2850 in
1160 2796 1290 2866 ipsa
1347 2796 1954 2870 inquisitionelegis,

307 2884 495 2941 sancti
525 2885 736 2940 intenti
766 2900 894 2940 esse
923 2884 1217 2940 dicuntur.

380 2995 410 3025 «
443 2974 641 3031 Verbis
670 2974 818 3030 meis
849 2973 995 3029 nihil
1055 2974 1262 3029 addere
1301 2974 1613 3030 audebant.
1655 2998 1678 3027 ι
1726 2976 1957 3031 Statuta

307 3063 510 3136 utique
577 3069 634 3120 et
698 3065 927 3121 decreta
983 3081 1100 3120 non
1182 3063 1568 3120 convellentes
1639 3064 1952 3121 Ecclesiae:

308 3154 367 3209 in
401 3170 516 3225 qua
545 3155 996 3211 fundamentum
1028 3157 1116 3210 est
1143 3153 1425 3220 veritatis,
1458 3153 1785 3209 stabiliunt.
1829 3155 1954 3210 Hae-

307 3243 471 3299 retici
504 3248 699 3300 autem
726 3248 783 3299 et
811 3243 1196 3310 schismatici,
1241 3243 1700 3315 praesumptione
1751 3261 1954 3316 super-

2075 665 2240 704 verso
2289 646 2539 714 innotui,
2587 646 2818 702 illustro
2871 647 3046 702 corda
3103 645 3384 718 ﬁdelium,
3436 647 3576 720 quia
3625 665 3730 723 ego

2076 754 2207 792 sum
2242 737 2340 792 lux
2370 737 2572 793 mundi
2606 737 2785 807 (Joan.
2837 753 2958 803 VIII,
3013 738 3122 804 12),
3174 740 3230 790 et
3273 736 3559 809 quidquid
3594 756 3726 810 pro-

2075 828 2288 883 misere
2319 826 2782 883 custodientibus
2815 831 3048 898 pactum
3076 842 3296 902 meum,
3331 827 3560 882 irritum
3586 828 3723 884 ’non

2075 918 2184 970 erit
2215 933 2227 971 :
2264 917 2364 973 sed
2396 921 2582 972 totum
2616 917 2675 970 in
2703 920 2965 987 tempore
2996 915 3400 972 retributionis
3449 916 3722 990 implebi-

2072 1009 2188 1059 tur.

2147 1143 2173 1167 ‹‹
2207 1120 2262 1174 Si
2306 1119 2623 1175 voluissem
2683 1119 2764 1176 ire
2823 1121 2893 1175 ad
2951 1137 3071 1189 eos,
3131 1121 3406 1176 sedebam
3466 1121 3715 1193 primus.

2071 1211 2329 1280 Cumque
2361 1209 2622 1263 sederem
2655 1208 2823 1280 quasi
2856 1225 2949 1262 rex
2986 1207 3399 1263 circumstante
3439 1209 3716 1278 exercitu,

2070 1313 2228 1352 eram
2259 1302 2455 1353 tamen
2489 1297 2856 1353 mmrentium
2891 1297 3238 1353 consolator.
3272 1318 3297 1348 ι)
3337 1299 3420 1353 Ita
3461 1298 3715 1354 sentien-

2069 1387 2210 1441 dum
2242 1391 2350 1454 est,
2381 1386 2640 1458 quicum
2670 1386 2821 1457 apud
2863 1390 3096 1442 sanctos
3147 1403 3285 1442 suos
3338 1401 3610 1458 magnus,
3661 1394 3717 1444 et

2067 1474 2128 1530 in
2158 1474 2399 1532 excelsis
2429 1475 2779 1546 habitet,qui
2812 1478 2869 1530 et
2898 1474 3088 1546 angeli
3121 1473 3468 1546 plerumque
3511 1475 3715 1531 dicun-

2067 1569 2247 1636 tur,et
2277 1565 2348 1620 de
2378 1564 2595 1636 quibus
2627 1565 2949 1619 secundum
2981 1563 3155 1619 aliam
3186 1565 3500 1620 editionem
3532 1565 3709 1623 dicit:

2071 1659 2232 1711 Eram
2263 1656 2422 1727 quasi
2451 1671 2548 1709 rea:
2576 1655 2884 1710 concinctus
2912 1654 3142 1725 fortibus
3171 1674 3189 1708 :
3223 1657 3603 1727 compunctos
3632 1658 3712 1710 ta-

2067 1762 2203 1802 men
2233 1748 2290 1824 et
2319 1744 2600 1800 contritos
2631 1743 2800 1800 corde
2831 1761 2946 1800 non
2980 1743 3262 1816 despexit.

2142 1892 2170 1921 «
2202 1869 2369 1929 Nunc
2399 1875 2595 1926 autem
2628 1869 2895 1926 derident
2925 1886 3018 1925 me
3044 1869 3311 1940 juniores
3360 1873 3643 1942 tempore.
3678 1892 3707 1920 »

1988 1940 2034 2002 Β
2067 1959 2338 2032 Legimus
2369 1959 2429 2014 in
2459 1959 2792 2032 Evangelio,
2821 1959 3318 2030 quemadmodum
3349 1940 3559 2016 irrisus
3598 1964 3706 2029 est,

2063 2053 2120 2106 et
2147 2048 2380 2105 illusus.
2416 2049 2624 2118 (Matth.
2660 2065 2834 2115 xxvn,
2866 2048 2980 2119 29).

2136 2197 2163 2225 «
2233 2174 2492 2238 Quorum
2552 2190 2666 2229 non
2722 2172 3008 2245 dignabar
3081 2176 3278 2245 patres
3331 2189 3542 2246 ponere
3613 2192 3706 2231 ca-

2065 2263 2239 2320 nibus
2272 2262 2463 2336 gregis
2494 2263 2666 2318 mei.»
2698 2262 2814 2335 Ego
2847 2279 3019 2318 canes
3051 2262 3110 2318 in
3143 2264 3358 2319 bonam
3381 2268 3604 2336 partem
3628 2265 3711 2319 di-

2066 2358 2188 2411 ctos
2214 2353 2483 2422 exstimo,
2512 2351 2613 2424 qui
2641 2368 2876 2426 gregem
2926 2353 3154 2409 Domini
3203 2370 3237 2408 a
3286 2354 3488 2410 bestiis
3536 2355 3706 2427 spiri-

2064 2445 2323 2500 tualibus
2352 2442 2649 2515 vigilando
2675 2443 3012 2500 defendunt.
3040 2443 3120 2498 De
3162 2443 3376 2514 quibus
3407 2443 3546 2499 dicit
3573 2461 3709 2517 pro-

2065 2534 2242 2606 pheta
2291 2549 2304 2588 :
2361 2533 2530 2588 Canes
2574 2534 2739 2600 muti,
2768 2549 2879 2588 non
2930 2533 3166 2588 valentes
3197 2534 3404 2588 latrare
3435 2534 3561 2606 (Isa.
3596 2552 3708 2604 va,

2067 2625 2174 2695 10).
2203 2624 2538 2678 Judzeorum
2567 2637 2798 2694 quoque
2827 2626 3041 2694 patres,
3078 2621 3180 2694 qui
3211 2627 3350 2678 sunt
3379 2623 3583 2694 utique
3613 2641 3713 2680 sa-

2067 2713 2350 2780 cerdotes,
2382 2711 2695 2784 principes,
2744 2712 3024 2784 pastorali
3051 2712 3122 2767 ab
3154 2711 3238 2768 eis
3271 2712 3486 2784 quippe
3518 2711 3713 2768 ablata

2067 2802 2370 2873 dignitate,
2418 2819 2533 2857 non
2584 2801 2773 2874 posui,
2832 2801 2912 2857 ait
2955 2801 3261 2866 Dominus,
3311 2818 3446 2858 cum
3487 2801 3710 2858 sanctis

2061 2891 2258 2964 gregis
2289 2891 2483 2946 ovium
2516 2907 2781 2946 mearum
2813 2891 3179 2957 custodibus,
3201 2892 3274 2946 ob
3305 2890 3590 2947 malitiam
3620 2891 3709 2947 in-

2065 2980 2361 3036 fidelitatis
2395 2997 2509 3036 suae
2545 2996 2558 3034 :
2593 2997 2665 3034 ne
2698 2981 3020 3036 sacerdotio
3053 2981 3375 3053 fungantur
3404 2980 3570 3048 mihi,
3606 2981 3710 3037 ab-

2057 3072 2170 3144 jeci
2201 3087 2298 3127 eos
2332 3071 2502 3142 (Osee,
2537 3087 2611 3141 1v,
2643 3071 2719 3140 ϐ).
2752 3069 2911 3132 Quod
2947 3070 3122 3125 etiam
3175 3071 3232 3125 in
3271 3069 3580 3143 Evangelio
3629 3071 3715 3125 di-

2066 3163 2145 3218 cit
2177 3179 2188 3216 :
2223 3163 2517 3231 Auferelur
2544 3179 2577 3214 a
2605 3161 2756 3215 vobis
2785 3176 3014 3230 regnum
3041 3161 3140 3216 Dei
3155 3159 3364 3229 (Matth.
3389 3177 3503 3229 xxx,
3528 3161 3614 3232 43)
3657 3163 3713 3216 et

2066 3252 2312 3323 reliqua.
2343 3250 2597 3321 Ubijam
2637 3248 2842 3321 incipit
2871 3249 3070 3305 tollere
3101 3267 3311 3322 panem
3344 3249 3620 3318 ﬁliorum,
3654 3253 3713 3306 et

306 3333 435 3404 hiis,
470 3349 596 3405 quae
624 3337 904 3405 praestant
931 3334 1179 3398 caeteris,
1203 3333 1398 3388 verbis
1429 3332 1682 3400 Domini,
1715 3333 1952 3391 inventa
1982 3321 2025 3389 C
2065 3321 2295 3396 mittere
2327 3339 2591 3404 canibus,
2626 3338 2779 3393 sicut
2826 3338 2896 3393 ad
2946 3355 3079 3394 eum
3106 3321 3194 3393 fin
3242 3338 3551 3411 Evangelio
3599 3339 3709 3395 sub

306 3423 377 3478 de
407 3423 580 3478 corde
607 3439 716 3478 suo
747 3426 921 3494 atque
951 3421 1247 3493 superflua
1272 3423 1550 3495 dogmata
1568 3421 1954 3494 plenitudinis

305 3527 702 3584 superponere
732 3511 1081 3567 moliuntur.

377 3624 406 3651 ‹‹
441 3603 509 3656 Et
540 3617 717 3673 super
745 3600 879 3658 illos
910 3600 1172 3657 stillabat
1203 3601 1497 3672 eloquium
1531 3618 1785 3657 meum.»
1810 3604 1950 3659 Sen-

305 3690 416 3746 sim
450 3689 653 3762 utique
693 3707 884 3746 sermo
933 3691 1206 3747 doctrinzn
1254 3707 1414 3762 mem,
1450 3691 1753 3763 diligentia
1801 3708 1948 3762 mea,

305 3779 672 3852 diligentium
704 3797 798 3835 me
831 3780 1052 3835 viscera
1083 3781 1428 3851 penetrabat
1460 3797 1472 3835 :
1508 3781 1567 3835 in
1601 3797 1714 3852 quo
1761 3782 1947 3853 profe-

303 3873 432 3925 ctus
464 3869 793 3924 animorum
826 3869 1162 3940 quotidiein
1182 3869 1500 3926 virtutibus
1530 3870 1948 3942 intelligendus

303 3961 412 4013 est.
446 3957 552 4012 Ubi
584 3957 755 4029 quasi
784 3974 819 4014 a
842 3975 1018 4030 parva
1046 3957 1202 4014 stilla
1232 3959 1943 4032 principiorum,perveni-

302 4051 399 4102 tur
447 4048 518 4103 ad
568 4049 747 4103 vitam
797 4047 1033 4119 plenam
1092 4048 1490 4119 perfectionis,
1515 4053 1817 4120 tamquam
1875 4049 1946 4106 ad

301 4136 557 4207 pluviam
584 4137 797 4205 cordis,
829 4140 1046 4192 terram
1078 4153 1248 4192 suam
1282 4137 1450 4209 copia
1479 4142 1863 4194 saturantem.

372 4248 402 4276 «
434 4227 859 4297 Exspectabant
887 4242 981 4281 me
1011 4227 1180 4298 quasi
1221 4225 1499 4298 pluviam,
1551 4231 1609 4282 et
1657 4244 1722 4283 os
1771 4244 1944 4284 suum

300 4313 638 4387 aperiebant
667 4317 834 4388 quasi
886 4316 957 4371 ad
1007 4316 1255 4371 imbrem
1290 4317 1633 4372 serotinum.
1670 4338 1698 4367 »
1732 4317 1946 4372 Omnes

298 4405 487 4461 sancti
517 4405 768 4477 antiqui,
797 4404 1157 4461 Salvatorem
1186 4404 1246 4459 in
1278 4421 1449 4461 carne
1489 4409 1800 4462 venturum
1850 4423 1944 4461 ex-

297 4498 723 4566 spectaverunt,
756 4498 812 4552 et
847 4511 1052 4551 omnes
1083 4511 1241 4550 nunc
1272 4495 1493 4567 pariter
1539 4497 1611 4551 ad
1649 4496 1943 4566 judicium

294 4588 604 4640 venturum
636 4583 1040 4640 indubitanter
1079 4588 1414 4657 exspectant
1446 4600 1458 4639 :
1495 4585 1567 4640 ad
1617 4587 1786 4656 cujus
1831 4587 1940 4641 im-

291 4675 457 4730 brem
489 4676 834 4743 serotinum,
868 4674 924 4730 id
959 4678 1066 4745 est,
1098 4674 1502 4746 Evangelium,
1536 4692 1636 4730 ora
1677 4675 1939 4743 cordium
1973 4698 2020 4762 D

294 4781 537 4819 suorum
568 4781 726 4820 nune
756 4764 1020 4822 sitientes
1055 4764 1510 4836 aperiuntzquia
1540 4763 1774 4820 meliora
1795 4771 1939 4834 sunt,

293 4859 360 4910 ut
385 4853 765 4910 Ecclesiastes
813 4854 916 4921 ait,
962 4855 1270 4909 novissima
1314 4857 1603 4923 sermonis,
1638 4872 1804 4926 quam
1832 4856 1942 4911 ini-

289 4947 435 5000 tium
463 4945 580 5016 ejus
607 4945 804 5015 (Eccle.
836 4960 937 5012 vn,
969 4943 1044 5015 9).

362 5058 391 5085 ‹‹
424 5034 483 5090 Si
515 5035 750 5106 quando
782 5035 1046 5090 ridebam
1097 5035 1167 5090 ad
1218 5051 1337 5104 eos,
1373 5052 1489 5089 non
1537 5035 1870 5092 credebant.
1907 5059 1933 5086 ››

288 5125 493 5190 Id'est,
523 5124 704 5179 Judzci
740 5140 856 5179 non
890 5125 1130 5180 credent
1172 5124 1318 5179 mihi
1367 5123 1536 5178 hilari
1583 5126 1796 5195 pietate
1847 5126 1934 5180 fu-

285 5220 431 5270 tura:
463 5214 841 5269 beatitudinis
869 5212 1149 5282 laetitiam,
1184 5217 1240 5269 et
1269 5217 1494 5269 aeternae
1547 5213 1762 5285 gaudia
1809 5232 1935 5285 pro-

287 5303 653 5376 promittenti
689 5321 701 5360 :
733 5307 790 5358 et
819 5308 1152 5375 peccatores
1204 5320 1306 5374 pro
1353 5308 1514 5358 reatu
1566 5303 1932 5358 eonscientiaa

287 5393 527 5461 suae,vix
556 5394 795 5448 credent
823 5392 1236 5449 misericordiae
1269 5408 1430 5458 meai,
1452 5395 1508 5447 et
1539 5392 1649 5447 sibi
1682 5393 1931 5448 salutem

287 5483 412 5539 dari
466 5499 636 5554 posse
683 5500 799 5554 prae
849 5481 1255 5554 magnitudine
1315 5482 1627 5536 criminum
1659 5482 1931 5553 despera-

286 5576 434 5629 bunt
463 5590 594 5628 cum
629 5588 734 5644 ego
765 5571 1238 5627 convertentibus
1268 5573 1338 5628 ad
1374 5589 1466 5627 me
1498 5573 1721 5644 majora
1752 5589 1930 5643 quam

286 5679 388 5738 spe
419 5661 647 5735 possint
675 5677 902 5734 capere,
933 5660 1253 5716 collaturus
1285 5678 1439 5718 sum.

253 5823 258 5826 _
357 5774 387 5810 ‹‹
421 5752 490 5812 Et
517 5750 619 5810 lux
645 5751 846 5812 vultus
889 5749 1005 5809 mei
1048 5765 1165 5808 non
1213 5751 1458 5811 cadebat
1503 5752 1564 5810 in
1611 5756 1846 5813 terram.
1895 5775 1928 5806 »

2062 3434 2198 3502 typo
2229 3428 2492 3483 Ecclesiaa
2524 3426 2741 3482 dicitur
2771 3443 2783 3482 :
2819 3428 2958 3481 Nam
3005 3431 3053 3482 et
3101 3427 3287 3482 catelli
3314 3427 3482 3483 edunt
3509 3427 3575 3482 de
3604 3428 3710 3482 mi-

2061 3522 2138 3574 cis
2163 3533 2289 3589 quae
2317 3517 2518 3573 cad-unt
2549 3516 2617 3572 de
2643 3532 2832 3571 mensa
2859 3516 3205 3572 dominorum
3234 3533 3458 3573 suorum
3498 3517 3704 3590 (Matth.

2061 3626 2152 3679 xv,
2184 3609 2296 3680 27).

2137 3747 2163 3778 α
2189 3725 2445 3789 Quorum
2471 3724 2656 3780 virtus
2685 3741 2970 3780 manuum
3002 3730 3124 3781 erat
3154 3725 3300 3782 mihi
3329 3743 3433 3800 pro
3464 3729 3704 3786 nihilo.»

2063 3817 2191 3870 lvlazc
2219 3816 2406 3870 virtus
2440 3831 2723 3870 manuum
2751 3819 2875 3868 erat
2925 3813 3282 3887 Judaiorum,
3317 3821 3381 3871 ut
3411 3819 3707 3875 mandatis

2061 3905 2379 3976 seniorum,
2434 3909 2496 3958 et
2553 3903 3061 3960 observationibus
3121 3906 3497 3964 deservirent.
3576 3909 3707 3965 Sive

2058 3994 2117 4049 in
2176 3999 2438 4066 tempore
2498 3993 2792 4066 passionis
2849 3993 3099 4064 Domini,
3159 3998 3351 4065 potest
3397 3995 3491 4051 hic
3539 3996 3705 4054 locus

2058 4083 2325 4156 intelligi,
2358 4083 2439 4138 ita
2470 4087 2535 4137 ut
2566 4083 2748 4137 virtus
2781 4099 3022 4154 operum
3055 4083 3467 4154 praedictorum
3513 4102 3703 4157 usque

2058 4174 2128 4228 ad
2181 4175 2425 4228 mortem
2475 4170 2789 4227 Salvatoris
2829 4172 3172 4242 pervenerit.
3211 4172 3306 4227 Vel
3357 4173 3438 4228 ita
3478 4173 3701 4230 intelli-

2056 4263 2312 4336 gendum
2349 4280 2361 4318 :
2396 4278 2530 4316 cum
2577 4261 2628 4317 ei
2676 4261 2855 4316 vitam
2905 4261 3109 4316 ﬂerent
3156 4262 3384 4317 finitam
3435 4279 3561 4318 esse
3601 4281 3705 4336 per

2057 4369 2310 4421 crucem,
2369 4350 2667 4424 triumpho
2727 4351 3085 4423 resurgentis
3160 4368 3228 4407 ex
3299 4352 3566 4421 mortuis,
3626 4355 3700 4410 ad

2057 4441 2308 4498 nihilum
2385 4446 2701 4498 conatuum
2745 4442 3139 4514 pessimorum
3205 4443 3392 4498 virtus
3465 4444 3701 4502 redacta

2053 4537 2161 4588 est.
2714 4531 2727 4546 '

2130 4671 2149 4696 σι
2190 4649 2256 4703 Et
2295 4647 2414 4704 vita
2460 4648 2589 4720 ipsa
2640 4649 3000 4720 putabantur
3046 4649 3294 4723 indigni,
3345 4658 3603 4724 egestate
3642 4658 3701 4709 et

2055 4737 2206 4793 fame
2254 4739 2499 4794 steriles.
2554 4761 2583 4789 »
2635 4739 2925 4795 Vitiorum
2970 4757 3212 4797 suorum
3271 4747 3328 4798 et
3377 4744 3695 4800 criminum

2053 4827 2208 4898 turpi
2241 4833 2496 4899 egestate
2527 4829 2734 4894 effecti,
2765 4835 2823 4885 et
2853 4831 3004 4885 fame
3033 4830 3401 4903 eloquiorum
3433 4835 3533 4888 Dei
3560 4835 3694 4890 facti

2051 4917 2300 4986 steriles,
2333 4923 2390 4972 et
2422 4919 2694 4985 mendici,
2725 4919 2842 4975 vita
2889 4921 3132 4992 insuper
3159 4923 3429 4994 przesenti
3469 4923 3694 4994 indigni

2047 5011 2188 5062 sunt
2218 5007 2422 5075 habiti,
2453 5009 2605 5063 sicut
2637 5010 2920 5081 propheta
2950 5011 3031 5065 ait
3061 5013 3129 5065 ad
3164 5017 3346 5067 Deum
3381 5028 3394 5065 :
3437 5013 3692 5082 Disperge

2046 5097 2176 5152 illos
2207 5098 2266 5151 in
2296 5099 2494 5152 virtute
2523 5106 2625 5154 tua
2655 5100 2826 5168 (Psal.
2874 5117 3026 5172 Lvm,
3061 5103 3168 5168 12).
3219 5100 3378 5156 Unde
3424 5116 3581 5160 nunc
3628 5100 3685 5154 in

2045 5188 2237 5243 medio
2269 5187 2572 5243 nationum
2610 5193 2750 5244 sunt
2777 5188 2938 5245 velut
2987 5191 3218 5262 captivi,
3252 5190 3426 5245 vitam
3467 5190 3682 5244 ducen-

2041 5282 2128 5333 tes
2160 5277 2521 5349 degenerem.

2120 5416 2146 5447 α
2175 5394 2280 5459 Qui
2314 5395 2596 5450 rodebant
2651 5395 2709 5449 in
2771 5396 3104 5466 solitudine,
3138 5396 3474 5468 squalentes
3532 5395 3683 5452 cala-

2041 5487 2242 5540 mitate
2273 5489 2330 5540 et
2360 5485 2615 5555 miseria,
2648 5489 2703 5540 et
2735 5487 3088 5541 mandabant
3136 5485 3367 5554 herbas,
3409 5490 3466 5542 et
3513 5489 3680 5543 arbo-

2041 5592 2172 5630 rum
2226 5574 2490 5642 cortices,
2552 5579 2606 5629 et
2662 5575 2827 5629 radix
2870 5575 3280 5646 juniperorum
3339 5581 3464 5632 erat
3521 5578 3680 5635 cibos

2038 5663 2359 5720 illorum.»
2395 5663 2746 5735 Plerumque
2800 5664 2900 5719 ubi
2960 5663 3114 5719 Deus
3171 5681 3285 5720 non
3342 5666 3591 5736 habitat,
3620 5653 3681 5724 id

2040 5757 2149 5823 est,
2181 5770 2296 5814 non
2336 5752 2568 5824 colitur,
2598 5752 3000 5811 solitudosivc
3028 5769 3260 5813 eremus
3306 5757 3634 5833 appellatur
3666 5775 3680 5820 :
