4220 6572
497 393 613 454 759

1989 374 2385 457 APPENDIX
2400 422 2419 443 .

3785 382 3911 445 ’160

495 521 917 597 Exspectabam
989 536 1125 593 ergo
1200 536 1302 593 per
1371 518 1738 592 patientiam,
1798 522 1865 575 ut
1919 520 2139 575 bonum
2171 516 2228 593 Α
2257 515 2413 588 quod
2443 513 2984 588 hancnigredinem
3032 512 3222 572 noctis
3251 517 3310 571 et
3354 514 3753 585 tenebrarum,
3784 530 3903 573 non

496 610 888 669 conversionis
967 626 1169 666 eorum
1253 610 1538 681 gaudens,
1597 626 1773 681 super
1855 612 2142 665 correctos

497 702 876 777 perciperem.
924 701 1035 756 Sed
1103 698 1191 755 illi
1240 699 1474 755 divitias
1528 698 1805 755 bonitatis
1864 714 2024 765 meae,
2088 701 2145 751 et

494 788 962 863 longanimitatis
1020 804 1121 860 per
1187 786 1616 844 contumaciam
1684 788 2143 848 contemnentes,

499 881 1015 937 thesaurimverunt
1044 878 1152 934 sibi
1201 879 1345 933 iram
1372 877 1433 932 in
1480 876 1571 932 die
1599 878 1716 944 irae,
1741 881 1798 932 et
1841 876 2146 931 revelatio-

498 971 589 1024 nis
608 969 755 1040 justi
780 965 988 1039 judicii
1034 967 1143 1021 mei
1171 966 1346 1035 (Rom.
1383 980 1447 1029 ιι,
1477 964 1555 1032 5).
1602 963 1732 1019 Haec
1781 962 1962 1035 igitur
1992 962 2148 1018 mala

501 1073 703 1113 eorum
736 1056 806 1111 ad
840 1059 1218 1126 conspectum
1249 1070 1446 1109 meum
1477 1056 1719 1108 ventura
1746 1056 1905 1122 sunt,
1939 1056 2004 1107 ut
2024 1052 2148 1108 red-

501 1146 636 1201 dam
669 1144 985 1215 unicuique
1016 1141 1341 1198 secundum
1371 1157 1546 1213 opera
1577 1158 1704 1197 sua.

574 1258 603 1285 «
638 1232 1015 1290 Praestolabar
1066 1231 1278 1299 lucem,
1328 1235 1384 1285 et
1430 1234 1753 1302 eruperunt
1798 1230 2071 1286 tenebrae.
2118 1247 2148 1280 η

504 1324 718 1379 Lucem
745 1324 803 1377 in
835 1321 919 1376 eis
951 1320 1082 1375 ﬁdei
1114 1324 1170 1375 et
1201 1322 1540 1375 sanctorum
1583 1336 1826 1392 operum
1857 1318 2151 1391 prastola-

504 1414 626 1481 bar,
676 1415 734 1467 et
776 1408 1140 1466 inﬁdelitatis
1197 1425 1400 1465 eorum
1454 1426 1520 1465 ac
1567 1408 1842 1465 vitiorum
1900 1407 2151 1464 tenebrae

503 1500 951 1574 praavaluerunt.

574 1613 601 1640 ‹‹
636 1588 918 1646 Interiora
938 1604 1068 1642 mea
1087 1588 1487 1643 elici-buerunt
1505 1587 1729 1657 absque
1754 1585 1876 1642 ulla
1896 1585 2153 1657 requie.»

504 1680 635 1735 Sive
679 1677 835 1749 quod
867 1675 1065 1731 dolore
1112 1659 1322 1741 tactus,
1354 1674 1711 1730 intrinsecus
1759 1674 1996 1730 animus
2027 1675 2154 1745 ejus

504 1765 901 1825 sollicitudine
948 1769 1005 1819 et
1053 1764 1341 1820 anxietate
1384 1763 1684 1833 ferbuerit,
1730 1779 1906 1835 super
1951 1780 2153 1819 eorum

508 1854 832 1926 perditione
882 1852 1035 1924 (Gen.
1086 1869 1168 1919 v1,
1215 1854 1268 1923 6)
1312 1870 1325 1907 :
1377 1852 1498 1908 sive
1546 1853 1700 1924 quod
1746 1853 1934 1909 Verbo
1981 1869 2155 1908 carne

508 1945 681 2010 facto,
707 1946 764 1998 et
793 1941 1095 1996 habitante
1116 1941 1173 1995 in
1207 1940 1444 1996 homine
1464 1941 1605 1996 Jesu
1633 1940 1927 1997 Salvatore
1959 1945 2155 1996 nostro

510 2032 686 2103 (Joan.
742 2047 781 2101 1,
825 2029 935 2101 14),
987 2028 1265 2084 interiora
1312 2030 1462 2099 ejus,
1495 2029 1552 2083 id
1600 2035 1710 2097 est,
1741 2029 1948 2085 animas
1996 2028 2156 2085 illius

511 2125 705 2175 motus
735 2119 861 2175 sine
892 2117 1213 2174 cessatione
1246 2118 1440 2172 divino
1467 2118 1600 2189 igne
1631 2118 1947 2174 fervebant.

582 2230 610 2259 «ι
644 2209 1048 2265 Pracvenerunt
1094 2222 1187 2261 me
1240 2207 1363 2262 dies
1411 2206 1768 2262 al‘lliotionis.
1810 2228 1838 2257 »
1890 2206 2023 2264 Dies
2070 2208 2155 2263 af-

508 2296 779 2352 ﬂictionis
818 2296 943 2351 dies
982 2294 1197 2366 judicii
1244 2299 1435 2360 erunt,
1470 2294 1526 2349 in
1559 2296 1773 2366 quibus
1817 2296 2153 2369 prmdictam

507 2390 739 2458 gentem
780 2384 1153 2455 judicaturus
1203 2400 1358 2439 sum.
1393 2384 1502 2439 Sed
1550 2389 1746 2441 tamen
1794 2402 1970 2453 nunc,
2004 2390 2062 2441 et
2091 2386 2153 2441 in

506 2473 616 2530 hoc
668 2477 928 2545 tempore
972 2472 1173 2528 nimiis
1221 2472 1537 2530 sceleribus
1576 2474 1700 2530 suis
1749 2480 2154 2546 praevenerunt

506 2579 620 2629 me,
652 2567 719 2617 ut
748 2562 1074 2618 secundum
1094 2562 1328 2632 justum
1362 2562 1648 2632 judicium
1680 2579 1877 2618 meum
1907 2565 2151 2620 reddam

504 2651 589 2707 eis
640 2668 656 2707 :
708 2652 861 2707 sicut
912 2656 1113 2723 postea
1161 2651 1374 2706 accidit
1406 2651 1464 2706 in
1514 2652 1803 2724 passione,
1835 2654 2070 2723 quando
2118 2671 2153 2710 a

505 2740 786 2797 Romanis
813 2738 1137 2795 Jerusalem
1162 2738 1563 2811 templumque
1594 2741 1940 2796 subversum
1967 2745 2075 2797 est.

578 2852 599 2878 ι
638 2829 882 2885 Mmrens
911 2827 1252 2884 incedebam
1283 2845 1295 2884 :
1329 2828 1455 2884 sine
1489 2831 1678 2884 furore
1709 2846 2069 2903 consurgens
2089 2832 2148 2887 iu

500 2918 757 2974 tenebris
790 2916 1137 2972 clamabam.
1165 2938 1193 2966 »
1224 2916 1360 2971 Sine
1386 2916 1581 2988 aliquo
1601 2917 1802 2989 utique
1833 2919 2146 2975 iracundia)

500 3006 694 3062 furore
752 3011 876 3062 erat
923 3022 936 3060 :
988 3004 1266 3076 quoniam
1316 3005 1532 3061 donare
1598 3011 1778 3079 atque
1835 3009 2149 3065 concedere

503 3098 741 3167 peccata
790 3110 990 3149 eorum
1040 3093 1369 3161 advenerat,
1405 3111 1519 3149 non
1569 3096 1793 3166 punire.
1826 3096 1920 3151 Ait
1971 3098 2146 3153 etiam

503 3181 861 3254 evangelista
909 3197 922 3236 :
976 3180 1163 3236 Stabat
1208 3185 1385 3250 Jesus,
1426 3187 1478 3237 et
1523 3183 1805 3240 clamabat
1836 3204 1854 3239 :
1887 3186 1991 3254 Qui
2029 3188 2147 3241 sitit

501 3272 685 3327 veniat
714 3270 785 3326 ad
816 3286 917 3337 me,
951 3278 1004 3325 et
1033 3270 1181 3325 bibat
1213 3271 1388 3341 (Joan.
1422 3287 1520 3337 vu,
1551 3272 1662 3343 37).

579 3382 607 3409 ‹‹
638 3360 838 3415 Frater
867 3359 951 3414 1ὐὶ
980 3359 1324 3426 draconum,
1356 3364 1413 3414 et
1452 3359 1646 3416 socius
1673 3360 2093 3419 struthionum.
2122 3386 2148 3413 ι)

502 3449 737 3505 Judaeos
777 3449 835 3503 in
870 3447 1178 3520 Evangelia
1224 3450 1503 3505 Dominus
1553 3456 1849 3523 serpentes
1884 3452 2147 3525 frequen-

506 3544 594 3595 ter
623 3537 878 3610 appellat
910 3544 966 3593 et
985 3538 1211 3609 viperas
1239 3555 1251 3593 :
1282 3537 1361 3593 ita
1390 3538 1593 3594 dicens
1621 3556 1634 3595 :
1668 3539 1968 3611 Serpentes,
2000 3544 2156 3611 geni-

506 3629 660 3684 mina
692 3629 1004 3698 viperarum
1045 3625 1255 3699 (illatth.
1296 3644 1456 3694 χχιιι,
1483 3627 1593 3698 33).
1620 3628 1684 3683 Et
1714 3629 1996 3701 propheta
2026 3630 2107 3686 ait
2134 3650 2149 3691 :

508 3718 619 3773 Ova
642 3715 895 3787 aspidum
940 3718 1206 3783 ruperunt
1254 3714 1380 3785 (lsa.
1429 3733 1542 3783 Lix,
1573 3716 1648 3787 3),
1683 3732 1816 3773 cum
1861 3718 2150 3775 malorum

506 3805 940 3877 generationem
988 3802 1363 3875 multiplicari
1417 3804 1655 3861 videret.
1711 3806 1853 3861 Item
1908 3823 1921 3862 :
1974 3809 2154 3863 Furor

507 3892 805 3947 draconum
850 3893 1043 3946 vinum
1084 3906 1291 3961 eorum,
1324 3895 1376 3945 et
1424 3894 1582 3963 furor
1628 3892 1881 3964 aspidum
1928 3895 2149 3950 insana-

510 3982 638 4036 bilis
667 3981 846 4053 (Deut.
896 3997 1036 4047 xxu,
1084 3980 1193 4051 33).
1248 3981 1358 4035 Sed
1406 3979 1621 4036 idcirco
1655 3984 1901 4039 fratrum
1949 4000 2149 4040 eorum

509 4088 570 4126 se
601 4068 977 4142 nuncupavit,
1008 4067 1285 4140 quoniam
1332 4069 1404 4124 de
1433 4084 1633 4125 eorum
1683 4088 1895 4144 genere
1945 4089 2151 4128 secun-

508 4160 648 4216 dum
682 4176 913 4215 carnem
945 4164 1035 4215 est
1063 4163 1401 4230 procreatus
1435 4176 1448 4215 :
1479 4160 1550 4215 de
1583 4159 1800 4231 quibus
1833 4160 1894 4216 in
1924 4161 2151 4233 psalmo

507 4249 588 4305 ait
619 4266 631 4304 :
667 4248 826 4305 Socer
850 4254 1033 4320 [actus
1060 4264 1188 4303 sum
1215 4248 1489 4319 fratribus
1520 4250 1680 4317 meis,
1711 4259 1762 4305 et
1793 4249 1982 4322 hospes
2011 4251 2152 4324 ﬁliis

504 4339 707 4395 matris
751 4354 894 4395 mem
936 4337 1109 4409 (Psat.
1161 4353 1352 4406 vam,
1385 4338 1461 4407 9).
1514 4338 1586 4392 Et
1637 4338 1778 4409 quia
1826 4340 2149 4396 secundum

506 4430 850 4500 praesentem
916 4425 1114 4493 vitam,
1177 4442 1291 4496 qua
1347 4425 1491 4480 dum
1549 4424 1643 4480 hic
1701 4426 1964 4482 mortalis
2020 4427 2148 4497 fuit,

486 4504 659 4571 'inter
688 4532 787 4570 eos
817 4518 907 4569 est
953 4519 1347 4580 conversatus,
1382 4513 1782 4569 struthionum
1831 4532 1893 4571 se
1923 4515 2150 4574 socium

2254 604 2311 660 in
2344 605 2651 676 superﬁcie
2679 603 2959 675 corporis,
2984 604 3083 659 sed
3114 603 3175 659 in
3196 603 3369 661 corde
3398 604 3705 660 contraxit.
3739 604 3904 661 Unde

2254 693 2335 748 ait
2382 693 2666 749 Dominus
2698 711 2799 765 per
2829 693 3170 765 prophetam
3202 710 3215 748 :
3251 694 3409 750 Nocti
3435 695 3742 749 assimilari
3787 711 3908 750 ma-

2254 791 2391 837 trem
2422 791 2660 839 vestram
2690 783 2861 853 (Osee,
2895 800 2957 849 ιι,
2988 783 3064 853 2).

2331 893 2352 919 ι
2388 871 2456 926 Et
2503 888 2639 927 ossa
2693 888 2824 927 mea
2866 876 3148 927 aruerunt
3196 889 3311 945 prie
3362 877 3646 928 caumate.
3684 895 3713 921 »
3756 876 3907 930 Ossa

2257 960 2515 1031 corporis
2548 959 2834 1029 Ecclesiae,
2867 961 3038 1032 cujus
3076 966 3251 1032 caput
3279 966 3368 1017 est
3397 962 3682 1028 Christus,
3716 961 3907 1018 sancti

2263 1048 2501 1119 quidem
2534 1065 2760 1119 omnes,
2792 1050 2894 1105 sed
2927 1050 3212 1122 praecipue
3244 1049 3493 1122 apostoli
3540 1050 3908 1122 intelligendi

2258 1141 2443 1193 sunt:
2498 1154 2750 1210 quorum
2802 1138 3134 1195 sanctitatis
3183 1140 3389 1196 robore
3437 1143 3612 1212 atque
3667 1138 3905 1207 virtute,

2260 1226 2459 1281 omnia
2507 1227 2775 1283 membra
2832 1227 3161 1284 inﬁrmiora
3205 1228 3473 1284 Ecclesia:
3515 1228 3905 1285 sustinentur.

2260 1313 2480 1370 Horum
2510 1315 2692 1387 igitur
2722 1317 2901 1388 adeps
2931 1315 3358 1388 pinguissimus
3388 1316 3692 1373 charitatis
3721 1317 3907 1373 nimio

2263 1403 2683 1474 persecutionis
2713 1409 2857 1460 aestu
2887 1404 2946 1460 in
2978 1406 3249 1476 passione
3279 1406 3594 1463 Salvatoris
3624 1411 3906 1463 exaestua-

2260 1492 2363 1548 vit.
2395 1492 2477 1548 De
2528 1493 2745 1565 quibus
2783 1495 2909 1566 ipse
2959 1493 3244 1551 Dominus
3272 1496 3334 1551 in
3384 1495 3611 1567 psalmo
3643 1513 3656 1552 :
3689 1500 3763 1552 Et
3787 1512 3908 1552 ossa

2260 1597 2385 1636 mea
2412 1583 2555 1637 sicut
2603 1586 2867 1639 cremium
2911 1592 3181 1640 amarunt
3231 1586 3401 1655 (Psal.
3434 1602 3509 1656 οι,
3541 1585 3615 1656 4).
3665 1585 3808 1642 Item
3840 1587 3905 1641 in

2263 1669 2376 1726 alio
2407 1671 2631 1743 psalmo
2684 1690 2697 1728 :
2749 1673 2899 1728 Sicut
2949 1690 3096 1744 aqua
3142 1675 3346 1745 eﬂ‘usus
3392 1690 3538 1743 sum,
3569 1678 3620 1731 et
3663 1675 3908 1746 dispersa

2260 1768 2391 1815 sunt
2418 1762 2609 1815 omnia
2654 1777 2775 1816 ossa
2804 1778 2925 1817 mea
2970 1764 3140 1835 (Psal.
3175 1780 3291 1831 χχι,
3342 1764 3466 1835 15);
3501 1767 3566 1818 ut
3616 1762 3698 1819 ita
3740 1780 3910 1821 evan-

2264 1849 2471 1920 gelista
2504 1865 2516 1904 :
2550 1850 2614 1904 Et
2657 1852 2848 1906 relicto
2893 1856 3051 1921 Jesu,
3100 1856 3361 1923 fugerunt
3402 1854 3662 1923 discipuli
3696 1854 3906 1925 (Matth.

2266 1954 2420 2006 xxv1,
2451 1939 2565 2007 56).
2597 1940 2708 1995 Sed
2759 1957 2995 1996 rursum
3028 1958 3130 2013 per
3181 1942 3605 1997 confessionem
3655 1943 3912 1999 nominis

2265 2026 2394 2096 ejus
2424 2026 2708 2084 charitate
2738 2027 2898 2085 illius
2928 2030 3227 2086 uberrima
3254 2030 3604 2103 impinguati
3631 2036 3769 2088 sunt
3799 2049 3813 2087 :
3844 2036 3915 2087 ut

2265 2114 2426 2171 nullo
2473 2118 2849 2188 postmodum
2920 2119 3287 2191 quantolibet
3352 2120 3593 2176 ferventi
3641 2124 3914 2178 caumate

2264 2206 2759 2278 persecutionum,
2820 2208 2965 2264 ﬁdes
3025 2208 3240 2264 Christi
3301 2209 3359 2264 in
3414 2210 3519 2274 eis,
3579 2213 3637 2266 et
3689 2210 3915 2267 bonum

2262 2294 2561 2350 charitatis
2594 2302 2899 2353 aresceret.

2342 2404 2368 2436 α
2395 2382 2575 2439 Versa
2604 2389 2695 2440 est
2722 2384 2782 2440 in
2813 2384 3037 2442 luctum
3081 2387 3306 2443 cithara
3338 2404 3483 2453 mea,
3515 2393 3573 2444 et
3621 2404 3910 2460 organum

2263 2487 2460 2527 meum
2491 2472 2550 2526 in
2597 2488 2798 2528 vocem
2832 2474 3115 2530 flentium.
3155 2498 3181 2525 ››
3216 2476 3279 2533 In
3330 2477 3553 2533 cithara
3580 2482 3637 2533 et
3665 2494 3907 2550 organo,

2261 2557 2461 2615 laetitia
2515 2564 2573 2615 et
2618 2561 2926 2618 exsultatio
2975 2563 3341 2636 intelligitur.
3394 2565 3579 2628 Quam
3636 2565 3911 2622 Christus

2261 2664 2323 2704 se
2370 2648 2586 2705 habere
2633 2651 3015 2723 demonstrat,
3055 2654 3289 2724 quando
3334 2670 3511 2726 super
3558 2653 3743 2709 salute
3790 2671 3913 2710 cre-

2260 2736 2525 2792 dentium
2576 2737 2915 2808 delectatur,
2966 2741 3119 2796 sicut
3169 2741 3295 2813 ipse
3345 2742 3404 2798 in
3455 2742 3763 2815 Evangelio
3802 2743 3909 2811 ait,

2260 2824 2359 2879 ubi
2407 2826 2747 2897 parabolam
2797 2833 3033 2884 centum
3084 2830 3282 2885 ovium
3337 2831 3525 2902 ponit,
3575 2831 3647 2886 de
3689 2830 3911 2902 quibus

2262 2931 2440 2970 unam
2490 2914 2570 2971 ait
2617 2917 2859 2988 perisse,
2891 2922 2970 2984 et,
3028 2918 3260 2975 inventa
3308 2935 3395 2985 ea,
3427 2920 3511 2975 ait
3541 2936 3554 2975 :
3589 2920 3757 2976 Amen
3784 2920 3908 2976 dico

2256 3005 2426 3070 vobis,
2480 3006 2611 3076 quia
2659 3006 2785 3076 plus
2840 3006 3103 3075 gaudebit
3146 3024 3311 3079 super
3358 2995 3507 3079 eam,
3541 3026 3701 3081 quam
3743 3026 3914 3080 super

2257 3101 2487 3149 caeteras
2534 3096 2839 3165 nonaginta
2888 3111 3079 3151 novem
3125 3097 3332 3167 (Matth.
3381 3114 3541 3163 xvm,
3576 3099 3685 3167 13).
3730 3099 3912 3153 Item-

2258 3198 2371 3252 que
2400 3198 2535 3238 cum
2588 3184 3028 3239 renuntiassent
3069 3185 3317 3257 apostoli
3374 3186 3635 3257 Domino,
3662 3188 3799 3259 quia
3847 3187 3910 3242 in

2176 3254 2222 3322 C
2263 3270 2498 3327 nomine
2529 3272 2656 3341 ejus
2696 3270 2965 3344 plurimas
3019 3254 3299 3331 sanitates
3334 3292 3434 3348 per
3480 3254 3714 3331 eosdem
3744 3276 3911 3331 factae

2262 3359 2529 3426 fuissent,
2581 3360 2661 3415 ait
2709 3362 3113 3433 evangelista:
3160 3368 3225 3419 In
3272 3362 3380 3419 illa
3432 3363 3571 3421 hora
3615 3366 3869 3421 exsultav

2256 3450 2409 3507 Iesus
2441 3449 2498 3503 in
2529 3451 2729 3520 spiritu
2778 3453 2933 3518 (Luc.
2965 3468 3022 3521 χ,
3050 3452 3163 3522 21).
3201 3451 3328 3507 Hac
3377 3469 3513 3526 ergo
3544 3453 3909 3510 musicorum

2261 3538 2499 3592 nomina
2524 3538 2716 3594 cordis
2748 3538 3085 3611 signiﬁcant
3134 3540 3415 3609 laetitiam,
3448 3559 3577 3613 quae
3607 3559 3782 3614 super
3810 3543 3910 3598 in-

2263 3626 2521 3682 ﬁdelium
2553 3627 2959 3699 obduratione,
2992 3645 3158 3685 versa
3202 3633 3289 3685 est
3316 3629 3375 3684 in
3411 3628 3709 3686 tristitiam
3745 3647 3758 3684 :
3793 3630 3909 3685 sic-

2262 3718 2326 3769 ut
2354 3716 2425 3771 de
2469 3716 2671 3771 eodem
2722 3715 2968 3771 Domino
3022 3716 3104 3772 ait
3155 3718 3513 3790 evangelista
3546 3735 3558 3774 :
3591 3721 3657 3775 Et
3701 3722 3909 3775 contri-

2258 3808 2434 3860 staius
2464 3808 2540 3860 est
2570 3820 2732 3875 super
2759 3804 3030 3859 duritiam
3062 3806 3243 3863 cordis
3273 3823 3461 3863 eorum
3491 3807 3675 3879 (Marc.
3711 3825 3796 3875 ιιι,
3825 3809 3907 3879 5)-

2262 3894 2339 3948 Ea
2374 3909 2503 3949 vero
2530 3910 2656 3966 quzn
2690 3900 3018 3964 sequuntur
3050 3912 3234 3967 usque
3282 3898 3353 3952 ad
3386 3897 3563 3953 ﬁnem
3595 3896 3909 3968 parabolis,

2260 3998 2389 4053 quae
2420 3981 2746 4037 secundum
2778 3981 3050 4038 virtutem
3083 3984 3267 4039 sancti
3299 3984 3409 4041 Job
3440 3986 3709 4058 superius
3741 4001 3914 4057 expo-

2262 4070 2513 4137 suimus,
2538 4070 2664 4140 jam
2696 4070 2945 4126 confessi
2975 4087 3186 4127 sumus
3212 4089 3327 4128 non
3360 4090 3532 4146 posse
3564 4091 3665 4130 nos
3694 4089 3911 4129 secun-

2262 4160 2405 4215 dum
2437 4158 2713 4231 mysticos
2744 4159 3074 4216 intellectus
3118 4160 3422 4218 disserere.
3458 4163 3519 4219 Si
3550 4167 3739 4219 autem
3771 4163 3913 4235 quis

2261 4247 2449 4320 possit
2479 4246 2577 4302 illa
2620 4246 2942 4321 allegoricae
2991 4247 3455 4322 interpretationi
3486 4251 3916 4309 rationabiliter

2262 4340 2550 4408 cooptare,
2585 4352 2894 4393 assensum
2928 4338 3186 4410 praebere
3217 4356 3312 4395 me
3342 4340 3585 4397 fatebor.

2862 4479 3094 4535 CAPUT
3130 4476 3312 4536 XXXI.

507 4603 671 4669 dixit,
705 4602 764 4657 id
814 4606 923 4673 est,
955 4602 1015 4656 in
1062 4601 1265 4657 eadem
1313 4608 1484 4675 gente
1531 4619 1639 4660 sua
1684 4619 1818 4659 cum
1867 4604 2066 4663 stultis
2096 4611 2153 4663 et
2180 4623 2227 4690 Ι)
2331 4626 2359 4653 ‹‹
2391 4603 2591 4677 Pepigi
2621 4604 2810 4660 foedus
2832 4620 2967 4661 cum
2998 4604 3183 4663 oculis
3204 4605 3372 4676 meis,
3403 4611 3465 4664 ut
3494 4625 3567 4665 ne
3591 4607 3907 4682 cogitarem

505 4690 918 4763 insipientibus
965 4689 1250 4746 habitavit
1301 4709 1315 4759 ;
1375 4691 1528 4747 sicut
1574 4690 1701 4764 ipse
1752 4692 2038 4751 Dominus
2086 4696 2144 4750 in

505 4778 815 4851 Evangelio
848 4796 861 4835 :
894 4778 1063 4833 Stulti
1087 4782 1139 4834 et
1166 4780 1293 4834 caeci
1323 4779 1535 4850 (Matth.
1567 4798 1729 4850 χχιιι,
1765 4782 1873 4855 17).

578 4889 606 4917 ‹‹
638 4866 799 4923 Cutis
831 4882 961 4922 mea
998 4867 1303 4939 denigrata
1353 4873 1442 4924 est
1487 4885 1663 4941 super
1692 4886 1805 4926 me.
1838 4893 1865 4922 »
1903 4872 1964 4927 In
1993 4877 2145 4944 cute,

503 4973 737 5013 carnem
767 4973 957 5024 suam,
993 4956 1049 5012 id
1082 4961 1171 5011 est
1212 4957 1476 5013 Judaaam
1506 4962 1738 5031 gentem
1770 4976 1962 5027 suam,
1995 4962 2149 5018 unde

501 5046 765 5103 Salvator
796 5062 1032 5101 carnem
1075 5047 1418 5118 assumpsit,
1450 5064 1485 5102 a
1516 5053 1679 5121 parte
1710 5053 1898 5105 totum
1928 5049 2147 5106 dixisse

496 5134 916 5208 intelligendus
953 5138 1060 5191 est.
1096 5135 1258 5200 Quod
1292 5142 1487 5192 autem
1519 5153 1696 5209 super
1726 5154 1817 5193 me
1846 5138 1948 5206 ait,
1981 5140 2145 5196 deni-

494 5230 663 5299 grata
717 5231 808 5281 est
864 5224 1014 5280 cutis
1077 5242 1223 5293 mea,
1281 5224 1361 5279 ita
1417 5230 1524 5296 est,
1587 5224 1745 5281 velut
1796 5226 1844 5282 si
1904 5227 2142 5298 diceret,

492 5318 727 5389 propter
776 5330 889 5383 me,
926 5313 984 5369 id
1031 5318 1139 5377 est,
1173 5315 1228 5368 in
1282 5330 1530 5386 persona
1561 5330 1711 5381 mea,
1767 5316 1897 5370 odio
1948 5333 2141 5388 perse-

493 5405 793 5461 cutionum
819 5408 876 5459 et
896 5403 1110 5459 scelere
1134 5402 1532 5476 blaSphemiae,
1559 5408 1928 5476 peccatorum
1962 5405 2139 5463 etiam

490 5491 864 5548 infandorum
916 5492 1287 5559 criminibus,
1320 5496 1468 5547 tetra
1507 5509 1572 5547 ac
1605 5492 1769 5566 nigra
1818 5492 2023 5550 eﬁ‘ecta
2048 5499 2138 5552 est

489 5571 621 5636 caro
680 5582 908 5653 generis
965 5582 1099 5650 mei,
1150 5586 1206 5638 et
1256 5580 1424 5654 quasi
1472 5581 1828 5655 Ethiopissa
1884 5582 2135 5642 colorem

489 5668 808 5749 nigredinis
884 5687 998 5730 non
1056 5670 1354 5751 amittens,
1415 5674 1472 5733 et
1530 5686 1597 5731 eo
1676 5674 1763 5731 est
1820 5669 2131 5750 infelicior,

2257 4692 2492 4765 quidem
2525 4695 2595 4749 de
2624 4694 2868 4766 virgine.
2901 4694 3085 4758 Quam
3117 4695 3274 4751 enim
3323 4702 3546 4769 partem
3577 4697 3817 4754 haberet
3843 4697 3909 4754 in

2262 4798 2353 4836 me
2383 4782 2537 4838 Deus
2580 4782 2851 4855 desuper,
2882 4787 2940 4837 et
2990 4782 3386 4841 haereditatem
3435 4787 3803 4859 omnipotens
3831 4787 3908 4843 de

2260 4869 2502 4926 excelsis
2524 4870 2552 4925 ‘P
2580 4871 2874 4944 Numquid
2907 4888 3023 4927 non
3053 4872 3301 4944 perditio
3323 4879 3412 4931 est
3441 4876 3662 4948 iniquo,
3684 4880 3743 4932 et
3770 4875 3910 4933 alie-

2261 4959 2418 5014 natio
2451 4960 2827 5031 operantibus
2875 4960 3225 5032 injustitiam
3246 4962 3275 5017 ?
3307 4964 3509 5020 Nonne
3539 4965 3666 5039 ipse
3708 4966 3908 5023 consi-

2257 5047 2421 5103 derat
2449 5049 2571 5103 vias
2604 5066 2782 5119 meas,
2817 5054 2875 5106 et
2905 5054 3151 5106 cunctos
3181 5066 3420 5123 gressus
3452 5069 3615 5109 meos
3641 5053 3907 5110 dinume-

2257 5138 2393 5192 rat?
2425 5160 2451 5186 »
2483 5138 2569 5192 Ab
2602 5138 2735 5193 hinc
2768 5154 2955 5211 usque
2986 5139 3055 5195 ad
3100 5139 3298 5209 ﬁnem,
3324 5141 3589 5214 justitias
3622 5160 3779 5213 suas,
3812 5142 3905 5199 vel

2255 5227 2504 5282 maxime
2557 5232 2614 5282 et
2661 5226 3091 5285 misericordias
3140 5233 3319 5301 atque
3366 5231 3614 5287 virtutes
3662 5248 3888 5303 enarra,

2252 5333 2399 5387 quas
2442 5333 2627 5389 usque
2659 5317 2729 5373 ad
2783 5318 3120 5390 quindecim
3152 5336 3428 5376 numeros
3481 5321 3710 5394 digerit,
3742 5320 3907 5378 velut

2250 5406 2335 5458 vir
2365 5407 2675 5477 perfectus,
2708 5406 2811 5477 qui
2840 5422 3117 5462 ascensus
3148 5407 3209 5463 in
3241 5410 3413 5465 corde
3444 5426 3549 5465 suo
3583 5409 3902 5481 disponens

2248 5495 2423 5561 (Psal.
2460 5512 2691 5561 Lxxxm,
2722 5494 2798 5566 6),
2832 5510 2935 5567 per
2964 5496 3182 5569 gradus
3212 5498 3498 5567 quosdam
3530 5497 3900 5570 profectuum

2247 5600 2433 5654 usque
2463 5584 2535 5639 ad
2585 5585 2825 5638 domum
2872 5582 2975 5639 Dei
3022 5585 3392 5642 ascendendo
3440 5588 3718 5660 pervenit.
3754 5587 3898 5661 Ego,

2242 5671 2455 5749 inquit,
2490 5671 2687 5733 animo
2717 5687 2852 5735 cum
2882 5671 2975 5735 his
3026 5673 3330 5739 obtutibus
3374 5676 3568 5738 carnis
3597 5692 3759 5757 mea,
3786 5677 3897 5743 de-
