4220 6616
346 415 461 479 ⁸761

1397 417 1914 480 COMMENTAR.
1963 413 2040 475 ΙΝ
2084 415 2223 476 ,1οΒ
2269 415 2437 476 CAP.
2485 404 2702 477 XXXI.

3639 414 3758 476 762

350 551 510 608 ﬁnivi
543 567 607 608 ac
673 550 898 607 statui.
937 553 1004 604 ut
1068 549 1214 605 nihil
1285 550 1523 606 omnino
1588 554 1758 622 turpe
1814 553 1990 622 atque
2019 547 2076 616 Α
2107 547 2566 617 indumentum;
2619 552 2678 605 et
2725 548 2944 617 absque
3000 546 3356 620 operimento
3415 560 3755 619 pauperem.

351 642 670 696 obscenum
702 638 847 696 mihi
878 638 1232 695 intrinsecus
1290 641 1651 711 nuntiarent,
1705 641 1861 713 quod
1894 640 1990 694 de-

353 729 660 785 lectatione
683 728 1002 800 voluptatis
1032 728 1188 784 intra
1229 747 1320 784 me
1352 730 1573 802 iniquis
1627 728 1991 801 cogitationi-

356 820 464 873 bus
495 817 799 873 volverem.
829 818 1123 885 Senserat,
1157 820 1348 889 credo,
1374 818 1691 890 aliquando
1723 819 1992 874 fortassis
2024 860 2032 868 .

354 908 731 962 delectatione
762 924 997 963 carnem
1057 925 1246 974 suam,
1309 913 1364 962 et
1418 907 1813 978 voluptatibus
1864 907 1991 961 ille-

354 999 654 1051 cebrarum
688 995 912 1051 titillari
943 1001 998 1051 et
1025 995 1242 1051 idcirco
1273 1013 1333 1051 se
1382 997 1748 1050 continentia)
1779 996 1994 1050 virtute

353 1086 749 1156 praecinxerat,
792 1085 1006 1140 timens
1064 1084 1296 1140 oculum
1353 1085 1454 1139 Dei
1512 1101 1646 1140 cum
1706 1088 1996 1139 scrutator

351 1175 543 1230 cordis
575 1175 671 1238 sit,
703 1177 760 1229 et
792 1190 996 1229 omnes
1054 1174 1175 1229 vias
1231 1173 1688 1229 conversationis
1720 1173 1990 1228 humanae

349 1268 708 1334 cunctosque
733 1278 972 1334 gressus
1003 1267 1240 1317 actuum
1273 1261 1605 1317 mortalium
1640 1262 1884 1317 noverit.

422 1377 447 1402 α
491 1353 550 1405 Si
583 1350 879 1406 ambulavi
913 1350 969 1405 in
1004 1351 1275 1417 vanitate,
1320 1356 1377 1406 et
1433 1352 1726 1406 festinavit
1774 1351 1832 1404 in
1865 1349 1994 1405 dolo

349 1457 450 1512 pes
480 1457 678 1509 meus,
707 1439 1003 1512 appendat
1033 1456 1123 1494 me
1153 1440 1212 1494 in
1273 1445 1486 1495 statere
1512 1440 1698 1510 justa,
1764 1444 1821 1494 et
1852 1439 1997 1493 sciat

354 1530 508 1585 Deus
540 1527 973 1600 simplicitatem
1015 1545 1229 1584 meam.
1266 1551 1293 1577 »
1324 1531 1573 1584 Sanctus
1624 1530 1735 1584 Job
1801 1533 1997 1583 certus

354 1620 425 1673 de
474 1618 747 1688 aequitate
788 1618 1036 1687 justitiaa
1092 1619 1213 1688 Dei,
1295 1635 1356 1673 se
1415 1616 1778 1672 manifestari
1838 1621 2000 1688 optat

355 1707 713 1762 horninibus.
774 1707 897 1762 Non
954 1707 1109 1762 enim
1170 1707 1390 1778 aliquid
1454 1707 1682 1779 ignorat
1721 1707 1896 1776 Deus,
1936 1710 2000 1760 ut

353 1796 738 1852 examinando
770 1801 1084 1867 cognoscat
1117 1815 1129 1851 :
1163 1796 1264 1851 sed
1307 1796 1454 1851 sciat
1487 1801 1658 1866 Deus,
1720 1796 1802 1850 ita
1854 1795 2000 1850 dixit

356 1886 558 1940 beatus
588 1885 718 1951 Job,
751 1890 816 1938 ut
845 1885 994 1940 scire
1025 1885 1168 1940 alios
1202 1885 1392 1952 faciat,
1446 1886 1767 1940 secundum
1803 1883 1946 1938 illud
1981 1901 1992 1952 ;

359 1975 541 2030 Tentat
585 1991 676 2029 vos
725 1975 861 2029 Deus
919 1976 1178 2029 Dominus
1226 1983 1286 2028 ut
1343 1975 1487 2030 sciat
1544 1978 1733 2028 utrum
1786 1973 1996 2043 diliga-

355 2065 424 2116 tis
454 2079 579 2117 eum
607 2066 793 2133 (Deut.
846 2080 968 2131 xm,
1012 2064 1068 2128 3)
1101 2081 1113 2118 :
1147 2063 1205 2116 id
1267 2068 1373 2131 est,
1438 2068 1500 2117 ut
1559 2062 1704 2117 scire
1763 2067 2001 2118 caeteros

355 2151 548 2206 faciat.

429 2263 456 2287 ‹‹
490 2240 546 2293 Si
582 2237 862 2294 declinavi
893 2255 1132 2312 gressus
1164 2255 1324 2295 meos
1348 2241 1419 2294 de
1446 2240 1558 2305 via,
1582 2244 1638 2295 et
1686 2239 1734 2294 si
1767 2242 2002 2294 secutus

357 2332 445 2404 est
476 2326 679 2383 oculus
709 2345 877 2384 meus
908 2345 1006 2383 cor
1032 2345 1250 2399 meum,
1281 2333 1339 2384 et
1367 2329 1416 2384 si
1445 2329 1502 2384 in
1546 2329 1822 2384 manibus
1852 2328 1998 2383 meis

359 2416 603 2472 adhaesit
631 2417 863 2472 macula
895 2434 907 2472 :
938 2434 1152 2483 seram,
1185 2422 1241 2472 et
1273 2417 1423 2473 alius
1468 2417 1754 2484 comedat,
1788 2422 1845 2472 et
1869 2434 2001 2488 pro-

358 2505 556 2575 genies
583 2521 713 2560 mea
744 2506 1090 2561 eradicatur.
1146 2527 1173 2556 ››
1217 2506 1370 2560 Nihil
1425 2507 1836 2561 mandatorum
1878 2506 1999 2574 Dei,

360 2595 462 2660 ait,
521 2594 768 2664 praeterii
803 2595 981 2664 :quia
1040 2612 1143 2649 nec
1202 2611 1300 2649 cor
1348 2611 1543 2649 meum
1623 2595 2003 2663 acquiescens

360 2688 627 2738 secutum
659 2687 747 2738 est
775 2683 972 2738 oculos
1002 2700 1323 2752 meos,cum
1356 2683 1836 2755 concupiscentiae
1862 2684 2004 2738 ima-

359 2772 525 2842 gines
556 2771 604 2826 ei
647 2772 934 2842 otferrem,
990 2771 1331 2843 priusquam
1399 2776 1634 2843 pactum
1695 2789 1826 2826 cum
1857 2772 2003 2844 ipsis

357 2860 656 2928 haberem,
717 2877 786 2915 ne
835 2860 976 2931 quid
1021 2860 1375 2916 intrinsecus
1423 2866 1593 2932 turpe
1643 2862 2003 2917 transmitte-

359 2955 508 3004 rent.
555 2949 711 3004 Unde
743 2965 846 3004 nec
877 2948 934 3002 in
966 2949 1240 3021 operibus
1273 2966 1553 3004 manuum
1587 2966 1854 3005 mearum
1888 2950 2006 3005 ulla

359 3038 576 3110 peccati
610 3038 838 3094 macula
870 3038 1060 3110 potuit
1093 3038 1406 3106 adhaerere,
1440 3044 1497 3093 et
1519 3039 1626 3094 hoc
1651 3038 1846 3110 ipsum
1869 3056 2002 3094 cum

359 3129 611 3200 quadam
636 3128 960 3198 juramenti
993 3128 1388 3183 exsecratione
1418 3128 1742 3183 conﬁrmat.

431 3241 456 3266 «
493 3217 552 3272 Si
583 3218 888 3288 deceptum
923 3219 1010 3271 est
1040 3234 1139 3272 cor
1184 3234 1380 3272 meum
1432 3233 1608 3289 super
1656 3217 1917 3286 muliere,
1950 3223 2006 3274 et

2104 638 2158 692 Si
2191 655 2307 693 non
2339 639 2760 695 benedixerunt
2811 637 2955 692 mihi
2986 636 3168 692 latera
3216 637 3366 708 ejus,
3398 639 3455 690 et
3484 636 3556 691 de
3583 635 3754 691 velle-

2106 728 2270 783 ribus
2302 728 2498 783 ovium
2527 719 2793 783 mearum
2852 726 3168 781 calefactus
3223 729 3330 781 est.
3364 745 3393 775 »
3428 724 3544 779 Hoc
3599 724 3751 780 dicto

2105 817 2382 880 ostendit,
2415 816 2919 887 quemadmodum
2978 831 3126 886 opus
3178 813 3593 870 misericordiae
3627 813 3752 868 fieri

2105 904 2330 974 debeat,
2368 903 2424 960 id
2475 910 2581 970 est,
2629 922 2699 960 ne
2733 904 2862 959 aliis
2907 904 3138 959 auferas
3197 904 3351 960 unde
3411 902 3541 959 aliis
3599 905 3753 958 recte

2105 994 2242 1048 dare
2300 999 2354 1047 te
2411 993 2732 1048 arbitreris.
2796 993 2957 1049 Unde
3017 993 3288 1049 Salomon
3349 993 3430 1049 ait
3480 998 3757 1048 :Honora

2107 1084 2274 1136 Deum
2339 1082 2403 1136 de
2467 1085 2574 1137 tuis
2623 1084 2789 1154 justis
2855 1083 3133 1138 laboribus
3197 1083 3378 1150 (Prov.
3436 1100 3518 1150 In,
3560 1083 3636 1153 9).
3683 1082 3754 1135 Et

2105 1169 2288 1224 Isaias
2324 1187 2336 1225 :
2369 1172 2474 1239 Ego
2505 1173 2769 1226 Dominus
2797 1171 2966 1239 diligo
2990 1170 3292 1242 judicium,
3345 1181 3396 1227 et
3439 1171 3558 1227 odio
3587 1172 3754 1226 habeo

2105 1261 2373 1329 rapinam
2400 1262 2458 1313 in
2491 1259 2861 1314 holocaustum
2895 1261 3001 1331 (lsa
3025 1278 3133 1315 LXI.
3167 1264 3238 1326 8).

2184 1373 2203 1397 α
2241 1348 2298 1402 Si
2323 1347 2500 1404 levavi
2536 1367 2712 1421 super
2733 1349 3020 1420 pupillum
3066 1366 3304 1404 manum
3329 1365 3542 1418 meam,
3575 1349 3750 1405 etiam

2107 1453 2241 1491 cum
2273 1438 2534 1492 viderem
2570 1455 2662 1493 me
2693 1438 2752 1493 in
2812 1443 2979 1510 porta
3035 1438 3420 1507 superiorem,
3465 1439 3748 1493 humerus

2107 1542 2275 1580 meus
2311 1543 2343 1581 a
2390 1527 2670 1596 junctura
2713 1545 2820 1582 sua
2847 1528 3040 1594 cadat,
3092 1533 3148 1582 et
3204 1527 3508 1582 brachium
3554 1543 3752 1582 meum

2109 1629 2243 1669 cum
2264 1614 2386 1669 suis
2411 1615 2644 1670 ossibus
2664 1616 3374 1687 confringantur.Semper
3403 1616 3558 1672 enim
3583 1615 3749 1687 quasi

2107 1707 2402 1758 tumentes
2428 1721 2605 1776 super
2634 1721 2727 1759 me
2758 1705 2969 1760 ﬂuetus
3003 1704 3172 1760 timui
3198 1705 3404 1773 Deum,
3438 1708 3495 1760 et
3525 1704 3753 1778 pondus

2109 1793 2237 1863 ejus
2271 1793 2416 1848 ferre
2457 1810 2573 1848 non
2625 1794 2808 1865 potui.
2861 1816 2889 1844 ››
2940 1793 3002 1848 In
3060 1793 3328 1860 humero,
3390 1811 3565 1865 opera
3625 1812 3636 1849 :
3693 1794 3753 1848 in

2109 1883 2367 1946 brachio,
2427 1883 2658 1955 virtutis
2715 1883 3146 1956 perseverantia
3195 1888 3415 1956 :atque
3473 1883 3756 1940 instantia

2111 1972 2400 2027 bonorum
2432 1989 2672 2045 operum
2705 1973 2887 2045 accipi
2937 1977 3148 2045 potest.
3207 1973 3331 2030 Nisi
3387 1974 3468 2028 ita
3524 1977 3632 2040 est,
3667 1973 3754 2028 in-
3783 1961 3800 1978 ⁸

2113 2062 2242 2133 quit
2273 2080 2286 2128 ;
2314 2061 2464 2117 irriti
2498 2067 2630 2117 ante
2662 2062 2844 2118 Deum
2878 2062 3252 2119 inveniantur
3291 2079 3496 2118 omnes
3525 2062 3754 2119 labores

2114 2151 2249 2206 mei.

2187 2263 2213 2289 ((
2241 2241 2294 2294 Si
2330 2241 2525 2312 putavi
2557 2258 2764 2296 aurum
2801 2240 2980 2296 robur
3005 2257 3202 2296 meum
3262 2246 3319 2297 et
3369 2241 3562 2297 obrizo
3611 2240 3751 2308 dixi,

2112 2330 2328 2384 ﬁducia
2362 2345 2512 2385 mea.
2548 2331 2607 2385 Si
2639 2329 2866 2386 laetatus
2891 2347 3022 2385 sum
3064 2348 3242 2403 super
3296 2329 3500 2386 multis
3532 2330 3752 2385 divitiis

2114 2419 2280 2487 meis,
2313 2423 2370 2474 et
2398 2419 2538 2490 quia
2567 2419 2823 2491 plurima
2851 2419 3064 2490 reperit
3112 2436 3327 2475 manus
3358 2435 3508 2474 mea.
3543 2441 3571 2468 »
3605 2419 3759 2474 Verte

2113 2507 2286 2564 homo
2346 2507 2752 2580 philosophiae,
2808 2508 2970 2564 nullo
3019 2508 3156 2564 vitio
3231 2509 3560 2576 tenebatur,
3601 2508 3756 2564 sicut

2115 2612 2269 2650 nunc
2315 2596 2655 2668 cupiditatis
2706 2601 2759 2651 et
2816 2596 3085 2653 elationis
3142 2601 3508 2669 contemptor
3554 2595 3749 2652 tortis-

2113 2686 2324 2754 simus,
2356 2702 2566 2740 aurum
2599 2687 2773 2742 etiam
2805 2702 2908 2757 pro
2939 2686 3119 2741 nihilo
3170 2703 3231 2742 se
3273 2685 3552 2742 habuisse
3576 2689 3756 2741 testa-

2109 2779 2226 2831 tur.

2186 2888 2213 2914 ‹‹
2247 2865 2302 2917 Si
2333 2864 2448 2919 vidi
2480 2863 2663 2920 solem
2708 2882 2839 2920 cum
2897 2864 3164 2937 fulgeret,
3223 2869 3278 2920 et
3339 2865 3539 2920 lunam
3600 2863 3758 2918 ince-

2114 2954 2347 3008 dentem
2384 2953 2555 3020 clare,
2598 2959 2653 3008 et
2709 2953 2968 3009 lzetatum
3027 2959 3115 3009 est
3161 2954 3220 3008 in
3281 2953 3626 3010 abscondito
3657 2968 3756 3008 cor

2115 3058 2335 3107 meum,
2359 3048 2414 3096 et
2447 3041 2746 3097 osculatus
2775 3059 2908 3097 sum
2943 3059 3183 3098 manum
3235 3059 3428 3098 meam
3458 3058 3554 3098 ore
3605 3058 3755 3110 meo,

2114 3148 2240 3203 qua:
2271 3136 2360 3187 est
2387 3131 2668 3203 iniquitas
2700 3131 3039 3200 maxima,et
3070 3133 3299 3204 negatio
3339 3135 3542 3188 contra
3571 3131 3758 3186 Deum

2114 3221 2490 3278 altissimum.
2529 3243 2557 3269 »
2584 3221 2784 3276 Tanta:
2815 3221 3060 3276 virtutes
3110 3227 3166 3277 et
3200 3227 3318 3276 tam
3350 3221 3637 3294 praecipue
3666 3220 3758 3275 ni-

359 3307 407 3362 si
439 3307 511 3361 ad
544 3307 760 3361 ostium
793 3305 966 3360 amici
998 3304 1114 3360 mei
1165 3305 1480 3361 insidiatus
1531 3323 1685 3373 sum,
1739 3311 1998 3362 scortum
2033 3292 2074 3360 C
2113 3308 2196 3364 hil
2229 3313 2476 3381 prosunt
2512 3323 2524 3362 :
2570 3308 2838 3379 quamvis
2897 3309 3148 3379 quisque
3185 3309 3245 3364 in
3298 3292 3756 3380 eisdemiperpe-

359 3395 600 3450 alterius
632 3395 709 3449 sit
742 3411 886 3448 uxor
916 3411 1064 3464 mea,
1099 3399 1155 3449 et
1186 3411 1363 3466 super
1409 3393 1572 3449 illam
1623 3394 2003 3452 incurventur

361 3483 479 3539 alii.
514 3483 630 3538 Hoc
657 3482 812 3538 enim
872 3483 1036 3538 nefas
1093 3493 1199 3549 est,
1260 3488 1317 3538 et
1374 3483 1658 3555 iniquitas
1691 3485 1998 3540 maxima:

361 3573 513 3643 ignis
536 3577 624 3627 est
654 3588 842 3643 usque
875 3573 944 3626 ad
981 3572 1364 3643 perditionem
1395 3573 1702 3638 devorans,
1735 3573 2003 3629 etomnia

364 3662 668 3717 eradicans
695 3661 1012 3732 genimina.
1049 3683 1076 3708 »
1119 3661 1450 3716 Secundum
1509 3667 1728 3717 naturae
1779 3663 2001 3717 bonum

358 3751 639 3824 loquitur,
669 3751 822 3822 quod
854 3752 913 3805 in
942 3750 1124 3805 Tobia
1190 3751 1478 3822 scriptum
1541 3757 1628 3807 est
1659 3769 1671 3807 :
1707 3751 1856 3820 Quod
1901 3753 2003 3808 tibi

357 3857 467 3895 non
489 3839 730 3910 visﬁeri,
765 3841 962 3894 aliine
987 3842 1181 3909 feceris
1239 3840 1393 3911 (’l‘ob.
1455 3857 1529 3906 IV,
1587 3841 1694 3911 16).
1751 3841 2001 3898 Proinde

360 3930 460 3994 ait,
497 3928 747 3984 nefanda
807 3944 897 3982 res
957 3933 1066 3996 est,
1112 3933 1168 3982 et
1224 3929 1506 4000 iniquitas
1545 3930 1844 3985 maxima:
1882 3929 2002 3986 haec

360 4020 589 4074 funesta
619 4034 683 4072 ac
715 4016 1085 4072 detestabilia
1140 4018 1416 4090 cogitare,
1465 4016 1550 4072 vel
1590 4019 1796 4086 facere,
1848 4020 2001 4092 ignis

360 4112 448 4162 est
484 4107 786 4162 incentiva:
820 4105 1103 4176 libidinis,
1137 4107 1334 4162 omnia
1378 4107 1532 4162 bona
1587 4107 1871 4163 virtutum
1904 4109 2003 4164 de-

360 4201 772 4268 vorans,atque
805 4195 1074 4251 universa
1094 4195 1153 4251 in
1179 4196 1413 4252 homine
1438 4201 1785 4253 sanctarum
1808 4214 2002 4254 rerum

361 4287 719 4341 incrementa
748 4302 1122 4341 consumens.

439 4394 465 4427 ιι
497 4375 555 4430 Si
576 4374 898 4446 contempsi
930 4374 1128 4429 subire
1150 4374 1444 4446 judicium
1494 4391 1628 4431 cum
1679 4393 1843 4433 servo
1875 4393 2003 4433 meo

361 4469 418 4521 et
448 4463 660 4520 ancilla
691 4480 839 4531 mea,
867 4481 1002 4519 cum
1049 4463 1447 4536 disceptarent
1477 4465 1786 4522 adversum
1824 4482 1936 4522 me.
1973 4489 2004 4516 ››

364 4555 495 4611 Sive
527 4558 590 4609 ut
619 4553 717 4608 alii
750 4554 1043 4623 dixerunt,
1077 4553 1222 4625 apud
1256 4569 1360 4610 me.

2110 3397 2338 3452 trandis
2368 3396 2444 3451 sit
2479 3397 2735 3468 sapiens,
2769 3413 3022 3469 magnus
3053 3403 3109 3452 et
3147 3398 3338 3452 clarus
3373 3398 3461 3464 ;si
3490 3413 3754 3452 errorum

2113 3483 2363 3538 stultitia
2404 3487 2691 3537 teneatur.
2743 3487 2867 3537 Non
2928 3482 3141 3554 solum,
3193 3484 3402 3555 inquit.
3469 3500 3752 3554 quorum-

2112 3587 2344 3643 cunque
2371 3570 2657 3626 idolorum
2692 3570 3164 3640 culturis,verum
3196 3573 3393 3641 etiam,
3420 3588 3524 3628 nec
3544 3571 3756 3627 horum

2113 3657 2546 3732 pulchritudine
2577 3674 2640 3712 ac
2672 3659 2864 3730 specie
2916 3674 3263 3730 magnorum
3311 3658 3605 3714 luminum
3653 3660 3752 3715 de-

2111 3748 2358 3804 lectatus
2390 3764 2521 3802 sum
2559 3766 2570 3816 ;
2609 3764 2711 3803 nec
2741 3748 2910 3818 quasi
2961 3748 3209 3804 adorans
3268 3763 3335 3804 ea
3373 3749 3526 3803 inter
3553 3766 3755 3804 eorum

2112 3837 2541 3894 venerationem
2571 3836 2872 3892 osculatus
2929 3854 3062 3892 sum
3122 3854 3363 3894 manum
3396 3854 3616 3894 meam:
3652 3855 3758 3894 nec

2114 3932 2440 3982 creaturam
2483 3943 2586 3996 pro
2631 3927 2900 3981 Creatore
2957 3933 3264 3983 veneratus
3311 3945 3465 3997 sum,
3499 3929 3653 4000 quod
3697 3929 3756 3984 in

2113 4015 2369 4088 Epistola
2401 4015 2471 4070 ad
2496 4015 2788 4070 Romanos
2810 4015 3373 4088 sanctusApostolus
3396 4018 3755 4074 destestatur

2113 4108 2290 4176 (llom.
2323 4122 2362 4174 1,
2395 4105 2508 4173 25),

2187 4217 2215 4243 (ι
2244 4193 2302 4248 Si
2335 4191 2571 4264 gavisus
2615 4208 2748 4247 sum
2783 4192 2855 4246 ad
2889 4192 3116 4247 ruinem
3139 4193 3265 4263 ejus
3284 4193 3383 4264 qui
3417 4209 3509 4250 me
3529 4194 3754 4252 oderat.

2113 4283 2398 4338 exsultavi
2432 4282 2590 4353 quod
2627 4281 2946 4337 invenisset
2976 4299 3110 4336 eum
3160 4282 3405 4337 malum.
3441 4283 3564 4340 Non
3596 4285 3754 4341 enim

2113 4372 2246 4429 dedi
2277 4373 2350 4428 ad
2400 4371 2759 4444 peccandum
2808 4376 3011 4444 guttur
3048 4388 3267 4441 meum,
3316 4381 3383 4427 ut
3428 4377 3755 4445 expeterem

2114 4461 2468 4518 maledicens
2517 4461 2776 4516 animam
2826 4463 2973 4534 ejus.
3019 4483 3046 4510 ››
3086 4462 3230 4517 Cum
3263 4479 3544 4536 magnum
3577 4463 3672 4532 sit,
3707 4464 3759 4520 si

2113 4553 2183 4608 de
2215 4551 2472 4607 inimicis
2507 4549 2632 4606 suis
2685 4551 2840 4622 quis,
2892 4567 3027 4606 cum
3079 4553 3286 4624 possit,
3347 4571 3463 4609 non
3523 4555 3758 4611 studeat

435 4666 463 4694 ‹‹
503 4643 649 4707 Quid
681 4642 837 4698 enim
878 4642 1087 4698 faciam
1117 4659 1250 4698 cum
1284 4644 1600 4699 surrexerit
1627 4645 1697 4701 ad
1721 4645 2002 4716 judican-
2034 4663 2084 4729 D
2115 4641 2317 4698 ulcisci
2350 4645 2568 4714 quanto
2599 4641 2754 4711 apud
2777 4645 2960 4696 Deum
2984 4642 3306 4698 studiosius
3337 4647 3426 4699 est
3455 4643 3526 4700 de
3554 4659 3758 4700 eorum

363 4733 502 4789 dum
536 4735 708 4798 Deus,
739 4737 796 4788 et
826 4749 959 4788 cum
995 4732 1302 4804 quaesierit,
1339 4733 1477 4806 quid
1509 4735 1868 4806 respondebo
1891 4733 2007 4789 illi?

362 4823 639 4895 Nunquid
671 4838 786 4876 non
818 4821 874 4876 in
909 4827 1074 4877 utero
1106 4821 1241 4878 fecit
1280 4838 1392 4894 me,
1431 4823 1530 4895 qui
1587 4827 1644 4878 et
1672 4821 1836 4878 illum
1870 4839 2006 4895 ope-

361 4918 522 4968 ratus
549 4915 656 4980 est,
689 4916 744 4967 et
776 4911 1046 4967 formavit
1075 4928 1168 4967 me
1198 4913 1257 4967 in
1289 4912 1460 4968 vulva
1499 4929 1653 4969 unus
1674 4913 1701 4967 ‘I
1735 4935 1762 4962 »
1795 4913 2006 4986 Magna

359 5000 665 5056 humilitas
697 5001 886 5056 sancti
915 5000 1021 5056 viri
1054 5000 1316 5072 hujus,et
1347 5018 1562 5074 magna
1601 5002 2002 5073 futurijudicii

360 5091 654 5162 cogitatio.

430 5206 457 5232 «
492 5181 548 5236 Si
582 5179 786 5253 negavi
819 5181 970 5253 quod
1001 5179 1295 5252 volebant,
1329 5181 1708 5254 pauperibus,
1729 5186 1786 5238 et
1807 5181 2003 5239 oculos

357 5270 543 5326 vidua
571 5275 903 5343 exspectare
936 5271 1063 5327 feci.
1104 5292 1126 5320 ι
1160 5270 1529 5326 Manifestum
1563 5274 1670 5326 est.

430 5384 456 5411 ‹‹
490 5361 548 5416 Si
581 5359 806 5416 comedi
837 5359 1162 5415 buccellam
1221 5377 1413 5416 meam
1465 5359 1646 5426 solus,
1678 5364 1735 5416 et
1762 5377 1876 5416 non
1909 5376 2001 5416 co-

360 5450 542 5505 medit
568 5449 829 5521 pupillus
856 5466 924 5504 ex
953 5465 1040 5517 ea,
1074 5449 1213 5520 quia
1240 5451 1311 5505 ab
1360 5449 1606 5505 infantia
1649 5467 1795 5505 mea
1825 5451 2005 5505 crevit

357 5556 587 5596 mecum
619 5538 936 5606 miseratio,
969 5542 1025 5592 et
1056 5538 1127 5592 de
1159 5541 1321 5596 utero
1349 5539 1554 5595 matris
1596 5555 1739 5595 mea:
1768 5556 2004 5611 egressa

359 5635 451 5689 est
479 5643 733 5685 mecum.
770 5649 797 5677 «
827 5626 1202 5683 Manifestum
1235 5632 1343 5683 est.

432 5740 461 5776 ‹‹
491 5717 552 5778 Si
590 5716 826 5800 despexi
881 5719 1316 5796 praeteruntem,
1378 5719 1533 5796 quod
1579 5736 1696 5779 non
1730 5718 2003 5779 habuerit

2115 4732 2308 4796 ruina,
2342 4746 2447 4786 nec
2478 4730 2537 4784 in
2569 4730 2740 4786 corde
2772 4729 3045 4785 delectari
3071 4730 3082 4784 l

2188 4844 2214 4871 ‹‹
2251 4819 2310 4875 Si
2342 4836 2458 4875 non
2491 4818 2761 4874 dixerunt
2783 4818 2890 4874 viri
2937 4819 3297 4878 tabernaculi
3328 4823 3463 4893 mei,
3496 4825 3628 4898 quis
3658 4826 3755 4882 det

2116 4911 2186 4966 de
2219 4908 2494 4964 carnibus
2524 4909 2745 4979 ejus,ut
2771 4910 3157 4966 saturemur?
3189 4911 3352 4968 Foris
3382 4931 3499 4970 non
3539 4915 3758 4970 mansit

2115 4999 2477 5074 peregrinus,
2536 4997 2753 5054 ostium
2807 5015 3003 5055 meum
3060 5000 3263 5057 viatori
3317 5002 3526 5074 patuit.
3589 5024 3616 5052 »
3651 5003 3756 5058 Pro

2113 5087 2610 5161 hospitalitatibus
2656 5089 2786 5161 ejus
2843 5094 2902 5144 et
2969 5089 3200 5159 virtute,
3266 5108 3383 5163 qua
3439 5095 3497 5146 et
3553 5095 3758 5147 caetera

2115 5177 2300 5235 sancti
2335 5183 2444 5234 Deo
2476 5177 2839 5250 placuerunt,
2873 5179 3073 5234 odium
3118 5197 3417 5236 servorum
3459 5185 3757 5236 contraire.

2115 5274 2224 5324 rat.

2193 5383 2213 5408 α
2250 5358 2308 5415 Si
2341 5358 2620 5415 abscondi
2654 5358 2823 5431 quasi
2855 5359 3030 5416 homo
3081 5363 3381 5431 peccatum
3439 5375 3656 5428 meum,
3689 5365 3746 5416 et

2113 5447 2290 5504 celavi
2325 5448 2382 5502 in
2431 5449 2563 5504 sinu
2614 5465 2743 5504 meo
2799 5447 3166 5520 iniquitatem
3228 5464 3442 5504 meam.
3487 5469 3516 5500 »
3552 5449 3632 5504 De
3662 5448 3754 5506 his

2111 5537 2365 5609 peccatis
2397 5541 2646 5607 tantum,
2694 5555 2820 5611 quae
2870 5536 3320 5609 cogitationibus
3368 5539 3749 5597 committun-

2112 5632 2208 5682 tur
2259 5627 2368 5684 hoc
2415 5629 2540 5684 loco
2593 5626 2739 5683 mihi
2787 5626 3002 5681 dixisse
3056 5626 3286 5682 videtur
3318 5645 3331 5686 :
3365 5645 3431 5685 eo
3463 5631 3616 5703 quod
3647 5647 3753 5687 nec

2111 5716 2242 5795 ipsa
2285 5718 2473 5777 celare
2527 5716 2793 5790 voluerit,
2849 5715 3326 5793 quandoquidem
3384 5725 3748 5782 secretorum
