  <div class='ocr_page' id='page_1' title='image "/cluster/home/n/w/nwhite01/storage/ocr_20150623/26/umn.31951002477320a/383.png"; bbox 0 0 4220 6586; ppageno 0'>
   <div class='ocr_carea' id='block_1_1' title="bbox 457 412 574 476">
    <p class='ocr_par' dir='ltr' id='par_1_1' title="bbox 457 412 574 476">
     <span class='ocr_line' id='line_1_1' title="bbox 457 412 574 476; baseline 0.009 -3"><span class='ocrx_word' id='word_1_1' title='bbox 457 412 574 476; x_wconf 76' lang='lat'>767</span> 
     </span>
    </p>
   </div>
   <div class='ocr_carea' id='block_1_2' title="bbox 1950 407 2370 474">
    <p class='ocr_par' dir='ltr' id='par_1_2' title="bbox 1950 407 2370 474">
     <span class='ocr_line' id='line_1_2' title="bbox 1950 407 2370 474; baseline 0.002 -1"><span class='ocrx_word' id='word_1_2' title='bbox 1950 407 2370 474; x_wconf 83' lang='lat' dir='ltr'>APPENDIX.</span> 
     </span>
    </p>
   </div>
   <div class='ocr_carea' id='block_1_3' title="bbox 3745 407 3866 470">
    <p class='ocr_par' dir='ltr' id='par_1_3' title="bbox 3745 407 3866 470">
     <span class='ocr_line' id='line_1_3' title="bbox 3745 407 3866 470; baseline 0.041 -4"><span class='ocrx_word' id='word_1_3' title='bbox 3745 407 3866 470; x_wconf 83' lang='lat'>768</span> 
     </span>
    </p>
   </div>
   <div class='ocr_carea' id='block_1_4' title="bbox 453 541 3865 618">
    <p class='ocr_par' dir='ltr' id='par_1_4' title="bbox 453 541 3865 618">
     <span class='ocr_line' id='line_1_4' title="bbox 453 541 3865 618; baseline -0.001 -15"><span class='ocrx_word' id='word_1_4' title='bbox 453 551 580 604; x_wconf 90' lang='lat' dir='ltr'>tum</span> <span class='ocrx_word' id='word_1_5' title='bbox 613 549 904 602; x_wconf 87' lang='lat' dir='ltr'>sanctum.</span> <span class='ocrx_word' id='word_1_6' title='bbox 943 545 1247 601; x_wconf 82' lang='lat' dir='ltr'>Trinitatis</span> <span class='ocrx_word' id='word_1_7' title='bbox 1278 546 1436 602; x_wconf 90' lang='lat' dir='ltr'>enim</span> <span class='ocrx_word' id='word_1_8' title='bbox 1470 550 1620 603; x_wconf 85' lang='lat' dir='ltr'>Deus</span> <span class='ocrx_word' id='word_1_9' title='bbox 1652 546 1868 603; x_wconf 90' lang='lat' dir='ltr'>creavit</span> <span class='ocrx_word' id='word_1_10' title='bbox 1901 547 2099 602; x_wconf 83' lang='lat' dir='ltr'>omnia</span> <span class='ocrx_word' id='word_1_11' title='bbox 2129 547 2185 615; x_wconf 78' lang='grc' dir='ltr'><strong>Α</strong></span> <span class='ocrx_word' id='word_1_12' title='bbox 2215 547 2342 618; x_wconf 91' lang='lat' dir='ltr'>ipso</span> <span class='ocrx_word' id='word_1_13' title='bbox 2375 545 2662 618; x_wconf 91' lang='lat' dir='ltr'>principio</span> <span class='ocrx_word' id='word_1_14' title='bbox 2694 545 2920 611; x_wconf 89' lang='lat' dir='ltr'>mundi,</span> <span class='ocrx_word' id='word_1_15' title='bbox 2956 547 3012 599; x_wconf 91' lang='lat' dir='ltr'>et</span> <span class='ocrx_word' id='word_1_16' title='bbox 3042 544 3315 615; x_wconf 87' lang='lat' dir='ltr'>deinceps</span> <span class='ocrx_word' id='word_1_17' title='bbox 3355 555 3586 614; x_wconf 81' lang='lat' dir='ltr'><strong>semper</strong></span> <span class='ocrx_word' id='word_1_18' title='bbox 3631 541 3865 599; x_wconf 87' lang='lat' dir='ltr'>locutus</span> 
     </span>
    </p>
   </div>
   <div class='ocr_carea' id='block_1_5' title="bbox 455 634 2101 709">
    <p class='ocr_par' dir='ltr' id='par_1_5' title="bbox 455 634 2101 709">
     <span class='ocr_line' id='line_1_5' title="bbox 455 634 2101 709; baseline 0 -18"><span class='ocrx_word' id='word_1_19' title='bbox 455 637 556 691; x_wconf 87' lang='lat' dir='ltr'>sed</span> <span class='ocrx_word' id='word_1_20' title='bbox 589 636 824 706; x_wconf 82' lang='lat' dir='ltr'>quando</span> <span class='ocrx_word' id='word_1_21' title='bbox 849 634 1150 690; x_wconf 87' lang='lat' dir='ltr'>hominem</span> <span class='ocrx_word' id='word_1_22' title='bbox 1181 636 1582 708; x_wconf 88' lang='lat' dir='ltr'>fecit,propria</span> <span class='ocrx_word' id='word_1_23' title='bbox 1611 636 1926 709; x_wconf 89' lang='lat' dir='ltr'>etspeciali</span> <span class='ocrx_word' id='word_1_24' title='bbox 1959 653 2101 708; x_wconf 89' lang='lat' dir='ltr'>qua-</span> 
     </span>
    </p>
   </div>
   <div class='ocr_carea' id='block_1_6' title="bbox 451 724 2101 798">
    <p class='ocr_par' dir='ltr' id='par_1_6' title="bbox 451 724 2101 798">
     <span class='ocr_line' id='line_1_6' title="bbox 451 724 2101 798; baseline 0.001 -19"><span class='ocrx_word' id='word_1_25' title='bbox 451 725 585 779; x_wconf 91' lang='lat' dir='ltr'>dam</span> <span class='ocrx_word' id='word_1_26' title='bbox 616 724 1043 795; x_wconf 75' lang='lat' dir='ltr'>significatione</span> <span class='ocrx_word' id='word_1_27' title='bbox 1077 725 1515 798; x_wconf 91' lang='lat' dir='ltr'>nominum,per</span> <span class='ocrx_word' id='word_1_28' title='bbox 1546 726 1836 782; x_wconf 79' lang='lat' dir='ltr'>diversam</span> <span class='ocrx_word' id='word_1_29' title='bbox 1861 743 2101 798; x_wconf 85' lang='lat' dir='ltr'>Operum</span> 
     </span>
    </p>
   </div>
   <div class='ocr_carea' id='block_1_7' title="bbox 454 813 2102 886">
    <p class='ocr_par' dir='ltr' id='par_1_7' title="bbox 454 813 2102 886">
     <span class='ocr_line' id='line_1_7' title="bbox 454 813 2102 886; baseline 0.001 -18"><span class='ocrx_word' id='word_1_30' title='bbox 454 813 949 884; x_wconf 81' lang='lat' dir='ltr'>nuncupationem</span> <span class='ocrx_word' id='word_1_31' title='bbox 982 830 1043 868; x_wconf 91' lang='lat' dir='ltr'>se</span> <span class='ocrx_word' id='word_1_32' title='bbox 1073 813 1254 868; x_wconf 91' lang='lat' dir='ltr'>voluit</span> <span class='ocrx_word' id='word_1_33' title='bbox 1298 815 1720 886; x_wconf 78' lang='lat' dir='ltr'>demonstrare,</span> <span class='ocrx_word' id='word_1_34' title='bbox 1754 815 1835 870; x_wconf 93' lang='lat' dir='ltr'>ita</span> <span class='ocrx_word' id='word_1_35' title='bbox 1865 813 2102 886; x_wconf 86' lang='lat' dir='ltr'>legisla-</span> 
     </span>
    </p>
   </div>
   <div class='ocr_carea' id='block_1_8' title="bbox 455 903 2102 973">
    <p class='ocr_par' dir='ltr' id='par_1_8' title="bbox 455 903 2102 973">
     <span class='ocr_line' id='line_1_8' title="bbox 455 903 2102 973; baseline 0 -16"><span class='ocrx_word' id='word_1_36' title='bbox 455 907 580 958; x_wconf 88' lang='lat' dir='ltr'>tore</span> <span class='ocrx_word' id='word_1_37' title='bbox 620 903 847 957; x_wconf 83' lang='lat' dir='ltr'>dicente</span> <span class='ocrx_word' id='word_1_38' title='bbox 879 907 972 958; x_wconf 85' lang='lat' dir='ltr'>:Et</span> <span class='ocrx_word' id='word_1_39' title='bbox 1001 905 1207 958; x_wconf 82' lang='lat' dir='ltr'>ereavit</span> <span class='ocrx_word' id='word_1_40' title='bbox 1235 905 1374 958; x_wconf 85' lang='lat' dir='ltr'>Deus</span> <span class='ocrx_word' id='word_1_41' title='bbox 1430 904 1726 973; x_wconf 80' lang='lat' dir='ltr'>hominem,</span> <span class='ocrx_word' id='word_1_42' title='bbox 1775 905 1844 958; x_wconf 83' lang='lat' dir='ltr'>ad.</span> <span class='ocrx_word' id='word_1_43' title='bbox 1900 906 2102 973; x_wconf 86' lang='lat' dir='ltr'>imagi-</span> 
     </span>
    </p>
   </div>
   <div class='ocr_carea' id='block_1_9' title="bbox 451 993 2103 1063">
    <p class='ocr_par' dir='ltr' id='par_1_9' title="bbox 451 993 2103 1063">
     <span class='ocr_line' id='line_1_9' title="bbox 451 993 2103 1063; baseline -0.001 -17"><span class='ocrx_word' id='word_1_44' title='bbox 451 1008 577 1046; x_wconf 82' lang='lat' dir='ltr'>nem</span> <span class='ocrx_word' id='word_1_45' title='bbox 607 993 706 1046; x_wconf 87' lang='lat' dir='ltr'>Dei</span> <span class='ocrx_word' id='word_1_46' title='bbox 733 993 937 1046; x_wconf 75' lang='lat' dir='ltr'>creavit</span> <span class='ocrx_word' id='word_1_47' title='bbox 967 1009 1091 1046; x_wconf 87' lang='lat' dir='ltr'>eum</span> <span class='ocrx_word' id='word_1_48' title='bbox 1123 1009 1136 1046; x_wconf 89' lang='lat'>:</span> <span class='ocrx_word' id='word_1_49' title='bbox 1179 993 1484 1047; x_wconf 84' lang='lat' dir='ltr'>masculum</span> <span class='ocrx_word' id='word_1_50' title='bbox 1537 997 1588 1047; x_wconf 85' lang='lat' dir='ltr'>et</span> <span class='ocrx_word' id='word_1_51' title='bbox 1642 995 1909 1063; x_wconf 78' lang='lat' dir='ltr'>feminam</span> <span class='ocrx_word' id='word_1_52' title='bbox 1975 995 2103 1062; x_wconf 82' lang='lat' dir='ltr'>[ecit</span> 
     </span>
    </p>
   </div>
   <div class='ocr_carea' id='block_1_10' title="bbox 453 1081 2103 1152">
    <p class='ocr_par' dir='ltr' id='par_1_10' title="bbox 453 1081 2103 1152">
     <span class='ocr_line' id='line_1_10' title="bbox 453 1081 2103 1152; baseline 0 -16"><span class='ocrx_word' id='word_1_53' title='bbox 453 1097 540 1136; x_wconf 89' lang='lat' dir='ltr'>eos</span> <span class='ocrx_word' id='word_1_54' title='bbox 570 1081 736 1148; x_wconf 85' lang='lat' dir='ltr'>(Gen.</span> <span class='ocrx_word' id='word_1_55' title='bbox 770 1083 932 1150; x_wconf 75' lang='lat'>1,27).</span> <span class='ocrx_word' id='word_1_56' title='bbox 980 1081 1276 1152; x_wconf 82' lang='lat' dir='ltr'>Itemque:</span> <span class='ocrx_word' id='word_1_57' title='bbox 1330 1084 1394 1135; x_wconf 79' lang='lat' dir='ltr'>Et</span> <span class='ocrx_word' id='word_1_58' title='bbox 1441 1084 1570 1151; x_wconf 75' lang='lat' dir='ltr'>fecit</span> <span class='ocrx_word' id='word_1_59' title='bbox 1628 1083 1768 1136; x_wconf 85' lang='lat' dir='ltr'>Deus</span> <span class='ocrx_word' id='word_1_60' title='bbox 1824 1082 2103 1136; x_wconf 77' lang='lat' dir='ltr'>hominem</span> 
     </span>
    </p>
   </div>
   <div class='ocr_carea' id='block_1_11' title="bbox 453 1170 2101 1242">
    <p class='ocr_par' dir='ltr' id='par_1_11' title="bbox 453 1170 2101 1242">
     <span class='ocr_line' id='line_1_11' title="bbox 453 1170 2101 1242; baseline 0.001 -18"><span class='ocrx_word' id='word_1_61' title='bbox 453 1170 516 1224; x_wconf 89' lang='lat' dir='ltr'>de</span> <span class='ocrx_word' id='word_1_62' title='bbox 548 1171 676 1224; x_wconf 85' lang='lat' dir='ltr'>limo</span> <span class='ocrx_word' id='word_1_63' title='bbox 707 1175 886 1226; x_wconf 68' lang='lat' dir='ltr'>terrm.</span> <span class='ocrx_word' id='word_1_64' title='bbox 918 1171 978 1224; x_wconf 86' lang='lat' dir='ltr'>Et</span> <span class='ocrx_word' id='word_1_65' title='bbox 1004 1173 1292 1242; x_wconf 75' lang='lat' dir='ltr'>inspiravit</span> <span class='ocrx_word' id='word_1_66' title='bbox 1324 1173 1381 1225; x_wconf 84' lang='lat' dir='ltr'>in</span> <span class='ocrx_word' id='word_1_67' title='bbox 1413 1173 1612 1240; x_wconf 79' lang='lat' dir='ltr'>faciem</span> <span class='ocrx_word' id='word_1_68' title='bbox 1669 1174 1786 1241; x_wconf 81' lang='lat' dir='ltr'>ejus</span> <span class='ocrx_word' id='word_1_69' title='bbox 1846 1174 2101 1241; x_wconf 83' lang='lat' dir='ltr'>spiracu-</span> 
     </span>
    </p>
   </div>
   <div class='ocr_carea' id='block_1_12' title="bbox 451 1259 2104 1334">
    <p class='ocr_par' dir='ltr' id='par_1_12' title="bbox 451 1259 2104 1334">
     <span class='ocr_line' id='line_1_12' title="bbox 451 1259 2104 1334; baseline 0.002 -23"><span class='ocrx_word' id='word_1_70' title='bbox 451 1259 571 1334; x_wconf 66' lang='lat' dir='ltr'>tum</span> <span class='ocrx_word' id='word_1_71' title='bbox 598 1260 742 1324; x_wconf 72' lang='lat' dir='ltr'>vitae,</span> <span class='ocrx_word' id='word_1_72' title='bbox 775 1263 827 1313; x_wconf 91' lang='lat' dir='ltr'>et</span> <span class='ocrx_word' id='word_1_73' title='bbox 851 1259 1031 1328; x_wconf 82' lang='lat' dir='ltr'>factus</span> <span class='ocrx_word' id='word_1_74' title='bbox 1075 1262 1150 1313; x_wconf 86' lang='lat' dir='ltr'>est</span> <span class='ocrx_word' id='word_1_75' title='bbox 1201 1259 1356 1314; x_wconf 79' lang='lat' dir='ltr'>homo</span> <span class='ocrx_word' id='word_1_76' title='bbox 1413 1262 1471 1313; x_wconf 86' lang='lat' dir='ltr'>in</span> <span class='ocrx_word' id='word_1_77' title='bbox 1529 1262 1777 1314; x_wconf 86' lang='lat' dir='ltr'>animam</span> <span class='ocrx_word' id='word_1_78' title='bbox 1832 1262 2104 1314; x_wconf 73' lang='lat' dir='ltr'>viventem</span> 
     </span>
    </p>
   </div>
   <div class='ocr_carea' id='block_1_13' title="bbox 454 1347 2100 1420">
    <p class='ocr_par' dir='ltr' id='par_1_13' title="bbox 454 1347 2100 1420">
     <span class='ocr_line' id='line_1_13' title="bbox 454 1347 2100 1420; baseline 0.001 -20"><span class='ocrx_word' id='word_1_79' title='bbox 454 1347 604 1413; x_wconf 87' lang='lat' dir='ltr'>(Gen.</span> <span class='ocrx_word' id='word_1_80' title='bbox 640 1365 698 1418; x_wconf 81' lang='lat' dir='ltr'>Il,</span> <span class='ocrx_word' id='word_1_81' title='bbox 777 1348 842 1418; x_wconf 88' lang='lat'>):</span> <span class='ocrx_word' id='word_1_82' title='bbox 903 1347 1001 1402; x_wconf 89' lang='lat' dir='ltr'>ubi</span> <span class='ocrx_word' id='word_1_83' title='bbox 1061 1348 1117 1400; x_wconf 93' lang='lat' dir='ltr'>in</span> <span class='ocrx_word' id='word_1_84' title='bbox 1180 1347 1443 1415; x_wconf 81' lang='lat' dir='ltr'>faciente,</span> <span class='ocrx_word' id='word_1_85' title='bbox 1504 1352 1560 1404; x_wconf 90' lang='lat' dir='ltr'>et</span> <span class='ocrx_word' id='word_1_86' title='bbox 1614 1349 1956 1420; x_wconf 85' lang='lat' dir='ltr'>inspirante,</span> <span class='ocrx_word' id='word_1_87' title='bbox 2013 1348 2100 1404; x_wconf 87' lang='lat' dir='ltr'>vel</span> 
     </span>
    </p>
   </div>
   <div class='ocr_carea' id='block_1_14' title="bbox 454 1437 2104 1508">
    <p class='ocr_par' dir='ltr' id='par_1_14' title="bbox 454 1437 2104 1508">
     <span class='ocr_line' id='line_1_14' title="bbox 454 1437 2104 1508; baseline 0.002 -18"><span class='ocrx_word' id='word_1_88' title='bbox 454 1437 626 1491; x_wconf 87' lang='lat' dir='ltr'>etiam</span> <span class='ocrx_word' id='word_1_89' title='bbox 659 1437 1054 1505; x_wconf 82' lang='lat' dir='ltr'>benedicente,</span> <span class='ocrx_word' id='word_1_90' title='bbox 1093 1437 1216 1493; x_wconf 91' lang='lat' dir='ltr'>sine</span> <span class='ocrx_word' id='word_1_91' title='bbox 1248 1437 1370 1492; x_wconf 88' lang='lat' dir='ltr'>ulla</span> <span class='ocrx_word' id='word_1_92' title='bbox 1399 1438 1769 1508; x_wconf 82' lang='lat' dir='ltr'>discretione,</span> <span class='ocrx_word' id='word_1_93' title='bbox 1801 1438 1888 1493; x_wconf 92' lang='lat' dir='ltr'>vel</span> <span class='ocrx_word' id='word_1_94' title='bbox 1920 1439 2104 1494; x_wconf 88' lang='lat' dir='ltr'>disso-</span> 
     </span>
    </p>
   </div>
   <div class='ocr_carea' id='block_1_15' title="bbox 452 1525 2100 1598">
    <p class='ocr_par' dir='ltr' id='par_1_15' title="bbox 452 1525 2100 1598">
     <span class='ocr_line' id='line_1_15' title="bbox 452 1525 2100 1598; baseline 0.001 -18"><span class='ocrx_word' id='word_1_95' title='bbox 452 1525 653 1580; x_wconf 83' lang='lat' dir='ltr'>nantia</span> <span class='ocrx_word' id='word_1_96' title='bbox 681 1525 1022 1592; x_wconf 89' lang='lat' dir='ltr'>voluntatis,</span> <span class='ocrx_word' id='word_1_97' title='bbox 1047 1530 1345 1598; x_wconf 85' lang='lat' dir='ltr'>operatam</span> <span class='ocrx_word' id='word_1_98' title='bbox 1378 1527 1726 1582; x_wconf 82' lang='lat' dir='ltr'>Trinitatem</span> <span class='ocrx_word' id='word_1_99' title='bbox 1759 1528 1971 1582; x_wconf 90' lang='lat' dir='ltr'>sentire</span> <span class='ocrx_word' id='word_1_100' title='bbox 2001 1529 2100 1582; x_wconf 90' lang='lat' dir='ltr'>de-</span> 
     </span>
    </p>
   </div>
   <div class='ocr_carea' id='block_1_16' title="bbox 448 1614 2100 1686">
    <p class='ocr_par' dir='ltr' id='par_1_16' title="bbox 448 1614 2100 1686">
     <span class='ocr_line' id='line_1_16' title="bbox 448 1614 2100 1686; baseline 0.001 -18"><span class='ocrx_word' id='word_1_101' title='bbox 448 1614 675 1669; x_wconf 87' lang='lat' dir='ltr'>bemus.</span> <span class='ocrx_word' id='word_1_102' title='bbox 710 1618 836 1669; x_wconf 86' lang='lat' dir='ltr'>Non</span> <span class='ocrx_word' id='word_1_103' title='bbox 870 1614 1027 1670; x_wconf 90' lang='lat' dir='ltr'>enim</span> <span class='ocrx_word' id='word_1_104' title='bbox 1059 1617 1233 1670; x_wconf 80' lang='lat' dir='ltr'>refert</span> <span class='ocrx_word' id='word_1_105' title='bbox 1251 1614 1495 1686; x_wconf 90' lang='lat' dir='ltr'>aliquid,</span> <span class='ocrx_word' id='word_1_106' title='bbox 1528 1616 1619 1670; x_wconf 88' lang='lat' dir='ltr'>vel</span> <span class='ocrx_word' id='word_1_107' title='bbox 1651 1616 1948 1670; x_wconf 89' lang='lat' dir='ltr'>diversum</span> <span class='ocrx_word' id='word_1_108' title='bbox 2010 1616 2100 1670; x_wconf 91' lang='lat' dir='ltr'>in-</span> 
     </span>
    </p>
   </div>
   <div class='ocr_carea' id='block_1_17' title="bbox 447 1702 2096 1775">
    <p class='ocr_par' dir='ltr' id='par_1_17' title="bbox 447 1702 2096 1775">
     <span class='ocr_line' id='line_1_17' title="bbox 447 1702 2096 1775; baseline 0.003 -19"><span class='ocrx_word' id='word_1_109' title='bbox 447 1702 709 1775; x_wconf 88' lang='lat' dir='ltr'>telligere</span> <span class='ocrx_word' id='word_1_110' title='bbox 731 1703 890 1768; x_wconf 89' lang='lat' dir='ltr'>facit,</span> <span class='ocrx_word' id='word_1_111' title='bbox 920 1703 1164 1758; x_wconf 86' lang='lat' dir='ltr'>verbum</span> <span class='ocrx_word' id='word_1_112' title='bbox 1213 1706 1436 1772; x_wconf 83' lang='lat' dir='ltr'>creavit,</span> <span class='ocrx_word' id='word_1_113' title='bbox 1472 1705 1765 1775; x_wconf 83' lang='lat' dir='ltr'>inspira-vit</span> <span class='ocrx_word' id='word_1_114' title='bbox 1825 1710 1881 1760; x_wconf 92' lang='lat' dir='ltr'>et</span> <span class='ocrx_word' id='word_1_115' title='bbox 1941 1706 2096 1761; x_wconf 84' lang='lat' dir='ltr'>bene-</span> 
     </span>
    </p>
   </div>
   <div class='ocr_carea' id='block_1_18' title="bbox 448 1793 2100 1864">
    <p class='ocr_par' dir='ltr' id='par_1_18' title="bbox 448 1793 2100 1864">
     <span class='ocr_line' id='line_1_18' title="bbox 448 1793 2100 1864; baseline 0.003 -18"><span class='ocrx_word' id='word_1_116' title='bbox 448 1793 594 1846; x_wconf 75' lang='lat' dir='ltr'>dixit</span> <span class='ocrx_word' id='word_1_117' title='bbox 617 1793 770 1862; x_wconf 80' lang='lat' dir='ltr'>(Gen.</span> <span class='ocrx_word' id='word_1_118' title='bbox 803 1809 840 1860; x_wconf 80' lang='grc' dir='ltr'>ι,</span> <span class='ocrx_word' id='word_1_119' title='bbox 874 1794 944 1848; x_wconf 82' lang='lat'>27</span> <span class='ocrx_word' id='word_1_120' title='bbox 973 1811 986 1860; x_wconf 90' lang='lat'><strong>;</strong></span> <span class='ocrx_word' id='word_1_121' title='bbox 1020 1810 1060 1847; x_wconf 82' lang='grc' dir='ltr'>ιι</span> <span class='ocrx_word' id='word_1_122' title='bbox 1097 1811 1110 1858; x_wconf 92' lang='grc'>;</span> <span class='ocrx_word' id='word_1_123' title='bbox 1141 1796 1212 1861; x_wconf 88' lang='lat'>7;</span> <span class='ocrx_word' id='word_1_124' title='bbox 1249 1796 1285 1848; x_wconf 84' lang='lat' dir='ltr'>i‘</span> <span class='ocrx_word' id='word_1_125' title='bbox 1317 1795 1408 1864; x_wconf 79' lang='lat'>‘38)</span> <span class='ocrx_word' id='word_1_126' title='bbox 1443 1812 1456 1849; x_wconf 90' lang='lat'>:</span> <span class='ocrx_word' id='word_1_127' title='bbox 1494 1794 1592 1848; x_wconf 91' lang='lat' dir='ltr'>ubi</span> <span class='ocrx_word' id='word_1_128' title='bbox 1619 1796 1945 1850; x_wconf 91' lang='lat' dir='ltr'>secundum</span> <span class='ocrx_word' id='word_1_129' title='bbox 1998 1813 2100 1851; x_wconf 89' lang='lat' dir='ltr'>na-</span> 
     </span>
    </p>
   </div>
   <div class='ocr_carea' id='block_1_19' title="bbox 450 1877 2098 1955">
    <p class='ocr_par' dir='ltr' id='par_1_19' title="bbox 450 1877 2098 1955">
     <span class='ocr_line' id='line_1_19' title="bbox 450 1877 2098 1955; baseline 0.002 -19"><span class='ocrx_word' id='word_1_130' title='bbox 450 1884 598 1937; x_wconf 60' lang='lat' dir='ltr'>tura;</span> <span class='ocrx_word' id='word_1_131' title='bbox 617 1881 1052 1952; x_wconf 86' lang='lat' dir='ltr'>unitatem,una</span> <span class='ocrx_word' id='word_1_132' title='bbox 1069 1887 1159 1938; x_wconf 91' lang='lat' dir='ltr'>est</span> <span class='ocrx_word' id='word_1_133' title='bbox 1177 1882 1446 1938; x_wconf 87' lang='lat' dir='ltr'>voluntas</span> <span class='ocrx_word' id='word_1_134' title='bbox 1470 1877 1733 1955; x_wconf 87' lang='lat' dir='ltr'>opusque</span> <span class='ocrx_word' id='word_1_135' title='bbox 1765 1902 2098 1940; x_wconf 90' lang='lat' dir='ltr'>commune.</span> 
     </span>
    </p>
   </div>
   <div class='ocr_carea' id='block_1_20' title="bbox 528 1971 2092 2044">
    <p class='ocr_par' dir='ltr' id='par_1_20' title="bbox 528 1971 2092 2044">
     <span class='ocr_line' id='line_1_20' title="bbox 528 1971 2092 2044; baseline 0.006 -24"><span class='ocrx_word' id='word_1_136' title='bbox 528 1993 549 2020; x_wconf 79' lang='grc' dir='ltr'>ι</span> <span class='ocrx_word' id='word_1_137' title='bbox 584 1971 640 2024; x_wconf 89' lang='lat' dir='ltr'>Si</span> <span class='ocrx_word' id='word_1_138' title='bbox 671 1974 856 2041; x_wconf 86' lang='lat' dir='ltr'>potes,</span> <span class='ocrx_word' id='word_1_139' title='bbox 892 1973 1178 2044; x_wconf 89' lang='lat' dir='ltr'>responde</span> <span class='ocrx_word' id='word_1_140' title='bbox 1209 1973 1375 2040; x_wconf 90' lang='lat' dir='ltr'>mihi,</span> <span class='ocrx_word' id='word_1_141' title='bbox 1438 1978 1494 2029; x_wconf 89' lang='lat' dir='ltr'>et</span> <span class='ocrx_word' id='word_1_142' title='bbox 1544 1974 1825 2030; x_wconf 88' lang='lat' dir='ltr'>adversus</span> <span class='ocrx_word' id='word_1_143' title='bbox 1886 1975 2092 2030; x_wconf 85' lang='lat' dir='ltr'>faciem</span> 
     </span>
    </p>
   </div>
   <div class='ocr_carea' id='block_1_21' title="bbox 450 2059 2089 2134">
    <p class='ocr_par' dir='ltr' id='par_1_21' title="bbox 450 2059 2089 2134">
     <span class='ocr_line' id='line_1_21' title="bbox 450 2059 2089 2134; baseline 0.004 -20"><span class='ocrx_word' id='word_1_144' title='bbox 450 2076 640 2116; x_wconf 87' lang='lat' dir='ltr'>meam</span> <span class='ocrx_word' id='word_1_145' title='bbox 673 2059 927 2116; x_wconf 89' lang='lat' dir='ltr'>consiste</span> <span class='ocrx_word' id='word_1_146' title='bbox 961 2077 972 2115; x_wconf 97' lang='lat'>:</span> <span class='ocrx_word' id='word_1_147' title='bbox 1007 2077 1136 2116; x_wconf 89' lang='lat' dir='ltr'>ecce</span> <span class='ocrx_word' id='word_1_148' title='bbox 1166 2066 1336 2117; x_wconf 87' lang='lat' dir='ltr'>etme</span> <span class='ocrx_word' id='word_1_149' title='bbox 1366 2062 1518 2117; x_wconf 89' lang='lat' dir='ltr'>sicut</span> <span class='ocrx_word' id='word_1_150' title='bbox 1546 2066 1604 2118; x_wconf 90' lang='lat' dir='ltr'>et</span> <span class='ocrx_word' id='word_1_151' title='bbox 1650 2067 1705 2119; x_wconf 88' lang='lat' dir='ltr'>te</span> <span class='ocrx_word' id='word_1_152' title='bbox 1729 2063 1860 2119; x_wconf 85' lang='lat' dir='ltr'>fecit</span> <span class='ocrx_word' id='word_1_153' title='bbox 1917 2065 2089 2134; x_wconf 89' lang='lat' dir='ltr'>Deus,</span> 
     </span>
    </p>
   </div>
   <div class='ocr_carea' id='block_1_22' title="bbox 449 2150 2089 2223">
    <p class='ocr_par' dir='ltr' id='par_1_22' title="bbox 449 2150 2089 2223">
     <span class='ocr_line' id='line_1_22' title="bbox 449 2150 2089 2223; baseline 0.003 -19"><span class='ocrx_word' id='word_1_154' title='bbox 449 2153 505 2204; x_wconf 88' lang='lat' dir='ltr'>et</span> <span class='ocrx_word' id='word_1_155' title='bbox 535 2150 605 2204; x_wconf 90' lang='lat' dir='ltr'>de</span> <span class='ocrx_word' id='word_1_156' title='bbox 635 2150 836 2205; x_wconf 90' lang='lat' dir='ltr'>eodem</span> <span class='ocrx_word' id='word_1_157' title='bbox 871 2150 991 2205; x_wconf 91' lang='lat' dir='ltr'>luto</span> <span class='ocrx_word' id='word_1_158' title='bbox 1023 2167 1128 2221; x_wconf 85' lang='lat' dir='ltr'>ego</span> <span class='ocrx_word' id='word_1_159' title='bbox 1159 2167 1390 2223; x_wconf 92' lang='lat' dir='ltr'>quoque</span> <span class='ocrx_word' id='word_1_160' title='bbox 1421 2153 1708 2208; x_wconf 86' lang='lat' dir='ltr'>formatus</span> <span class='ocrx_word' id='word_1_161' title='bbox 1765 2169 1917 2208; x_wconf 90' lang='lat' dir='ltr'>sum.</span> <span class='ocrx_word' id='word_1_162' title='bbox 1981 2155 2089 2209; x_wconf 86' lang='lat' dir='ltr'>Ve-</span> 
     </span>
    </p>
   </div>
   <div class='ocr_carea' id='block_1_23' title="bbox 447 2239 2093 2311">
    <p class='ocr_par' dir='ltr' id='par_1_23' title="bbox 447 2239 2093 2311">
     <span class='ocr_line' id='line_1_23' title="bbox 447 2239 2093 2311; baseline 0.004 -20"><span class='ocrx_word' id='word_1_163' title='bbox 447 2242 779 2294; x_wconf 83' lang='lat' dir='ltr'>rumtamen</span> <span class='ocrx_word' id='word_1_164' title='bbox 811 2239 1160 2295; x_wconf 84' lang='lat' dir='ltr'>miraculum</span> <span class='ocrx_word' id='word_1_165' title='bbox 1202 2257 1398 2296; x_wconf 91' lang='lat' dir='ltr'>meum</span> <span class='ocrx_word' id='word_1_166' title='bbox 1460 2259 1571 2296; x_wconf 92' lang='lat' dir='ltr'>non</span> <span class='ocrx_word' id='word_1_167' title='bbox 1629 2246 1685 2297; x_wconf 91' lang='lat' dir='ltr'>te</span> <span class='ocrx_word' id='word_1_168' title='bbox 1743 2247 1976 2311; x_wconf 88' lang='lat' dir='ltr'>terreat,</span> <span class='ocrx_word' id='word_1_169' title='bbox 2036 2248 2093 2298; x_wconf 91' lang='lat' dir='ltr'>et</span> 
     </span>
    </p>
   </div>
   <div class='ocr_carea' id='block_1_24' title="bbox 447 2327 2088 2402">
    <p class='ocr_par' dir='ltr' id='par_1_24' title="bbox 447 2327 2088 2402">
     <span class='ocr_line' id='line_1_24' title="bbox 447 2327 2088 2402; baseline 0.004 -20"><span class='ocrx_word' id='word_1_170' title='bbox 447 2327 780 2398; x_wconf 88' lang='lat' dir='ltr'>eloquentia</span> <span class='ocrx_word' id='word_1_171' title='bbox 810 2346 940 2384; x_wconf 90' lang='lat' dir='ltr'>mea</span> <span class='ocrx_word' id='word_1_172' title='bbox 969 2346 1083 2384; x_wconf 92' lang='lat' dir='ltr'>non</span> <span class='ocrx_word' id='word_1_173' title='bbox 1136 2329 1211 2384; x_wconf 93' lang='lat' dir='ltr'>sit</span> <span class='ocrx_word' id='word_1_174' title='bbox 1259 2331 1364 2385; x_wconf 88' lang='lat' dir='ltr'>tibi</span> <span class='ocrx_word' id='word_1_175' title='bbox 1415 2332 1689 2402; x_wconf 80' lang='lat' dir='ltr'>gravis.»</span> <span class='ocrx_word' id='word_1_176' title='bbox 1748 2332 2088 2388; x_wconf 88' lang='lat' dir='ltr'>Prolaturus</span> 
     </span>
    </p>
   </div>
   <div class='ocr_carea' id='block_1_25' title="bbox 447 2418 2088 2492">
    <p class='ocr_par' dir='ltr' id='par_1_25' title="bbox 447 2418 2088 2492">
     <span class='ocr_line' id='line_1_25' title="bbox 447 2418 2088 2492; baseline 0.003 -21"><span class='ocrx_word' id='word_1_177' title='bbox 447 2418 623 2472; x_wconf 89' lang='lat' dir='ltr'>verba</span> <span class='ocrx_word' id='word_1_178' title='bbox 655 2418 802 2488; x_wconf 90' lang='lat' dir='ltr'>ejus,</span> <span class='ocrx_word' id='word_1_179' title='bbox 840 2419 1278 2490; x_wconf 83' lang='lat' dir='ltr'>responsionem</span> <span class='ocrx_word' id='word_1_180' title='bbox 1304 2420 1584 2492; x_wconf 87' lang='lat' dir='ltr'>deposcit,</span> <span class='ocrx_word' id='word_1_181' title='bbox 1607 2425 1670 2476; x_wconf 91' lang='lat' dir='ltr'>ut</span> <span class='ocrx_word' id='word_1_182' title='bbox 1696 2423 1805 2477; x_wconf 93' lang='lat' dir='ltr'>sub</span> <span class='ocrx_word' id='word_1_183' title='bbox 1859 2422 2088 2478; x_wconf 86' lang='lat' dir='ltr'>blandi-</span> 
     </span>
    </p>
   </div>
   <div class='ocr_carea' id='block_1_26' title="bbox 449 2509 2089 2578">
    <p class='ocr_par' dir='ltr' id='par_1_26' title="bbox 449 2509 2089 2578">
     <span class='ocr_line' id='line_1_26' title="bbox 449 2509 2089 2578; baseline 0.005 -18"><span class='ocrx_word' id='word_1_184' title='bbox 449 2512 646 2562; x_wconf 89' lang='lat' dir='ltr'>mento</span> <span class='ocrx_word' id='word_1_185' title='bbox 678 2509 932 2578; x_wconf 91' lang='lat' dir='ltr'>quodam</span> <span class='ocrx_word' id='word_1_186' title='bbox 957 2513 1011 2563; x_wconf 91' lang='lat' dir='ltr'>et</span> <span class='ocrx_word' id='word_1_187' title='bbox 1042 2509 1436 2565; x_wconf 85' lang='lat' dir='ltr'>consolatione</span> <span class='ocrx_word' id='word_1_188' title='bbox 1468 2509 1746 2566; x_wconf 88' lang='lat' dir='ltr'>simulata</span> <span class='ocrx_word' id='word_1_189' title='bbox 1794 2511 2089 2568; x_wconf 90' lang='lat' dir='ltr'>minarum</span> 
     </span>
    </p>
   </div>
   <div class='ocr_carea' id='block_1_27' title="bbox 445 2598 2091 2671">
    <p class='ocr_par' dir='ltr' id='par_1_27' title="bbox 445 2598 2091 2671">
     <span class='ocr_line' id='line_1_27' title="bbox 445 2598 2091 2671; baseline 0.004 -21"><span class='ocrx_word' id='word_1_190' title='bbox 445 2599 724 2652; x_wconf 88' lang='lat' dir='ltr'>terrorem</span> <span class='ocrx_word' id='word_1_191' title='bbox 759 2598 1184 2670; x_wconf 87' lang='lat' dir='ltr'>incuteret,quo</span> <span class='ocrx_word' id='word_1_192' title='bbox 1216 2601 1590 2671; x_wconf 88' lang='lat' dir='ltr'>perturbatus</span> <span class='ocrx_word' id='word_1_193' title='bbox 1619 2601 1728 2657; x_wconf 93' lang='lat' dir='ltr'>Job</span> <span class='ocrx_word' id='word_1_194' title='bbox 1751 2601 1917 2657; x_wconf 80' lang='lat' dir='ltr'>facile</span> <span class='ocrx_word' id='word_1_195' title='bbox 1940 2602 2091 2658; x_wconf 90' lang='lat' dir='ltr'>mul-</span> 
     </span>
    </p>
   </div>
   <div class='ocr_carea' id='block_1_28' title="bbox 444 2685 1186 2759">
    <p class='ocr_par' dir='ltr' id='par_1_28' title="bbox 444 2685 1186 2759">
     <span class='ocr_line' id='line_1_28' title="bbox 444 2685 1186 2759; baseline 0.007 -20"><span class='ocrx_word' id='word_1_196' title='bbox 444 2685 689 2756; x_wconf 89' lang='lat' dir='ltr'>tiloquio</span> <span class='ocrx_word' id='word_1_197' title='bbox 723 2687 909 2759; x_wconf 89' lang='lat' dir='ltr'>ipsius</span> <span class='ocrx_word' id='word_1_198' title='bbox 939 2689 1186 2744; x_wconf 90' lang='lat' dir='ltr'>cederet.</span> 
     </span>
    </p>
   </div>
   <div class='ocr_carea' id='block_1_29' title="bbox 518 2776 2091 2849">
    <p class='ocr_par' dir='ltr' id='par_1_29' title="bbox 518 2776 2091 2849">
     <span class='ocr_line' id='line_1_29' title="bbox 518 2776 2091 2849; baseline 0.004 -19"><span class='ocrx_word' id='word_1_199' title='bbox 518 2797 546 2825; x_wconf 83' lang='lat'>«</span> <span class='ocrx_word' id='word_1_200' title='bbox 579 2776 781 2831; x_wconf 84' lang='lat' dir='ltr'>Dixisti</span> <span class='ocrx_word' id='word_1_201' title='bbox 806 2793 942 2848; x_wconf 92' lang='lat' dir='ltr'>ergo</span> <span class='ocrx_word' id='word_1_202' title='bbox 974 2778 1031 2832; x_wconf 94' lang='lat' dir='ltr'>in</span> <span class='ocrx_word' id='word_1_203' title='bbox 1064 2779 1306 2834; x_wconf 90' lang='lat' dir='ltr'>auribus</span> <span class='ocrx_word' id='word_1_204' title='bbox 1339 2780 1505 2849; x_wconf 90' lang='lat' dir='ltr'>meis,</span> <span class='ocrx_word' id='word_1_205' title='bbox 1539 2785 1596 2836; x_wconf 93' lang='lat' dir='ltr'>et</span> <span class='ocrx_word' id='word_1_206' title='bbox 1634 2799 1831 2837; x_wconf 91' lang='lat' dir='ltr'>vocem</span> <span class='ocrx_word' id='word_1_207' title='bbox 1889 2783 2091 2837; x_wconf 92' lang='lat' dir='ltr'>verbo-</span> 
     </span>
    </p>
   </div>
   <div class='ocr_carea' id='block_1_30' title="bbox 449 2867 2094 2943">
    <p class='ocr_par' dir='ltr' id='par_1_30' title="bbox 449 2867 2094 2943">
     <span class='ocr_line' id='line_1_30' title="bbox 449 2867 2094 2943; baseline 0.005 -24"><span class='ocrx_word' id='word_1_208' title='bbox 449 2881 580 2919; x_wconf 89' lang='lat' dir='ltr'>rum</span> <span class='ocrx_word' id='word_1_209' title='bbox 612 2869 848 2922; x_wconf 89' lang='lat' dir='ltr'>tuorum</span> <span class='ocrx_word' id='word_1_210' title='bbox 882 2867 1077 2922; x_wconf 88' lang='lat' dir='ltr'>audivi</span> <span class='ocrx_word' id='word_1_211' title='bbox 1107 2883 1121 2923; x_wconf 85' lang='lat'>:</span> <span class='ocrx_word' id='word_1_212' title='bbox 1156 2868 1412 2925; x_wconf 91' lang='lat' dir='ltr'>Mundus</span> <span class='ocrx_word' id='word_1_213' title='bbox 1444 2887 1576 2925; x_wconf 92' lang='lat' dir='ltr'>sum</span> <span class='ocrx_word' id='word_1_214' title='bbox 1610 2887 1740 2942; x_wconf 90' lang='lat' dir='ltr'>ego,</span> <span class='ocrx_word' id='word_1_215' title='bbox 1771 2876 1828 2926; x_wconf 90' lang='lat' dir='ltr'>et</span> <span class='ocrx_word' id='word_1_216' title='bbox 1873 2874 2094 2943; x_wconf 88' lang='lat' dir='ltr'>absque</span> 
     </span>
    </p>
   </div>
   <div class='ocr_carea' id='block_1_31' title="bbox 448 2953 2093 3030">
    <p class='ocr_par' dir='ltr' id='par_1_31' title="bbox 448 2953 2093 3030">
     <span class='ocr_line' id='line_1_31' title="bbox 448 2953 2093 3030; baseline 0.004 -23"><span class='ocrx_word' id='word_1_217' title='bbox 448 2953 659 3009; x_wconf 90' lang='lat' dir='ltr'>delicto</span> <span class='ocrx_word' id='word_1_218' title='bbox 692 2955 1131 3022; x_wconf 89' lang='lat' dir='ltr'>immaculatus,</span> <span class='ocrx_word' id='word_1_219' title='bbox 1164 2963 1221 3012; x_wconf 92' lang='lat' dir='ltr'>et</span> <span class='ocrx_word' id='word_1_220' title='bbox 1247 2975 1361 3012; x_wconf 89' lang='lat' dir='ltr'>non</span> <span class='ocrx_word' id='word_1_221' title='bbox 1394 2964 1484 3014; x_wconf 90' lang='lat' dir='ltr'>est</span> <span class='ocrx_word' id='word_1_222' title='bbox 1511 2959 1791 3030; x_wconf 88' lang='lat' dir='ltr'>iniquitas</span> <span class='ocrx_word' id='word_1_223' title='bbox 1822 2961 1881 3014; x_wconf 92' lang='lat' dir='ltr'>in</span> <span class='ocrx_word' id='word_1_224' title='bbox 1915 2977 2027 3015; x_wconf 89' lang='lat' dir='ltr'>me.</span> <span class='ocrx_word' id='word_1_225' title='bbox 2065 2981 2093 3008; x_wconf 85' lang='lat'>»</span> 
     </span>
    </p>
   </div>
   <div class='ocr_carea' id='block_1_32' title="bbox 446 3043 2094 3121">
    <p class='ocr_par' dir='ltr' id='par_1_32' title="bbox 446 3043 2094 3121">
     <span class='ocr_line' id='line_1_32' title="bbox 446 3043 2094 3121; baseline 0.005 -25"><span class='ocrx_word' id='word_1_226' title='bbox 446 3043 609 3107; x_wconf 87' lang='lat' dir='ltr'>Quod</span> <span class='ocrx_word' id='word_1_227' title='bbox 641 3058 778 3114; x_wconf 91' lang='lat' dir='ltr'>ergo</span> <span class='ocrx_word' id='word_1_228' title='bbox 804 3043 934 3098; x_wconf 91' lang='lat' dir='ltr'>Eliu</span> <span class='ocrx_word' id='word_1_229' title='bbox 965 3045 1046 3099; x_wconf 85' lang='lat' dir='ltr'>ait</span> <span class='ocrx_word' id='word_1_230' title='bbox 1075 3045 1185 3102; x_wconf 88' lang='lat' dir='ltr'>Job</span> <span class='ocrx_word' id='word_1_231' title='bbox 1219 3064 1232 3103; x_wconf 90' lang='lat'>:</span> <span class='ocrx_word' id='word_1_232' title='bbox 1269 3070 1297 3096; x_wconf 87' lang='lat'><strong><em>«</em></strong></span> <span class='ocrx_word' id='word_1_233' title='bbox 1349 3052 1468 3102; x_wconf 88' lang='lat' dir='ltr'>Hoc</span> <span class='ocrx_word' id='word_1_234' title='bbox 1526 3053 1616 3103; x_wconf 91' lang='lat' dir='ltr'>est</span> <span class='ocrx_word' id='word_1_235' title='bbox 1672 3065 1807 3119; x_wconf 91' lang='lat' dir='ltr'>ergo</span> <span class='ocrx_word' id='word_1_236' title='bbox 1860 3049 1919 3104; x_wconf 87' lang='lat' dir='ltr'>in</span> <span class='ocrx_word' id='word_1_237' title='bbox 1981 3065 2094 3121; x_wconf 89' lang='lat' dir='ltr'>quo</span> 
     </span>
    </p>
   </div>
   <div class='ocr_carea' id='block_1_33' title="bbox 443 3132 2092 3205">
    <p class='ocr_par' dir='ltr' id='par_1_33' title="bbox 443 3132 2092 3205">
     <span class='ocr_line' id='line_1_33' title="bbox 443 3132 2092 3205; baseline 0.005 -20"><span class='ocrx_word' id='word_1_238' title='bbox 443 3147 561 3186; x_wconf 89' lang='lat' dir='ltr'>non</span> <span class='ocrx_word' id='word_1_239' title='bbox 593 3132 1052 3204; x_wconf 81' lang='lat' dir='ltr'>esjustiticatus,</span> <span class='ocrx_word' id='word_1_240' title='bbox 1086 3154 1113 3186; x_wconf 69' lang='grc' dir='ltr'>ι</span> <span class='ocrx_word' id='word_1_241' title='bbox 1151 3135 1206 3189; x_wconf 92' lang='lat' dir='ltr'>id</span> <span class='ocrx_word' id='word_1_242' title='bbox 1244 3139 1350 3203; x_wconf 90' lang='lat' dir='ltr'>est,</span> <span class='ocrx_word' id='word_1_243' title='bbox 1385 3153 1662 3193; x_wconf 88' lang='lat' dir='ltr'>accusare</span> <span class='ocrx_word' id='word_1_244' title='bbox 1696 3139 1984 3194; x_wconf 87' lang='lat' dir='ltr'>debueras</span> <span class='ocrx_word' id='word_1_245' title='bbox 2019 3145 2092 3205; x_wconf 89' lang='lat' dir='ltr'>te,</span> 
     </span>
    </p>
   </div>
   <div class='ocr_carea' id='block_1_34' title="bbox 441 3220 2094 3294">
    <p class='ocr_par' dir='ltr' id='par_1_34' title="bbox 441 3220 2094 3294">
     <span class='ocr_line' id='line_1_34' title="bbox 441 3220 2094 3294; baseline 0.005 -19"><span class='ocrx_word' id='word_1_246' title='bbox 441 3237 556 3276; x_wconf 90' lang='lat' dir='ltr'>non</span> <span class='ocrx_word' id='word_1_247' title='bbox 588 3220 828 3278; x_wconf 89' lang='lat' dir='ltr'>laudare</span> <span class='ocrx_word' id='word_1_248' title='bbox 861 3239 1012 3278; x_wconf 91' lang='lat' dir='ltr'>:non</span> <span class='ocrx_word' id='word_1_249' title='bbox 1046 3223 1190 3279; x_wconf 91' lang='lat' dir='ltr'>illud</span> <span class='ocrx_word' id='word_1_250' title='bbox 1225 3225 1414 3282; x_wconf 87' lang='lat' dir='ltr'>dicere</span> <span class='ocrx_word' id='word_1_251' title='bbox 1451 3245 1462 3282; x_wconf 96' lang='lat'>:</span> <span class='ocrx_word' id='word_1_252' title='bbox 1524 3250 1551 3277; x_wconf 88' lang='grc'>‹‹</span> <span class='ocrx_word' id='word_1_253' title='bbox 1619 3228 1877 3283; x_wconf 89' lang='lat' dir='ltr'>mundus</span> <span class='ocrx_word' id='word_1_254' title='bbox 1937 3245 2094 3294; x_wconf 89' lang='lat' dir='ltr'>sum,</span> 
     </span>
    </p>
   </div>
   <div class='ocr_carea' id='block_1_35' title="bbox 2213 631 3866 704">
    <p class='ocr_par' dir='ltr' id='par_1_35' title="bbox 2213 631 3866 704">
     <span class='ocr_line' id='line_1_35' title="bbox 2213 631 3866 704; baseline -0.003 -12"><span class='ocrx_word' id='word_1_255' title='bbox 2213 642 2301 692; x_wconf 88' lang='lat' dir='ltr'>est</span> <span class='ocrx_word' id='word_1_256' title='bbox 2333 637 2485 692; x_wconf 92' lang='lat' dir='ltr'>Deus</span> <span class='ocrx_word' id='word_1_257' title='bbox 2518 635 2879 698; x_wconf 91' lang='lat' dir='ltr'>hominibus,</span> <span class='ocrx_word' id='word_1_258' title='bbox 2913 639 2968 689; x_wconf 89' lang='lat' dir='ltr'>et</span> <span class='ocrx_word' id='word_1_259' title='bbox 3011 632 3188 689; x_wconf 89' lang='lat' dir='ltr'>semel</span> <span class='ocrx_word' id='word_1_260' title='bbox 3240 632 3624 688; x_wconf 86' lang='lat' dir='ltr'>nihilominus</span> <span class='ocrx_word' id='word_1_261' title='bbox 3673 631 3866 704; x_wconf 90' lang='lat' dir='ltr'>loqui-</span> 
     </span>
    </p>
   </div>
   <div class='ocr_carea' id='block_1_36' title="bbox 2211 719 3867 796">
    <p class='ocr_par' dir='ltr' id='par_1_36' title="bbox 2211 719 3867 796">
     <span class='ocr_line' id='line_1_36' title="bbox 2211 719 3867 796; baseline -0.002 -16"><span class='ocrx_word' id='word_1_262' title='bbox 2211 730 2326 791; x_wconf 89' lang='lat' dir='ltr'>tur,</span> <span class='ocrx_word' id='word_1_263' title='bbox 2365 727 2462 780; x_wconf 85' lang='lat' dir='ltr'>sed</span> <span class='ocrx_word' id='word_1_264' title='bbox 2497 725 2596 780; x_wconf 92' lang='lat' dir='ltr'>ubi</span> <span class='ocrx_word' id='word_1_265' title='bbox 2634 725 2969 796; x_wconf 87' lang='lat' dir='ltr'>frequenter</span> <span class='ocrx_word' id='word_1_266' title='bbox 2997 721 3156 793; x_wconf 92' lang='lat' dir='ltr'>loqui</span> <span class='ocrx_word' id='word_1_267' title='bbox 3185 721 3404 776; x_wconf 89' lang='lat' dir='ltr'>dicitur</span> <span class='ocrx_word' id='word_1_268' title='bbox 3430 721 3605 789; x_wconf 87' lang='lat' dir='ltr'>Deus,</span> <span class='ocrx_word' id='word_1_269' title='bbox 3639 721 3726 777; x_wconf 91' lang='lat' dir='ltr'>vel</span> <span class='ocrx_word' id='word_1_270' title='bbox 3774 719 3867 777; x_wconf 83' lang='lat' dir='ltr'>lex</span> 
     </span>
    </p>
   </div>
   <div class='ocr_carea' id='block_1_37' title="bbox 2212 811 3863 886">
    <p class='ocr_par' dir='ltr' id='par_1_37' title="bbox 2212 811 3863 886">
     <span class='ocr_line' id='line_1_37' title="bbox 2212 811 3863 886; baseline -0.003 -16"><span class='ocrx_word' id='word_1_271' title='bbox 2212 817 2338 885; x_wconf 86' lang='lat' dir='ltr'>ejus</span> <span class='ocrx_word' id='word_1_272' title='bbox 2374 814 2702 886; x_wconf 82' lang='lat' dir='ltr'>multiplex,</span> <span class='ocrx_word' id='word_1_273' title='bbox 2730 813 2814 867; x_wconf 87' lang='lat' dir='ltr'>vel</span> <span class='ocrx_word' id='word_1_274' title='bbox 2866 812 3280 884; x_wconf 87' lang='lat' dir='ltr'>prophetarum</span> <span class='ocrx_word' id='word_1_275' title='bbox 3334 815 3392 866; x_wconf 88' lang='lat' dir='ltr'>et</span> <span class='ocrx_word' id='word_1_276' title='bbox 3450 811 3863 866; x_wconf 86' lang='lat' dir='ltr'>mandatorum</span> 
     </span>
    </p>
   </div>
   <div class='ocr_carea' id='block_1_38' title="bbox 2212 899 3863 974">
    <p class='ocr_par' dir='ltr' id='par_1_38' title="bbox 2212 899 3863 974">
     <span class='ocr_line' id='line_1_38' title="bbox 2212 899 3863 974; baseline -0.002 -16"><span class='ocrx_word' id='word_1_277' title='bbox 2212 905 2339 974; x_wconf 87' lang='lat' dir='ltr'>ejus</span> <span class='ocrx_word' id='word_1_278' title='bbox 2387 905 2698 960; x_wconf 87' lang='lat' dir='ltr'>diversitas</span> <span class='ocrx_word' id='word_1_279' title='bbox 2749 903 3059 958; x_wconf 88' lang='lat' dir='ltr'>indicatur.</span> <span class='ocrx_word' id='word_1_280' title='bbox 3125 901 3230 955; x_wconf 82' lang='lat' dir='ltr'>Ubi</span> <span class='ocrx_word' id='word_1_281' title='bbox 3290 917 3420 956; x_wconf 77' lang='lat' dir='ltr'>vero</span> <span class='ocrx_word' id='word_1_282' title='bbox 3461 901 3636 956; x_wconf 80' lang='lat' dir='ltr'>semel</span> <span class='ocrx_word' id='word_1_283' title='bbox 3700 899 3863 972; x_wconf 92' lang='lat' dir='ltr'>loqui</span> 
     </span>
    </p>
   </div>
   <div class='ocr_carea' id='block_1_39' title="bbox 2213 990 3865 1063">
    <p class='ocr_par' dir='ltr' id='par_1_39' title="bbox 2213 990 3865 1063">
     <span class='ocr_line' id='line_1_39' title="bbox 2213 990 3865 1063; baseline -0.001 -16"><span class='ocrx_word' id='word_1_284' title='bbox 2213 994 2596 1063; x_wconf 69' lang='lat' dir='ltr'>significatur,</span> <span class='ocrx_word' id='word_1_285' title='bbox 2663 993 2920 1047; x_wconf 87' lang='lat' dir='ltr'>stabilita</span> <span class='ocrx_word' id='word_1_286' title='bbox 2971 1009 3037 1046; x_wconf 90' lang='lat' dir='ltr'>ac</span> <span class='ocrx_word' id='word_1_287' title='bbox 3093 990 3330 1046; x_wconf 76' lang='lat' dir='ltr'>definita</span> <span class='ocrx_word' id='word_1_288' title='bbox 3379 991 3506 1060; x_wconf 90' lang='lat' dir='ltr'>ejus</span> <span class='ocrx_word' id='word_1_289' title='bbox 3577 991 3865 1046; x_wconf 87' lang='lat' dir='ltr'>sententia</span> 
     </span>
    </p>
   </div>
   <div class='ocr_carea' id='block_1_40' title="bbox 2211 1080 3863 1152">
    <p class='ocr_par' dir='ltr' id='par_1_40' title="bbox 2211 1080 3863 1152">
     <span class='ocr_line' id='line_1_40' title="bbox 2211 1080 3863 1152; baseline 0.001 -17"><span class='ocrx_word' id='word_1_290' title='bbox 2211 1083 2673 1139; x_wconf 86' lang='lat' dir='ltr'>demonstratur.</span> <span class='ocrx_word' id='word_1_291' title='bbox 2710 1082 2888 1152; x_wconf 85' lang='lat' dir='ltr'>Loqui</span> <span class='ocrx_word' id='word_1_292' title='bbox 2917 1081 3070 1136; x_wconf 89' lang='lat' dir='ltr'>enim</span> <span class='ocrx_word' id='word_1_293' title='bbox 3124 1081 3307 1135; x_wconf 92' lang='lat' dir='ltr'>Deum</span> <span class='ocrx_word' id='word_1_294' title='bbox 3367 1080 3684 1135; x_wconf 68' lang='lat' dir='ltr'>efﬁcientia:</span> <span class='ocrx_word' id='word_1_295' title='bbox 3733 1081 3863 1150; x_wconf 89' lang='lat' dir='ltr'>ejus</span> 
     </span>
    </p>
   </div>
   <div class='ocr_carea' id='block_1_41' title="bbox 2214 1168 3861 1243">
    <p class='ocr_par' dir='ltr' id='par_1_41' title="bbox 2214 1168 3861 1243">
     <span class='ocr_line' id='line_1_41' title="bbox 2214 1168 3861 1243; baseline 0 -19"><span class='ocrx_word' id='word_1_296' title='bbox 2214 1185 2303 1225; x_wconf 86' lang='lat' dir='ltr'>res</span> <span class='ocrx_word' id='word_1_297' title='bbox 2337 1171 2707 1243; x_wconf 78' lang='lat' dir='ltr'>intelligitur.</span> <span class='ocrx_word' id='word_1_298' title='bbox 2741 1169 2930 1224; x_wconf 88' lang='lat' dir='ltr'>Semel</span> <span class='ocrx_word' id='word_1_299' title='bbox 2961 1168 3221 1240; x_wconf 86' lang='lat' dir='ltr'>loquitur</span> <span class='ocrx_word' id='word_1_300' title='bbox 3270 1169 3444 1235; x_wconf 84' lang='lat' dir='ltr'>Deus,</span> <span class='ocrx_word' id='word_1_301' title='bbox 3503 1173 3560 1223; x_wconf 91' lang='lat' dir='ltr'>et</span> <span class='ocrx_word' id='word_1_302' title='bbox 3604 1170 3861 1224; x_wconf 90' lang='lat' dir='ltr'>secundo</span> 
     </span>
    </p>
   </div>
   <div class='ocr_carea' id='block_1_42' title="bbox 2211 1259 3859 1331">
    <p class='ocr_par' dir='ltr' id='par_1_42' title="bbox 2211 1259 3859 1331">
     <span class='ocr_line' id='line_1_42' title="bbox 2211 1259 3859 1331; baseline 0.001 -19"><span class='ocrx_word' id='word_1_303' title='bbox 2211 1259 2469 1330; x_wconf 89' lang='lat' dir='ltr'>idipsum</span> <span class='ocrx_word' id='word_1_304' title='bbox 2510 1277 2623 1316; x_wconf 91' lang='lat' dir='ltr'>non</span> <span class='ocrx_word' id='word_1_305' title='bbox 2656 1260 2882 1331; x_wconf 88' lang='lat' dir='ltr'>repetit,</span> <span class='ocrx_word' id='word_1_306' title='bbox 2916 1259 2970 1313; x_wconf 93' lang='lat' dir='ltr'>id</span> <span class='ocrx_word' id='word_1_307' title='bbox 3021 1264 3128 1324; x_wconf 89' lang='lat' dir='ltr'>est,</span> <span class='ocrx_word' id='word_1_308' title='bbox 3179 1275 3293 1314; x_wconf 91' lang='lat' dir='ltr'>non</span> <span class='ocrx_word' id='word_1_309' title='bbox 3353 1259 3627 1313; x_wconf 87' lang='lat' dir='ltr'>immutat</span> <span class='ocrx_word' id='word_1_310' title='bbox 3687 1260 3859 1327; x_wconf 89' lang='lat' dir='ltr'>Deus,</span> 
     </span>
    </p>
   </div>
   <div class='ocr_carea' id='block_1_43' title="bbox 2211 1348 3855 1421">
    <p class='ocr_par' dir='ltr' id='par_1_43' title="bbox 2211 1348 3855 1421">
     <span class='ocr_line' id='line_1_43' title="bbox 2211 1348 3855 1421; baseline 0.001 -20"><span class='ocrx_word' id='word_1_311' title='bbox 2211 1348 2323 1402; x_wconf 88' lang='lat' dir='ltr'>nisi</span> <span class='ocrx_word' id='word_1_312' title='bbox 2356 1353 2463 1404; x_wconf 91' lang='lat' dir='ltr'>hoc</span> <span class='ocrx_word' id='word_1_313' title='bbox 2488 1349 2684 1421; x_wconf 91' lang='lat' dir='ltr'>ipsum</span> <span class='ocrx_word' id='word_1_314' title='bbox 2716 1351 2840 1403; x_wconf 80' lang='lat' dir='ltr'>vitae</span> <span class='ocrx_word' id='word_1_315' title='bbox 2872 1353 3083 1404; x_wconf 67' lang='lat' dir='ltr'>nostrae</span> <span class='ocrx_word' id='word_1_316' title='bbox 3118 1348 3365 1404; x_wconf 90' lang='lat' dir='ltr'>mutatio</span> <span class='ocrx_word' id='word_1_317' title='bbox 3406 1349 3808 1420; x_wconf 90' lang='lat' dir='ltr'>depoposcerit</span> <span class='ocrx_word' id='word_1_318' title='bbox 3842 1365 3855 1403; x_wconf 89' lang='lat'>:</span> 
     </span>
    </p>
   </div>
   <div class='ocr_carea' id='block_1_44' title="bbox 2212 1437 3859 1511">
    <p class='ocr_par' dir='ltr' id='par_1_44' title="bbox 2212 1437 3859 1511">
     <span class='ocr_line' id='line_1_44' title="bbox 2212 1437 3859 1511; baseline 0.001 -20"><span class='ocrx_word' id='word_1_319' title='bbox 2212 1437 2320 1492; x_wconf 91' lang='lat' dir='ltr'>hoc</span> <span class='ocrx_word' id='word_1_320' title='bbox 2346 1437 2471 1494; x_wconf 89' lang='lat' dir='ltr'>loco</span> <span class='ocrx_word' id='word_1_321' title='bbox 2503 1439 2573 1494; x_wconf 89' lang='lat' dir='ltr'>de</span> <span class='ocrx_word' id='word_1_322' title='bbox 2605 1439 2834 1494; x_wconf 90' lang='lat' dir='ltr'>duobus</span> <span class='ocrx_word' id='word_1_323' title='bbox 2854 1438 3206 1510; x_wconf 89' lang='lat' dir='ltr'>quibusdam</span> <span class='ocrx_word' id='word_1_324' title='bbox 3239 1439 3669 1509; x_wconf 87' lang='lat' dir='ltr'>correptionum</span> <span class='ocrx_word' id='word_1_325' title='bbox 3727 1455 3859 1511; x_wconf 88' lang='lat' dir='ltr'>gra-</span> 
     </span>
    </p>
   </div>
   <div class='ocr_carea' id='block_1_45' title="bbox 2212 1527 3860 1600">
    <p class='ocr_par' dir='ltr' id='par_1_45' title="bbox 2212 1527 3860 1600">
     <span class='ocr_line' id='line_1_45' title="bbox 2212 1527 3860 1600; baseline 0.001 -19"><span class='ocrx_word' id='word_1_326' title='bbox 2212 1527 2386 1582; x_wconf 89' lang='lat' dir='ltr'>dibus</span> <span class='ocrx_word' id='word_1_327' title='bbox 2417 1528 2544 1583; x_wconf 88' lang='lat' dir='ltr'>Eliu</span> <span class='ocrx_word' id='word_1_328' title='bbox 2580 1528 2876 1599; x_wconf 84' lang='lat' dir='ltr'>diligitenr</span> <span class='ocrx_word' id='word_1_329' title='bbox 2925 1532 3172 1597; x_wconf 90' lang='lat' dir='ltr'>enarrat,</span> <span class='ocrx_word' id='word_1_330' title='bbox 3221 1532 3278 1583; x_wconf 89' lang='lat' dir='ltr'>et</span> <span class='ocrx_word' id='word_1_331' title='bbox 3335 1528 3475 1582; x_wconf 90' lang='lat' dir='ltr'>dicit</span> <span class='ocrx_word' id='word_1_332' title='bbox 3530 1527 3687 1600; x_wconf 90' lang='lat' dir='ltr'>quod</span> <span class='ocrx_word' id='word_1_333' title='bbox 3732 1543 3860 1583; x_wconf 86' lang='lat' dir='ltr'>eru-</span> 
     </span>
    </p>
   </div>
   <div class='ocr_carea' id='block_1_46' title="bbox 2211 1616 3859 1689">
    <p class='ocr_par' dir='ltr' id='par_1_46' title="bbox 2211 1616 3859 1689">
     <span class='ocr_line' id='line_1_46' title="bbox 2211 1616 3859 1689; baseline 0 -18"><span class='ocrx_word' id='word_1_334' title='bbox 2211 1617 2351 1672; x_wconf 81' lang='lat' dir='ltr'>ditio</span> <span class='ocrx_word' id='word_1_335' title='bbox 2377 1617 2591 1686; x_wconf 91' lang='lat' dir='ltr'>divina,</span> <span class='ocrx_word' id='word_1_336' title='bbox 2625 1618 2713 1673; x_wconf 92' lang='lat' dir='ltr'>vel</span> <span class='ocrx_word' id='word_1_337' title='bbox 2752 1617 3053 1689; x_wconf 84' lang='lat' dir='ltr'>castigatio</span> <span class='ocrx_word' id='word_1_338' title='bbox 3111 1618 3263 1672; x_wconf 89' lang='lat' dir='ltr'>circa</span> <span class='ocrx_word' id='word_1_339' title='bbox 3323 1616 3644 1687; x_wconf 89' lang='lat' dir='ltr'>hominem,</span> <span class='ocrx_word' id='word_1_340' title='bbox 3695 1621 3751 1672; x_wconf 89' lang='lat' dir='ltr'>et</span> <span class='ocrx_word' id='word_1_341' title='bbox 3798 1617 3859 1671; x_wconf 87' lang='lat' dir='ltr'>in</span> 
     </span>
    </p>
   </div>
   <div class='ocr_carea' id='block_1_47' title="bbox 2212 1705 3861 1779">
    <p class='ocr_par' dir='ltr' id='par_1_47' title="bbox 2212 1705 3861 1779">
     <span class='ocr_line' id='line_1_47' title="bbox 2212 1705 3861 1779; baseline 0.001 -18"><span class='ocrx_word' id='word_1_342' title='bbox 2212 1707 2744 1764; x_wconf 90' lang='lat' dir='ltr'>noctisvisionibus</span> <span class='ocrx_word' id='word_1_343' title='bbox 2777 1709 2909 1764; x_wconf 83' lang='lat' dir='ltr'>fiat:</span> <span class='ocrx_word' id='word_1_344' title='bbox 2960 1709 3219 1779; x_wconf 90' lang='lat' dir='ltr'>itemque</span> <span class='ocrx_word' id='word_1_345' title='bbox 3265 1707 3323 1762; x_wconf 93' lang='lat' dir='ltr'>in</span> <span class='ocrx_word' id='word_1_346' title='bbox 3384 1705 3644 1775; x_wconf 88' lang='lat' dir='ltr'>lectulo;</span> <span class='ocrx_word' id='word_1_347' title='bbox 3705 1707 3861 1762; x_wconf 90' lang='lat' dir='ltr'>unde</span> 
     </span>
    </p>
   </div>
   <div class='ocr_carea' id='block_1_48' title="bbox 2212 1795 3854 1864">
    <p class='ocr_par' dir='ltr' id='par_1_48' title="bbox 2212 1795 3854 1864">
     <span class='ocr_line' id='line_1_48' title="bbox 2212 1795 3854 1864; baseline 0.001 -15"><span class='ocrx_word' id='word_1_348' title='bbox 2212 1795 2336 1850; x_wconf 86' lang='lat' dir='ltr'>ait:</span> <span class='ocrx_word' id='word_1_349' title='bbox 2398 1797 2810 1852; x_wconf 89' lang='lat' dir='ltr'>Contabescere</span> <span class='ocrx_word' id='word_1_350' title='bbox 2885 1797 3063 1852; x_wconf 87' lang='lat' dir='ltr'>faciat</span> <span class='ocrx_word' id='word_1_351' title='bbox 3137 1796 3457 1864; x_wconf 89' lang='lat' dir='ltr'>hominem,</span> <span class='ocrx_word' id='word_1_352' title='bbox 3519 1797 3702 1852; x_wconf 88' lang='lat' dir='ltr'>donec</span> <span class='ocrx_word' id='word_1_353' title='bbox 3783 1797 3854 1851; x_wconf 88' lang='lat' dir='ltr'>ad</span> 
     </span>
    </p>
   </div>
   <div class='ocr_carea' id='block_1_49' title="bbox 2209 1885 3861 1958">
    <p class='ocr_par' dir='ltr' id='par_1_49' title="bbox 2209 1885 3861 1958">
     <span class='ocr_line' id='line_1_49' title="bbox 2209 1885 3861 1958; baseline 0.002 -21"><span class='ocrx_word' id='word_1_354' title='bbox 2209 1885 2337 1938; x_wconf 63' lang='lat' dir='ltr'>vita:</span> <span class='ocrx_word' id='word_1_355' title='bbox 2371 1885 2550 1957; x_wconf 87' lang='lat' dir='ltr'>hujus</span> <span class='ocrx_word' id='word_1_356' title='bbox 2582 1890 2838 1941; x_wconf 79' lang='lat' dir='ltr'>extrema</span> <span class='ocrx_word' id='word_1_357' title='bbox 2858 1887 3180 1958; x_wconf 89' lang='lat' dir='ltr'>perveniat.</span> <span class='ocrx_word' id='word_1_358' title='bbox 3234 1887 3302 1940; x_wconf 89' lang='lat' dir='ltr'>Et</span> <span class='ocrx_word' id='word_1_359' title='bbox 3357 1902 3490 1942; x_wconf 90' lang='lat' dir='ltr'>cum</span> <span class='ocrx_word' id='word_1_360' title='bbox 3548 1886 3620 1941; x_wconf 91' lang='lat' dir='ltr'>ab</span> <span class='ocrx_word' id='word_1_361' title='bbox 3667 1885 3861 1957; x_wconf 90' lang='lat' dir='ltr'>aliquo</span> 
     </span>
    </p>
   </div>
   <div class='ocr_carea' id='block_1_50' title="bbox 2211 1974 3862 2045">
    <p class='ocr_par' dir='ltr' id='par_1_50' title="bbox 2211 1974 3862 2045">
     <span class='ocr_line' id='line_1_50' title="bbox 2211 1974 3862 2045; baseline 0.001 -16"><span class='ocrx_word' id='word_1_362' title='bbox 2211 1977 2412 2029; x_wconf 87' lang='lat' dir='ltr'>sancto</span> <span class='ocrx_word' id='word_1_363' title='bbox 2443 1992 2545 2045; x_wconf 89' lang='lat' dir='ltr'>pro</span> <span class='ocrx_word' id='word_1_364' title='bbox 2577 1992 2643 2030; x_wconf 91' lang='lat' dir='ltr'>eo</span> <span class='ocrx_word' id='word_1_365' title='bbox 2677 1975 2848 2030; x_wconf 90' lang='lat' dir='ltr'>fuerit</span> <span class='ocrx_word' id='word_1_366' title='bbox 2899 1975 3310 2043; x_wconf 89' lang='lat' dir='ltr'>interventum,</span> <span class='ocrx_word' id='word_1_367' title='bbox 3373 1979 3437 2030; x_wconf 88' lang='lat' dir='ltr'>ut</span> <span class='ocrx_word' id='word_1_368' title='bbox 3489 1974 3622 2030; x_wconf 88' lang='lat' dir='ltr'>fecit</span> <span class='ocrx_word' id='word_1_369' title='bbox 3680 1974 3862 2031; x_wconf 83' lang='lat' dir='ltr'>Isaias</span> 
     </span>
    </p>
   </div>
   <div class='ocr_carea' id='block_1_51' title="bbox 2203 2063 3861 2136">
    <p class='ocr_par' dir='ltr' id='par_1_51' title="bbox 2203 2063 3861 2136">
     <span class='ocr_line' id='line_1_51' title="bbox 2203 2063 3861 2136; baseline 0 -18"><span class='ocrx_word' id='word_1_370' title='bbox 2203 2081 2305 2135; x_wconf 92' lang='lat' dir='ltr'>pro</span> <span class='ocrx_word' id='word_1_371' title='bbox 2357 2065 2600 2119; x_wconf 88' lang='lat' dir='ltr'>Ezecbia</span> <span class='ocrx_word' id='word_1_372' title='bbox 2660 2082 2809 2136; x_wconf 82' lang='lat' dir='ltr'>rege,</span> <span class='ocrx_word' id='word_1_373' title='bbox 2864 2064 3206 2120; x_wconf 84' lang='lat' dir='ltr'>restituatur</span> <span class='ocrx_word' id='word_1_374' title='bbox 3284 2065 3548 2136; x_wconf 63' lang='lat' dir='ltr'>pristinae</span> <span class='ocrx_word' id='word_1_375' title='bbox 3625 2063 3861 2121; x_wconf 83' lang='lat' dir='ltr'>sanitati</span> 
     </span>
    </p>
   </div>
   <div class='ocr_carea' id='block_1_52' title="bbox 2198 2153 3858 2226">
    <p class='ocr_par' dir='ltr' id='par_1_52' title="bbox 2198 2153 3858 2226">
     <span class='ocr_line' id='line_1_52' title="bbox 2198 2153 3858 2226; baseline 0.002 -20"><span class='ocrx_word' id='word_1_376' title='bbox 2198 2153 2295 2222; x_wconf 87' lang='lat' dir='ltr'>(IV</span> <span class='ocrx_word' id='word_1_377' title='bbox 2391 2156 2516 2222; x_wconf 78' lang='lat' dir='ltr'>Reg.</span> <span class='ocrx_word' id='word_1_378' title='bbox 2578 2172 2668 2222; x_wconf 84' lang='lat' dir='ltr'>xx,</span> <span class='ocrx_word' id='word_1_379' title='bbox 2774 2156 2849 2224; x_wconf 74' lang='grc' dir='ltr'>ὓ).</span> <span class='ocrx_word' id='word_1_380' title='bbox 2907 2156 2973 2208; x_wconf 81' lang='lat' dir='ltr'>Et</span> <span class='ocrx_word' id='word_1_381' title='bbox 3065 2154 3146 2208; x_wconf 87' lang='lat' dir='ltr'>ait</span> <span class='ocrx_word' id='word_1_382' title='bbox 3222 2153 3282 2209; x_wconf 92' lang='lat' dir='ltr'>in</span> <span class='ocrx_word' id='word_1_383' title='bbox 3359 2155 3858 2226; x_wconf 82' lang='lat' dir='ltr'>subsequentibus</span> 
     </span>
    </p>
   </div>
   <div class='ocr_carea' id='block_1_53' title="bbox 2201 2243 3857 2335">
    <p class='ocr_par' dir='ltr' id='par_1_53' title="bbox 2201 2243 3857 2335">
     <span class='ocr_line' id='line_1_53' title="bbox 2201 2243 3857 2335; baseline 0.002 -40"><span class='ocrx_word' id='word_1_384' title='bbox 2201 2257 2362 2335; x_wconf 77' lang='lat' dir='ltr'>(vers.</span> <span class='ocrx_word' id='word_1_385' title='bbox 2388 2245 2522 2315; x_wconf 73' lang='lat'>29‘),</span> <span class='ocrx_word' id='word_1_386' title='bbox 2561 2244 2715 2315; x_wconf 88' lang='lat' dir='ltr'>quod</span> <span class='ocrx_word' id='word_1_387' title='bbox 2750 2243 2939 2298; x_wconf 90' lang='lat' dir='ltr'>tribus</span> <span class='ocrx_word' id='word_1_388' title='bbox 2969 2243 3196 2299; x_wconf 90' lang='lat' dir='ltr'>vicibus</span> <span class='ocrx_word' id='word_1_389' title='bbox 3227 2243 3346 2298; x_wconf 70' lang='lat' dir='ltr'>haec</span> <span class='ocrx_word' id='word_1_390' title='bbox 3378 2244 3530 2299; x_wconf 89' lang='lat' dir='ltr'>circa</span> <span class='ocrx_word' id='word_1_391' title='bbox 3560 2243 3857 2299; x_wconf 90' lang='lat' dir='ltr'>hominem</span> 
     </span>
    </p>
   </div>
   <div class='ocr_carea' id='block_1_54' title="bbox 2220 2333 3863 2405">
    <p class='ocr_par' dir='ltr' id='par_1_54' title="bbox 2220 2333 3863 2405">
     <span class='ocr_line' id='line_1_54' title="bbox 2220 2333 3863 2405; baseline 0.003 -20"><span class='ocrx_word' id='word_1_392' title='bbox 2220 2338 2512 2402; x_wconf 90' lang='lat' dir='ltr'>operetur,</span> <span class='ocrx_word' id='word_1_393' title='bbox 2560 2334 2616 2388; x_wconf 91' lang='lat' dir='ltr'>id</span> <span class='ocrx_word' id='word_1_394' title='bbox 2669 2338 2778 2403; x_wconf 87' lang='lat' dir='ltr'>est,</span> <span class='ocrx_word' id='word_1_395' title='bbox 2833 2333 3124 2389; x_wconf 89' lang='lat' dir='ltr'>evidenter</span> <span class='ocrx_word' id='word_1_396' title='bbox 3200 2338 3257 2388; x_wconf 94' lang='lat' dir='ltr'>et</span> <span class='ocrx_word' id='word_1_397' title='bbox 3324 2333 3718 2405; x_wconf 91' lang='lat' dir='ltr'>probabiliter,</span> <span class='ocrx_word' id='word_1_398' title='bbox 3805 2340 3863 2390; x_wconf 88' lang='lat' dir='ltr'>et</span> 
     </span>
    </p>
   </div>
   <div class='ocr_carea' id='block_1_55' title="bbox 2203 2422 3856 2497">
    <p class='ocr_par' dir='ltr' id='par_1_55' title="bbox 2203 2422 3856 2497">
     <span class='ocr_line' id='line_1_55' title="bbox 2203 2422 3856 2497; baseline 0.003 -21"><span class='ocrx_word' id='word_1_399' title='bbox 2203 2423 2600 2477; x_wconf 85' lang='lat' dir='ltr'>conlirmativo</span> <span class='ocrx_word' id='word_1_400' title='bbox 2641 2423 2838 2490; x_wconf 86' lang='lat' dir='ltr'>modo,</span> <span class='ocrx_word' id='word_1_401' title='bbox 2897 2422 2981 2476; x_wconf 90' lang='lat' dir='ltr'>vel</span> <span class='ocrx_word' id='word_1_402' title='bbox 3039 2427 3276 2494; x_wconf 89' lang='lat' dir='ltr'>propter</span> <span class='ocrx_word' id='word_1_403' title='bbox 3331 2423 3642 2479; x_wconf 90' lang='lat' dir='ltr'>trinumeri</span> <span class='ocrx_word' id='word_1_404' title='bbox 3720 2441 3856 2497; x_wconf 90' lang='lat' dir='ltr'>per-</span> 
     </span>
    </p>
   </div>
   <div class='ocr_carea' id='block_1_56' title="bbox 2205 2511 3853 2584">
    <p class='ocr_par' dir='ltr' id='par_1_56' title="bbox 2205 2511 3853 2584">
     <span class='ocr_line' id='line_1_56' title="bbox 2205 2511 3853 2584; baseline 0.004 -20"><span class='ocrx_word' id='word_1_405' title='bbox 2205 2511 2535 2579; x_wconf 87' lang='lat' dir='ltr'>fectionem,</span> <span class='ocrx_word' id='word_1_406' title='bbox 2579 2512 2665 2568; x_wconf 86' lang='lat' dir='ltr'>vel</span> <span class='ocrx_word' id='word_1_407' title='bbox 2726 2515 2961 2584; x_wconf 89' lang='lat' dir='ltr'>propter</span> <span class='ocrx_word' id='word_1_408' title='bbox 3017 2511 3194 2566; x_wconf 85' lang='lat' dir='ltr'>trium</span> <span class='ocrx_word' id='word_1_409' title='bbox 3241 2512 3478 2567; x_wconf 89' lang='lat' dir='ltr'>testium</span> <span class='ocrx_word' id='word_1_410' title='bbox 3527 2513 3853 2571; x_wconf 88' lang='lat' dir='ltr'>veritatem.</span> 
     </span>
    </p>
   </div>
   <div class='ocr_carea' id='block_1_57' title="bbox 2203 2601 3853 2675">
    <p class='ocr_par' dir='ltr' id='par_1_57' title="bbox 2203 2601 3853 2675">
     <span class='ocr_line' id='line_1_57' title="bbox 2203 2601 3853 2675; baseline 0.004 -21"><span class='ocrx_word' id='word_1_411' title='bbox 2203 2603 2324 2664; x_wconf 88' lang='lat' dir='ltr'>Quo</span> <span class='ocrx_word' id='word_1_412' title='bbox 2356 2617 2565 2673; x_wconf 83' lang='lat' dir='ltr'>genere</span> <span class='ocrx_word' id='word_1_413' title='bbox 2597 2601 2775 2658; x_wconf 90' lang='lat' dir='ltr'>etiam</span> <span class='ocrx_word' id='word_1_414' title='bbox 2804 2601 3148 2673; x_wconf 89' lang='lat' dir='ltr'>patientiam</span> <span class='ocrx_word' id='word_1_415' title='bbox 3190 2601 3310 2667; x_wconf 86' lang='lat' dir='ltr'>Dei,</span> <span class='ocrx_word' id='word_1_416' title='bbox 3364 2601 3853 2675; x_wconf 88' lang='lat' dir='ltr'>clementiamque</span> 
     </span>
    </p>
   </div>
   <div class='ocr_carea' id='block_1_58' title="bbox 2205 2691 3860 2765">
    <p class='ocr_par' dir='ltr' id='par_1_58' title="bbox 2205 2691 3860 2765">
     <span class='ocr_line' id='line_1_58' title="bbox 2205 2691 3860 2765; baseline 0.002 -20"><span class='ocrx_word' id='word_1_417' title='bbox 2205 2691 2512 2761; x_wconf 77' lang='lat' dir='ltr'>signiﬁcat,</span> <span class='ocrx_word' id='word_1_418' title='bbox 2539 2709 2666 2762; x_wconf 65' lang='lat' dir='ltr'>quae</span> <span class='ocrx_word' id='word_1_419' title='bbox 2698 2708 2814 2746; x_wconf 91' lang='lat' dir='ltr'>non</span> <span class='ocrx_word' id='word_1_420' title='bbox 2850 2691 3072 2757; x_wconf 87' lang='lat' dir='ltr'>statim,</span> <span class='ocrx_word' id='word_1_421' title='bbox 3107 2692 3205 2745; x_wconf 90' lang='lat' dir='ltr'>sed</span> <span class='ocrx_word' id='word_1_422' title='bbox 3242 2707 3343 2763; x_wconf 91' lang='lat' dir='ltr'>per</span> <span class='ocrx_word' id='word_1_423' title='bbox 3373 2697 3589 2764; x_wconf 86' lang='lat' dir='ltr'>partes,</span> <span class='ocrx_word' id='word_1_424' title='bbox 3649 2697 3703 2748; x_wconf 92' lang='lat' dir='ltr'>et</span> <span class='ocrx_word' id='word_1_425' title='bbox 3752 2711 3860 2765; x_wconf 91' lang='lat' dir='ltr'>per</span> 
     </span>
    </p>
   </div>
   <div class='ocr_carea' id='block_1_59' title="bbox 2204 2779 3859 2852">
    <p class='ocr_par' dir='ltr' id='par_1_59' title="bbox 2204 2779 3859 2852">
     <span class='ocr_line' id='line_1_59' title="bbox 2204 2779 3859 2852; baseline 0.004 -19"><span class='ocrx_word' id='word_1_426' title='bbox 2204 2781 2358 2835; x_wconf 89' lang='lat' dir='ltr'>vices</span> <span class='ocrx_word' id='word_1_427' title='bbox 2388 2780 2656 2852; x_wconf 84' lang='lat' dir='ltr'>castigat,</span> <span class='ocrx_word' id='word_1_428' title='bbox 2689 2785 2745 2835; x_wconf 90' lang='lat' dir='ltr'>et</span> <span class='ocrx_word' id='word_1_429' title='bbox 2775 2779 2965 2849; x_wconf 78' lang='lat' dir='ltr'>arguit</span> <span class='ocrx_word' id='word_1_430' title='bbox 2993 2780 3434 2852; x_wconf 87' lang='lat' dir='ltr'>delinquentem</span> <span class='ocrx_word' id='word_1_431' title='bbox 3457 2798 3468 2837; x_wconf 93' lang='lat'>:</span> <span class='ocrx_word' id='word_1_432' title='bbox 3494 2782 3591 2836; x_wconf 91' lang='lat' dir='ltr'>ubi</span> <span class='ocrx_word' id='word_1_433' title='bbox 3637 2782 3686 2837; x_wconf 90' lang='lat' dir='ltr'>ei</span> <span class='ocrx_word' id='word_1_434' title='bbox 3748 2800 3859 2840; x_wconf 89' lang='lat' dir='ltr'>nec</span> 
     </span>
    </p>
   </div>
   <div class='ocr_carea' id='block_1_60' title="bbox 2207 2870 3859 2941">
    <p class='ocr_par' dir='ltr' id='par_1_60' title="bbox 2207 2870 3859 2941">
     <span class='ocr_line' id='line_1_60' title="bbox 2207 2870 3859 2941; baseline 0.002 -18"><span class='ocrx_word' id='word_1_435' title='bbox 2207 2871 2508 2941; x_wconf 70' lang='lat' dir='ltr'>praeceptis</span> <span class='ocrx_word' id='word_1_436' title='bbox 2537 2870 3132 2940; x_wconf 89' lang='lat' dir='ltr'>veritatisjudicium,</span> <span class='ocrx_word' id='word_1_437' title='bbox 3158 2887 3261 2926; x_wconf 90' lang='lat' dir='ltr'>nec</span> <span class='ocrx_word' id='word_1_438' title='bbox 3291 2870 3520 2928; x_wconf 89' lang='lat' dir='ltr'>inutilis</span> <span class='ocrx_word' id='word_1_439' title='bbox 3562 2872 3859 2941; x_wconf 86' lang='lat' dir='ltr'>remissio,</span> 
     </span>
    </p>
   </div>
   <div class='ocr_carea' id='block_1_61' title="bbox 2205 2959 3333 3031">
    <p class='ocr_par' dir='ltr' id='par_1_61' title="bbox 2205 2959 3333 3031">
     <span class='ocr_line' id='line_1_61' title="bbox 2205 2959 3333 3031; baseline 0.002 -18"><span class='ocrx_word' id='word_1_440' title='bbox 2205 2974 2311 3014; x_wconf 90' lang='lat' dir='ltr'>nec</span> <span class='ocrx_word' id='word_1_441' title='bbox 2344 2959 2644 3029; x_wconf 84' lang='lat' dir='ltr'>injustitiae</span> <span class='ocrx_word' id='word_1_442' title='bbox 2676 2960 3001 3031; x_wconf 89' lang='lat' dir='ltr'>imputatur</span> <span class='ocrx_word' id='word_1_443' title='bbox 3031 2959 3333 3031; x_wconf 89' lang='lat' dir='ltr'>iniquitas.</span> 
     </span>
    </p>
   </div>
   <div class='ocr_carea' id='block_1_62' title="bbox 2279 3048 3851 3120">
    <p class='ocr_par' dir='ltr' id='par_1_62' title="bbox 2279 3048 3851 3120">
     <span class='ocr_line' id='line_1_62' title="bbox 2279 3048 3851 3120; baseline 0.003 -18"><span class='ocrx_word' id='word_1_444' title='bbox 2279 3049 2850 3120; x_wconf 83' lang='lat' dir='ltr'>«Increpatquoque</span> <span class='ocrx_word' id='word_1_445' title='bbox 2909 3066 3010 3119; x_wconf 92' lang='lat' dir='ltr'>per</span> <span class='ocrx_word' id='word_1_446' title='bbox 3065 3048 3325 3104; x_wconf 90' lang='lat' dir='ltr'>dolorem</span> <span class='ocrx_word' id='word_1_447' title='bbox 3382 3049 3442 3104; x_wconf 93' lang='lat' dir='ltr'>in</span> <span class='ocrx_word' id='word_1_448' title='bbox 3509 3049 3742 3118; x_wconf 88' lang='lat' dir='ltr'>lectulo,</span> <span class='ocrx_word' id='word_1_449' title='bbox 3791 3056 3851 3106; x_wconf 87' lang='lat' dir='ltr'>et</span> 
     </span>
    </p>
   </div>
   <div class='ocr_carea' id='block_1_63' title="bbox 2206 3137 3851 3208">
    <p class='ocr_par' dir='ltr' id='par_1_63' title="bbox 2206 3137 3851 3208">
     <span class='ocr_line' id='line_1_63' title="bbox 2206 3137 3851 3208; baseline 0.002 -16"><span class='ocrx_word' id='word_1_450' title='bbox 2206 3137 2405 3192; x_wconf 88' lang='lat' dir='ltr'>omnia</span> <span class='ocrx_word' id='word_1_451' title='bbox 2435 3155 2570 3193; x_wconf 89' lang='lat' dir='ltr'>ossa</span> <span class='ocrx_word' id='word_1_452' title='bbox 2609 3139 2739 3208; x_wconf 88' lang='lat' dir='ltr'>ejus</span> <span class='ocrx_word' id='word_1_453' title='bbox 2797 3154 3154 3194; x_wconf 90' lang='lat' dir='ltr'>marcescere</span> <span class='ocrx_word' id='word_1_454' title='bbox 3202 3138 3358 3192; x_wconf 87' lang='lat' dir='ltr'>facit.</span> <span class='ocrx_word' id='word_1_455' title='bbox 3418 3139 3851 3196; x_wconf 85' lang='lat' dir='ltr'>Abominabilis</span> 
     </span>
    </p>
   </div>
   <div class='ocr_carea' id='block_1_64' title="bbox 2211 3227 3855 3299">
    <p class='ocr_par' dir='ltr' id='par_1_64' title="bbox 2211 3227 3855 3299">
     <span class='ocr_line' id='line_1_64' title="bbox 2211 3227 3855 3299; baseline 0.002 -18"><span class='ocrx_word' id='word_1_456' title='bbox 2211 3228 2261 3282; x_wconf 90' lang='lat' dir='ltr'>ei</span> <span class='ocrx_word' id='word_1_457' title='bbox 2297 3228 2357 3282; x_wconf 83' lang='lat' dir='ltr'>fit</span> <span class='ocrx_word' id='word_1_458' title='bbox 2390 3227 2446 3281; x_wconf 92' lang='lat' dir='ltr'>in</span> <span class='ocrx_word' id='word_1_459' title='bbox 2480 3228 2601 3282; x_wconf 89' lang='lat' dir='ltr'>vita</span> <span class='ocrx_word' id='word_1_460' title='bbox 2631 3244 2738 3282; x_wconf 88' lang='lat' dir='ltr'>sua</span> <span class='ocrx_word' id='word_1_461' title='bbox 2771 3227 3034 3299; x_wconf 90' lang='lat' dir='ltr'>panis,et</span> <span class='ocrx_word' id='word_1_462' title='bbox 3063 3227 3270 3283; x_wconf 80' lang='lat' dir='ltr'>animae</span> <span class='ocrx_word' id='word_1_463' title='bbox 3295 3227 3454 3283; x_wconf 90' lang='lat' dir='ltr'>illius</span> <span class='ocrx_word' id='word_1_464' title='bbox 3494 3228 3662 3284; x_wconf 88' lang='lat' dir='ltr'>cibus</span> <span class='ocrx_word' id='word_1_465' title='bbox 3718 3233 3855 3285; x_wconf 88' lang='lat' dir='ltr'>ante</span> 
     </span>
    </p>
   </div>
   <div class='ocr_carea' id='block_1_65' title="bbox 440 3301 3845 3391">
    <p class='ocr_par' dir='ltr' id='par_1_65' title="bbox 440 3301 3845 3391">
     <span class='ocr_line' id='line_1_65' title="bbox 440 3301 3845 3391; baseline 0.004 -28"><span class='ocrx_word' id='word_1_466' title='bbox 440 3309 566 3366; x_wconf 86' lang='lat' dir='ltr'>sine</span> <span class='ocrx_word' id='word_1_467' title='bbox 590 3314 1371 3382; x_wconf 89' lang='lat' dir='ltr'>peccatoetimmaculatus:</span> <span class='ocrx_word' id='word_1_468' title='bbox 1405 3315 1689 3388; x_wconf 89' lang='lat' dir='ltr'>iniquitas</span> <span class='ocrx_word' id='word_1_469' title='bbox 1721 3335 1953 3390; x_wconf 89' lang='lat' dir='ltr'>quoque</span> <span class='ocrx_word' id='word_1_470' title='bbox 1974 3336 2086 3374; x_wconf 91' lang='lat' dir='ltr'>non</span> <span class='ocrx_word' id='word_1_471' title='bbox 2120 3301 2163 3368; x_wconf 83' lang='lat' dir='ltr'><strong>C</strong></span> <span class='ocrx_word' id='word_1_472' title='bbox 2203 3317 2630 3373; x_wconf 89' lang='lat' dir='ltr'>desiderabilis.</span> <span class='ocrx_word' id='word_1_473' title='bbox 2689 3319 2972 3373; x_wconf 87' lang='lat' dir='ltr'>Tabescet</span> <span class='ocrx_word' id='word_1_474' title='bbox 3029 3334 3164 3373; x_wconf 91' lang='lat' dir='ltr'>caro</span> <span class='ocrx_word' id='word_1_475' title='bbox 3222 3319 3369 3388; x_wconf 89' lang='lat' dir='ltr'>ejus,</span> <span class='ocrx_word' id='word_1_476' title='bbox 3431 3322 3488 3373; x_wconf 90' lang='lat' dir='ltr'>et</span> <span class='ocrx_word' id='word_1_477' title='bbox 3538 3335 3672 3374; x_wconf 90' lang='lat' dir='ltr'>ossa</span> <span class='ocrx_word' id='word_1_478' title='bbox 3717 3336 3845 3391; x_wconf 66' lang='lat' dir='ltr'>qua;</span> 
     </span>
    </p>
   </div>
   <div class='ocr_carea' id='block_1_66' title="bbox 439 3400 2080 3479">
    <p class='ocr_par' dir='ltr' id='par_1_66' title="bbox 439 3400 2080 3479">
     <span class='ocr_line' id='line_1_66' title="bbox 439 3400 2080 3479; baseline 0.007 -26"><span class='ocrx_word' id='word_1_479' title='bbox 439 3403 528 3454; x_wconf 92' lang='lat' dir='ltr'>est</span> <span class='ocrx_word' id='word_1_480' title='bbox 556 3400 612 3456; x_wconf 92' lang='lat' dir='ltr'>in</span> <span class='ocrx_word' id='word_1_481' title='bbox 649 3418 816 3457; x_wconf 89' lang='lat' dir='ltr'>me.»</span> <span class='ocrx_word' id='word_1_482' title='bbox 846 3403 960 3458; x_wconf 88' lang='lat' dir='ltr'>Hoc</span> <span class='ocrx_word' id='word_1_483' title='bbox 1003 3409 1111 3471; x_wconf 86' lang='lat' dir='ltr'>est,</span> <span class='ocrx_word' id='word_1_484' title='bbox 1135 3404 1400 3477; x_wconf 90' lang='lat' dir='ltr'>inquam,</span> <span class='ocrx_word' id='word_1_485' title='bbox 1434 3406 1491 3461; x_wconf 92' lang='lat' dir='ltr'>in</span> <span class='ocrx_word' id='word_1_486' title='bbox 1521 3424 1636 3479; x_wconf 91' lang='lat' dir='ltr'>quo</span> <span class='ocrx_word' id='word_1_487' title='bbox 1671 3425 1785 3463; x_wconf 91' lang='lat' dir='ltr'>non</span> <span class='ocrx_word' id='word_1_488' title='bbox 1817 3425 1878 3464; x_wconf 88' lang='lat' dir='ltr'>es</span> <span class='ocrx_word' id='word_1_489' title='bbox 1904 3409 2080 3478; x_wconf 88' lang='lat' dir='ltr'>justi-</span> 
     </span>
    </p>
   </div>
   <div class='ocr_carea' id='block_1_67' title="bbox 440 3489 2078 3570">
    <p class='ocr_par' dir='ltr' id='par_1_67' title="bbox 440 3489 2078 3570">
     <span class='ocr_line' id='line_1_67' title="bbox 440 3489 2078 3570; baseline 0.009 -28"><span class='ocrx_word' id='word_1_490' title='bbox 440 3489 1171 3562; x_wconf 80' lang='lat' dir='ltr'>ﬁcatus,quiajustificatio</span> <span class='ocrx_word' id='word_1_491' title='bbox 1194 3511 1296 3566; x_wconf 90' lang='lat' dir='ltr'>per</span> <span class='ocrx_word' id='word_1_492' title='bbox 1319 3495 1710 3553; x_wconf 89' lang='lat' dir='ltr'>humilitatem</span> <span class='ocrx_word' id='word_1_493' title='bbox 1738 3498 2078 3570; x_wconf 87' lang='lat' dir='ltr'>acquiritur.</span> 
     </span>
    </p>
   </div>
   <div class='ocr_carea' id='block_1_68' title="bbox 438 3580 2080 3644">
    <p class='ocr_par' dir='ltr' id='par_1_68' title="bbox 438 3580 2080 3644">
     <span class='ocr_line' id='line_1_68' title="bbox 438 3580 2080 3644; baseline 0.007 -12"><span class='ocrx_word' id='word_1_494' title='bbox 438 3582 586 3633; x_wconf 88' lang='lat' dir='ltr'>Laus</span> <span class='ocrx_word' id='word_1_495' title='bbox 630 3594 762 3635; x_wconf 89' lang='lat' dir='ltr'>vero</span> <span class='ocrx_word' id='word_1_496' title='bbox 820 3580 1088 3638; x_wconf 88' lang='lat' dir='ltr'>elationis</span> <span class='ocrx_word' id='word_1_497' title='bbox 1173 3585 1718 3642; x_wconf 89' lang='lat' dir='ltr'>condemnationem</span> <span class='ocrx_word' id='word_1_498' title='bbox 1806 3592 2080 3644; x_wconf 89' lang='lat' dir='ltr'>meretur.</span> 
     </span>
    </p>
   </div>
   <div class='ocr_carea' id='block_1_69' title="bbox 439 3666 2083 3747">
    <p class='ocr_par' dir='ltr' id='par_1_69' title="bbox 439 3666 2083 3747">
     <span class='ocr_line' id='line_1_69' title="bbox 439 3666 2083 3747; baseline 0.009 -27"><span class='ocrx_word' id='word_1_499' title='bbox 439 3666 636 3722; x_wconf 87' lang='lat' dir='ltr'>Potuit</span> <span class='ocrx_word' id='word_1_500' title='bbox 664 3669 902 3739; x_wconf 91' lang='lat' dir='ltr'>quidem</span> <span class='ocrx_word' id='word_1_501' title='bbox 933 3671 1098 3726; x_wconf 91' lang='lat' dir='ltr'>utvir</span> <span class='ocrx_word' id='word_1_502' title='bbox 1120 3673 1322 3742; x_wconf 90' lang='lat' dir='ltr'>justus</span> <span class='ocrx_word' id='word_1_503' title='bbox 1355 3679 1411 3730; x_wconf 88' lang='lat' dir='ltr'>et</span> <span class='ocrx_word' id='word_1_504' title='bbox 1442 3675 1513 3730; x_wconf 92' lang='lat' dir='ltr'>de</span> <span class='ocrx_word' id='word_1_505' title='bbox 1544 3677 1762 3731; x_wconf 87' lang='lat' dir='ltr'>sanctis</span> <span class='ocrx_word' id='word_1_506' title='bbox 1811 3677 2083 3747; x_wconf 86' lang='lat' dir='ltr'>operibus</span> 
     </span>
    </p>
   </div>
   <div class='ocr_carea' id='block_1_70' title="bbox 439 3755 2084 3838">
    <p class='ocr_par' dir='ltr' id='par_1_70' title="bbox 439 3755 2084 3838">
     <span class='ocr_line' id='line_1_70' title="bbox 439 3755 2084 3838; baseline 0.009 -30"><span class='ocrx_word' id='word_1_507' title='bbox 439 3755 565 3811; x_wconf 90' lang='lat' dir='ltr'>suis</span> <span class='ocrx_word' id='word_1_508' title='bbox 597 3757 707 3811; x_wconf 91' lang='lat' dir='ltr'>sibi</span> <span class='ocrx_word' id='word_1_509' title='bbox 740 3759 886 3815; x_wconf 90' lang='lat' dir='ltr'>bene</span> <span class='ocrx_word' id='word_1_510' title='bbox 915 3761 1206 3830; x_wconf 91' lang='lat' dir='ltr'>conscius,</span> <span class='ocrx_word' id='word_1_511' title='bbox 1240 3764 1522 3820; x_wconf 88' lang='lat' dir='ltr'>audenter</span> <span class='ocrx_word' id='word_1_512' title='bbox 1549 3765 1744 3836; x_wconf 90' lang='lat' dir='ltr'>aliqua</span> <span class='ocrx_word' id='word_1_513' title='bbox 1775 3782 1903 3838; x_wconf 70' lang='lat' dir='ltr'>quae</span> <span class='ocrx_word' id='word_1_514' title='bbox 1951 3784 2084 3823; x_wconf 91' lang='lat' dir='ltr'>vera</span> 
     </span>
    </p>
   </div>
   <div class='ocr_carea' id='block_1_71' title="bbox 439 3846 2081 3926">
    <p class='ocr_par' dir='ltr' id='par_1_71' title="bbox 439 3846 2081 3926">
     <span class='ocr_line' id='line_1_71' title="bbox 439 3846 2081 3926; baseline 0.009 -29"><span class='ocrx_word' id='word_1_515' title='bbox 439 3849 600 3912; x_wconf 89' lang='lat' dir='ltr'>sunt,</span> <span class='ocrx_word' id='word_1_516' title='bbox 633 3846 748 3902; x_wconf 90' lang='lat' dir='ltr'>Deo</span> <span class='ocrx_word' id='word_1_517' title='bbox 779 3848 970 3904; x_wconf 89' lang='lat' dir='ltr'>dicere</span> <span class='ocrx_word' id='word_1_518' title='bbox 1004 3867 1016 3904; x_wconf 95' lang='lat'>:</span> <span class='ocrx_word' id='word_1_519' title='bbox 1053 3867 1167 3905; x_wconf 92' lang='lat' dir='ltr'>non</span> <span class='ocrx_word' id='word_1_520' title='bbox 1200 3852 1390 3923; x_wconf 91' lang='lat' dir='ltr'>potuit</span> <span class='ocrx_word' id='word_1_521' title='bbox 1417 3858 1612 3910; x_wconf 80' lang='lat' dir='ltr'>tamen</span> <span class='ocrx_word' id='word_1_522' title='bbox 1665 3854 1786 3909; x_wconf 81' lang='lat' dir='ltr'>haec</span> <span class='ocrx_word' id='word_1_523' title='bbox 1844 3872 1971 3926; x_wconf 68' lang='lat' dir='ltr'>quae</span> <span class='ocrx_word' id='word_1_524' title='bbox 2031 3858 2081 3912; x_wconf 92' lang='lat' dir='ltr'>ei</span> 
     </span>
    </p>
   </div>
   <div class='ocr_carea' id='block_1_72' title="bbox 444 3931 2083 4018">
    <p class='ocr_par' dir='ltr' id='par_1_72' title="bbox 444 3931 2083 4018">
     <span class='ocr_line' id='line_1_72' title="bbox 444 3931 2083 4018; baseline 0.009 -32"><span class='ocrx_word' id='word_1_525' title='bbox 444 3931 569 3988; x_wconf 88' lang='lat' dir='ltr'>Eliu</span> <span class='ocrx_word' id='word_1_526' title='bbox 599 3935 744 3993; x_wconf 88' lang='lat' dir='ltr'>falso</span> <span class='ocrx_word' id='word_1_527' title='bbox 775 3937 995 4009; x_wconf 89' lang='lat' dir='ltr'>objicit,</span> <span class='ocrx_word' id='word_1_528' title='bbox 1029 3939 1189 3996; x_wconf 89' lang='lat' dir='ltr'>velut</span> <span class='ocrx_word' id='word_1_529' title='bbox 1225 3942 1546 4013; x_wconf 90' lang='lat' dir='ltr'>sacrilegus</span> <span class='ocrx_word' id='word_1_530' title='bbox 1582 3943 1762 4015; x_wconf 90' lang='lat' dir='ltr'>loqui.</span> <span class='ocrx_word' id='word_1_531' title='bbox 1824 3945 2083 4018; x_wconf 88' lang='lat' dir='ltr'>Denique</span> 
     </span>
    </p>
   </div>
   <div class='ocr_carea' id='block_1_73' title="bbox 442 4020 1758 4104">
    <p class='ocr_par' dir='ltr' id='par_1_73' title="bbox 442 4020 1758 4104">
     <span class='ocr_line' id='line_1_73' title="bbox 442 4020 1758 4104; baseline 0.011 -28"><span class='ocrx_word' id='word_1_532' title='bbox 442 4020 560 4094; x_wconf 86' lang='lat' dir='ltr'>illa,</span> <span class='ocrx_word' id='word_1_533' title='bbox 597 4042 724 4095; x_wconf 74' lang='lat' dir='ltr'>quze</span> <span class='ocrx_word' id='word_1_534' title='bbox 757 4027 974 4083; x_wconf 87' lang='lat' dir='ltr'>dixisse</span> <span class='ocrx_word' id='word_1_535' title='bbox 1003 4029 1113 4085; x_wconf 86' lang='lat' dir='ltr'>Job</span> <span class='ocrx_word' id='word_1_536' title='bbox 1143 4030 1306 4099; x_wconf 92' lang='lat' dir='ltr'>dicit,</span> <span class='ocrx_word' id='word_1_537' title='bbox 1341 4031 1421 4087; x_wconf 90' lang='lat' dir='ltr'>ita</span> <span class='ocrx_word' id='word_1_538' title='bbox 1454 4033 1758 4104; x_wconf 89' lang='lat' dir='ltr'>inquiens:</span> 
     </span>
    </p>
   </div>
   <div class='ocr_carea' id='block_1_74' title="bbox 517 4115 2084 4194">
    <p class='ocr_par' dir='ltr' id='par_1_74' title="bbox 517 4115 2084 4194">
     <span class='ocr_line' id='line_1_74' title="bbox 517 4115 2084 4194; baseline 0.008 -25"><span class='ocrx_word' id='word_1_539' title='bbox 517 4115 717 4178; x_wconf 87' lang='lat' dir='ltr'>«Quia</span> <span class='ocrx_word' id='word_1_540' title='bbox 746 4117 1014 4188; x_wconf 89' lang='lat' dir='ltr'>querelas</span> <span class='ocrx_word' id='word_1_541' title='bbox 1046 4119 1102 4174; x_wconf 92' lang='lat' dir='ltr'>in</span> <span class='ocrx_word' id='word_1_542' title='bbox 1162 4137 1254 4176; x_wconf 91' lang='lat' dir='ltr'>me</span> <span class='ocrx_word' id='word_1_543' title='bbox 1304 4122 1534 4194; x_wconf 89' lang='lat' dir='ltr'>reperit,</span> <span class='ocrx_word' id='word_1_544' title='bbox 1580 4122 1707 4178; x_wconf 90' lang='lat' dir='ltr'>ideo</span> <span class='ocrx_word' id='word_1_545' title='bbox 1766 4123 2084 4182; x_wconf 89' lang='lat' dir='ltr'>arbitratus</span> 
     </span>
    </p>
   </div>
   <div class='ocr_carea' id='block_1_75' title="bbox 440 4205 2083 4286">
    <p class='ocr_par' dir='ltr' id='par_1_75' title="bbox 440 4205 2083 4286">
     <span class='ocr_line' id='line_1_75' title="bbox 440 4205 2083 4286; baseline 0.009 -30"><span class='ocrx_word' id='word_1_546' title='bbox 440 4206 528 4257; x_wconf 89' lang='lat' dir='ltr'>est</span> <span class='ocrx_word' id='word_1_547' title='bbox 577 4221 670 4260; x_wconf 92' lang='lat' dir='ltr'>me</span> <span class='ocrx_word' id='word_1_548' title='bbox 726 4205 1030 4264; x_wconf 91' lang='lat' dir='ltr'>inimicum</span> <span class='ocrx_word' id='word_1_549' title='bbox 1092 4210 1224 4265; x_wconf 89' lang='lat' dir='ltr'>sibi.</span> <span class='ocrx_word' id='word_1_550' title='bbox 1281 4212 1482 4268; x_wconf 87' lang='lat' dir='ltr'>Posuit</span> <span class='ocrx_word' id='word_1_551' title='bbox 1520 4212 1577 4267; x_wconf 92' lang='lat' dir='ltr'>in</span> <span class='ocrx_word' id='word_1_552' title='bbox 1655 4230 1828 4269; x_wconf 90' lang='lat' dir='ltr'>nervo</span> <span class='ocrx_word' id='word_1_553' title='bbox 1908 4215 2083 4286; x_wconf 88' lang='lat' dir='ltr'>pedes</span> 
     </span>
    </p>
   </div>
   <div class='ocr_carea' id='block_1_76' title="bbox 439 4298 2084 4358">
    <p class='ocr_par' dir='ltr' id='par_1_76' title="bbox 439 4298 2084 4358">
     <span class='ocr_line' id='line_1_76' title="bbox 439 4298 2084 4358; baseline 0.007 -11"><span class='ocrx_word' id='word_1_554' title='bbox 439 4298 988 4353; x_wconf 80' lang='lat' dir='ltr'>meoszcustodivit</span> <span class='ocrx_word' id='word_1_555' title='bbox 1016 4316 1222 4356; x_wconf 89' lang='lat' dir='ltr'>omnes</span> <span class='ocrx_word' id='word_1_556' title='bbox 1283 4301 1522 4357; x_wconf 88' lang='lat' dir='ltr'>semitas</span> <span class='ocrx_word' id='word_1_557' title='bbox 1582 4319 1764 4358; x_wconf 89' lang='lat' dir='ltr'>meas.</span> <span class='ocrx_word' id='word_1_558' title='bbox 1827 4304 1944 4358; x_wconf 89' lang='lat' dir='ltr'>Hoc</span> <span class='ocrx_word' id='word_1_559' title='bbox 1996 4309 2084 4358; x_wconf 88' lang='lat' dir='ltr'>est</span> 
     </span>
    </p>
   </div>
   <div class='ocr_carea' id='block_1_77' title="bbox 435 4383 2082 4463">
    <p class='ocr_par' dir='ltr' id='par_1_77' title="bbox 435 4383 2082 4463">
     <span class='ocr_line' id='line_1_77' title="bbox 435 4383 2082 4463; baseline 0.007 -27"><span class='ocrx_word' id='word_1_560' title='bbox 435 4395 572 4453; x_wconf 88' lang='lat' dir='ltr'>ergo</span> <span class='ocrx_word' id='word_1_561' title='bbox 599 4383 659 4439; x_wconf 91' lang='lat' dir='ltr'>in</span> <span class='ocrx_word' id='word_1_562' title='bbox 701 4401 816 4457; x_wconf 93' lang='lat' dir='ltr'>quo</span> <span class='ocrx_word' id='word_1_563' title='bbox 852 4404 967 4442; x_wconf 91' lang='lat' dir='ltr'>non</span> <span class='ocrx_word' id='word_1_564' title='bbox 1026 4405 1087 4443; x_wconf 90' lang='lat' dir='ltr'>es</span> <span class='ocrx_word' id='word_1_565' title='bbox 1129 4388 1510 4458; x_wconf 83' lang='lat' dir='ltr'>justificatus.</span> <span class='ocrx_word' id='word_1_566' title='bbox 1569 4412 1596 4440; x_wconf 85' lang='lat'>»</span> <span class='ocrx_word' id='word_1_567' title='bbox 1658 4392 1783 4446; x_wconf 91' lang='lat' dir='ltr'>Non</span> <span class='ocrx_word' id='word_1_568' title='bbox 1833 4391 2082 4463; x_wconf 81' lang='lat' dir='ltr'>legimus</span> 
     </span>
    </p>
   </div>
   <div class='ocr_carea' id='block_1_78' title="bbox 435 4468 2081 4553">
    <p class='ocr_par' dir='ltr' id='par_1_78' title="bbox 435 4468 2081 4553">
     <span class='ocr_line' id='line_1_78' title="bbox 435 4468 2081 4553; baseline 0.007 -28"><span class='ocrx_word' id='word_1_569' title='bbox 435 4468 555 4526; x_wconf 72' lang='lat' dir='ltr'>hazc</span> <span class='ocrx_word' id='word_1_570' title='bbox 579 4473 687 4528; x_wconf 89' lang='lat' dir='ltr'>Job</span> <span class='ocrx_word' id='word_1_571' title='bbox 713 4474 952 4543; x_wconf 86' lang='lat' dir='ltr'>dixisse,</span> <span class='ocrx_word' id='word_1_572' title='bbox 985 4493 1113 4547; x_wconf 65' lang='lat' dir='ltr'>quas</span> <span class='ocrx_word' id='word_1_573' title='bbox 1143 4477 1344 4548; x_wconf 88' lang='lat' dir='ltr'>utique</span> <span class='ocrx_word' id='word_1_574' title='bbox 1385 4495 1453 4532; x_wconf 82' lang='lat' dir='ltr'>ex</span> <span class='ocrx_word' id='word_1_575' title='bbox 1486 4496 1659 4535; x_wconf 90' lang='lat' dir='ltr'>sensu</span> <span class='ocrx_word' id='word_1_576' title='bbox 1713 4482 1863 4551; x_wconf 90' lang='lat' dir='ltr'>ejus,</span> <span class='ocrx_word' id='word_1_577' title='bbox 1913 4483 2081 4553; x_wconf 90' lang='lat' dir='ltr'>quasi</span> 
     </span>
    </p>
   </div>
   <div class='ocr_carea' id='block_1_79' title="bbox 437 4563 2078 4643">
    <p class='ocr_par' dir='ltr' id='par_1_79' title="bbox 437 4563 2078 4643">
     <span class='ocr_line' id='line_1_79' title="bbox 437 4563 2078 4643; baseline 0.009 -29"><span class='ocrx_word' id='word_1_578' title='bbox 437 4575 471 4614; x_wconf 89' lang='lat' dir='ltr'>a</span> <span class='ocrx_word' id='word_1_579' title='bbox 525 4565 726 4616; x_wconf 89' lang='lat' dir='ltr'>sancto</span> <span class='ocrx_word' id='word_1_580' title='bbox 759 4563 867 4619; x_wconf 88' lang='lat' dir='ltr'>Job</span> <span class='ocrx_word' id='word_1_581' title='bbox 916 4564 1090 4632; x_wconf 90' lang='lat' dir='ltr'>dicta,</span> <span class='ocrx_word' id='word_1_582' title='bbox 1151 4567 1274 4622; x_wconf 92' lang='lat' dir='ltr'>suis</span> <span class='ocrx_word' id='word_1_583' title='bbox 1334 4567 1427 4623; x_wconf 91' lang='lat' dir='ltr'>hic</span> <span class='ocrx_word' id='word_1_584' title='bbox 1469 4569 1662 4626; x_wconf 89' lang='lat' dir='ltr'>verbis</span> <span class='ocrx_word' id='word_1_585' title='bbox 1729 4573 2078 4643; x_wconf 89' lang='lat' dir='ltr'>composuit.</span> 
     </span>
    </p>
   </div>
   <div class='ocr_carea' id='block_1_80' title="bbox 2189 3407 3851 3480">
    <p class='ocr_par' dir='ltr' id='par_1_80' title="bbox 2189 3407 3851 3480">
     <span class='ocr_line' id='line_1_80' title="bbox 2189 3407 3851 3480; baseline 0.003 -19"><span class='ocrx_word' id='word_1_586' title='bbox 2189 3411 2343 3472; x_wconf 75' lang='lat' dir='ltr'>tecta</span> <span class='ocrx_word' id='word_1_587' title='bbox 2373 3407 2624 3474; x_wconf 89' lang='lat' dir='ltr'>fuerant,</span> <span class='ocrx_word' id='word_1_588' title='bbox 2687 3408 3097 3463; x_wconf 90' lang='lat' dir='ltr'>nudabuntur.</span> <span class='ocrx_word' id='word_1_589' title='bbox 3156 3407 3667 3480; x_wconf 80' lang='lat' dir='ltr'>Appropinquabit</span> <span class='ocrx_word' id='word_1_590' title='bbox 3727 3426 3851 3466; x_wconf 90' lang='lat' dir='ltr'>cor-</span> 
     </span>
    </p>
   </div>
   <div class='ocr_carea' id='block_1_81' title="bbox 2189 3496 3851 3570">
    <p class='ocr_par' dir='ltr' id='par_1_81' title="bbox 2189 3496 3851 3570">
     <span class='ocr_line' id='line_1_81' title="bbox 2189 3496 3851 3570; baseline 0.003 -19"><span class='ocrx_word' id='word_1_591' title='bbox 2189 3497 2446 3570; x_wconf 90' lang='lat' dir='ltr'>ruptioni</span> <span class='ocrx_word' id='word_1_592' title='bbox 2480 3498 2677 3552; x_wconf 90' lang='lat' dir='ltr'>anima</span> <span class='ocrx_word' id='word_1_593' title='bbox 2709 3499 2758 3568; x_wconf 91' lang='lat' dir='ltr'>ej</span> <span class='ocrx_word' id='word_1_594' title='bbox 2783 3514 2871 3565; x_wconf 92' lang='lat' dir='ltr'>us,</span> <span class='ocrx_word' id='word_1_595' title='bbox 2906 3505 2959 3552; x_wconf 92' lang='lat' dir='ltr'>et</span> <span class='ocrx_word' id='word_1_596' title='bbox 3016 3497 3134 3552; x_wconf 90' lang='lat' dir='ltr'>vita</span> <span class='ocrx_word' id='word_1_597' title='bbox 3179 3496 3340 3552; x_wconf 93' lang='lat' dir='ltr'>illius</span> <span class='ocrx_word' id='word_1_598' title='bbox 3389 3498 3728 3554; x_wconf 77' lang='lat' dir='ltr'>mortiferis.</span> <span class='ocrx_word' id='word_1_599' title='bbox 3789 3501 3851 3556; x_wconf 92' lang='lat' dir='ltr'>Si</span> 
     </span>
    </p>
   </div>
   <div class='ocr_carea' id='block_1_82' title="bbox 2193 3586 3844 3660">
    <p class='ocr_par' dir='ltr' id='par_1_82' title="bbox 2193 3586 3844 3660">
     <span class='ocr_line' id='line_1_82' title="bbox 2193 3586 3844 3660; baseline 0.002 -19"><span class='ocrx_word' id='word_1_600' title='bbox 2193 3587 2366 3643; x_wconf 86' lang='lat' dir='ltr'>fuerit</span> <span class='ocrx_word' id='word_1_601' title='bbox 2396 3605 2499 3660; x_wconf 91' lang='lat' dir='ltr'>pro</span> <span class='ocrx_word' id='word_1_602' title='bbox 2530 3603 2595 3643; x_wconf 93' lang='lat' dir='ltr'>eo</span> <span class='ocrx_word' id='word_1_603' title='bbox 2629 3586 2875 3659; x_wconf 87' lang='lat' dir='ltr'>angelus</span> <span class='ocrx_word' id='word_1_604' title='bbox 2904 3587 3151 3659; x_wconf 91' lang='lat' dir='ltr'>loquens</span> <span class='ocrx_word' id='word_1_605' title='bbox 3183 3603 3365 3642; x_wconf 91' lang='lat' dir='ltr'>unum</span> <span class='ocrx_word' id='word_1_606' title='bbox 3402 3587 3471 3642; x_wconf 85' lang='lat' dir='ltr'>de</span> <span class='ocrx_word' id='word_1_607' title='bbox 3525 3588 3844 3657; x_wconf 90' lang='lat' dir='ltr'>similibus,</span> 
     </span>
    </p>
   </div>
   <div class='ocr_carea' id='block_1_83' title="bbox 2192 3676 3845 3750">
    <p class='ocr_par' dir='ltr' id='par_1_83' title="bbox 2192 3676 3845 3750">
     <span class='ocr_line' id='line_1_83' title="bbox 2192 3676 3845 3750; baseline 0.001 -18"><span class='ocrx_word' id='word_1_608' title='bbox 2192 3680 2258 3732; x_wconf 93' lang='lat' dir='ltr'>ut</span> <span class='ocrx_word' id='word_1_609' title='bbox 2285 3677 2593 3732; x_wconf 80' lang='lat' dir='ltr'>annuntiat</span> <span class='ocrx_word' id='word_1_610' title='bbox 2626 3676 2883 3732; x_wconf 92' lang='lat' dir='ltr'>hominis</span> <span class='ocrx_word' id='word_1_611' title='bbox 2915 3677 3245 3748; x_wconf 59' lang='lat' dir='ltr'>(equitatem</span> <span class='ocrx_word' id='word_1_612' title='bbox 3280 3693 3294 3732; x_wconf 93' lang='lat'>:</span> <span class='ocrx_word' id='word_1_613' title='bbox 3331 3677 3702 3734; x_wconf 88' lang='lat' dir='ltr'>miserebitur</span> <span class='ocrx_word' id='word_1_614' title='bbox 3717 3679 3845 3750; x_wconf 91' lang='lat' dir='ltr'>ejus</span> 
     </span>
    </p>
   </div>
   <div class='ocr_carea' id='block_1_84' title="bbox 2192 3765 3842 3833">
    <p class='ocr_par' dir='ltr' id='par_1_84' title="bbox 2192 3765 3842 3833">
     <span class='ocr_line' id='line_1_84' title="bbox 2192 3765 3842 3833; baseline 0.002 -13"><span class='ocrx_word' id='word_1_615' title='bbox 2192 3770 2248 3821; x_wconf 93' lang='lat' dir='ltr'>et</span> <span class='ocrx_word' id='word_1_616' title='bbox 2279 3766 2475 3820; x_wconf 89' lang='lat' dir='ltr'>dicet:</span> <span class='ocrx_word' id='word_1_617' title='bbox 2513 3765 2717 3820; x_wconf 89' lang='lat' dir='ltr'>Libera</span> <span class='ocrx_word' id='word_1_618' title='bbox 2748 3782 2904 3833; x_wconf 92' lang='lat' dir='ltr'>eum,</span> <span class='ocrx_word' id='word_1_619' title='bbox 2943 3770 3007 3820; x_wconf 91' lang='lat' dir='ltr'>ut</span> <span class='ocrx_word' id='word_1_620' title='bbox 3065 3783 3177 3820; x_wconf 91' lang='lat' dir='ltr'>non</span> <span class='ocrx_word' id='word_1_621' title='bbox 3230 3766 3544 3822; x_wconf 90' lang='lat' dir='ltr'>descendat</span> <span class='ocrx_word' id='word_1_622' title='bbox 3599 3767 3655 3822; x_wconf 91' lang='lat' dir='ltr'>in</span> <span class='ocrx_word' id='word_1_623' title='bbox 3716 3785 3842 3823; x_wconf 91' lang='lat' dir='ltr'>cor-</span> 
     </span>
    </p>
   </div>
   <div class='ocr_carea' id='block_1_85' title="bbox 2193 3853 3846 3927">
    <p class='ocr_par' dir='ltr' id='par_1_85' title="bbox 2193 3853 3846 3927">
     <span class='ocr_line' id='line_1_85' title="bbox 2193 3853 3846 3927; baseline 0.001 -17"><span class='ocrx_word' id='word_1_624' title='bbox 2193 3856 2548 3926; x_wconf 89' lang='lat' dir='ltr'>ruptionem.</span> <span class='ocrx_word' id='word_1_625' title='bbox 2583 3854 2779 3909; x_wconf 90' lang='lat' dir='ltr'>Inveni</span> <span class='ocrx_word' id='word_1_626' title='bbox 2804 3853 2863 3908; x_wconf 89' lang='lat' dir='ltr'>in</span> <span class='ocrx_word' id='word_1_627' title='bbox 2897 3870 3010 3925; x_wconf 93' lang='lat' dir='ltr'>quo</span> <span class='ocrx_word' id='word_1_628' title='bbox 3074 3855 3122 3910; x_wconf 93' lang='lat' dir='ltr'>ei</span> <span class='ocrx_word' id='word_1_629' title='bbox 3182 3855 3538 3927; x_wconf 82' lang='lat' dir='ltr'>pr0pitier.»</span> <span class='ocrx_word' id='word_1_630' title='bbox 3595 3857 3721 3913; x_wconf 89' lang='lat' dir='ltr'>Sive</span> <span class='ocrx_word' id='word_1_631' title='bbox 3779 3864 3846 3912; x_wconf 92' lang='lat' dir='ltr'>ut</span> 
     </span>
    </p>
   </div>
   <div class='ocr_carea' id='block_1_86' title="bbox 2192 3944 3838 4017">
    <p class='ocr_par' dir='ltr' id='par_1_86' title="bbox 2192 3944 3838 4017">
     <span class='ocr_line' id='line_1_86' title="bbox 2192 3944 3838 4017; baseline 0.001 -19"><span class='ocrx_word' id='word_1_632' title='bbox 2192 3944 2291 3998; x_wconf 89' lang='lat' dir='ltr'>alii</span> <span class='ocrx_word' id='word_1_633' title='bbox 2323 3944 2629 3999; x_wconf 84' lang='lat' dir='ltr'>dixerunt:</span> <span class='ocrx_word' id='word_1_634' title='bbox 2668 3944 2899 3998; x_wconf 78' lang='lat' dir='ltr'>Accessit</span> <span class='ocrx_word' id='word_1_635' title='bbox 2929 3959 3100 4014; x_wconf 83' lang='lat' dir='ltr'>usque</span> <span class='ocrx_word' id='word_1_636' title='bbox 3121 3945 3196 3999; x_wconf 84' lang='lat' dir='ltr'>ad</span> <span class='ocrx_word' id='word_1_637' title='bbox 3226 3954 3456 4000; x_wconf 85' lang='lat' dir='ltr'>mortem</span> <span class='ocrx_word' id='word_1_638' title='bbox 3485 3947 3675 4001; x_wconf 82' lang='lat' dir='ltr'>anima</span> <span class='ocrx_word' id='word_1_639' title='bbox 3697 3947 3838 4017; x_wconf 83' lang='lat' dir='ltr'>ejus,</span> 
     </span>
    </p>
   </div>
   <div class='ocr_carea' id='block_1_87' title="bbox 2191 4035 3839 4107">
    <p class='ocr_par' dir='ltr' id='par_1_87' title="bbox 2191 4035 3839 4107">
     <span class='ocr_line' id='line_1_87' title="bbox 2191 4035 3839 4107; baseline 0 -17"><span class='ocrx_word' id='word_1_640' title='bbox 2191 4038 2243 4090; x_wconf 84' lang='lat' dir='ltr'>et</span> <span class='ocrx_word' id='word_1_641' title='bbox 2315 4035 2499 4090; x_wconf 82' lang='lat' dir='ltr'>omnia</span> <span class='ocrx_word' id='word_1_642' title='bbox 2547 4035 2662 4103; x_wconf 87' lang='lat' dir='ltr'>ejus</span> <span class='ocrx_word' id='word_1_643' title='bbox 2719 4049 3048 4088; x_wconf 74' lang='lat' dir='ltr'>marcescere</span> <span class='ocrx_word' id='word_1_644' title='bbox 3103 4037 3256 4104; x_wconf 74' lang='lat' dir='ltr'>facit.</span> <span class='ocrx_word' id='word_1_645' title='bbox 3324 4035 3470 4089; x_wconf 88' lang='lat' dir='ltr'>Cum</span> <span class='ocrx_word' id='word_1_646' title='bbox 3557 4053 3658 4107; x_wconf 89' lang='lat' dir='ltr'>per</span> <span class='ocrx_word' id='word_1_647' title='bbox 3719 4035 3839 4090; x_wconf 82' lang='lat' dir='ltr'>haec</span> 
     </span>
    </p>
   </div>
   <div class='ocr_carea' id='block_1_88' title="bbox 2193 4123 3831 4196">
    <p class='ocr_par' dir='ltr' id='par_1_88' title="bbox 2193 4123 3831 4196">
     <span class='ocr_line' id='line_1_88' title="bbox 2193 4123 3831 4196; baseline 0 -18"><span class='ocrx_word' id='word_1_648' title='bbox 2193 4124 2390 4194; x_wconf 87' lang='lat' dir='ltr'>itaque</span> <span class='ocrx_word' id='word_1_649' title='bbox 2420 4128 2713 4178; x_wconf 89' lang='lat' dir='ltr'>correctus</span> <span class='ocrx_word' id='word_1_650' title='bbox 2736 4123 2911 4178; x_wconf 91' lang='lat' dir='ltr'>homo</span> <span class='ocrx_word' id='word_1_651' title='bbox 2967 4128 3144 4194; x_wconf 87' lang='lat' dir='ltr'>atque</span> <span class='ocrx_word' id='word_1_652' title='bbox 3193 4128 3600 4196; x_wconf 89' lang='lat' dir='ltr'>consumptus,</span> <span class='ocrx_word' id='word_1_653' title='bbox 3659 4124 3831 4180; x_wconf 87' lang='lat' dir='ltr'>morti</span> 
     </span>
    </p>
   </div>
   <div class='ocr_carea' id='block_1_89' title="bbox 2193 4211 3838 4286">
    <p class='ocr_par' dir='ltr' id='par_1_89' title="bbox 2193 4211 3838 4286">
     <span class='ocr_line' id='line_1_89' title="bbox 2193 4211 3838 4286; baseline 0.001 -18"><span class='ocrx_word' id='word_1_654' title='bbox 2193 4217 2249 4268; x_wconf 86' lang='lat' dir='ltr'>et</span> <span class='ocrx_word' id='word_1_655' title='bbox 2279 4213 2663 4269; x_wconf 83' lang='lat' dir='ltr'>infernalibus</span> <span class='ocrx_word' id='word_1_656' title='bbox 2695 4211 2982 4268; x_wconf 89' lang='lat' dir='ltr'>ministris</span> <span class='ocrx_word' id='word_1_657' title='bbox 3010 4215 3585 4286; x_wconf 88' lang='lat' dir='ltr'>appropinquaverit,</span> <span class='ocrx_word' id='word_1_658' title='bbox 3618 4214 3663 4270; x_wconf 91' lang='lat' dir='ltr'>si</span> <span class='ocrx_word' id='word_1_659' title='bbox 3694 4215 3838 4269; x_wconf 85' lang='lat' dir='ltr'>ﬂue-</span> 
     </span>
    </p>
   </div>
   <div class='ocr_carea' id='block_1_90' title="bbox 2193 4302 3837 4375">
    <p class='ocr_par' dir='ltr' id='par_1_90' title="bbox 2193 4302 3837 4375">
     <span class='ocr_line' id='line_1_90' title="bbox 2193 4302 3837 4375; baseline 0.001 -17"><span class='ocrx_word' id='word_1_660' title='bbox 2193 4302 2573 4374; x_wconf 89' lang='lat' dir='ltr'>ritquispiam</span> <span class='ocrx_word' id='word_1_661' title='bbox 2606 4306 2969 4370; x_wconf 89' lang='lat' dir='ltr'>sanctorum,</span> <span class='ocrx_word' id='word_1_662' title='bbox 2999 4303 3099 4373; x_wconf 91' lang='lat' dir='ltr'>qui</span> <span class='ocrx_word' id='word_1_663' title='bbox 3137 4319 3348 4358; x_wconf 90' lang='lat' dir='ltr'>nomen</span> <span class='ocrx_word' id='word_1_664' title='bbox 3407 4303 3590 4358; x_wconf 91' lang='lat' dir='ltr'>sancti</span> <span class='ocrx_word' id='word_1_665' title='bbox 3650 4303 3837 4375; x_wconf 88' lang='lat' dir='ltr'>angeli</span> 
     </span>
    </p>
   </div>
   <div class='ocr_carea' id='block_1_91' title="bbox 2192 4390 3839 4464">
    <p class='ocr_par' dir='ltr' id='par_1_91' title="bbox 2192 4390 3839 4464">
     <span class='ocr_line' id='line_1_91' title="bbox 2192 4390 3839 4464; baseline 0.001 -18"><span class='ocrx_word' id='word_1_666' title='bbox 2192 4391 2407 4446; x_wconf 89' lang='lat' dir='ltr'>habere</span> <span class='ocrx_word' id='word_1_667' title='bbox 2437 4395 2731 4447; x_wconf 90' lang='lat' dir='ltr'>mereatur</span> <span class='ocrx_word' id='word_1_668' title='bbox 2763 4409 2776 4446; x_wconf 91' lang='lat'>:</span> <span class='ocrx_word' id='word_1_669' title='bbox 2811 4390 2862 4446; x_wconf 91' lang='lat' dir='ltr'>is</span> <span class='ocrx_word' id='word_1_670' title='bbox 2891 4408 2994 4462; x_wconf 93' lang='lat' dir='ltr'>pro</span> <span class='ocrx_word' id='word_1_671' title='bbox 3026 4391 3390 4462; x_wconf 91' lang='lat' dir='ltr'>hujusmodi,</span> <span class='ocrx_word' id='word_1_672' title='bbox 3424 4392 3522 4464; x_wconf 91' lang='lat' dir='ltr'>qui</span> <span class='ocrx_word' id='word_1_673' title='bbox 3551 4408 3654 4464; x_wconf 92' lang='lat' dir='ltr'>pro</span> <span class='ocrx_word' id='word_1_674' title='bbox 3700 4407 3839 4464; x_wconf 69' lang='lat' dir='ltr'>pec~</span> 
     </span>
    </p>
   </div>
   <div class='ocr_carea' id='block_1_92' title="bbox 2193 4481 3834 4554">
    <p class='ocr_par' dir='ltr' id='par_1_92' title="bbox 2193 4481 3834 4554">
     <span class='ocr_line' id='line_1_92' title="bbox 2193 4481 3834 4554; baseline 0.001 -18"><span class='ocrx_word' id='word_1_675' title='bbox 2193 4482 2344 4537; x_wconf 88' lang='lat' dir='ltr'>catis</span> <span class='ocrx_word' id='word_1_676' title='bbox 2373 4481 2498 4537; x_wconf 88' lang='lat' dir='ltr'>suis</span> <span class='ocrx_word' id='word_1_677' title='bbox 2532 4499 2566 4536; x_wconf 90' lang='lat' dir='ltr'>a</span> <span class='ocrx_word' id='word_1_678' title='bbox 2594 4482 2709 4538; x_wconf 92' lang='lat' dir='ltr'>Deo</span> <span class='ocrx_word' id='word_1_679' title='bbox 2739 4481 2819 4536; x_wconf 88' lang='lat' dir='ltr'>ita</span> <span class='ocrx_word' id='word_1_680' title='bbox 2861 4481 3192 4552; x_wconf 91' lang='lat' dir='ltr'>corripitur,</span> <span class='ocrx_word' id='word_1_681' title='bbox 3230 4481 3441 4552; x_wconf 90' lang='lat' dir='ltr'>poterit</span> <span class='ocrx_word' id='word_1_682' title='bbox 3471 4481 3784 4554; x_wconf 88' lang='lat' dir='ltr'>impetrare</span> <span class='ocrx_word' id='word_1_683' title='bbox 3820 4499 3834 4537; x_wconf 95' lang='lat'>:</span> 
     </span>
    </p>
   </div>
   <div class='ocr_carea' id='block_1_93' title="bbox 2193 4569 3834 4642">
    <p class='ocr_par' dir='ltr' id='par_1_93' title="bbox 2193 4569 3834 4642">
     <span class='ocr_line' id='line_1_93' title="bbox 2193 4569 3834 4642; baseline -0.002 -16"><span class='ocrx_word' id='word_1_684' title='bbox 2193 4571 2242 4626; x_wconf 88' lang='lat' dir='ltr'>si</span> <span class='ocrx_word' id='word_1_685' title='bbox 2277 4575 2470 4627; x_wconf 90' lang='lat' dir='ltr'>tamen</span> <span class='ocrx_word' id='word_1_686' title='bbox 2505 4571 2574 4626; x_wconf 89' lang='lat' dir='ltr'>de</span> <span class='ocrx_word' id='word_1_687' title='bbox 2604 4569 2808 4625; x_wconf 89' lang='lat' dir='ltr'>multis</span> <span class='ocrx_word' id='word_1_688' title='bbox 2853 4569 3126 4641; x_wconf 89' lang='lat' dir='ltr'>operibus</span> <span class='ocrx_word' id='word_1_689' title='bbox 3185 4570 3375 4635; x_wconf 92' lang='lat' dir='ltr'>bonis,</span> <span class='ocrx_word' id='word_1_690' title='bbox 3434 4587 3561 4640; x_wconf 69' lang='lat' dir='ltr'>quae</span> <span class='ocrx_word' id='word_1_691' title='bbox 3611 4570 3834 4642; x_wconf 89' lang='lat' dir='ltr'>operari</span> 
     </span>
    </p>
   </div>
   <div class='ocr_carea' id='block_1_94' title="bbox 439 4648 3836 4746">
    <p class='ocr_par' dir='ltr' id='par_1_94' title="bbox 439 4648 3836 4746">
     <span class='ocr_line' id='line_1_94' title="bbox 439 4648 3836 4746; baseline 0.003 -42"><span class='ocrx_word' id='word_1_692' title='bbox 439 4648 600 4704; x_wconf 89' lang='lat' dir='ltr'>Unde</span> <span class='ocrx_word' id='word_1_693' title='bbox 631 4650 786 4707; x_wconf 86' lang='lat' dir='ltr'>hunc</span> <span class='ocrx_word' id='word_1_694' title='bbox 817 4655 1013 4725; x_wconf 90' lang='lat' dir='ltr'>potius</span> <span class='ocrx_word' id='word_1_695' title='bbox 1061 4673 1176 4711; x_wconf 91' lang='lat' dir='ltr'>non</span> <span class='ocrx_word' id='word_1_696' title='bbox 1223 4663 1377 4713; x_wconf 88' lang='lat' dir='ltr'>recte</span> <span class='ocrx_word' id='word_1_697' title='bbox 1432 4660 1607 4716; x_wconf 90' lang='lat' dir='ltr'>verba</span> <span class='ocrx_word' id='word_1_698' title='bbox 1637 4660 1826 4718; x_wconf 89' lang='lat' dir='ltr'>dicere</span> <span class='ocrx_word' id='word_1_699' title='bbox 1857 4663 2081 4719; x_wconf 89' lang='lat' dir='ltr'>noveri-</span> <span class='ocrx_word' id='word_1_700' title='bbox 2113 4680 2160 4746; x_wconf 83' lang='lat' dir='ltr'><strong>D</strong></span> <span class='ocrx_word' id='word_1_701' title='bbox 2191 4661 2491 4728; x_wconf 89' lang='lat' dir='ltr'>debuerat,</span> <span class='ocrx_word' id='word_1_702' title='bbox 2517 4659 2722 4716; x_wconf 90' lang='lat' dir='ltr'>saltem</span> <span class='ocrx_word' id='word_1_703' title='bbox 2756 4676 2939 4714; x_wconf 91' lang='lat' dir='ltr'>unum</span> <span class='ocrx_word' id='word_1_704' title='bbox 2989 4659 3208 4714; x_wconf 91' lang='lat' dir='ltr'>bonum</span> <span class='ocrx_word' id='word_1_705' title='bbox 3271 4676 3418 4731; x_wconf 91' lang='lat' dir='ltr'>opus</span> <span class='ocrx_word' id='word_1_706' title='bbox 3475 4661 3620 4728; x_wconf 85' lang='lat' dir='ltr'>ejus,</span> <span class='ocrx_word' id='word_1_707' title='bbox 3681 4660 3836 4731; x_wconf 91' lang='lat' dir='ltr'>quod</span> 
     </span>
    </p>
   </div>
   <div class='ocr_carea' id='block_1_95' title="bbox 439 4744 2082 4811">
    <p class='ocr_par' dir='ltr' id='par_1_95' title="bbox 439 4744 2082 4811">
     <span class='ocr_line' id='line_1_95' title="bbox 439 4744 2082 4811; baseline 0.009 -18"><span class='ocrx_word' id='word_1_708' title='bbox 439 4755 597 4808; x_wconf 90' lang='lat' dir='ltr'>mus,</span> <span class='ocrx_word' id='word_1_709' title='bbox 633 4757 810 4811; x_wconf 90' lang='lat' dir='ltr'>quam</span> <span class='ocrx_word' id='word_1_710' title='bbox 841 4744 1114 4801; x_wconf 89' lang='lat' dir='ltr'>eumdem</span> <span class='ocrx_word' id='word_1_711' title='bbox 1145 4751 1417 4802; x_wconf 89' lang='lat' dir='ltr'>sanctum</span> <span class='ocrx_word' id='word_1_712' title='bbox 1442 4749 1553 4804; x_wconf 86' lang='lat' dir='ltr'>Job</span> <span class='ocrx_word' id='word_1_713' title='bbox 1611 4751 1826 4808; x_wconf 86' lang='lat' dir='ltr'>dixisse</span> <span class='ocrx_word' id='word_1_714' title='bbox 1883 4754 2082 4808; x_wconf 88' lang='lat' dir='ltr'>creda-</span> 
     </span>
    </p>
   </div>
   <div class='ocr_carea' id='block_1_96' title="bbox 437 4847 592 4887">
    <p class='ocr_par' dir='ltr' id='par_1_96' title="bbox 437 4847 592 4887">
     <span class='ocr_line' id='line_1_96' title="bbox 437 4847 592 4887; baseline 0.013 -2"><span class='ocrx_word' id='word_1_715' title='bbox 437 4847 592 4887; x_wconf 78' lang='lat' dir='ltr'>IDUS.</span> 
     </span>
    </p>
   </div>
   <div class='ocr_carea' id='block_1_97' title="bbox 504 4922 2075 5000">
    <p class='ocr_par' dir='ltr' id='par_1_97' title="bbox 504 4922 2075 5000">
     <span class='ocr_line' id='line_1_97' title="bbox 504 4922 2075 5000; baseline 0.007 -23"><span class='ocrx_word' id='word_1_716' title='bbox 504 4944 530 4971; x_wconf 90' lang='grc'>‹‹</span> <span class='ocrx_word' id='word_1_717' title='bbox 566 4922 949 4996; x_wconf 85' lang='lat' dir='ltr'>Respondebo</span> <span class='ocrx_word' id='word_1_718' title='bbox 981 4926 1108 4996; x_wconf 92' lang='lat' dir='ltr'>tibi,</span> <span class='ocrx_word' id='word_1_719' title='bbox 1172 4929 1310 5000; x_wconf 90' lang='lat' dir='ltr'>quia</span> <span class='ocrx_word' id='word_1_720' title='bbox 1340 4931 1527 5000; x_wconf 88' lang='lat' dir='ltr'>major</span> <span class='ocrx_word' id='word_1_721' title='bbox 1555 4931 1631 4986; x_wconf 91' lang='lat' dir='ltr'>sit</span> <span class='ocrx_word' id='word_1_722' title='bbox 1681 4932 1835 4988; x_wconf 88' lang='lat' dir='ltr'>Deus</span> <span class='ocrx_word' id='word_1_723' title='bbox 1887 4933 2075 4988; x_wconf 92' lang='lat' dir='ltr'>homi-</span> 
     </span>
    </p>
   </div>
   <div class='ocr_carea' id='block_1_98' title="bbox 435 5013 2079 5091">
    <p class='ocr_par' dir='ltr' id='par_1_98' title="bbox 435 5013 2079 5091">
     <span class='ocr_line' id='line_1_98' title="bbox 435 5013 2079 5091; baseline 0.007 -25"><span class='ocrx_word' id='word_1_724' title='bbox 435 5028 526 5070; x_wconf 90' lang='lat' dir='ltr'>ne.</span> <span class='ocrx_word' id='word_1_725' title='bbox 550 5013 847 5071; x_wconf 84' lang='lat' dir='ltr'>Adversus</span> <span class='ocrx_word' id='word_1_726' title='bbox 877 5031 1012 5072; x_wconf 91' lang='lat' dir='ltr'>eum</span> <span class='ocrx_word' id='word_1_727' title='bbox 1045 5019 1367 5088; x_wconf 87' lang='lat' dir='ltr'>contendis,</span> <span class='ocrx_word' id='word_1_728' title='bbox 1402 5021 1556 5091; x_wconf 92' lang='lat' dir='ltr'>quod</span> <span class='ocrx_word' id='word_1_729' title='bbox 1589 5037 1704 5076; x_wconf 89' lang='lat' dir='ltr'>non</span> <span class='ocrx_word' id='word_1_730' title='bbox 1753 5022 1823 5076; x_wconf 90' lang='lat' dir='ltr'>ad</span> <span class='ocrx_word' id='word_1_731' title='bbox 1881 5022 2079 5078; x_wconf 89' lang='lat' dir='ltr'>omnia</span> 
     </span>
    </p>
   </div>
   <div class='ocr_carea' id='block_1_99' title="bbox 439 5104 2077 5177">
    <p class='ocr_par' dir='ltr' id='par_1_99' title="bbox 439 5104 2077 5177">
     <span class='ocr_line' id='line_1_99' title="bbox 439 5104 2077 5177; baseline 0.005 -20"><span class='ocrx_word' id='word_1_732' title='bbox 439 5104 613 5159; x_wconf 89' lang='lat' dir='ltr'>verba</span> <span class='ocrx_word' id='word_1_733' title='bbox 643 5107 1008 5177; x_wconf 90' lang='lat' dir='ltr'>responderit</span> <span class='ocrx_word' id='word_1_734' title='bbox 1063 5107 1189 5163; x_wconf 89' lang='lat' dir='ltr'>tibi.</span> <span class='ocrx_word' id='word_1_735' title='bbox 1252 5108 1438 5165; x_wconf 90' lang='lat' dir='ltr'>Semel</span> <span class='ocrx_word' id='word_1_736' title='bbox 1497 5109 1758 5176; x_wconf 90' lang='lat' dir='ltr'>loquitur</span> <span class='ocrx_word' id='word_1_737' title='bbox 1815 5112 1966 5167; x_wconf 90' lang='lat' dir='ltr'>Deus</span> <span class='ocrx_word' id='word_1_738' title='bbox 2021 5117 2077 5166; x_wconf 89' lang='lat' dir='ltr'>et</span> 
     </span>
    </p>
   </div>
   <div class='ocr_carea' id='block_1_100' title="bbox 441 5195 2074 5270">
    <p class='ocr_par' dir='ltr' id='par_1_100' title="bbox 441 5195 2074 5270">
     <span class='ocr_line' id='line_1_100' title="bbox 441 5195 2074 5270; baseline 0.005 -22"><span class='ocrx_word' id='word_1_739' title='bbox 441 5195 986 5267; x_wconf 87' lang='lat' dir='ltr'>secundoidipsum</span> <span class='ocrx_word' id='word_1_740' title='bbox 1040 5214 1154 5253; x_wconf 93' lang='lat' dir='ltr'>non</span> <span class='ocrx_word' id='word_1_741' title='bbox 1212 5199 1438 5270; x_wconf 89' lang='lat' dir='ltr'>repetit.</span> <span class='ocrx_word' id='word_1_742' title='bbox 1505 5203 1613 5256; x_wconf 92' lang='lat' dir='ltr'>Per</span> <span class='ocrx_word' id='word_1_743' title='bbox 1668 5201 1964 5257; x_wconf 88' lang='lat' dir='ltr'>somnium</span> <span class='ocrx_word' id='word_1_744' title='bbox 2017 5203 2074 5256; x_wconf 90' lang='lat' dir='ltr'>in</span> 
     </span>
    </p>
   </div>
   <div class='ocr_carea' id='block_1_101' title="bbox 436 5284 2076 5364">
    <p class='ocr_par' dir='ltr' id='par_1_101' title="bbox 436 5284 2076 5364">
     <span class='ocr_line' id='line_1_101' title="bbox 436 5284 2076 5364; baseline 0.004 -25"><span class='ocrx_word' id='word_1_745' title='bbox 436 5284 658 5342; x_wconf 90' lang='lat' dir='ltr'>visione</span> <span class='ocrx_word' id='word_1_746' title='bbox 690 5290 996 5355; x_wconf 88' lang='lat' dir='ltr'>nocturna,</span> <span class='ocrx_word' id='word_1_747' title='bbox 1021 5289 1257 5359; x_wconf 87' lang='lat' dir='ltr'>quando</span> <span class='ocrx_word' id='word_1_748' title='bbox 1288 5289 1458 5344; x_wconf 90' lang='lat' dir='ltr'>irruit</span> <span class='ocrx_word' id='word_1_749' title='bbox 1515 5307 1691 5363; x_wconf 90' lang='lat' dir='ltr'>sopor</span> <span class='ocrx_word' id='word_1_750' title='bbox 1747 5307 1923 5364; x_wconf 91' lang='lat' dir='ltr'>super</span> <span class='ocrx_word' id='word_1_751' title='bbox 1979 5308 2076 5346; x_wconf 91' lang='lat' dir='ltr'>no-</span> 
     </span>
    </p>
   </div>
   <div class='ocr_carea' id='block_1_102' title="bbox 432 5373 2074 5452">
    <p class='ocr_par' dir='ltr' id='par_1_102' title="bbox 432 5373 2074 5452">
     <span class='ocr_line' id='line_1_102' title="bbox 432 5373 2074 5452; baseline 0.004 -22"><span class='ocrx_word' id='word_1_752' title='bbox 432 5373 642 5445; x_wconf 88' lang='lat' dir='ltr'>mines,</span> <span class='ocrx_word' id='word_1_753' title='bbox 675 5380 731 5432; x_wconf 91' lang='lat' dir='ltr'>et</span> <span class='ocrx_word' id='word_1_754' title='bbox 761 5377 1063 5433; x_wconf 89' lang='lat' dir='ltr'>dormiunt</span> <span class='ocrx_word' id='word_1_755' title='bbox 1093 5377 1151 5432; x_wconf 92' lang='lat' dir='ltr'>in</span> <span class='ocrx_word' id='word_1_756' title='bbox 1173 5377 1384 5434; x_wconf 88' lang='lat' dir='ltr'>lectulo</span> <span class='ocrx_word' id='word_1_757' title='bbox 1413 5396 1426 5433; x_wconf 90' lang='lat'>:</span> <span class='ocrx_word' id='word_1_758' title='bbox 1478 5384 1620 5435; x_wconf 91' lang='lat' dir='ltr'>tunc</span> <span class='ocrx_word' id='word_1_759' title='bbox 1669 5381 1854 5452; x_wconf 89' lang='lat' dir='ltr'>aperit</span> <span class='ocrx_word' id='word_1_760' title='bbox 1904 5398 2074 5437; x_wconf 91' lang='lat' dir='ltr'>aures</span> 
     </span>
    </p>
   </div>
   <div class='ocr_carea' id='block_1_103' title="bbox 428 5461 2075 5542">
    <p class='ocr_par' dir='ltr' id='par_1_103' title="bbox 428 5461 2075 5542">
     <span class='ocr_line' id='line_1_103' title="bbox 428 5461 2075 5542; baseline 0.007 -27"><span class='ocrx_word' id='word_1_761' title='bbox 428 5461 708 5535; x_wconf 89' lang='lat' dir='ltr'>virorum,</span> <span class='ocrx_word' id='word_1_762' title='bbox 742 5471 798 5522; x_wconf 91' lang='lat' dir='ltr'>et</span> <span class='ocrx_word' id='word_1_763' title='bbox 827 5468 1100 5524; x_wconf 89' lang='lat' dir='ltr'>erudiens</span> <span class='ocrx_word' id='word_1_764' title='bbox 1150 5484 1268 5533; x_wconf 91' lang='lat' dir='ltr'>eos,</span> <span class='ocrx_word' id='word_1_765' title='bbox 1330 5468 1569 5524; x_wconf 89' lang='lat' dir='ltr'>instruit</span> <span class='ocrx_word' id='word_1_766' title='bbox 1619 5469 1951 5542; x_wconf 90' lang='lat' dir='ltr'>disciplina,</span> <span class='ocrx_word' id='word_1_767' title='bbox 2012 5475 2075 5526; x_wconf 92' lang='lat' dir='ltr'>ut</span> 
     </span>
    </p>
   </div>
   <div class='ocr_carea' id='block_1_104' title="bbox 429 5553 2071 5629">
    <p class='ocr_par' dir='ltr' id='par_1_104' title="bbox 429 5553 2071 5629">
     <span class='ocr_line' id='line_1_104' title="bbox 429 5553 2071 5629; baseline 0.005 -23"><span class='ocrx_word' id='word_1_768' title='bbox 429 5557 650 5608; x_wconf 87' lang='lat' dir='ltr'>avertat</span> <span class='ocrx_word' id='word_1_769' title='bbox 678 5553 977 5613; x_wconf 89' lang='lat' dir='ltr'>hominem</span> <span class='ocrx_word' id='word_1_770' title='bbox 1010 5557 1082 5614; x_wconf 88' lang='lat' dir='ltr'>ab</span> <span class='ocrx_word' id='word_1_771' title='bbox 1116 5556 1207 5612; x_wconf 90' lang='lat' dir='ltr'>bis</span> <span class='ocrx_word' id='word_1_772' title='bbox 1241 5574 1371 5629; x_wconf 72' lang='lat' dir='ltr'>quas</span> <span class='ocrx_word' id='word_1_773' title='bbox 1402 5558 1560 5626; x_wconf 90' lang='lat' dir='ltr'>fecit,</span> <span class='ocrx_word' id='word_1_774' title='bbox 1592 5563 1650 5614; x_wconf 88' lang='lat' dir='ltr'>et</span> <span class='ocrx_word' id='word_1_775' title='bbox 1679 5558 1882 5615; x_wconf 88' lang='lat' dir='ltr'>liberet</span> <span class='ocrx_word' id='word_1_776' title='bbox 1938 5576 2071 5615; x_wconf 89' lang='lat' dir='ltr'>eum</span> 
     </span>
    </p>
   </div>
   <div class='ocr_carea' id='block_1_105' title="bbox 431 5641 2068 5721">
    <p class='ocr_par' dir='ltr' id='par_1_105' title="bbox 431 5641 2068 5721">
     <span class='ocr_line' id='line_1_105' title="bbox 431 5641 2068 5721; baseline 0.007 -27"><span class='ocrx_word' id='word_1_777' title='bbox 431 5641 503 5695; x_wconf 92' lang='lat' dir='ltr'>de</span> <span class='ocrx_word' id='word_1_778' title='bbox 535 5642 828 5713; x_wconf 89' lang='lat' dir='ltr'>superbia,</span> <span class='ocrx_word' id='word_1_779' title='bbox 860 5662 1072 5704; x_wconf 89' lang='lat' dir='ltr'>eruens</span> <span class='ocrx_word' id='word_1_780' title='bbox 1131 5647 1387 5704; x_wconf 88' lang='lat' dir='ltr'>animam</span> <span class='ocrx_word' id='word_1_781' title='bbox 1435 5649 1564 5719; x_wconf 90' lang='lat' dir='ltr'>ejus</span> <span class='ocrx_word' id='word_1_782' title='bbox 1605 5665 1639 5704; x_wconf 90' lang='lat' dir='ltr'>a</span> <span class='ocrx_word' id='word_1_783' title='bbox 1680 5649 2068 5721; x_wconf 88' lang='lat' dir='ltr'>corruptione,</span> 
     </span>
    </p>
   </div>
   <div class='ocr_carea' id='block_1_106' title="bbox 425 5729 2068 5815">
    <p class='ocr_par' dir='ltr' id='par_1_106' title="bbox 425 5729 2068 5815">
     <span class='ocr_line' id='line_1_106' title="bbox 425 5729 2068 5815; baseline 0.007 -27"><span class='ocrx_word' id='word_1_784' title='bbox 425 5733 485 5788; x_wconf 88' lang='lat' dir='ltr'>et</span> <span class='ocrx_word' id='word_1_785' title='bbox 501 5729 683 5789; x_wconf 86' lang='lat' dir='ltr'>vitam</span> <span class='ocrx_word' id='word_1_786' title='bbox 713 5731 893 5809; x_wconf 87' lang='lat' dir='ltr'>illius,</span> <span class='ocrx_word' id='word_1_787' title='bbox 923 5741 992 5796; x_wconf 90' lang='lat' dir='ltr'>ut</span> <span class='ocrx_word' id='word_1_788' title='bbox 1019 5755 1136 5798; x_wconf 87' lang='lat' dir='ltr'>non</span> <span class='ocrx_word' id='word_1_789' title='bbox 1163 5742 1424 5800; x_wconf 84' lang='lat' dir='ltr'>transeat</span> <span class='ocrx_word' id='word_1_790' title='bbox 1460 5738 1522 5800; x_wconf 89' lang='lat' dir='ltr'>in</span> <span class='ocrx_word' id='word_1_791' title='bbox 1581 5737 1866 5815; x_wconf 81' lang='lat' dir='ltr'>gladium.</span> <span class='ocrx_word' id='word_1_792' title='bbox 1899 5763 1930 5794; x_wconf 86' lang='lat'>»</span> <span class='ocrx_word' id='word_1_793' title='bbox 1983 5742 2068 5800; x_wconf 89' lang='lat' dir='ltr'>Ab</span> 
     </span>
    </p>
   </div>
   <div class='ocr_carea' id='block_1_107' title="bbox 2192 4749 3836 4821">
    <p class='ocr_par' dir='ltr' id='par_1_107' title="bbox 2192 4749 3836 4821">
     <span class='ocr_line' id='line_1_107' title="bbox 2192 4749 3836 4821; baseline -0.001 -17"><span class='ocrx_word' id='word_1_794' title='bbox 2192 4753 2475 4821; x_wconf 87' lang='lat' dir='ltr'>tanquam</span> <span class='ocrx_word' id='word_1_795' title='bbox 2508 4749 2863 4806; x_wconf 82' lang='lat' dir='ltr'>sacriﬁcium</span> <span class='ocrx_word' id='word_1_796' title='bbox 2890 4766 2994 4821; x_wconf 91' lang='lat' dir='ltr'>pro</span> <span class='ocrx_word' id='word_1_797' title='bbox 3025 4765 3089 4806; x_wconf 93' lang='lat' dir='ltr'>eo</span> <span class='ocrx_word' id='word_1_798' title='bbox 3122 4749 3405 4820; x_wconf 88' lang='lat' dir='ltr'>placabile</span> <span class='ocrx_word' id='word_1_799' title='bbox 3436 4749 3636 4805; x_wconf 83' lang='lat' dir='ltr'>oll‘erat</span> <span class='ocrx_word' id='word_1_800' title='bbox 3696 4749 3836 4815; x_wconf 90' lang='lat' dir='ltr'>Deo,</span> 
     </span>
    </p>
   </div>
   <div class='ocr_carea' id='block_1_108' title="bbox 2187 4838 3837 4910">
    <p class='ocr_par' dir='ltr' id='par_1_108' title="bbox 2187 4838 3837 4910">
     <span class='ocr_line' id='line_1_108' title="bbox 2187 4838 3837 4910; baseline -0.001 -16"><span class='ocrx_word' id='word_1_801' title='bbox 2187 4839 2434 4896; x_wconf 88' lang='lat' dir='ltr'>valuerit</span> <span class='ocrx_word' id='word_1_802' title='bbox 2465 4839 2739 4895; x_wconf 88' lang='lat' dir='ltr'>invenire.</span> <span class='ocrx_word' id='word_1_803' title='bbox 2765 4839 3069 4904; x_wconf 80' lang='lat' dir='ltr'>Exaudiet,</span> <span class='ocrx_word' id='word_1_804' title='bbox 3102 4838 3315 4910; x_wconf 88' lang='lat' dir='ltr'>inquit,</span> <span class='ocrx_word' id='word_1_805' title='bbox 3347 4843 3406 4894; x_wconf 89' lang='lat' dir='ltr'>et</span> <span class='ocrx_word' id='word_1_806' title='bbox 3455 4838 3711 4909; x_wconf 89' lang='lat' dir='ltr'>jubebit,</span> <span class='ocrx_word' id='word_1_807' title='bbox 3771 4844 3837 4893; x_wconf 88' lang='lat' dir='ltr'>ut</span> 
     </span>
    </p>
   </div>
   <div class='ocr_carea' id='block_1_109' title="bbox 2188 4927 3833 5002">
    <p class='ocr_par' dir='ltr' id='par_1_109' title="bbox 2188 4927 3833 5002">
     <span class='ocr_line' id='line_1_109' title="bbox 2188 4927 3833 5002; baseline -0.001 -18"><span class='ocrx_word' id='word_1_808' title='bbox 2188 4929 2500 5002; x_wconf 70' lang='lat' dir='ltr'>przedictus</span> <span class='ocrx_word' id='word_1_809' title='bbox 2531 4930 2601 4984; x_wconf 89' lang='lat' dir='ltr'>ad</span> <span class='ocrx_word' id='word_1_810' title='bbox 2627 4929 3049 5000; x_wconf 91' lang='lat' dir='ltr'>correptionem</span> <span class='ocrx_word' id='word_1_811' title='bbox 3072 4928 3434 4984; x_wconf 84' lang='lat' dir='ltr'>infernorum</span> <span class='ocrx_word' id='word_1_812' title='bbox 3468 4927 3833 4984; x_wconf 89' lang='lat' dir='ltr'>eruciatuum</span> 
     </span>
    </p>
   </div>
   <div class='ocr_carea' id='block_1_110' title="bbox 2187 5018 3833 5092">
    <p class='ocr_par' dir='ltr' id='par_1_110' title="bbox 2187 5018 3833 5092">
     <span class='ocr_line' id='line_1_110' title="bbox 2187 5018 3833 5092; baseline -0.002 -16"><span class='ocrx_word' id='word_1_813' title='bbox 2187 5036 2302 5076; x_wconf 90' lang='lat' dir='ltr'>non</span> <span class='ocrx_word' id='word_1_814' title='bbox 2360 5021 2694 5088; x_wconf 89' lang='lat' dir='ltr'>descendat,</span> <span class='ocrx_word' id='word_1_815' title='bbox 2755 5035 2821 5075; x_wconf 94' lang='lat' dir='ltr'>eo</span> <span class='ocrx_word' id='word_1_816' title='bbox 2879 5020 3035 5092; x_wconf 93' lang='lat' dir='ltr'>quod</span> <span class='ocrx_word' id='word_1_817' title='bbox 3110 5019 3198 5073; x_wconf 93' lang='lat' dir='ltr'>vir</span> <span class='ocrx_word' id='word_1_818' title='bbox 3267 5035 3518 5091; x_wconf 87' lang='lat' dir='ltr'>magnus</span> <span class='ocrx_word' id='word_1_819' title='bbox 3593 5018 3833 5090; x_wconf 90' lang='lat' dir='ltr'>quidam</span> 
     </span>
    </p>
   </div>
   <div class='ocr_carea' id='block_1_111' title="bbox 2186 5107 3834 5181">
    <p class='ocr_par' dir='ltr' id='par_1_111' title="bbox 2186 5107 3834 5181">
     <span class='ocr_line' id='line_1_111' title="bbox 2186 5107 3834 5181; baseline 0 -17"><span class='ocrx_word' id='word_1_820' title='bbox 2186 5109 2492 5177; x_wconf 85' lang='lat' dir='ltr'>exstiterit,</span> <span class='ocrx_word' id='word_1_821' title='bbox 2541 5109 2711 5181; x_wconf 92' lang='lat' dir='ltr'>cujus</span> <span class='ocrx_word' id='word_1_822' title='bbox 2770 5125 2970 5181; x_wconf 89' lang='lat' dir='ltr'>preces</span> <span class='ocrx_word' id='word_1_823' title='bbox 3028 5108 3181 5163; x_wconf 90' lang='lat' dir='ltr'>Deus</span> <span class='ocrx_word' id='word_1_824' title='bbox 3239 5125 3353 5162; x_wconf 92' lang='lat' dir='ltr'>non</span> <span class='ocrx_word' id='word_1_825' title='bbox 3405 5107 3657 5179; x_wconf 91' lang='lat' dir='ltr'>potuerit</span> <span class='ocrx_word' id='word_1_826' title='bbox 3716 5123 3834 5164; x_wconf 89' lang='lat' dir='ltr'>non</span> 
     </span>
    </p>
   </div>
   <div class='ocr_carea' id='block_1_112' title="bbox 2186 5196 3833 5271">
    <p class='ocr_par' dir='ltr' id='par_1_112' title="bbox 2186 5196 3833 5271">
     <span class='ocr_line' id='line_1_112' title="bbox 2186 5196 3833 5271; baseline -0.002 -17"><span class='ocrx_word' id='word_1_827' title='bbox 2186 5199 2406 5255; x_wconf 89' lang='lat' dir='ltr'>audire.</span> <span class='ocrx_word' id='word_1_828' title='bbox 2444 5200 2509 5254; x_wconf 89' lang='lat' dir='ltr'>Et</span> <span class='ocrx_word' id='word_1_829' title='bbox 2530 5199 2771 5271; x_wconf 90' lang='lat' dir='ltr'>angelus</span> <span class='ocrx_word' id='word_1_830' title='bbox 2802 5198 3048 5269; x_wconf 89' lang='lat' dir='ltr'>quilibet</span> <span class='ocrx_word' id='word_1_831' title='bbox 3080 5199 3149 5252; x_wconf 90' lang='lat' dir='ltr'>de</span> <span class='ocrx_word' id='word_1_832' title='bbox 3181 5196 3322 5253; x_wconf 71' lang='lat' dir='ltr'>coelo</span> <span class='ocrx_word' id='word_1_833' title='bbox 3354 5197 3640 5252; x_wconf 89' lang='lat' dir='ltr'>assistens</span> <span class='ocrx_word' id='word_1_834' title='bbox 3698 5200 3833 5251; x_wconf 88' lang='lat' dir='ltr'>ante</span> 
     </span>
    </p>
   </div>
   <div class='ocr_carea' id='block_1_113' title="bbox 2186 5286 3830 5360">
    <p class='ocr_par' dir='ltr' id='par_1_113' title="bbox 2186 5286 3830 5360">
     <span class='ocr_line' id='line_1_113' title="bbox 2186 5286 3830 5360; baseline -0.002 -16"><span class='ocrx_word' id='word_1_835' title='bbox 2186 5290 2390 5344; x_wconf 88' lang='lat' dir='ltr'>faciem</span> <span class='ocrx_word' id='word_1_836' title='bbox 2415 5289 2536 5359; x_wconf 91' lang='lat' dir='ltr'>Dei,</span> <span class='ocrx_word' id='word_1_837' title='bbox 2569 5293 2759 5360; x_wconf 89' lang='lat' dir='ltr'>potest</span> <span class='ocrx_word' id='word_1_838' title='bbox 2790 5304 2892 5358; x_wconf 92' lang='lat' dir='ltr'>pro</span> <span class='ocrx_word' id='word_1_839' title='bbox 2925 5287 3198 5359; x_wconf 85' lang='lat' dir='ltr'>quolibet.</span> <span class='ocrx_word' id='word_1_840' title='bbox 3246 5291 3548 5359; x_wconf 90' lang='lat' dir='ltr'>peccatore</span> <span class='ocrx_word' id='word_1_841' title='bbox 3610 5286 3667 5341; x_wconf 90' lang='lat' dir='ltr'>in</span> <span class='ocrx_word' id='word_1_842' title='bbox 3727 5286 3830 5340; x_wconf 85' lang='lat' dir='ltr'>lla-</span> 
     </span>
    </p>
   </div>
   <div class='ocr_carea' id='block_1_114' title="bbox 2184 5374 3829 5450">
    <p class='ocr_par' dir='ltr' id='par_1_114' title="bbox 2184 5374 3829 5450">
     <span class='ocr_line' id='line_1_114' title="bbox 2184 5374 3829 5450; baseline -0.001 -17"><span class='ocrx_word' id='word_1_843' title='bbox 2184 5377 2350 5450; x_wconf 90' lang='lat' dir='ltr'>gellis</span> <span class='ocrx_word' id='word_1_844' title='bbox 2405 5378 2854 5450; x_wconf 89' lang='lat' dir='ltr'>castigationum</span> <span class='ocrx_word' id='word_1_845' title='bbox 2936 5375 3124 5447; x_wconf 87' lang='lat' dir='ltr'>posito</span> <span class='ocrx_word' id='word_1_846' title='bbox 3206 5375 3605 5430; x_wconf 86' lang='lat' dir='ltr'>intercedere:</span> <span class='ocrx_word' id='word_1_847' title='bbox 3683 5374 3829 5447; x_wconf 87' lang='lat' dir='ltr'>ipsis</span> 
     </span>
    </p>
   </div>
   <div class='ocr_carea' id='block_1_115' title="bbox 2183 5464 3828 5537">
    <p class='ocr_par' dir='ltr' id='par_1_115' title="bbox 2183 5464 3828 5537">
     <span class='ocr_line' id='line_1_115' title="bbox 2183 5464 3828 5537; baseline -0.003 -14"><span class='ocrx_word' id='word_1_848' title='bbox 2183 5469 2340 5524; x_wconf 90' lang='lat' dir='ltr'>enim</span> <span class='ocrx_word' id='word_1_849' title='bbox 2367 5473 2454 5523; x_wconf 91' lang='lat' dir='ltr'>est</span> <span class='ocrx_word' id='word_1_850' title='bbox 2513 5485 2653 5523; x_wconf 91' lang='lat' dir='ltr'>cura</span> <span class='ocrx_word' id='word_1_851' title='bbox 2711 5467 2976 5537; x_wconf 89' lang='lat' dir='ltr'>injuncta</span> <span class='ocrx_word' id='word_1_852' title='bbox 3032 5482 3065 5519; x_wconf 91' lang='lat' dir='ltr'>a</span> <span class='ocrx_word' id='word_1_853' title='bbox 3112 5465 3247 5530; x_wconf 91' lang='lat' dir='ltr'>Deo,</span> <span class='ocrx_word' id='word_1_854' title='bbox 3293 5464 3378 5519; x_wconf 90' lang='lat' dir='ltr'>vel</span> <span class='ocrx_word' id='word_1_855' title='bbox 3428 5465 3703 5528; x_wconf 81' lang='lat' dir='ltr'>maxime,</span> <span class='ocrx_word' id='word_1_856' title='bbox 3763 5469 3828 5518; x_wconf 92' lang='lat' dir='ltr'>ut</span> 
     </span>
    </p>
   </div>
   <div class='ocr_carea' id='block_1_116' title="bbox 2181 5551 3826 5620">
    <p class='ocr_par' dir='ltr' id='par_1_116' title="bbox 2181 5551 3826 5620">
     <span class='ocr_line' id='line_1_116' title="bbox 2181 5551 3826 5620; baseline -0.001 -9"><span class='ocrx_word' id='word_1_857' title='bbox 2181 5557 2428 5614; x_wconf 89' lang='lat' dir='ltr'>diversis</span> <span class='ocrx_word' id='word_1_858' title='bbox 2483 5556 2842 5619; x_wconf 86' lang='lat' dir='ltr'>hominibus,</span> <span class='ocrx_word' id='word_1_859' title='bbox 2903 5553 2991 5610; x_wconf 87' lang='lat' dir='ltr'>vel</span> <span class='ocrx_word' id='word_1_860' title='bbox 3040 5553 3396 5620; x_wconf 87' lang='lat' dir='ltr'>nationibus,</span> <span class='ocrx_word' id='word_1_861' title='bbox 3468 5551 3826 5609; x_wconf 82' lang='lat' dir='ltr'>defensionis</span> 
     </span>
    </p>
   </div>
   <div class='ocr_carea' id='block_1_117' title="bbox 2180 5643 3818 5716">
    <p class='ocr_par' dir='ltr' id='par_1_117' title="bbox 2180 5643 3818 5716">
     <span class='ocr_line' id='line_1_117' title="bbox 2180 5643 3818 5716; baseline -0.002 -12"><span class='ocrx_word' id='word_1_862' title='bbox 2180 5647 2300 5704; x_wconf 89' lang='lat' dir='ltr'>sive</span> <span class='ocrx_word' id='word_1_863' title='bbox 2328 5646 2606 5703; x_wconf 75' lang='lat' dir='ltr'>custodia:</span> <span class='ocrx_word' id='word_1_864' title='bbox 2638 5661 2755 5700; x_wconf 79' lang='lat' dir='ltr'>suae</span> <span class='ocrx_word' id='word_1_865' title='bbox 2789 5659 2958 5716; x_wconf 90' lang='lat' dir='ltr'>opem</span> <span class='ocrx_word' id='word_1_866' title='bbox 2985 5643 3189 5700; x_wconf 88' lang='lat' dir='ltr'>ferant.</span> <span class='ocrx_word' id='word_1_867' title='bbox 3205 5646 3278 5698; x_wconf 93' lang='lat' dir='ltr'>De</span> <span class='ocrx_word' id='word_1_868' title='bbox 3309 5643 3527 5715; x_wconf 89' lang='lat' dir='ltr'>quibus</span> <span class='ocrx_word' id='word_1_869' title='bbox 3571 5648 3818 5715; x_wconf 81' lang='lat' dir='ltr'>Aposto-</span> 
     </span>
    </p>
   </div>
   <div class='ocr_carea' id='block_1_118' title="bbox 2179 5733 3824 5816">
    <p class='ocr_par' dir='ltr' id='par_1_118' title="bbox 2179 5733 3824 5816">
     <span class='ocr_line' id='line_1_118' title="bbox 2179 5733 3824 5816; baseline -0.002 -19"><span class='ocrx_word' id='word_1_870' title='bbox 2179 5737 2274 5797; x_wconf 89' lang='lat' dir='ltr'>lus</span> <span class='ocrx_word' id='word_1_871' title='bbox 2307 5752 2320 5797; x_wconf 87' lang='lat'><strong>:</strong></span> <span class='ocrx_word' id='word_1_872' title='bbox 2348 5738 2536 5797; x_wconf 81' lang='lat' dir='ltr'>Nonne</span> <span class='ocrx_word' id='word_1_873' title='bbox 2561 5750 2746 5795; x_wconf 79' lang='lat' dir='ltr'>omnes</span> <span class='ocrx_word' id='word_1_874' title='bbox 2783 5741 2921 5816; x_wconf 77' lang='lat' dir='ltr'>sunt</span> <span class='ocrx_word' id='word_1_875' title='bbox 2972 5733 3436 5793; x_wconf 83' lang='lat' dir='ltr'>administratorii</span> <span class='ocrx_word' id='word_1_876' title='bbox 3486 5733 3712 5810; x_wconf 78' lang='lat' dir='ltr'>spiritus</span> <span class='ocrx_word' id='word_1_877' title='bbox 3764 5736 3824 5800; x_wconf 78' lang='lat' dir='ltr'>in</span> 
     </span>
    </p>
   </div>
  </div>
