4220 6572
352 483 472 546 ’769

1369 480 1884 544 COMMENTAR.
1930 475 2011 541 IN
2054 478 2215 542 JOB.
2262 481 2431 544 CAP.
2479 483 2742 548 XXXIV.

3639 496 3760 558 770

355 620 725 677 ministerium
777 616 982 674 misst:
1032 617 1262 690 propter
1324 632 1410 674 eos
1468 618 1564 689 qui
1619 614 2002 674 haereditatem
2031 613 2279 684 Adicit,
2313 620 2379 674 ut
2407 621 2634 677 taceat:
2693 621 3062 694 eloquentem
3122 626 3179 679 et
3233 624 3517 696 tanquam
3558 626 3756 686 minus

357 714 572 784 capient
625 710 818 766 saluti:
875 709 1053 782 (Hebr.
1112 727 1149 781 ι,
1220 707 1356 780 Ui)?
1414 707 1756 780 Exemplum
1804 710 2001 761 autem

356 818 552 858 rerum
609 799 1006 872 praesentium,
1068 800 1139 856 de
1195 799 1410 871 quibus
1469 816 1624 855 nunc
1676 797 1999 872 loquimur,

355 891 412 946 in
447 889 761 962 Scripturis
817 889 1130 945 dominicis
1189 889 1530 955 retinemus,
1588 889 1688 943 ubi
1723 888 1997 959 legimus,

353 979 411 1034 in
443 979 664 1034 somnis
694 978 965 1033 homines
999 977 1179 1032 fuisse
1210 981 1528 1048 correptos,
1587 981 1650 1031 ut
1692 976 1998 1031 Nabucho-

352 1070 605 1124 donosor
661 1085 855 1140 regem
911 1066 1405 1140 superbissimum
1465 1067 1624 1133 (Dan.
1687 1067 1908 1132 1v,15),
1942 1069 1997 1118 et

351 1158 564 1223 Laban,
601 1157 701 1228 qui
732 1157 990 1229 parentis
1044 1156 1135 1211 sui
1167 1156 1341 1211 Iacob
1388 1155 1691 1210 interitum
1723 1154 1994 1225 dispone-

350 1247 450 1302 bat
503 1247 654 1318 (Gen.
712 1264 864 1312 xxxi,
923 1247 1035 1316 34),
1096 1250 1152 1300 et
1208 1245 1541 1300 Abimelcch
1603 1261 1823 1316 regem,
1892 1244 1992 1315 qui

347 1338 537 1392 sancti
561 1336 806 1391 Abrahae
836 1335 1075 1390 domum
1108 1333 1507 1390 contaminare
1541 1333 1802 1389 tentabat
1838 1333 1989 1404 (Gen.

348 1442 440 1490 xx,
473 1427 550 1496 3),
581 1429 638 1480 et
668 1441 905 1480 uxorem
941 1423 1122 1493 Pilati,
1166 1440 1292 1494 qum
1341 1423 1423 1479 ait
1475 1424 1545 1478 ad
1598 1439 1731 1478 eum
1785 1424 1855 1477 de
1887 1428 1994 1477 Do-

347 1515 510 1570 mino
543 1520 740 1570 nostro
769 1515 907 1569 Jesu
939 1513 1204 1569 Christo:
1236 1513 1388 1569 Nihil
1418 1513 1516 1568 tibi
1576 1517 1625 1567 et
1668 1515 1814 1584 justo
1863 1513 1994 1568 illi:

345 1609 518 1660 multa
545 1607 692 1660 enim
718 1620 879 1676 passa
928 1621 1047 1658 sum
1105 1620 1202 1674 per
1255 1603 1525 1658 somnium
1589 1609 1824 1674 propter
1865 1619 1995 1656 cum

348 1695 553 1765 (Matth.
589 1711 763 1763 xxvu,
799 1693 905 1764 19).
942 1694 1008 1747 Et
1060 1692 1213 1763 Magi
1245 1692 1305 1747 in
1363 1691 1674 1763 Evangelio
1740 1691 1800 1746 in
1833 1708 1989 1746 som-

346 1783 439 1838 nis
468 1783 775 1852 admoniti,
807 1799 910 1854 per
939 1781 1116 1838 aliam
1146 1782 1299 1837 viam
1332 1781 1712 1852 egrediuntur
1763 1782 1987 1849 (Matth.

344 1889 404 1943 11,
437 1873 546 1944 42).
584 1871 810 1928 Fideles
868 1871 1045 1926 etiam
1099 1871 1208 1926 viri
1257 1887 1291 1925 a
1346 1877 1462 1926 Deo
1519 1870 1579 1924 in
1631 1871 1857 1926 somnis
1901 1869 1992 1925 in-

343 1965 676 2028 struuntur,
709 1965 776 2016 ut
820 1961 1000 2016 Jacob
1060 1959 1395 2049 patriarcha
1452 1959 1605 2031 (Gen.
1665 1976 1840 2028 xxxn,
1874 1960 1987 2029 24),
2020 1993 2069 2060 Β

342 2056 398 2108 et
428 2050 572 2106 alios
602 2049 854 2122 legimus
887 2042 1214 2105 inﬁrmatus
1271 2066 1399 2105 esse
1453 2052 1687 2122 propter
1728 2053 1986 2120 peccata,

341 2141 412 2195 de
443 2140 658 2210 quibus
688 2138 856 2193 illum
888 2138 1272 2210 paralyticum
1318 2138 1499 2193 fuisse
1553 2138 1858 2204 discimus,
1893 2139 1987 2194 cui

342 2229 423 2284 ait
454 2228 774 2284 Dominus:
806 2230 1175 2283 [tramittuntur
1232 2229 1340 2282 tibi
1394 2235 1587 2296 pccata
1643 2231 1738 2282 tua
1775 2226 1984 2296 (Matth.

342 2336 418 2382 1x,
451 2319 527 2387 ‘2).
564 2317 836 2388 Legimus
866 2321 922 2372 et
952 2321 1185 2372 sanctos
1241 2333 1427 2387 aegros
1481 2316 1684 2385 fuisse,
1746 2321 1810 2370 ut
1840 2317 1986 2370 Tro-

343 2407 611 2478 phimum
643 2412 699 2462 et
729 2405 1192 2478 Epaphroditum
1223 2406 1267 2476 (I
1301 2407 1432 2459 Tim.
1469 2423 1544 2470 1v,
1593 2407 1698 2471 20;
1733 2404 1982 2475 Philipp.

341 2512 404 2558 ιι,
437 2496 528 2565 27)
562 2511 575 2551 :
608 2511 756 2566 quos
810 2495 1010 2564 utique
1037 2493 1194 2548 velut
1241 2494 1438 2564 justos
1468 2493 1570 2550 tali
1605 2493 1988 2564 castigatione

342 2584 705 2640 examinatos
735 2585 968 2639 credere
998 2584 1279 2638 debemus
1307 2599 1319 2638 :
1380 2600 1494 2637 non
1553 2587 1617 2637 ut
1657 2587 1986 2654 peccatores

344 2673 704 2728 inﬁrmitatis
733 2674 970 2728 verbere
1003 2671 1344 2743 flagellatos.
1379 2673 1695 2743 Sequitur:

418 2785 438 2811 α
473 2764 833 2833 Consumpta
862 2768 950 2816 est
991 2777 1123 2816 caro
1155 2763 1282 2831 ejus
1332 2779 1366 2815 a
1413 2761 1751 2832 suppliciis:
1798 2779 1984 2816 rever-

309 2837 497 2907 tatur
525 2853 595 2906 ad
630 2851 754 2906 dies
786 2851 1188 2905 adolescentia:
1219 2868 1358 2905 sua}.
1395 2871 1422 2899 »
1455 2850 1708 2920 Recepit,
1767 2851 1983 2921 inquit,

339 2940 494 2996 mala
525 2957 627 3012 pro
659 2939 886 2994 meritis
917 2939 1061 3004 suis,
1096 2942 1152 2992 et
1183 2938 1603 3010 suppliciorum
1659 2945 1832 3009 atque
1865 2956 1984 3010 pm-

339 3047 550 3085 narum
583 3045 923 3084 mensuram
954 3044 966 3082 :
1003 3027 1300 3082 sufﬁciant
1330 3027 1450 3082 haec
1483 3028 1532 3083 ei
1556 3029 1794 3082 verbera
1817 3029 1986 3083 casti-

338 3118 611 3191 gationis,
641 3119 858 3189 quibus
887 3121 1191 3172 revocatus
1222 3121 1310 3172 est
1349 3118 1419 3171 ad
1471 3116 1939 3172 emendationem
1967 3137 1980 3174 :

339 3225 494 3263 nunc
524 3206 892 3279 indulgentia
948 3206 1154 3261 divinae
1199 3205 1429 3278 pietatis
1487 3205 1557 3260 ad
1607 3205 1731 3260 dies
1789 3206 1983 3262 adole-

338 3296 595 3352 scientiae
625 3299 963 3359 revertatur,
993 3294 1052 3350 id
1081 3299 1188 3366 est,
1218 3299 1296 3351 δή
1336 3294 1548 3350 iterum
1597 3311 1777 3350 sanus
1807 3300 1983 3368 atque

337 3385 672 3442 incolumis.

412 3498 440 3523 ‹‹
486 3473 904 3544 Deprecabitur
949 3473 1159 3541 Deum,
1216 3479 1273 3528 et
1320 3472 1622 3545 placabilis
1669 3473 1720 3528 ei
1767 3474 1897 3540 erit,
1932 3481 1989 3530 et

340 3563 557 3618 videbit
588 3563 792 3618 faciem
826 3564 951 3632 ejus
1008 3562 1065 3616 in
1118 3562 1330 3633 jubilo,
1394 3568 1451 3617 et
1505 3563 1708 3617 reddet
1761 3563 1985 3619 homini

333 3652 631 3724 justitiam
664 3669 853 3707 suam.
892 3676 912 3701 ιι
947 3651 1107 3716 Quod
1142 3651 1372 3707 interim
1408 3652 1578 3706 corde
1612 3652 1676 3706 ﬁt
1717 3668 1849 3707 cum
1882 3671 1987 3724 per

336 3742 520 3798 Deum
575 3743 795 3797 bonum
863 3742 1227 3797 conscientiae
1297 3741 1683 3813 possideatur.
1755 3742 1987 3800 Videbit

336 3837 534 3886 autem
568 3831 667 3886 Dei
723 3833 950 3898 faciem,
1013 3832 1335 3902 propitium
1395 3831 1508 3886 sibi
1566 3831 1792 3887 vultum
1822 3833 1981 3889 illius

335 3921 613 3989 sentiens,
648 3921 983 3976 redditurus
1015 3921 1065 3976 ei
1122 3920 1301 3992 digna
1360 3920 1761 3976 satisfactione
1801 3923 1980 3994 justi-

332 4009 500 4065 tiam.

405 4128 433 4148 μ
465 4099 752 4171 Respiciet
782 4098 1076 4166 homines,
1132 4102 1191 4154 et
1223 4098 1405 4154 dicet:
1467 4099 1725 4170 Peccavi,
1759 4108 1815 4156 et
1849 4117 1980 4157 vere

332 4187 578 4258 deliqui,
609 4192 667 4242 et
694 4193 760 4243 ut
824 4204 985 4243 eram
1036 4188 1250 4259 dignus
1311 4204 1424 4242 non
1458 4188 1668 4260 recepi.
1704 4210 1731 4238 »
1767 4190 1979 4262 Magna

332 4293 425 4332 res
454 4283 562 4344 est,
607 4277 840 4349 Deoque
893 4276 1217 4347 plurimum
1277 4277 1654 4348 acceptabilis
1687 4281 1750 4333 ut
1801 4278 1976 4335 homo

329 4382 557 4422 errores
589 4383 725 4422 suos
781 4365 1044 4421 conﬁteri
1104 4382 1220 4420 non
1260 4367 1605 4422 erubescat:
1651 4369 1976 4438 praesertim

329 4457 378 4511 si
410 4473 512 4527 pro
544 4456 627 4511 eis
657 4472 718 4511 se
749 4455 1038 4527 intelligat
1067 4455 1364 4526 castigari,
1398 4461 1455 4510 et
1479 4456 1559 4511 ita
1589 4473 1650 4512 se
1681 4456 1977 4527 humiliet,

329 4551 395 4600 ut
428 4546 715 4617 quidquid
748 4544 1148 4616 castigationis
1181 4544 1549 4612 sustinuerit,
1608 4562 1710 4617 pro
1751 4549 1976 4605 meritis

329 4635 454 4691 suis
486 4652 691 4707 parum
725 4651 786 4690 se
812 4651 1053 4705 passum
1079 4635 1438 4705 pronuntiet.

2115 705 2431 774 eruditum,
2464 709 2550 764 vel
2583 710 2983 782 impatientem
3003 711 3173 783 jubet
3201 717 3265 770 ut
3293 713 3482 771 sileat.

2674 801 2905 857 CAPUT
2945 803 3183 858 XXXIV.

2184 908 2211 936 «
2245 888 2639 944 Pronuntians
2695 890 2892 962 itaque
2949 892 3097 958 Eliu,
3159 893 3334 950 etiam
3373 894 3492 952 hac
3526 895 3757 955 locutus

2110 979 2217 1029 est.
2257 998 2284 1025 »
2315 976 2469 1039 Quas
2500 979 2850 1034 sententiam
2910 980 3037 1035 Elin
3099 984 3477 1052 pronuntiare
3518 986 3754 1056 dicitur,

2109 1070 2165 1118 et
2197 1071 2511 1135 praesentes
2542 1068 2761 1124 amicos
2791 1069 2976 1124 sancti
3007 1070 3117 1126 Job
3169 1072 3239 1127 ad
3299 1074 3656 1132 audiendum
3691 1093 3754 1132 se

2109 1152 2462 1212 cohortatur.

2186 1264 2212 1294 «ι
2243 1245 2474 1311 Audite,
2500 1250 2812 1317 sapientes,
2847 1248 3022 1304 verba
3071 1266 3221 1316 mea,
3278 1257 3334 1308 et
3389 1254 3603 1309 eruditi
3649 1272 3752 1310 au-

2108 1332 2354 1388 scultate
2382 1351 2494 1390 me.
2544 1335 2717 1391 Auris
2765 1337 2920 1392 enim
2969 1339 3146 1394 verba
3192 1343 3418 1411 probat,
3461 1348 3519 1398 et
3549 1349 3754 1416 guttur

2106 1437 2268 1477 escas
2325 1428 2532 1495 gustus
2592 1426 2895 1496 dijudicat.
2930 1450 2958 1476 ››
3007 1429 3513 1493 Quemadmodum
3545 1433 3750 1504 igitur,

2105 1512 2314 1583 inquit,
2347 1531 2381 1568 a
2411 1514 2678 1570 faucibus
2729 1517 2994 1572 ciborum
3053 1535 3228 1590 sapor
3274 1519 3658 1591 dignoscitur,
3693 1527 3750 1577 et

2104 1601 2341 1673 idcirco,
2377 1603 2458 1658 ait
2489 1604 2613 1659 Eliu
2643 1621 2656 1660 :

2183 1712 2210 1742 α
2237 1690 2534 1748 Judicium
2565 1693 3076 1764 eligamus‘nobis,
3120 1701 3176 1752 et
3226 1701 3377 1752 inter
3417 1714 3523 1754 nos
3550 1700 3751 1756 videa-

2104 1797 2239 1837 mus
2269 1782 2410 1852 quid
2442 1783 2520 1838 sit
2577 1783 2808 1840 melius.
2838 1806 2864 1834 ››
2899 1786 2956 1839 Id
3002 1791 3110 1856 est,
3145 1785 3308 1858 prius
3335 1787 3746 1858 discutiamus,

2103 1873 2416 1942 antequam
2449 1871 2748 1927 hominem
2783 1874 3264 1930 condemnemus.

2181 1979 2204 2008 α
2238 1961 2384 2024 Quia
2404 1960 2548 2016 dixit
2584 1961 2694 2016 Job
2722 1979 2734 2018 :
2761 1963 2964 2032 justus
2995 1981 3149 2019 sum.
3184 1987 3213 2016 ››
3259 1965 3383 2021 Non
3417 1983 3747 2025 sermonem

2100 2048 2258 2104 hunc
2285 2050 2394 2105 Job
2417 2050 2580 2117 dixit,
2616 2052 2715 2106 sed
2748 2052 2891 2106 dum
2922 2053 3166 2108 virtutes
3207 2055 3574 2126 justitiarum
3608 2076 3744 2114 sua-

2101 2154 2232 2192 rum
2253 2144 2416 2194 notas
2441 2138 2839 2209 fecit,justum
2881 2141 3081 2212 procul
3113 2144 3291 2199 dubio
3323 2161 3385 2200 se
3427 2163 3554 2202 esse
3588 2165 3756 2204 mon-

2100 2228 2294 2297 travit,
2320 2244 2494 2298 quem
2517 2233 2573 2284 et
2594 2228 2879 2284 Dominus
2902 2231 3135 2300 justum
3160 2234 3286 2303 jam
3319 2233 3560 2291 dixerat.
3584 2239 3747 2301 Quod

2098 2315 2193 2371 hic
2224 2317 2438 2372 dicitur
2465 2335 2476 2371 :

2175 2429 2201 2457 «
2235 2407 2300 2461 Et
2331 2406 2485 2462 Deus
2533 2409 2821 2463 subvertit
2869 2409 3165 2480 judicium
3227 2429 3446 2468 meum.
3496 2416 3557 2469 In
3593 2416 3750 2487 judi-

2099 2496 2284 2550 cando
2315 2496 2467 2551 enim
2503 2513 2616 2564 me,
2669 2499 3037 2555 mendacium
3097 2505 3203 2571 est,
3265 2507 3321 2556 et
3373 2502 3624 2560 violenta
3653 2523 3745 2560 sa-

2098 2585 2244 2654 gitta
2275 2601 2405 2640 mea
2437 2585 2658 2657 absque
2689 2586 2807 2642 ullo
2861 2594 3115 2658 peccato.
3152 2612 3178 2639 »
3239 2591 3522 2646 Similiter
3549 2599 3606 2648 et
3636 2593 3745 2650 hoc

2095 2674 2290 2743 ipsum
2325 2691 2439 2729 non
2473 2675 2743 2745 legimus,
2779 2679 2877 2731 sed
2911 2678 3196 2750 scriptum
3255 2685 3562 2736 tenemus:
3603 2683 3743 2738 Vivit

2099 2764 2256 2832 Deus,
2287 2765 2384 2834 qui
2438 2765 2665 2819 abstulit
2709 2767 2992 2835 judicium
3044 2783 3228 2822 meum
3285 2770 3428 2839 (Job.
3489 2774 3742 2842 xxn,2).

2099 2852 2444 2907 Subvcrtere
2471 2859 2665 2907 autem
2686 2855 3000 2924 judicium,
3025 2858 3094 2910 ad
3116 2856 3485 2928 iniquitatem
3510 2861 3749 2931 respicit

2089 2939 2452 3009 judicantis:
2515 2942 2830 2997 abstulisse
2861 2960 2993 2998 vero
3043 2945 3360 3013 judicium,
3393 2947 3451 3001 id
3499 2953 3607 3012 est,
3641 2967 3744 3019 pro

2094 3033 2355 3098 tempore
2382 3029 2702 3094 distulisse,
2730 3032 2799 3084 ad
2831 3032 3325 3104 dispensationem
3351 3036 3500 3104 justi
3523 3037 3746 3105 judicis

2096 3117 2362 3188 pertinet.
2406 3119 2472 3172 Et
2517 3120 2908 3188 multiplicauit
2962 3123 3192 3176 vulnera
3239 3140 3360 3177 mea
3416 3126 3583 3179 etiam
3630 3129 3748 3182 sine

2095 3223 2260 3261 eausa
2313 3206 2426 3276 (Job
2489 3224 2566 3277 1x,
2631 3209 2737 3273 17).
2796 3209 3042 3264 Proinde
3100 3210 3207 3265 hoc
3261 3210 3388 3266 loco
3445 3222 3744 3272 asserente

2096 3294 2248 3360 Eliu,
2273 3296 2366 3350 hic
2397 3313 2524 3351 esse
2556 3314 2766 3352 sensus
2824 3300 3077 3364 videtur,
3139 3310 3295 3371 quod
3354 3317 3489 3357 cum
3520 3303 3629 3358 Job
3662 3306 3746 3360 ita

2015 3362 2058 3430 C
2097 3385 2326 3450 dixerit,
2381 3385 2582 3439 fefellit
2613 3386 2791 3442 Deum
2823 3362 3113 3456 judicium
3159 3362 3394 3453 'meum,
3455 3408 3568 3446 non
3594 3399 3746 3448 recte

2098 3477 2155 3527 et
2183 3489 2314 3527 vere
2336 3472 2640 3541 judicavit,
2669 3478 2725 3528 et
2752 3473 2882 3528 ideo
2914 3491 3052 3545 erga
3082 3493 3174 3530 me
3195 3478 3499 3533 mendacio
3529 3478 3740 3550 agitur.

2098 3563 2231 3626 Quae
2263 3567 2460 3616 autem
2520 3561 2752 3617 locutus
2810 3568 2898 3618 est
2953 3564 3086 3629 Job,
3145 3565 3334 3636 magis
3384 3566 3635 3637 incaute,
3688 3573 3747 3622 et

2097 3667 2460 3721 praesumens
2501 3651 2571 3705 de
2593 3651 2829 3720 justitia
2860 3652 2962 3707 Dei
3011 3653 3229 3710 dixisse
3277 3655 3602 3711 credendus
3632 3664 3740 3712 est.

2096 3741 2343 3794 Proinde
2365 3741 2527 3809 juste
2576 3740 2627 3794 ei
2685 3745 2741 3795 et
2790 3741 2998 3796 merito
3059 3743 3214 3798 Deus
3273 3743 3388 3800 ait:
3422 3747 3609 3815 Utique
3647 3749 3744 3816 qui

2094 3831 2279 3899 arguit
2315 3830 2478 3884 Dcum
2532 3829 2686 3884 debet
2733 3831 3059 3900 respondere
3105 3833 3159 3886 ei
3216 3833 3352 3902 (Job.
3386 3850 3574 3901 xxx1x,
3607 3837 3739 3905 32);

2093 3918 2154 3973 in
2186 3919 2403 3990 quibus
2433 3919 2637 3989 utique
2666 3918 2858 3974 verbis
2891 3919 2991 3974 Dei
3024 3921 3378 3992 increpatur.
3435 3923 3553 3978 Hoc
3594 3941 3743 3980 reso-

2094 4013 2215 4076 nat,
2251 4008 2405 4079 quod
2437 4008 2642 4062 beatus
2670 4008 2776 4062 Job
2808 4025 2922 4062 non
2956 4015 3110 4064 recte
3142 4009 3340 4080 aliqua
3382 4011 3458 4064 sit
3489 4013 3740 4079 locutus,

2093 4098 2193 4153 sed
2229 4096 2329 4168 qui
2360 4096 2578 4167 optime
2600 4101 2854 4166 noverat,
2909 4098 3062 4168 quod
3095 4098 3247 4152 bona
3276 4097 3334 4153 in
3386 4115 3453 4154 eo
3485 4099 3740 4171 plurima

2091 4191 2307 4252 essent,
2342 4186 2496 4240 unde
2552 4190 2609 4240 et
2660 4183 2744 4239 illi
2800 4185 3116 4256 placuerat,
3175 4188 3442 4242 concedit
3495 4205 3563 4244 ea
3611 4207 3738 4260 quas

2090 4275 2513 4330 immoderatus
2535 4290 2670 4328 cum
2695 4274 2855 4344 loqui
2881 4274 2938 4328 in
2972 4275 3224 4330 summis
3257 4277 3546 4349 augustiis
3575 4278 3740 4334 dolor

2091 4364 2400 4436 compulit.

2166 4478 2186 4503 (ι
2225 4454 2364 4520 Quis
2397 4457 2490 4514 est
2541 4453 2626 4506 vir
2655 4457 2720 4508 ut
2763 4457 2850 4508 est
2906 4452 3039 4518 Job,
3072 4453 3168 4524 qui
3229 4454 3378 4509 bibit
3408 4456 3737 4512 subsanna-

2089 4544 2308 4599 tionem
2333 4543 2500 4614 quasi
2524 4559 2760 4614 aquam,
2785 4542 2885 4612 qui
2912 4543 3180 4613 graditur
3199 4561 3331 4598 cum
3356 4547 3736 4616 operantibus

2086 4633 2479 4703 iniquitatem,
2515 4637 2572 4686 et
2601 4630 2865 4686 ambulat
2887 4648 3020 4686 cum
3053 4632 3193 4688 viris
3226 4633 3426 4706 impiis
3448 4636 3475 4690 ?
3509 4657 3536 4684 »
3557 4636 3738 4705 Cuius

406 4747 426 4773 ιι
465 4724 753 4779 Liberavit
782 4725 1040 4779 animam
1075 4741 1242 4778 suam
1302 4740 1373 4778 ne
1432 4729 1694 4796 pergeret
1726 4725 1784 4780 in
1826 4727 1974 4784 inte-
2006 4733 2055 4798 D
2086 4720 2310 4777 viscera
2341 4727 2622 4792 tanquam
2677 4737 2840 4790 aquis
2888 4721 3248 4778 abundantia
3293 4739 3517 4781 veneno
3559 4726 3736 4796 hujus

328 4813 528 4878 ritum,
579 4813 676 4868 sed
703 4813 902 4867 vivens
934 4812 1123 4867 lucem
1153 4813 1392 4867 videret.
1428 4817 1565 4869 Ecce
1624 4814 1745 4869 haec
1775 4816 1974 4872 omnia

325 4906 600 4971 operatur
629 4901 783 4956 Deus
814 4901 1004 4956 tribus
1056 4901 1282 4957 vicibus
1331 4919 1432 4972 per
1460 4903 1746 4974 singulos,
1783 4910 1845 4959 ut
1877 4923 1969 4961 re-

323 4997 483 5045 vocet
523 4989 750 5046 animas
790 5007 990 5045 eorum
1033 5008 1067 5045 a
1114 4991 1506 5061 corruptione,
1568 4997 1626 5046 et
1679 4992 1972 5050 illuminet

323 5077 450 5132 luce
476 5079 817 5134 viventium.
853 5101 880 5128 ››
915 5078 974 5131 Id
1007 5083 1114 5142 est,
1177 5076 1494 5148 agnitionis
1546 5079 1646 5132 Dei
1691 5080 1880 5135 lucem
1913 5087 1970 5136 et

321 5166 613 5221 immensa
644 5167 926 5222 beneﬁcia
958 5166 1332 5222 illuminatus
1356 5174 1714 5236 agnosceret.

391 5279 417 5303 ‹‹
450 5257 716 5324 Attende,
757 5257 889 5322 Job,
922 5261 979 5310 et
1036 5255 1172 5311 audi
1227 5272 1339 5318 me,
1397 5259 1455 5309 et
1520 5260 1645 5309 tare
1677 5257 1818 5310 dum
1863 5272 1967 5327 ego

318 5343 544 5415 loquor.
577 5344 633 5399 Si
666 5351 864 5400 autem
913 5345 1113 5412 babes,
1157 5343 1302 5415 quid
1349 5342 1647 5414 loquaris:
1681 5345 1968 5415 responde

320 5433 485 5488 mihi.
547 5439 822 5504 Loquere,
882 5433 1009 5488 volo
1065 5433 1222 5488 enim
1281 5437 1336 5487 te
1395 5448 1675 5504 apparere
1709 5433 1965 5503 justum.

319 5523 479 5586 Quod
513 5523 561 5577 si
594 5540 709 5578 non
743 5523 944 5588 habes,
976 5523 1112 5577 audi
1147 5537 1275 5577 me:
1340 5525 1485 5586 tace,
1543 5528 1597 5576 et
1656 5522 1870 5576 docebo
1915 5527 1969 5578 te

323 5612 690 5682 sapientiam.
730 5633 750 5661 ι
788 5610 962 5674 Quasi
993 5611 1101 5665 hac
1132 5611 1354 5666 ratione
1387 5612 1512 5666 Eliu
1549 5617 1816 5666 sanctum
1857 5612 1968 5666 Job

323 5700 657 5766 convicerit,
693 5700 772 5754 ait
830 5698 955 5755 illi:
1017 5699 1162 5754 Audi
1212 5716 1317 5767 me,
1381 5700 1438 5754 id
1498 5707 1607 5765 est,
1641 5700 1872 5754 docenti
1914 5705 1969 5756 te

323 5791 604 5851 obediens
630 5796 773 5858 esto,
808 5796 864 5845 et
895 5789 1085 5861 praebe
1143 5805 1516 5846 consensum.
1577 5789 1738 5855 Quod
1774 5794 1968 5848 autem

2086 4808 2376 4883 passionis
2407 4809 2648 4880 impleta
2679 4815 2838 4864 sunt.

2151 4923 2177 4948 ‹ι
2223 4899 2378 4954 Dixit
2407 4898 2562 4953 enim
2595 4915 2607 4952 :
2643 4898 2768 4953 Non
2801 4898 3054 4970 placebit
3076 4900 3165 4955 vir
3187 4901 3328 4970 Deo,
3359 4903 3532 4958 etiam
3560 4903 3608 4958 si
3643 4921 3738 4958 cu-

2082 4987 2329 5044 currerit
2359 5004 2493 5042 cum
2525 5003 2610 5042 eo.
2652 5011 2678 5035 »
2733 4987 3022 5044 Invidiosa
3073 4989 3144 5044 de
3199 5007 3266 5045 eo
3325 4997 3592 5046 sanctum
3623 4992 3733 5046 Job

2080 5077 2342 5132 locutum
2397 5076 2581 5132 fuisse
2639 5077 2942 5141 mentitur,
3004 5079 3144 5149 quia
3203 5079 3438 5134 beatum
3469 5079 3577 5133 Job
3609 5083 3730 5133 tam

2083 5165 2398 5221 infeliciter
2437 5165 2703 5236 sapuisse
2736 5183 2848 5222 non
2893 5167 3211 5234 credimus,
3243 5167 3344 5221 sed
3380 5183 3483 5221 nec
3513 5165 3725 5222 alicubi

2081 5272 2217 5310 eum
2258 5254 2366 5309 hoc
2397 5255 2614 5310 dixisse
2646 5255 3048 5310 meminimus.

2155 5366 2180 5392 ‹‹
2219 5343 2374 5410 Ideo,
2402 5343 2509 5396 viri
2542 5343 2782 5407 cordati,
2816 5343 3012 5399 audite
3039 5358 3167 5398 me:
3201 5342 3356 5398 absit
3389 5361 3422 5398 a
3471 5347 3582 5399 Deo
3613 5343 3724 5398 im-

2081 5433 2290 5504 pietas,
2323 5432 2480 5487 etab
2537 5431 2946 5502 Omnipotente
3005 5431 3307 5502 iniquitas.
3370 5430 3530 5503 Opus
3568 5433 3726 5488 enim

2080 5520 2338 5576 hominis
2380 5521 2581 5576 reddet
2601 5521 2674 5585 ei,
2707 5527 2765 5575 et
2786 5522 2954 5592 juxta
2985 5519 3106 5575 vias
3138 5518 3503 5591 singulorum
3559 5524 3725 5580 resti-

2079 5615 2204 5664 tuet
2231 5610 2334 5666 eis.
2362 5613 2506 5664 Vere
2528 5608 2682 5662 enim
2707 5609 2860 5663 Deus
2883 5624 2996 5662 non
3047 5608 3461 5665 condemnabit
3486 5611 3723 5681 frustra,

2082 5715 2186 5754 nec
2209 5699 2581 5770 omnipotens
2603 5697 2897 5752 subvertet
2927 5696 3242 5766 judicium.
3269 5718 3297 5747 »
3327 5700 3526 5768 Quasi,
3558 5719 3726 5774 εχρο-

2080 5789 2196 5845 sita
2225 5787 2525 5858 impietate
2554 5785 2740 5843 sancti
2768 5785 2901 5856 Job,
2925 5790 2981 5842 et
3029 5785 3088 5841 in
3142 5787 3334 5846 medio
3352 5790 3719 5852 audientium
