4220 6588
488 486 600 548 ’ΠΙ

1982 479 2399 544 APPENDIX.

3802 472 3925 539 772

488 618 717 692 prolata
745 615 808 673 in
855 615 1137 673 invidiam
1161 617 1295 683 Job,
1350 615 1519 688 quasi
1547 615 1733 689 impia
1761 614 1839 672 sit
1881 614 2134 674 locutus.
2164 622 2221 689 Α
2247 632 2477 689 pugnas
2507 617 2563 669 et
2592 612 2907 670 seditiones
2929 608 3158 684 agebat.
3185 608 3302 667 Hos
3325 607 3511 681 igitur
3543 607 3611 664 ut
3639 602 3924 668 inﬁdele’

550 724 588 759 ·‹‹
624 709 808 773 Quem
865 706 1169 763 constituit
1222 706 1405 761 alium
1466 722 1643 777 super
1715 711 1971 761 terram:
2034 711 2138 762 aut

490 812 666 867 quem
698 794 897 867 posuit
926 812 1103 865 super
1132 795 1333 849 orbem
1366 811 1539 866 quem
1590 794 1911 850 fabricatus
1940 799 2028 849 est
2048 795 2075 848 ?
2111 817 2132 845 ι

490 886 553 940 Id
607 888 716 955 est,
771 884 1061 955 numquid
1119 883 1300 939 alium
1360 890 1639 938 rectorem
1701 883 1915 955 posuit,
1972 884 2141 955 quia

489 973 779 1030 Creatoris
790 973 1025 1044 justitia
1057 973 1429 1044 discreparet.
1466 974 1594 1044 Ipse
1637 988 1773 1045 ergo
1818 989 1995 1043 quam
2029 990 2136 1043 po-

485 1066 619 1118 tens
650 1062 943 1129 Conditor,
971 1066 1093 1118 tam
1137 1062 1268 1133 pius
1299 1066 1388 1117 est
1431 1062 1784 1131 moderator,
1816 1062 1957 1134 quia
1986 1078 2135 1133 opus

488 1167 666 1207 suum
697 1151 963 1224 agnoscit
991 1156 1048 1205 et
1081 1150 1295 1221 diligit.
1774 1218 1785 1229 ι

565 1263 587 1289 α
622 1240 681 1295 Si
712 1239 983 1295 direxerit
1011 1240 1082 1295 ad
1115 1255 1249 1294 eum
1292 1256 1392 1294 cor
1417 1256 1618 1306 suum,
1665 1240 1940 1311 spiritum
1972 1240 2134 1297 illius

487 1334 545 1384 et
580 1330 780 1385 ﬂatum
803 1329 875 1383 ad
906 1344 967 1383 se
996 1328 1207 1383 trahet.
1243 1328 1478 1384 Deficiet
1522 1329 1716 1385 omnis
1764 1346 1897 1385 caro
1932 1330 2132 1401 simul,

483 1424 543 1474 et
573 1418 746 1473 homo
778 1418 837 1473 in
868 1416 1123 1473 cinerem
1182 1422 1522 1474 revertetur.
1557 1440 1585 1467 »
1619 1418 1684 1473 Id
1732 1423 1840 1489 est,
1885 1419 2130 1474 mundi:

486 1524 625 1563 nam
656 1506 705 1563 si
738 1506 938 1562 omnia
971 1523 1096 1578 quae
1130 1507 1188 1561 in
1219 1523 1286 1562 eo
1317 1508 1578 1578 quotidie
1599 1512 1903 1580 geruntur,
1931 1525 2135 1563 secun-

486 1597 630 1651 dum
660 1596 925 1667 regulam
950 1596 1198 1665 justitiaa
1230 1612 1349 1650 sua:
1367 1595 1616 1650 voluerit
1647 1595 1883 1664 intueri,
1907 1597 2138 1652 deficiet

487 1701 555 1741 ac
587 1684 839 1757 peribit;
880 1684 984 1739 sed
1042 1699 1176 1738 cum
1231 1682 1445 1753 pietate
1503 1684 1698 1756 potius
1754 1685 2042 1756 gubernat
2072 1703 2137 1741 ac

485 1774 759 1830 sustinet.
819 1772 966 1827 Nam
1025 1771 1075 1827 si
1132 1771 1501 1842 iniquitatem
1560 1773 1970 1840 observaverit,
2002 1775 2137 1846 quis

488 1861 811 1918 sustinebit
831 1860 1002 1932 (Psal.
1024 1877 1214 1927 cxxix,
1237 1860 1339 1931 3)?
1370 1862 1652 1933 Spiritum
1684 1863 1831 1919 dixit
1850 1863 2133 1933 animam,

488 1966 619 2021 qua:
647 1949 902 2004 vivificat
931 1948 1252 2016 hominem,
1282 1954 1340 2005 et
1373 1950 1601 2022 flatum,
1634 1952 1822 2024 ipsam
1874 1970 2133 2024 praesen-

486 2043 609 2094 tem
636 2037 837 2109 vitam,
865 2054 992 2109 quis
1031 2039 1371 2110 corporibus
1412 2040 1629 2096 nostris
1670 2058 1773 2111 per
1802 2042 2131 2098 anhelitum

486 2143 559 2183 ex
576 2127 685 2183 hoc
715 2144 846 2183 aere
877 2127 1266 2183 ministratur.
1301 2128 1431 2184 Haec
1460 2146 1598 2200 ergo
1633 2130 1761 2185 Eliu
1791 2131 1935 2185 dicit
1964 2133 2035 2186 ad
2069 2148 2132 2187 se

485 2216 715 2273 trahere
746 2216 954 2283 Deum,
975 2233 1111 2271 cum
1143 2218 1333 2273 aufert
1363 2218 1705 2274 hominibus
1725 2220 1925 2287 vitam,
1952 2238 2131 2291 quam

485 2306 571 2361 eis
596 2306 847 2362 creando
878 2305 1187 2361 tribuerat.
1241 2307 1495 2362 Possunt
1540 2325 1643 2379 per
1690 2308 1962 2380 spiritum
1998 2327 2130 2380 pro-

485 2394 696 2466 phetiae
728 2394 849 2449 haec
903 2394 1030 2450 loca
1082 2394 1163 2450 ita
1210 2396 1392 2451 videri
1444 2396 1717 2468 figurata,
1777 2404 1841 2452 ut
1871 2414 2026 2452 nunc
2071 2398 2132 2452 in

486 2483 717 2539 Christo
748 2483 1172 2556 compleantur,
1204 2487 1439 2555 quando
1469 2486 1905 2557 dispensatione
1935 2489 2131 2543 carnis

484 2577 825 2644 assumptis,
861 2572 1027 2628 Pater
1054 2574 1329 2628 eumdem
1362 2574 1572 2630 Filium
1604 2590 1799 2646 suum,
1823 2593 1925 2647 per
1953 2593 2129 2649 quem

483 2662 685 2717 omnia
713 2662 849 2717 fecit
878 2661 1055 2733 (Joan.
1090 2679 1128 2729 ι,
1162 2662 1236 2733 3),
1272 2663 1341 2718 ad
1376 2663 1532 2719 hunc
1581 2666 1868 2720 mundum
1921 2683 1987 2721 ex
2020 2683 2130 2721 suo

480 2750 806 2806 cruciatum
838 2751 1011 2806 corde
1069 2751 1279 2807 direxit
1332 2752 1502 2824 (Psal.
1559 2771 1711 2820 xuv,
1756 2755 1833 2825 2),
1869 2759 1932 2808 ut
1963 2754 2131 2826 spiri-

478 2844 607 2895 tum
639 2840 769 2910 ejus
799 2843 857 2895 et
886 2840 1091 2895 ﬂatum
1124 2840 1196 2894 ad
1226 2857 1288 2896 se
1337 2842 1616 2907 traheret,
1664 2843 1722 2896 id
1773 2848 1881 2909 est,
1929 2849 1994 2898 ut
2024 2860 2127 2898 au-

476 2929 654 2985 ferret
682 2929 754 2984 ab
814 2946 902 2996 eo,
960 2945 1063 3000 per
1116 2928 1509 2986 humilitatem
1572 2931 1782 2998 crucis,
1829 2932 2126 3003 spiritum,

479 3018 540 3073 id
571 3022 681 3084 est,
715 3017 1051 3088 superbiam
1085 3018 1329 3089 spiritus
1362 3019 1716 3075 mundialis:
1751 3021 1956 3075 ﬂatum
1987 3037 2129 3092 quo-

482 3122 595 3179 que
623 3104 907 3162 tumentis
937 3104 1174 3177 eloquii,
1207 3124 1322 3179 quo
1359 3108 1643 3165 anhelans
1674 3109 2037 3182 gloriabatur
2067 3111 2128 3165 in

483 3195 856 3251 sermonibus
886 3195 1032 3250 suis.
1063 3196 1154 3251 Sic
1191 3212 1422 3267 quoque
1453 3198 1626 3253 homo
1656 3198 1714 3253 in
1766 3215 1828 3253 se
1861 3214 2132 3270 represso

480 3288 713 3340 tumore
741 3284 1052 3340 deﬁxeret:
1088 3301 1153 3339 ac
1185 3291 1478 3343 revertens
1508 3287 1565 3341 in
1599 3288 1884 3359 seipsum,
1918 3305 1984 3342 co
2010 3305 2134 3360 gno

2255 712 2313 763 et
2336 706 2549 777 impios
2571 704 2852 759 Dominus
2874 718 2986 757 non
3006 704 3319 779 cognoscet
3340 717 3353 755 :
3373 698 3709 770 quibusque
3729 701 3911 758 etiam

2257 796 2569 852 manifeste
2601 795 2864 849 dieturus
2894 796 3021 847 est:
3054 791 3173 845 Non
3230 790 3359 845 novi
3406 806 3497 843 vos
3520 807 3540 844 :
3578 789 3847 846 discedite
3876 809 3912 846 a

2257 902 2363 951 me,
2388 901 2573 939 omnes
2624 886 2720 953 qui
2777 880 3089 952 aperamini
3147 880 3503 949 iniquitatem
3560 879 3773 950 (Matth.
3805 898 3909 950 vn,

2254 977 2367 1041 23).
2403 972 2679 1043 Sequitur
2710 971 2936 1024 dicente
2970 967 3094 1022 hliu
3129 968 3199 1022 de
3230 967 3345 1037 his,
3399 967 3471 1022 de
3522 967 3738 1038 quibus
3768 968 3915 1027 dicit

2260 1062 2532 1133 superius
2561 1077 2574 1115 :

2328 1174 2355 1201 ‹‹
2387 1151 2592 1206 Subito
2625 1148 2969 1213 morientur,
3005 1152 3061 1202 et
3092 1147 3152 1201 in
3183 1146 3376 1201 media
3402 1149 3588 1201 nocte.
3619 1166 3646 1198 ιι
3689 1147 3910 1204 Secun-

2257 1242 2397 1296 dum
2428 1256 2669 1295 sensum
2700 1237 2963 1310 Apostoli
2995 1241 3103 1307 est,
3151 1236 3253 1307 qui
3307 1235 3390 1290 ait
3446 1235 3603 1290 istud
3647 1236 3717 1290 de
3770 1237 3912 1294 ﬁliis

2253 1330 2653 1385 tenebrarum.
2689 1332 2831 1382 Cum
2862 1326 3017 1382 enim
3070 1325 3279 1380 dixerit
3333 1341 3445 1395 pax
3491 1329 3549 1379 et
3595 1325 3910 1397 securitas,

2250 1424 2393 1474 tunc
2420 1418 2759 1489 repentinus
2790 1416 2873 1471 eis
2904 1414 3273 1486 superveniet
3320 1413 3593 1469 interitus
3655 1415 3699 1485 (I
3734 1416 3909 1472 Thess.

2254 1525 2311 1574 v,
2343 1509 2418 1580 3).
2450 1508 2697 1563 Mediam
2728 1523 2875 1563 vero-
2896 1511 3127 1561 noctem
3158 1503 3374 1558 dictam
3425 1503 3555 1558 ideo
3603 1504 3897 1574 existimo,

2253 1614 2319 1653 eo
2352 1598 2506 1669 quod
2540 1598 2600 1651 in
2632 1596 2919 1668 profunda
2948 1593 3139 1650 cordis
3186 1591 3442 1648 caecitate
3490 1592 3690 1665 positi,
3737 1594 3910 1667 spiri-

2255 1687 2493 1742 tualiter
2522 1687 2869 1741 moriantur.

2326 1798 2354 1826 «
2385 1776 2805 1831 Turbabuntur
2854 1773 3079 1845 populi,
3113 1777 3170 1828 et
3198 1771 3666 1845 pertransibunt,
3722 1778 3780 1829 et
3810 1791 3914 1830 au-

2253 1866 2440 1921 ferent
2466 1864 2787 1920 violentum
2818 1864 3041 1934 absque
3100 1878 3301 1916 manu.
3358 1860 3522 1916 Oculi
3580 1863 3736 1917 enim
3774 1864 3906 1933 ejus

2256 1972 2435 2026 super
2490 1954 2612 2009 vias
2666 1953 3012 2009 hominum:
3048 1956 3104 2005 et
3161 1966 3366 2005 omnes
3414 1966 3654 2021 gressus
3700 1968 3905 2007 eorum

2253 2045 2603 2101 considerat.
2637 2065 2665 2093 »
2701 2041 3035 2097 Secundum
3070 2036 3486 2094 Psalmistam:
3521 2041 3662 2095 Cum
3682 2041 3905 2108 viderit,

2255 2133 2467 2205 inquit,
2491 2135 2669 2204 justus
2700 2132 3001 2186 vindictam
3027 2130 3349 2200 impiorum,
3381 2128 3714 2201 exemplum
3744 2130 3904 2186 vide-

2251 2223 2384 2278 licet
2414 2228 2784 2295 peccatorum
2846 2219 3153 2274 hominum
3212 2218 3655 2290 pertimescens,
3702 2236 3909 2275 manus

2248 2329 2376 2366 suas
2407 2312 2611 2367 levabit
2646 2313 2705 2364 in
2735 2311 3011 2379 sanguine
3037 2310 3338 2379 peccatoris
3384 2307 3562 2377 (Psal.
3623 2325 3751 2379 Lvu,
3788 2310 3902 2377 11).

2253 2404 2367 2456 lloc
2402 2402 2578 2471 igitur
2608 2401 2777 2454 modo
2809 2398 3207 2454 turbabuntur
3236 2395 3459 2467 populi,
3502 2413 3618 2468 qua
3666 2402 3905 2470 per-tur-

2249 2490 2483 2546 batione
2518 2494 2735 2544 terram
2767 2486 3107 2542 sensibilem
3139 2485 3392 2556 legimus
3447 2486 3854 2541 conturbatam
3883 2502 3901 2543 :

2250 2580 2402 2636 sicut
2430 2578 2714 2650 propheta
2744 2576 2824 2630 ait
2854 2578 2923 2630 ad
2983 2575 3167 2630 Deum
3199 2590 3211 2629 :
3276 2573 3629 2630 Commovisti
3669 2580 3900 2647 terram,

2248 2673 2299 2724 et
2353 2668 2701 2724 conturbasti
2757 2682 2917 2721 eam:
2972 2680 3119 2719 sana
3172 2665 3527 2719 contritiones
3586 2665 3704 2735 ejus
3761 2668 3901 2737 quia

2248 2762 2393 2812 mota
2424 2761 2504 2812 est
2533 2754 2711 2823 (Psal.
2746 2772 2857 2819 Lix,
2889 2754 2965 2824 4).
3000 2752 3093 2809 Sic
3150 2753 3306 2808 enim
3364 2753 3531 2824 quasi
3589 2753 3725 2808 boni
3773 2755 3901 2809 via-

2248 2850 2402 2901 tores
2429 2846 2501 2900 ad
2525 2845 2786 2899 futurum
2820 2842 3100 2897 szeculum
3131 2842 3591 2913 pertransibunt,
3614 2841 3713 2897 ubi
3737 2842 3905 2899 locus

2250 2952 2365 2991 non
2397 2935 2507 2989 erit
2536 2933 2717 3004 impio
2743 2950 2755 2987 :
2785 2931 2954 2987 aliter
2984 2930 3213 2986 nullum
3264 2930 3504 2985 habebit
3532 2931 3899 3001 adjutorium

2248 3024 2561 3091 violentus,
2596 3038 2710 3093 quo
2767 3019 2997 3075 defendi
3061 3018 3149 3074 vel
3198 3020 3321 3075 erui
3376 3020 3561 3090 possit
3609 3026 3905 3091 apertra-

2247 3111 2522 3167 hentibus
2554 3127 2687 3165 eum
2719 3110 2790 3164 ad
2822 3108 3179 3180 supplicium
3209 3109 3437 3163 mortis.

2320 3225 2347 3253 «
2381 3201 2505 3256 Non
2539 3204 2677 3255 sunt
2707 3199 2980 3267 tenebrae,
3014 3202 3071 3251 et
3099 3214 3213 3251 non
3266 3202 3354 3252 est
3400 3197 3610 3252 umbra
3643 3198 3855 3255 mortis
3884 3218 3900 3255 :
3970 3231 3985 3245 ο

2246 3295 2309 3346 ut
2336 3289 2730 3345 abscondatur
2780 3286 2857 3341 ibi
2909 3284 3009 3355 qui
3060 3289 3378 3355 operantur
3422 3284 3822 3355 iniquitatem.
3873 3309 3897 3335 ιι

481 3377 665 3428 sceret
694 3389 757 3428 se
785 3377 999 3427 terram
1031 3390 1159 3429 esse
1189 3380 1246 3429 et
1303 3374 1555 3431 cinerem
1583 3392 1596 3430 :
1654 3377 1752 3431 ubi
1796 3378 2122 3432 secundum
2166 3365 2208 3432 C
2250 3381 2378 3435 Sive
2410 3383 2475 3432 ut
2505 3376 2599 3431 alii
2632 3377 2903 3431 dixerunt
2932 3375 2985 3427 in
3021 3374 3134 3427 fine
3167 3373 3348 3443 hujus
3392 3373 3687 3441 versiculi,
3722 3379 3784 3428 ut
3819 3373 3907 3429 la-

481 3461 762 3518 moralem
793 3461 1262 3535 intelligentiam,
1295 3464 1440 3520 illud
1464 3466 1535 3522 de
1557 3465 1784 3538 psalmo
1806 3468 2126 3523 sentimus:

479 3552 546 3606 Et
574 3554 788 3622 auferes
815 3552 1076 3622 spiritum
1102 3569 1309 3625 eorum,
1342 3559 1392 3609 et
1422 3555 1696 3625 deﬁcient,
1728 3564 1779 3611 et
1838 3559 1896 3612 in
1926 3566 2135 3611 terram

477 3658 640 3697 suam
667 3645 1050 3696 convertentur
1072 3643 1245 3712 (Psat.
1280 3660 1397 3714 CIII,
1427 3645 1538 3716 29).
1564 3649 1771 3701 Postea
1794 3662 1931 3717 ergo
1952 3663 2131 3717 quam

483 3730 554 3784 de
584 3728 799 3783 virtute
855 3730 955 3784 Dei
1012 3736 1070 3785 et
1118 3730 1353 3799 justitia
1412 3733 1702 3804 praedictis
1752 3733 1985 3789 locutus
2022 3739 2138 3802 est,

480 3816 612 3873 Eliu
641 3833 703 3872 se
732 3833 969 3872 rursum
1000 3818 1072 3874 ad
1102 3818 1211 3874 Job
1245 3826 1606 3892 convertens,
1642 3822 1781 3878 dicit
1807 3840 1820 3878 :

555 3930 583 3956 ‹‹
616 3905 671 3962 Si
729 3905 912 3961 habes
943 3924 1077 3979 ergo
1108 3908 1495 3979 intellectum,
1532 3911 1667 3965 audi
1701 3912 1856 3983 quod
1889 3911 2125 3979 dicitur,

483 3999 542 4052 et
571 3994 842 4051 ausculta
869 4012 1069 4052 vocem
1102 3997 1321 4069 eloquii
1353 4000 1489 4054 mei.
1522 4001 1820 4071 Numquid
1875 4002 1974 4073 qui
2008 4020 2124 4056 non

480 4088 641 4140 amat
662 4084 981 4156 judicium,
1013 4087 1210 4142 sanari
1250 4089 1492 4159 potest?
1521 4093 1587 4144 Et
1616 4091 1851 4161 quando
1896 4097 1955 4145 tu
1989 4108 2125 4147 eum

479 4175 579 4247 qui
619 4175 824 4247 justus
871 4179 981 4245 est,
1038 4176 1333 4233 intentum
1390 4180 1797 4235 condemnas?
1844 4180 1950 4244 Qui
1983 4181 2128 4235 dicit

475 4263 597 4336 regi
629 4268 939 4336 apostata:
1000 4265 1101 4337 qui
1156 4273 1325 4322 vocat
1390 4268 1567 4323 duces
1608 4268 1841 4340 impios.
1873 4292 1901 4319 ››
1936 4270 2120 4324 Mani—

474 4352 691 4407 festum
723 4358 832 4424 est,
867 4353 1079 4425 inquit,
1112 4356 1248 4425 quia
1279 4355 1331 4411 is
1385 4357 1486 4428 qui
1535 4358 1697 4427 juste
1730 4362 1786 4412 et
1842 4364 1995 4413 recte
2027 4359 2124 4429 ju-

474 4441 671 4498 dicare
701 4459 818 4497 non
850 4442 1041 4515 diligit
1067 4459 1080 4498 :
1110 4460 1299 4515 neque
1329 4462 1537 4501 sanare
1567 4463 1601 4500 a
1654 4446 1811 4501 vitiis
1843 4447 2126 4514 animam,

478 4546 668 4602 neque
724 4531 1012 4604 corrigere
1070 4549 1427 4605 quemquam
1487 4540 1676 4606 potest
1731 4542 1783 4591 et
1835 4538 2138 4606 quomodo

473 4624 540 4673 tu
574 4623 810 4674 sanator
840 4636 901 4675 es
946 4620 1299 4693 languorum
1352 4629 1709 4693 nostrorum,
1772 4626 1871 4697 qui
1905 4627 2128 4699 iniqui-

472 4711 624 4763 tates
655 4712 860 4763 notare
890 4711 1197 4779 praesumis
1217 4712 1245 4766 ?

549 4818 578 4845 «
612 4795 719 4862 Qui
752 4813 867 4852 non
898 4798 1113 4870 accipit
1142 4817 1423 4871 personas
1452 4802 1827 4876 principium,
1892 4823 1997 4861 nec
2029 4822 2139 4860 co-

475 4884 675 4959 gnovit
704 4889 1041 4958 tyrannum,
1076 4889 1218 4945 dum
1251 4891 1599 4964 disceptaret
1657 4900 1862 4950 contra
1906 4911 2125 4966 paupe-

471 4990 618 5031 rem.
651 4996 679 5025 »
713 4974 873 5047 Opus
901 4978 1057 5032 enim
1090 4995 1373 5036 manuum
1431 4983 1559 5053 ejus
1610 4987 1747 5038 sunt
1779 4983 2057 5038 universi.
2089 5002 2117 5033 ιο

473 5064 811 5121 Secundum
839 5066 1117 5138 mysticos
1149 5070 1505 5138 intellectus,
1540 5072 1837 5143 principes
1895 5072 1991 5127 isti
2018 5073 2091 5127 .lu
2121 5103 2150 5113 -

470 5154 752 5223 (imorum,
784 5155 994 5212 Scriba:
1018 5165 1071 5213 et
1102 5158 1403 5227 Pharisaei,
1425 5166 1481 5215 et
1505 5163 1842 5217 sacerdotes
1876 5178 2100 5232 possun
2125 5150 2149 5199 ι

466 5242 757 5316 intelligi:
789 5261 937 5316 quos
968 5247 1026 5302 in
1060 5248 1367 5321 Evangelio
1400 5249 1665 5321 increpat
1695 5249 1935 5321 (Matth.
1972 5266 2145 5331 xxm.

469 5334 534 5387 13
563 5333 757 5406 seqq.).
789 5338 1125 5407 Tyrannum
1178 5355 1311 5395 vero
1368 5340 1644 5394 eumdem
1705 5337 1990 5410 populum
2025 5338 2144 5393 Ju-

464 5421 749 5487 deorum.
782 5441 897 5480 non
929 5426 1002 5481 ab
1055 5443 1117 5482 re
1175 5444 1305 5483 esse
1364 5428 1719 5494 sentiamus,
1783 5428 1887 5498 qui
1943 5433 2147 5482 contra

468 5515 676 5565 caatum
708 5518 1048 5571 sanctorum
1107 5517 1394 5588 Ecclesiae,
1457 5532 1807 5587 pauperem,
1846 5516 2143 5572 humilem

465 5597 706 5669 spiritu,
740 5603 1058 5660 contritum
1091 5607 1285 5675 corde,
1350 5605 1671 5677 rejiciendo
1728 5604 1903 5659 hodie
1954 5606 2149 5661 disce'

467 5690 632 5759 ptat:
667 5689 823 5756 quod
844 5688 1034 5749 facere
1062 5699 1119 5749 et
1148 5701 1411 5768 tempore
1440 5692 1853 5766 apostolorum
1892 5711 2008 5750 non
2042 5697 2138 5751 de-

463 5773 721 5847 sinebat,
752 5780 991 5848 quando
1045 5799 1151 5854 per
1214 5800 1427 5842 omnes
1488 5783 1751 5839 civitates
1808 5789 2017 5851 contra
2046 5782 2147 5845 eos

2242 3470 2420 3524 titent
2450 3467 2548 3537 qui
2582 3466 2805 3521 faciunt
2836 3463 3229 3534 iniquitatem.
3262 3462 3424 3525 Quod
3458 3467 3778 3534 utrumque
3812 3481 3910 3519 se-

2248 3558 2506 3614 cundum
2538 3555 2685 3610 illud
2719 3552 3044 3609 Psalmistae
3077 3568 3319 3605 sensum
3353 3556 3461 3619 est,
3493 3551 3574 3605 ita
3605 3551 3862 3607 dicentis
3891 3570 3909 3608 :
3952 3566 3961 3575 '

2248 3650 2362 3716 Quo
2390 3648 2478 3701 ibo
2511 3664 2543 3699 α
2599 3646 2802 3715 spiritu
2857 3649 2972 3711 tuo,
3027 3650 3077 3695 et
3118 3658 3149 3694 a
3206 3642 3350 3709 facie
3400 3644 3495 3694 tua
3549 3656 3651 3711 quo
3680 3642 3908 3711 fugiam

2248 3737 2420 3807 (Psat.
2448 3750 2710 3797 cxxxvm,
2740 3733 2795 3799 7)
2817 3731 2845 3785 ?

2324 3850 2344 3873 α
2383 3826 2579 3894 Neque
2611 3822 2767 3876 enim
2800 3818 2953 3873 ultra
2982 3818 3039 3872 in
3072 3818 3327 3874 hominis
3358 3821 3645 3889 potestate
3691 3822 3803 3886 est,
3838 3826 3910 3874 ut

2246 3914 2443 3970 veniat
2472 3913 2541 3967 ad
2575 3917 2755 3965 Deum
2786 3909 2843 3962 in
2872 3907 3184 3977 judicium.
3220 3928 3247 3955 ››
3281 3906 3339 3961 Id
3373 3912 3484 3971 est,
3543 3907 3590 3962 si
3625 3907 3913 3963 habuerit

2246 4006 2307 4060 in
2342 4006 2625 4075 potestate
2656 4005 2721 4055 ut
2750 3998 2963 4065 veniat,
2996 4002 3188 4069 potest
3243 3995 3457 4051 habere
3515 4000 3581 4051 ut
3637 4013 3751 4051 non
3802 4014 3905 4053 ve-

2252 4096 2393 4150 niat.

2323 4208 2348 4233 α
2380 4184 2648 4238 Conteret
2679 4176 2919 4243 multos,
2977 4181 3035 4231 et
3093 4175 3571 4245 innumerabiles,
3632 4180 3689 4231 et
3741 4179 3908 4232 stare

2248 4274 2418 4330 faciet
2448 4271 2594 4326 alios
2625 4284 2727 4340 pro
2757 4267 2862 4321 eis.
2895 4286 2921 4316 η
2965 4265 3037 4320 Ut
3070 4265 3139 4320 de
3195 4264 3320 4319 Heli
3370 4266 3669 4321 sacerdote
3711 4270 3768 4320 et
3799 4270 3907 4320 Sa-

2249 4362 2463 4428 muele,
2493 4357 2633 4415 Saul
2664 4362 2721 4413 et
2769 4356 2968 4423 David,
3019 4355 3355 4411 Judzeorum
3414 4353 3628 4427 populo
3673 4360 3731 4410 et
3759 4371 3911 4427 gen-

2247 4454 2419 4509 tium.

2328 4563 2355 4595 α
2386 4538 2553 4595 Novit
2582 4536 2740 4593 enim
2772 4551 2947 4605 opera
3005 4549 3229 4599 eorum,
3291 4537 3348 4587 et
3400 4531 3615 4588 idcirco
3657 4532 3911 4589 inducet

2250 4637 2501 4700 noctem,
2533 4632 2589 4683 et
2618 4628 3011 4680 conterentur.
3035 4620 3212 4685 Quasi
3245 4622 3459 4693 impios
3483 4622 3773 4694 percussit
3797 4640 3907 4679 eos

2168 4734 2215 4797 D
2250 4723 2308 4776 in
2340 4718 2464 4774 loco
2496 4714 2839 4769 videntium.
2876 4732 2903 4762 ι
2935 4710 3054 4766 Sub
3084 4709 3178 4765 his
3229 4726 3468 4792 quoque
3522 4710 3717 4765 verbis
3764 4710 3905 4765 Eliu

2248 4808 2614 4881 significasse
2665 4802 2857 4873 potuit
2916 4801 2988 4855 ob
3047 4787 3256 4855 merita
3308 4817 3417 4855 sua
3465 4800 3698 4855 Judzeos
3728 4806 3909 4855 nocte

2246 4894 2611 4953 inﬁdelitatis
2642 4890 3034 4955 exczecandos,
3068 4893 3133 4943 ut
3180 4893 3559 4944 conterantur
3610 4893 3668 4943 et
3705 4888 3911 4943 humi-

2255 4987 2493 5051 lientur,
2514 4981 2665 5036 sicut
2698 4978 2979 5051 Propheta
3007 4982 3064 5032 et
3095 4978 3509 5048 Apostolusait
3535 4994 3547 5032 :
3583 4977 3749 5033 Dedit
3777 4978 3909 5032 illis

2256 5077 2397 5130 Deus
2456 5072 2715 5143 spiritum
2776 5068 3208 5139 compunctionis
3272 5070 3400 5135 (Isa.
3455 5085 3533 5138 v1,
3597 5068 3669 5134 9;
3739 5069 3909 5123 Rom.

2255 5182 2335 5230 x1,
2368 5163 2444 5231 8).

2328 5276 2355 5302 ‹‹
2388 5250 2495 5315 Qui
2554 5248 2724 5321 quasi
2757 5248 2826 5302 de
2868 5246 3161 5301 industria
3222 5251 3589 5302 recesserunt
3617 5246 3691 5300 ab
3721 5261 3817 5312 eo,
3848 5251 3915 5301 et

2257 5359 2460 5398 omnes
2480 5340 2603 5393 vias
2623 5339 2747 5408 eius
2782 5335 3104 5408 intelligere
3136 5335 3471 5401 noluerunt,
3503 5340 3566 5390 ut
3599 5334 3913 5407 pervenire

2258 5434 2511 5488 facerent
2559 5429 2631 5483 ad
2665 5444 2799 5483 eum
2835 5426 3150 5480 clamorem
3173 5426 3424 5496 egeni,et
3446 5426 3675 5479 audiret
3702 5440 3910 5478 vocem

2256 5536 2603 5595 pauperum.
2637 5538 2666 5565 »
2700 5516 2916 5570 Omnes
2947 5515 3102 5569 enim
3144 5522 3473 5585 peccatores
3506 5512 3745 5584 etimpii
3768 5530 3914 5568 con-

2255 5610 2615 5666 trainditum
2648 5605 2759 5659 sibi
2790 5604 3009 5657 bonum
3046 5610 3265 5657 natura:
3294 5609 3475 5676 agunt
3503 5622 3515 5657 :
3563 5603 3716 5657 sicut
3743 5610 3917 5673 Apo-

2257 5700 2441 5756 stolus
2465 5698 2577 5753 ait:
2615 5696 2719 5762 Qui
2760 5708 2888 5749 cum
2938 5696 3313 5763 cognovissent
3366 5696 3560 5759 Deum,
3618 5708 3726 5746 non
3757 5694 3911 5747 sicut

2254 5791 2429 5847 Deum
2454 5784 2901 5857 gloriﬁcaverunt
2932 5785 3102 5855 (liam.
3160 5801 3199 5852 ι,
3249 5785 3360 5859 21).
3419 5783 3518 5840 Ubi
3567 5787 3764 5838 autem
3809 5799 3920 5839 co-
