4220 6600
602 344 624 380 \

348 456 466 522 773

1358 457 1877 520 COMMENTAR.
1923 458 2002 520 IN
2047 459 2213 522 JOB.
2261 461 2436 524 CAP.
2479 464 2722 526 XXXV.

3644 474 3762 538 τη

349 594 675 668 gnoverunt
702 596 905 663 Deum,
935 589 1047 646 nisi
1078 589 1461 662 inspiratione
1486 595 1543 647 et
1565 591 1790 662 judicio
1822 609 1990 648 men-
2021 593 2078 660 Α
2116 611 2233 650 non
2291 595 2630 666 prohibebo.
2666 620 2693 647 ››
2724 597 2899 661 Quasi
2958 599 3016 654 in
3065 600 3292 672 judicio
3349 604 3759 677 constitutum,

351 682 466 739 tis?
498 682 603 738 Ubi
635 698 770 754 ergo
825 686 937 736 Deo
978 680 1229 753 gloriam
1286 698 1455 736 suam
1496 681 1835 737 habuerunt
1864 700 1999 737 con-

352 773 631 845 temptui:
686 772 785 827 ubi
855 772 925 827 ab
978 788 1045 826 ea
1093 779 1293 826 contra
1360 789 1530 827 suam
1580 774 2000 829 conscientiam

354 865 740 931 recesserunt,
775 879 1096 933 omnesque
1125 861 1248 915 vias
1275 861 1686 916 mandatorum
1707 863 1827 932 Dei,
1854 880 1998 934 quas

354 953 477 1008 suis
508 952 781 1007 cordibus
804 951 1022 1006 habent
1051 951 1365 1022 ingenitas,
1392 967 1564 1005 nosse
1595 957 1651 1006 et
1680 951 2001 1023 intelligere

352 1043 767 1110 detrectarunt,
801 1057 935 1096 cum
963 1039 1303 1095 hominibus
1335 1056 1569 1110 quoque
1612 1040 1694 1094 ita
1724 1039 1902 1112 impie
1945 1045 2001 1096 et

349 1130 567 1201 injuste
593 1135 858 1202 egerunt,
907 1135 970 1184 ut
999 1131 1071 1184 ad
1104 1130 1287 1184 Deum
1318 1146 1641 1200 pauperum
1689 1146 1998 1201 oppresso-

349 1237 480 1274 rum
513 1219 734 1275 clamor
761 1219 1108 1274 ascenderit.
1143 1220 1270 1274 Sive
1295 1219 1526 1274 Judazos
1559 1219 1770 1290 impios
1821 1223 1999 1290 atque

349 1308 685 1364 incredulos
735 1308 1027 1380 percussit
1074 1308 1228 1363 Deus
1279 1308 1337 1362 in
1384 1307 1509 1362 loco
1556 1309 1901 1375 videntium,
1939 1309 1994 1365 id

345 1403 453 1464 est,
488 1399 548 1452 in
577 1397 704 1470 lege
743 1398 1024 1452 Mosaica:
1069 1397 1168 1452 ubi
1213 1397 1533 1468 prophetae,
1588 1399 1688 1469 qui
1733 1399 1996 1454 videntes

344 1488 487 1543 dicti
520 1492 678 1553 sunt,
710 1486 1061 1541 inhabitant.
1117 1488 1178 1541 In
1211 1487 1341 1558 ipsa
1370 1486 1570 1558 itaque
1603 1503 1705 1558 spe
1736 1487 1902 1559 legis,
1939 1494 1996 1542 et

342 1577 769 1649 promissorum
823 1575 1264 1647 compositione,
1316 1580 1598 1647 tanquam
1645 1575 1704 1630 in
1737 1577 1992 1647 quodam

342 1664 666 1721 videntium
700 1665 847 1731 loco,
875 1667 1033 1734 juste
1067 1665 1327 1737 percussi
1372 1683 1405 1719 a
1430 1665 1546 1720 Deo
1576 1669 1752 1722 sunt:
1799 1665 1992 1720 intan-

341 1760 468 1810 tum
501 1759 567 1809 ut
599 1755 784 1810 oratio
818 1753 997 1824 illius,
1031 1754 1132 1824 qui
1157 1759 1392 1827 prOpter
1419 1771 1526 1809 nos
1549 1770 1772 1826 pauper
1801 1755 1993 1811 factus

339 1849 429 1900 est
449 1861 584 1899 cum
616 1847 771 1899 esset
801 1843 980 1914 dives,
1016 1844 1354 1898 ascenderet
1384 1844 1455 1896 ad
1488 1843 1671 1898 Deum
1698 1861 1710 1898 :
1737 1845 1994 1916 Dis-perge

340 1935 469 1990 illos
498 1935 558 1988 in
590 1935 794 1988 virtute
825 1939 924 1988 tua
972 1931 1148 2003 (Psal.
1205 1949 1359 1998 LVIII,
1411 1934 1519 2003 12).
1579 1932 1706 1987 Sive
1735 1933 1990 1988 viventes
2021 1971 2071 2036 B

341 2028 482 2078 sunt
507 2039 731 2090 omnes,
765 2022 866 2094 qui
898 2021 959 2076 in
993 2021 1223 2076 Christo
1254 2039 1321 2077 ex
1372 2022 1485 2076 ﬁde
1516 2021 1715 2077 vivunt
1744 2039 1756 2078 :
1792 2024 1849 2077 in
1884 2023 1991 2078 hac

341 2113 496 2167 enim
560 2127 661 2182 spe
719 2111 917 2182 positi,
975 2115 1168 2165 mente
1227 2109 1701 2180 contemplantur
1731 2111 1990 2167 futuram

340 2199 786 2256 beatitudinem.
836 2199 897 2254 In
948 2199 1058 2253 hoc
1108 2199 1290 2271 igitur
1336 2199 1482 2265 loco,
1528 2201 1627 2254 ubi
1678 2201 1845 2272 quasi
1879 2203 1992 2257 fide

341 2293 566 2345 stantes
597 2292 755 2358 sunt,
808 2287 1046 2359 quidam
1106 2287 1215 2342 sub
1266 2286 1399 2342 ﬁdei
1451 2288 1633 2358 hujus
1685 2289 1987 2358 vocabulo,

340 2378 558 2432 habent
588 2377 839 2450 speciem
872 2376 1137 2449 pietatis:
1160 2376 1436 2431 virtutem
1461 2382 1658 2431 autem
1691 2379 1819 2449 ejus
1852 2386 1993 2435 sunt

339 2467 720 2537 abnegantes.
754 2467 823 2520 Hi
855 2465 968 2536 ipsi
1000 2465 1199 2536 igitur,
1234 2465 1334 2536 qui
1368 2465 1624 2520 haeretici
1649 2467 1990 2539 intelligun-

342 2560 456 2620 tur,
492 2555 551 2608 in
581 2555 707 2610 loco
738 2554 837 2610 Dei
887 2553 1038 2609 male
1071 2557 1314 2621 stantes,
1350 2571 1384 2608 a
1413 2554 1529 2609 Deo
1560 2557 1989 2630 percutiuntur,

339 2643 620 2716 apostolis
651 2649 707 2700 et
737 2644 1133 2700 Ecclesarium
1165 2644 1524 2710 doctoribus,
1558 2646 1615 2699 id
1641 2652 1747 2714 est,
1773 2665 1991 2720 paupe-

341 2733 504 2788 ribus
535 2733 749 2788 Christi
780 2738 984 2788 contra
1032 2749 1130 2787 eos
1162 2732 1573 2788 resistentibus
1606 2739 1663 2788 et
1693 2737 1764 2789 ad
1806 2737 1989 2794 Deum

341 2822 758 2878 clamantibus.

414 2935 441 2962 ‹‹
475 2912 605 2983 Ipso
638 2912 793 2967 enim
818 2912 1169 2966 concedente
1202 2927 1427 2982 pacem,
1464 2912 1597 2984 quis
1619 2917 1706 2968 est
1728 2915 1829 2986 qui
1863 2933 1994 2971 con-

345 3002 612 3056 demnet:
676 3023 704 3050 »
737 3001 1024 3071 Propheta
1063 3000 1145 3054 ait
1195 3000 1266 3054 ad
1318 3001 1646 3072 pepulum:
1699 3002 1869 3060 Orate
1892 3023 1994 3076 pro

345 3091 460 3146 vita
515 3089 1025 3154 Nabuchodonosor,
1074 3091 1135 3142 ut
1177 3088 1331 3142 illius
1375 3105 1510 3160 pace
1553 3092 1624 3144 sit
1676 3108 1791 3163 pax
1846 3096 1996 3150 vobis

349 3181 564 3251 (Jerem.
596 3197 750 3249 XXIX,
776 3179 852 3250 7).
907 3178 1036 3234 Sive
1084 3194 1286 3250 pacem
1318 3177 1607 3245 Ecclesize,
1642 3184 1698 3236 et
1737 3182 1996 3253 quietem

346 3269 474 3341 ipse
505 3267 787 3338 concedit,
840 3267 1074 3339 quando
1107 3283 1223 3322 non
1273 3273 1526 3340 surgunt
1555 3269 1836 3325 adversus
1867 3289 1995 3329 eam

343 3374 553 3430 pugnae
608 3357 1103 3429 persecutionum,
1153 3355 1272 3411 sive
1323 3359 1556 3428 quando
1588 3356 1994 3417 haereticorum
2029 3343 2071 3409 (ἶ

343 3445 497 3513 lites,
559 3451 615 3501 et
659 3445 936 3500 scandala
985 3445 1432 3516 conquiescunt.
1474 3446 1586 3500 Nec
1635 3463 1749 3501 non
1790 3454 1995 3506 contra

338 3535 618 3590 vitiorum
658 3534 829 3604 bella,
864 3534 1080 3606 quietis
1111 3539 1167 3588 et
1198 3534 1360 3604 pacis
1393 3533 1692 3590 silentium
1723 3536 1850 3607 ipse
1892 3539 1992 3594 do-

340 3630 476 3679 nat:
514 3624 748 3695 quando
782 3622 1022 3678 devictis
1065 3622 1169 3691 eis,
1204 3626 1260 3676 et
1290 3622 1448 3678 velut
1477 3625 1778 3681 acerrimis
1810 3626 1990 3682 hosti-

337 3715 449 3769 bus
470 3713 838 3785 expugnatis,
864 3729 975 3783 pax
996 3711 1062 3765 ﬁt
1084 3711 1140 3765 in
1160 3711 1396 3766 homine
1427 3729 1661 3768 summa
1679 3714 1988 3772 virtutum.

334 3803 497 3869 Quod
532 3807 730 3857 autem
764 3802 879 3856 ait:

407 3915 434 3942 «
472 3893 552 3948 Ex
585 3908 699 3963 quo
748 3890 1122 3945 absconderit
1151 3889 1399 3958 vultum,
1434 3891 1567 3962 quis
1598 3897 1685 3947 est
1716 3893 1814 3965 qui
1847 3912 1990 3950 con-

334 3980 654 4052 templetur
702 3997 834 4035 eum
856 3979 882 4033 ?
914 3981 980 4034 Et
1011 3997 1186 4050 super
1232 3984 1457 4051 gentes,
1491 3985 1547 4035 et
1580 3998 1757 4052 super
1785 4000 1990 4040 omnes

335 4070 623 4126 homines.
664 4093 685 4119 ιυ
723 4069 840 4124 Hoc
873 4073 979 4138 est,
1011 4069 1164 4140 quod
1199 4068 1314 4124 nisi
1343 4069 1470 4140 ipse
1503 4069 1781 4137 dignatus
1813 4073 1990 4129 fuerit

335 4176 398 4215 se
429 4159 652 4215 homini
685 4158 973 4214 revelare:
1009 4158 1142 4229 quis
1181 4162 1270 4213 est
1319 4159 1420 4230 qui
1471 4160 1659 4230 possit
1696 4178 1831 4216 eum
1864 4180 1989 4219 suis

334 4248 557 4304 viribus
611 4249 845 4316 intueri,
879 4248 967 4302 vel
1014 4248 1432 4319 perscrutando
1491 4249 1562 4303 ad
1620 4252 1988 4321 majestatem

336 4338 466 4407 ejus
497 4338 804 4394 accedere?

408 4448 436 4474 ‹‹
470 4427 575 4492 Qui
607 4444 850 4500 regnare
903 4425 1044 4480 facit
1094 4424 1393 4480 hominem
1445 4427 1811 4498 hypocritam
1857 4447 1987 4500 pro-

328 4521 459 4588 pter
486 4522 721 4588 peccata
752 4515 1010 4588 populi.»
1034 4515 1198 4582 Quod
1233 4514 1544 4570 manifeste
1569 4515 1626 4570 in
1661 4517 1833 4573 Saule
1854 4535 1990 4591 rege

328 4607 623 4678 apparuit,
655 4610 713 4660 et
742 4606 895 4660 sicut
924 4604 1209 4660 Dominus
1253 4603 1368 4658 ait:
1421 4605 1688 4673 Auferam
1717 4607 1784 4661 de
1830 4610 1989 4662 Jeru-

2113 685 2402 755 permittit
2433 704 2567 743 eum
2620 687 2953 760 interloqui,
2990 693 3054 744 ut
3102 689 3151 746 si
3183 691 3320 762 quid
3354 693 3500 750 forte
3531 695 3641 752 sibi
3673 703 3762 754 est

2111 774 2448 844 dicendum,
2476 795 2591 832 non
2621 783 2827 835 taceat.

2184 886 2211 912 «
2247 864 2302 919 Si
2334 866 2539 934 erravi,
2573 871 2634 921 tu
2671 869 2809 922 doce
2841 885 2950 923 me.
3000 868 3060 924 Si
3106 868 3479 941 iniquitatem
3529 874 3760 932 locutus

2111 969 2266 1019 sum,
2301 953 2455 1008 ultra
2487 972 2600 1010 non
2635 957 2868 1011 addam.
2905 979 2932 1005 ››
2967 957 3027 1012 Id
3059 963 3167 1024 est,
3196 977 3310 1014 non
3335 961 3559 1033 loquar.

2181 1064 2208 1089 «
2243 1041 2540 1114 Numquid
2573 1062 2606 1098 a
2637 1053 2693 1099 te
2731 1047 2879 1100 Deus
2925 1048 3144 1118 expetit
3197 1066 3346 1117 eam,
3381 1051 3519 1123 quia
3550 1053 3759 1126 displi-

2109 1129 2230 1184 cuit
2277 1130 2424 1185 tibi?
2472 1133 2555 1186 'I‘u
2609 1133 2765 1188 enim
2835 1135 3060 1206 coepisti
3115 1136 3315 1209 loqui,
3362 1145 3418 1194 et
3468 1159 3582 1197 non
3632 1160 3756 1216 ego.

2109 1218 2270 1281 Quod
2306 1219 2352 1273 si
2387 1219 2525 1291 quid
2569 1223 2723 1276 nosti
2773 1223 3006 1291 melius,
3056 1225 3377 1297 loquere.»
3423 1230 3510 1284 Tu
3559 1231 3758 1288 dixisti

2107 1309 2262 1377 quod
2295 1308 2534 1380 iniquus
2566 1315 2720 1366 esset
2754 1313 2940 1368 Deus:
2975 1313 3116 1384 quia
3168 1332 3200 1369 a
3251 1320 3308 1370 te
3356 1317 3754 1389 iniquitatem,

2106 1401 2162 1451 et
2191 1397 2544 1468 injustitiam
2593 1399 2744 1465 vitae,
2795 1401 3016 1472 injusta
3065 1405 3426 1474 correptione
3472 1409 3748 1482 exigeret,

2104 1485 2197 1540 cui
2244 1503 2478 1542 necesse
2508 1493 2662 1544 esset
2691 1490 2910 1560 injuste
2941 1492 3225 1547 afﬂictum
3258 1500 3461 1550 contra
3491 1513 3626 1553 eum
3659 1498 3750 1554 lo-

2105 1575 2202 1647 qui
2235 1575 2478 1646 injusta,
2512 1587 2569 1633 et
2599 1579 2670 1634 ob
2701 1579 2831 1648 hoc,
2878 1580 3092 1652 inquit,
3125 1582 3430 1655 displicuit
3456 1585 3560 1641 tibi
3594 1588 3748 1645 Deus

2103 1665 2242 1720 dum
2296 1667 2765 1738 ejusjustitiam,
2815 1686 2932 1740 qua
2979 1675 3034 1725 te
3068 1672 3238 1742 punit
3279 1672 3596 1744 insontem,
3632 1695 3748 1734 non

2100 1753 2188 1809 vis
2215 1771 2409 1810 veram
2439 1773 2567 1812 esse
2590 1756 2908 1828 justitiam.

2173 1866 2202 1892 ‹‹
2233 1844 2356 1898 Viri
2407 1845 2800 1918 intelligentes
2858 1847 3176 1919 loquantur
3223 1849 3390 1920 mihi,
3424 1857 3480 1908 et
3525 1853 3612 1908 vir
3655 1872 3748 1910 sa-

2101 1933 2517 2004 piensaudiat
2548 1951 2659 1990 me.
2688 1958 2715 1986 »
2750 1936 2877 1991 Eliu
2926 1943 3198 1994 sanctum
3245 1941 3352 1996 Iob
3398 1941 3748 2014 despiciens,

2102 2024 2384 2078 convertit
2414 2041 2475 2078 se
2505 2025 2574 2079 ad
2608 2041 2706 2080 eos
2739 2026 2839 2096 qui
2872 2027 3142 2083 cominus
3173 2029 3552 2098 assistebant,
3582 2037 3640 2088 et
3669 2033 3753 2090 ita

2101 2112 2172 2167 de
2202 2112 2370 2168 beato
2399 2113 2509 2168 Job
2543 2114 2778 2169 definite
2807 2118 3216 2186 pronuntians,
3249 2119 3333 2174 ait
3361 2121 3433 2174 ad
3465 2137 3600 2176 eos:

2179 2225 2199 2251 σι
2233 2202 2342 2257 Job
2391 2208 2586 2258 autem
2631 2203 2809 2259 stulte
2841 2203 3074 2261 locutus
3120 2212 3229 2278 est,
3281 2212 3338 2263 et
3384 2210 3561 2264 verba
3590 2211 3749 2270 illius

2103 2307 2218 2346 non
2250 2296 2462 2346 sonant
2488 2292 2881 2364 disciplinam.
2919 2316 2946 2343 »
2977 2295 3354 2352 Manifestum
3386 2304 3494 2353 est.

2174 2380 2401 2436 «Pater
2430 2381 2530 2435 mi.
2567 2404 2593 2430 »
2644 2382 2791 2446 Quia
2836 2382 2907 2437 ab
2959 2383 3086 2454 ipso
3133 2390 3222 2439 est
3268 2385 3447 2442 homo
3494 2394 3747 2461 creatus,

2101 2475 2158 2525 et
2187 2470 2479 2525 conditus.
2529 2471 2816 2526 Probetur
2853 2472 2987 2538 Job,
3038 2473 3232 2544 inquit
3261 2473 3427 2529 Elin:
3467 2494 3579 2533 non
3615 2495 3752 2534 exa-

2102 2555 2377 2624 minetur,
2420 2558 2576 2628 quod
2625 2557 2774 2613 solet
2820 2559 2893 2614 ad
2943 2561 3347 2632 probationem
3403 2565 3750 2622 eruditionis

2103 2646 2323 2701 referri.

2179 2756 2200 2783 c
2235 2735 2516 2790 Probetur
2543 2736 2669 2791 Job.
2698 2757 2724 2788 υ
2763 2738 2820 2792 Id
2848 2742 2954 2804 est,
2979 2740 3403 2798 manifestetur:
3432 2743 3748 2814 probatum

2103 2823 2180 2879 sit
2219 2825 2515 2894 omnibus,
2567 2826 2912 2898 cunctisque
2961 2833 3171 2899 pateat.
3232 2829 3340 2886 Job
3393 2831 3586 2902 qualis
3636 2835 3750 2889 sit:

2103 2917 2237 2966 ante
2267 2918 2323 2966 te
2356 2913 2654 2984 probetur,
2680 2914 2946 2985 inquam,
2974 2916 3104 2971 Job.

2184 3021 2206 3048 ι
2239 3000 2434 3072 Usque
2466 3002 2534 3056 ad
2570 3002 2766 3058 ﬁnem.
2801 3003 2882 3084 Ne
2913 3005 3145 3060 desinas
3177 3007 3246 3062 ab
3269 3007 3504 3064 homine
3533 3009 3757 3082 iniqui-

2104 3090 2264 3145 tatis.
2299 3113 2326 3140 »
2363 3091 2426 3144 Id
2457 3096 2567 3161 est,
2594 3092 2736 3147 insit
2761 3091 2820 3146 in
2853 3109 2918 3148 eo
2944 3093 3167 3166 jugiter
3205 3095 3378 3168 plaga
3400 3097 3611 3170 ﬂagelli
3642 3099 3751 3155 hu-

2099 3181 2238 3250 jus:
2300 3197 2488 3252 neque
2541 3180 2776 3237 desinas
2827 3181 3088 3254 inﬂigere
3135 3201 3339 3255 poenas
3374 3188 3752 3258 operantibus

2107 3267 2499 3340 iniquitatem.

2181 3380 2209 3406 «
2243 3359 2348 3422 Qui
2383 3357 2610 3412 addidit
2639 3375 2816 3430 super
2833 3366 3072 3430 peccata
3103 3356 3210 3417 sua
3240 3362 3693 3434 blasphemiam.
3718 3388 3746 3420 ι)

2103 3447 2164 3501 Id
2197 3452 2305 3515 est,
2334 3463 2510 3518 super
2540 3447 2649 3502 hoc
2697 3449 2850 3518 quod
2909 3456 3178 3520 peccator
3205 3456 3314 3521 est,
3347 3453 3508 3507 addit
3539 3456 3609 3508 ad
3643 3473 3744 3510 cu-

2102 3535 2794 3608 mulumpeccatorum,
2855 3542 2918 3591 ut
2969 3538 3028 3592 in
3085 3539 3464 3612 blasphemiae
3521 3544 3743 3600 crimen

2101 3630 2392 3696 erumpat,
2440 3630 2674 3696 propter
2720 3626 2875 3697 quod
2907 3625 3062 3682 mala
3091 3626 3212 3682 haec
3242 3629 3608 3687 cruciatuum
3640 3650 3745 3688 su-

2102 3714 2298 3770 stinet.

2173 3806 2392 3859 «Inter
2442 3822 2546 3859 nos
2594 3803 2828 3860 interim
2879 3806 3331 3879 constringatur,
3379 3815 3437 3864 et
3485 3814 3625 3866 tunc
3675 3812 3746 3866 ad

2091 3893 2385 3964 judicium
2420 3897 2690 3966 provocet
2740 3896 3112 3951 sermonibus
3143 3897 3268 3952 suis
3298 3897 3504 3953 Deum.
3541 3921 3568 3949 ››
3602 3901 3749 3955 Con-

2099 3983 2408 4038 demnetur
2439 3984 2587 4036 inter
2619 4000 2725 4037 nos
2755 3983 3012 4050 interim,
3045 4001 3117 4040 ne
3148 3991 3206 4039 et
3236 3987 3405 4041 nobis
3433 3989 3492 4042 in
3525 3987 3755 4059 injusti-

2099 4071 2242 4126 tiam
2288 4076 2628 4143 reputetur:
2683 4073 2905 4143 absque
2967 4073 3212 4129 crimine
3269 4080 3468 4130 nostro
3525 4077 3654 4143 erit,
3702 4077 3754 4132 si

2098 4161 2474 4232 postmodum
2511 4165 2691 4215 Deum
2725 4177 3036 4231 provocare
3066 4163 3393 4218 tentaverit.

2666 4249 2900 4304 CAPUT
2954 4250 3170 4306 XXXV.

2171 4361 2198 4387 «
2229 4337 2412 4409 Igitur
2440 4336 2568 4391 Eliu
2600 4336 2719 4391 hazc
2753 4354 2989 4392 rursum
3023 4337 3253 4394 locutus
3285 4343 3412 4394 est:
3445 4339 3754 4412 Numquid

2091 4444 2263 4499 aequa
2289 4427 2520 4481 videtur
2548 4425 2651 4480 tibi
2684 4430 2785 4480 tua
2815 4427 3106 4498 cogitatio,
3166 4432 3236 4482 ut
3261 4426 3501 4484 diceres:
3527 4430 3747 4499 justior

2097 4523 2211 4573 Deo
2244 4534 2376 4571 sum
2400 4516 2427 4570 ?
2457 4515 2664 4571 Dixisti
2695 4515 2880 4570 enim:
2914 4517 3040 4572 Non
3081 4516 3188 4572 tibi
3231 4516 3422 4589 placet
3453 4519 3606 4591 quod
3659 4537 3747 4575 re-

2098 4613 2257 4662 ctum
2289 4611 2396 4671 est,
2419 4603 2507 4661 vel
2531 4604 2670 4677 quid
2694 4604 2800 4660 tibi
2834 4605 3114 4676 proderit,
3148 4606 3196 4661 si
3231 4624 3334 4679 ego
3368 4609 3744 4679 peccavero?»

331 4697 507 4750 salem
525 4695 798 4766 judicem,
832 4699 884 4750 et
922 4695 1272 4766 prophetam,
1321 4697 1373 4748 et
1423 4697 1744 4766 sapientem,
1777 4701 1828 4752 et
1858 4714 1986 4752 con-
2019 4715 2068 4779 D
2105 4697 2246 4751 Fieri
2279 4699 2489 4766 potest,
2521 4695 2675 4766 quod
2700 4694 2770 4748 de
2801 4696 3173 4752 sermonibus
3214 4696 3312 4751 ubi
3363 4701 3628 4770 asperius
3659 4698 3748 4755 lo-

327 4786 645 4840 siliarium:
694 4789 744 4838 et
791 4784 926 4839 dabo
956 4800 1155 4854 pueros
1205 4785 1481 4854 principes
1530 4800 1737 4855 eorum,
1769 4791 1825 4840 et
1853 4788 1986 4858 6/7}:-

325 4875 530 4928 minati
584 4873 1016 4928 dominabuntur
1069 4875 1148 4927 eis
1208 4873 1334 4942 (Isa.
1387 4875 1642 4942 111,24).
1700 4875 1766 4928 Et
1795 4875 1987 4931 Nabu-

326 4963 693 5018 chodonosor
735 4964 902 5032 justo
938 4962 1164 5032 judicio
1225 4962 1362 5028 Dei,
1407 4961 1596 5016 multa
1666 4980 1864 5035 regna,
1928 4969 1986 5020 et

325 5052 611 5124 plurimas
635 5051 903 5107 nationes
937 5051 1179 5122 accepit.
1205 5055 1402 5105 Potest
1427 5055 1483 5104 et
1505 5050 1776 5107 diabolus
1809 5054 1982 5109 homo

325 5143 439 5197 iste
468 5141 739 5214 intelligi,
769 5142 890 5212 qui,
925 5142 1154 5212 perdita
1177 5139 1441 5211 angelica
1463 5140 1775 5209 dignitate,
1801 5141 1984 5205 homi-

326 5233 416 5286 nis
466 5247 678 5286 nomen
722 5231 966 5285 sortitus
1016 5235 1142 5285 est:
1197 5230 1266 5284 de
1318 5245 1432 5300 quo
1483 5228 1768 5283 Dominus
1811 5231 1892 5283 ait
1925 5231 1982 5286 in

326 5320 656 5392 Evangelio:
693 5321 954 5376 Inimicus
985 5319 1140 5378 homo
1172 5319 1269 5374 hoc
1297 5317 1654 5389 ῙρσίιξΜαιΐΙι.
1713 5336 1836 5387 x111,
1866 5321 1979 5391 28).

331 5410 642 5481 Hypocrita
682 5427 814 5464 vero
867 5415 924 5464 et
974 5408 1283 5464 simulator
1314 5408 1443 5462 ideo
1493 5411 1579 5461 est
1629 5406 1980 5478 appellatus,

326 5498 609 5570 quoniam
644 5499 1027 5569 transﬁgurat
1079 5515 1140 5552 se
1173 5498 1230 5551 in
1268 5495 1540 5569 angelum
1597 5494 1785 5551 lucis:
1845 5514 1979 5552 cum

324 5589 450 5659 ipse
483 5587 678 5658 potius
709 5593 914 5641 auctor
944 5587 1020 5641 sit
1053 5587 1449 5653 tenebrarum,
1481 5585 1536 5640 id
1569 5591 1677 5650 est,
1713 5585 1978 5642 omnium

321 5678 644 5733 criminum
680 5682 736 5731 et
763 5681 1136 5748 peccatorum
1172 5676 1456 5730 inventor.

392 5766 539 5832 Quia
569 5782 704 5838 ergo
735 5782 839 5840 ego
871 5764 1100 5822 locutus
1133 5781 1265 5821 sum
1297 5765 1369 5821 ad
1400 5763 1584 5822 Deum
1612 5781 1626 5820 :
1661 5769 1715 5820 te
1748 5782 1975 5838 quoque

2099 4791 2268 4840 cutus
2300 4789 2387 4839 est
2419 4783 2489 4837 ad
2521 4783 2726 4853 Deum,
2760 4799 2937 4854 quam
2990 4785 3234 4840 forsitan
3280 4787 3501 4857 debuit,
3553 4787 3751 4860 aliqua

2103 4875 2237 4928 inde
2277 4873 2370 4928 hic
2420 4872 2546 4926 Eliu
2601 4872 2996 4943 descripserit,
3047 4880 3102 4929 et
3146 4875 3458 4932 verborum
3502 4895 3745 4933 suorum

2100 4964 2383 5018 invidiose
2414 4961 2580 5033 quasi
2614 4978 2824 5016 sensus
2855 4961 3013 5017 illius
3046 4964 3237 5019 dicere
3267 4965 3534 5020 voluerit.

2171 5077 2190 5099 «
2246 5054 2446 5122 Itaque
2495 5067 2598 5122 ego
2649 5053 3014 5122 respondebo
3073 5054 3448 5110 sermonibus
3495 5054 3631 5123 tuis,
3687 5059 3745 5110 et

2093 5142 2299 5198 amicis
2332 5140 2448 5195 tuis
2478 5146 2693 5195 tecum.
2730 5163 2757 5190 ››
2794 5145 2905 5196 Pro
2953 5158 3018 5197 eo
3051 5143 3206 5214 quod
3257 5160 3371 5198 non
3428 5147 3746 5214 potuerunt

2093 5233 2144 5288 ei
2175 5229 2605 5286 rationabiliter
2636 5232 3005 5301 respondere.

2168 5344 2195 5370 ‹‹
2227 5319 2469 5391 Suspice
2500 5320 2571 5374 ad
2612 5320 2846 5386 coelum,
2886 5326 2943 5375 et
2986 5322 3210 5377 intuere
3254 5322 3328 5391 ei,
3382 5324 3440 5376 et
3480 5324 3739 5375 contem-

2091 5411 2250 5483 plare
2295 5410 2530 5476 aethera,
2565 5409 2717 5480 quod
2769 5409 2939 5464 altior
2984 5418 3038 5465 te
3080 5411 3174 5465 sit.
3212 5432 3238 5457 »
3273 5411 3334 5464 Id
3381 5412 3487 5477 est,
3539 5414 3631 5462 cui
3686 5415 3741 5465 te

2090 5516 2320 5571 aequare
2353 5498 2705 5570 praesumis?
2735 5502 2852 5553 Hoc
2884 5499 2966 5554 ait
2997 5499 3142 5569 Eliu,
3190 5499 3289 5570 qui
3323 5504 3503 5554 Deum
3537 5514 3739 5571 corpo-

2091 5589 2287 5644 raliter
2315 5587 2460 5643 locis
2485 5586 2768 5642 contineri
2799 5588 3230 5643 arbitrabatur:
3266 5587 3420 5658 quod
3461 5587 3519 5642 in
3554 5588 3740 5644 excel-

2088 5679 2169 5734 sis
2197 5685 2424 5733 tantum
2446 5683 2620 5749 atque
2643 5677 2702 5730 in
2725 5674 3081 5733 sublimibus
3105 5679 3253 5735 Deus
3274 5677 3562 5734 Dominus
3587 5694 3741 5737 com-

2088 5773 2367 5826 moretur.
