4220 6588
484 463 602 526 ’1⁸15

1974 461 2372 526 APPENDIX
2384 506 2397 523 .

3770 424 3905 522 776‘
3966 406 3975 409 ’

565 621 594 652 ‹‹
625 597 872 657 Proinde
919 597 970 658 si
1000 595 1348 673 peccaveris,
1382 595 1522 671 quid
1553 595 1602 653 ei
1635 594 1918 653 nocebis?
1965 596 2035 652 Et
2085 596 2134 653 si
2161 599 2218 666 Α
2247 598 2417 655 corde
2457 595 2812 667 canentium,
2864 602 2921 653 et
2950 594 3174 653 faciunt
3221 609 3381 653 more
3408 591 3720 669 viatorum,
3751 594 3897 670 quia

487 688 888 763 multiplicatae
937 689 1155 745 fuerint
1200 686 1539 760 iniquitates
1587 704 1728 755 suae,
1775 685 1913 759 quid
1959 687 2134 744 facies

486 784 692 837 contra
719 778 899 835 eum?
932 801 960 828 »
992 779 1154 846 Quod
1184 778 1266 834 ita
1293 777 1507 833 dixisse
1554 776 1698 832 mihi
1736 777 1985 844 videtur,
2018 794 2133 832 non

487 870 670 939 enim,
701 872 759 925 te
788 872 1082 941 peccante,
1117 873 1229 923 Deo
1251 867 1451 922 damni
1474 865 1694 938 aliquid
1721 866 1998 921 infertur:
2032 870 2135 921 aut

487 961 536 1016 si
568 976 674 1032 pro
714 958 1093 1014 multitudine
1140 960 1505 1030 peccatorum
1549 961 1784 1010 tuorum
1840 954 2044 1010 ulcisci
2076 960 2132 1009 te

484 1048 754 1115 voluerit,
787 1047 1074 1119 numquid
1106 1046 1323 1119 poteris
1354 1045 1405 1100 ei
1437 1045 1726 1100 contraire
1749 1044 1776 1099 ?

560 1160 590 1188 «
619 1142 797 1193 Porro
828 1135 879 1192 si
901 1137 1063 1209 juste
1092 1134 1300 1207 egeris,
1352 1133 1491 1206 quid
1542 1133 1808 1203 donabis,
1841 1137 1942 1187 aut
1987 1132 2129 1205 quid

488 1228 560 1283 de
591 1243 768 1282 manu
799 1230 902 1281 tua
931 1224 1261 1297 accipiet?»
1286 1223 1431 1278 Hinc
1461 1221 1640 1278 David
1664 1221 1824 1289 dicit,
1850 1222 2129 1294 quoniam

486 1316 773 1373 bonorum
804 1330 1065 1370 meorum
1097 1330 1213 1369 non
1244 1328 1378 1385 eges
1409 1311 1589 1382 (Psal.
1622 1328 1714 1378 xv,
1746 1312 1822 1381 2).

558 1427 587 1455 «
620 1402 852 1460 Homini
892 1402 994 1475 qui
1044 1400 1259 1458 similis
1307 1400 1395 1456 tui
1444 1406 1553 1467 est,
1589 1398 1819 1455 nocebit
1859 1399 2132 1472 impietas

483 1499 606 1560 tua,
637 1497 695 1549 et
722 1491 909 1547 filium
944 1490 1200 1547 hominis
1250 1489 1552 1560 adjuvabit
1587 1487 1821 1560 justitia
1851 1492 1973 1543 tua.
2007 1510 2035 1538 »
2069 1489 2129 1543 Id

484 1586 592 1650 est,
624 1581 851 1639 homini
894 1596 1103 1636 nocere
1149 1579 1359 1651 poterit
1406 1577 1682 1649 impietas
1714 1582 1835 1644 tua,
1887 1576 1937 1633 si
1981 1577 2133 1633 male

485 1676 751 1745 agentem
779 1676 837 1726 te
860 1668 1171 1725 aemulatus
1201 1667 1397 1723 fuerit:
1422 1666 1921 1738 quemadmodum
1944 1666 2131 1722 ﬁlium

483 1759 743 1819 hominis
788 1759 1026 1830 justitia
1075 1761 1178 1812 tua
1220 1755 1523 1827 adjuvabit
1576 1755 1626 1811 si
1656 1754 1779 1811 vias
1807 1760 1961 1824 tuas,
1995 1772 2130 1812 cum

486 1856 640 1906 recte
667 1847 914 1915 incedis,
944 1846 1227 1902 imitetur.

558 1960 588 1989 «
618 1941 861 2009 PrOpter
907 1935 1344 1991 multitudinem
1389 1933 1879 1990 calumniatorum
1912 1934 2127 1991 clama-
2163 1970 2211 2036 Β

486 2028 655 2093 bunt,
701 2032 760 2082 et
805 2024 1113 2098 ejulabunt
1159 2028 1395 2096 propter
1439 2024 1559 2079 vim
1603 2022 1825 2079 brachii
1854 2029 2129 2096 tyranno-

380 2143 384 2147 ·
485 2133 640 2173 rum.
676 2138 699 2167 ι
733 2116 850 2171 Sub
896 2115 1006 2169 bac
1055 2113 1335 2186 qualitate
1388 2112 1800 2185 disputationis
1832 2132 1970 2184 suae,
2003 2114 2129 2170 Eliu

486 2210 758 2263 sanctum
785 2205 895 2261 Job
925 2203 1140 2259 talibus
1162 2203 1476 2259 admiscet:
1510 2202 1711 2273 eisque
1738 2202 1992 2258 similem
2031 2205 2130 2275 ju-

488 2295 662 2364 dicat,
701 2295 843 2350 dum
875 2292 1325 2349 calumniatores
1351 2298 1409 2347 et
1436 2296 1734 2364 tyrannos,
1768 2292 2001 2364 iniquos
2029 2293 2130 2347 ho-

487 2384 678 2440 mines
726 2382 1013 2451 nominat,
1063 2397 1315 2454 quorum
1362 2380 1696 2447 calumniis,
1748 2386 1803 2436 et
1848 2382 2126 2453 potentia,

486 2474 683 2542 homo,
716 2477 772 2529 et
815 2472 974 2527 filius
1016 2470 1274 2526 hominis
1322 2470 1584 2544 oppressi
1615 2471 2025 2543 ingemiscunt.
2060 2472 2129 2526 Et

487 2564 660 2619 modo
690 2560 1074 2633 spiritualiter
1101 2560 1258 2615 hunc
1282 2560 1601 2629 hominem,
1634 2565 1691 2615 et
1722 2560 1907 2615 filium
1933 2560 2126 2615 homi-

486 2652 600 2718 nis,
635 2649 915 2723 populum
949 2654 1219 2705 sanctum
1256 2665 1369 2703 non
1402 2648 1655 2704 absurde
1685 2649 1994 2714 sentimus,
2028 2649 2129 2720 qui

484 2745 721 2813 propter
761 2740 1051 2795 unitatem
1089 2737 1271 2793 totius
1324 2737 1581 2809 corporis
1630 2736 1918 2801 Ecclesiae,
1954 2737 2129 2793 homo

485 2846 640 2886 unus
669 2829 904 2895 dicitur,
952 2827 1105 2883 sicut
1148 2826 1464 2898 Apostolus
1505 2826 1580 2881 ait
1610 2828 1655 2897 (ι
1692 2827 1823 2882 Tim.
1859 2844 1922 2893 ιι,
1952 2827 2028 2895 5),
2073 2831 2132 2881 et

485 2918 809 2975 secundum
838 2916 1213 2971 Psalmistam
1245 2915 1393 2984 ﬁlius
1423 2916 1665 2970 hominis
1696 2914 2018 2986 appelatur,
2050 2915 2131 2970 ita

486 3007 814 3063 dicentem:
875 3006 998 3059 Fiat
1049 3019 1250 3058 manus
1307 3012 1402 3059 tua
1456 3020 1619 3075 super
1662 3006 1842 3059 virum
1890 3004 2130 3060 dextera?

486 3098 617 3161 tum,
664 3102 716 3149 et
762 3108 922 3164 super
968 3092 1147 3161 ﬁlium
1194 3091 1433 3146 hominis
1464 3108 1619 3163 quem
1658 3092 1999 3162 conﬁrmasti
2028 3094 2133 3147 tibi

486 3183 660 3255 (Psal.
695 3199 880 3252 LXXIX,
906 3182 1013 3251 16).
1042 3181 1239 3235 Potest
1266 3180 1375 3235 hoc
1407 3185 1463 3235 et
1491 3182 1561 3235 de
1594 3180 1988 3238 invisibilibus
2017 3181 2129 3236 ini-

485 3271 656 3327 micis
706 3269 852 3325 dici:
908 3270 1007 3341 qui
1061 3268 1285 3325 occulta
1328 3269 1770 3341 impugnatione
1825 3270 2122 3339 vitiorum,

484 3360 781 3417 mentibus
822 3358 1237 3414 dominantur:
1299 3364 1535 3430 propter
1582 3359 1737 3430 quod
1769 3359 1968 3416 fideles
1999 3362 2125 3431 eju-
2156 3342 2199 3409 C

480 3449 670 3506 lantes
701 3449 763 3503 in
792 3447 1051 3504 oratione
1095 3447 1167 3503 ad
1209 3451 1389 3502 Deum
1444 3447 1678 3503 dicunt:
1711 3449 1880 3518 Eripe
1927 3466 2015 3504 me
2060 3449 2127 3505 de

482 3540 729 3594 inimicis
756 3539 913 3604 meis,
944 3539 1087 3593 Deus
1106 3553 1257 3592 meus
1287 3537 1458 3608 (Psal.
1492 3554 1647 3607 Lvm,
1678 3539 1754 3609 2).

560 3648 588 3676 ‹‹
620 3628 691 3682 Et
719 3642 835 3681 non
866 3624 1029 3680 dixit.
1060 3646 1087 3677 n
1119 3626 1360 3691 Quando
1391 3626 1593 3696 utique
1618 3627 1957 3700 afﬂigebant
1988 3646 2129 3700 prae-

483 3715 692 3782 dictos,
743 3730 891 3786 quos
936 3713 1047 3769 sibi
1080 3730 1182 3785 per
1209 3712 1475 3785 iniquam
1508 3716 1989 3782 dominationem,
2015 3722 2126 3773 Deo

481 3803 876 3875 permittente,
909 3804 1262 3874 subegerant
1289 3820 1302 3857 :
1335 3803 1416 3858 ita
1444 3809 1510 3859 ut
1530 3802 1590 3858 hi
1621 3805 1729 3860 sub
1751 3810 1913 3861 tanta
1938 3824 2129 3863 neces-

482 3894 653 3949 sitate
697 3906 1103 3965 pressurarum
1156 3892 1331 3964 positi
1375 3892 1681 3963 ejularent,
1714 3899 1770 3949 et
1808 3894 2129 3953 clamarent

483 3983 556 4038 ad
587 3987 804 4049 Deum;
837 3980 919 4036 illi
967 3998 1081 4037 non
1136 3981 1511 4037 intenderunt
1559 3982 1775 4047 animo,
1810 4001 1998 4056 neque
2037 3985 2124 4040 in-

482 4071 799 4127 tenderunt
825 4071 886 4125 in
914 4070 1147 4140 oculum,
1180 4075 1245 4126 ut
1275 4076 1548 4143 saperent
1580 4073 1733 4144 quod
1765 4073 1880 4128 Deo
1925 4075 2126 4129 condi-

480 4160 590 4217 tori
647 4177 754 4217 suo
784 4160 905 4216 haec
935 4159 1135 4216 omnia
1192 4159 1588 4232 displicerent.
1641 4160 1765 4217 Non
1817 4162 1982 4230 dixit,
2036 4164 2124 4218 in-

478 4265 680 4321 quam,
703 4248 858 4322 apud
876 4249 1254 4321 semetipsam
1280 4249 1417 4305 talia
1437 4249 1752 4306 multitudo
1784 4251 2125 4324 iniquorum

482 4338 602 4394 sive
632 4338 986 4394 daemonum.

551 4450 580 4478 «
613 4425 722 4482 Ubi
740 4429 829 4482 est
849 4426 1121 4497 Deus'qui
1174 4425 1307 4481 fecit
1336 4426 1467 4481 me?
1510 4427 1610 4499 qui
1652 4429 1815 4484 dedit
1865 4430 2153 4486 carmina‘

477 4516 539 4571 in
571 4520 760 4571 nocte.
796 4536 825 4563 »
860 4518 977 4569 Hoc
1009 4514 1090 4569 ait
1122 4513 1269 4570 Eliu.
1308 4515 1452 4570 Cum
1484 4532 1620 4587 ergo
1643 4519 1841 4588 justos
1887 4524 1944 4573 et
1976 4525 2126 4574 recte

475 4603 737 4660 viventes
767 4619 801 4657 a
830 4618 1008 4673 supra
1036 4601 1206 4658 dictis
1267 4604 1414 4659 Deus
1475 4603 1745 4660 tribulari
1791 4606 2122 4677 permittat:

2242 688 2355 761 ipsi
2386 692 2450 743 ut
2498 688 2744 745 viatores
2792 692 2849 743 et
2890 686 3179 761 peregrini
3228 691 3536 743 transeunt
3582 703 3687 759 per
3732 686 3894 744 hunc

2243 779 2553 849 mundum,
2586 778 2685 849 qui
2736 780 2800 832 ut
2828 778 2901 832 ad
2950 776 3309 832 destinatum
3359 775 3471 831 sibi
3515 775 3710 832 locum
3762 778 3893 834 sine

2242 865 2441 923 labore
2496 866 2857 938 perveniant,
2919 866 3143 922 cantico
3205 865 3603 937 fatigationem
3658 865 3892 923 itineris

2242 955 2620 1011 consolantur
2650 972 2714 1009 ac
2744 955 3072 1010 sublevant.
3105 956 3173 1011 Et
3209 956 3379 1026 juxta
3411 954 3686 1027 mysticos
3716 956 3893 1011 intel-

2241 1044 2446 1113 lectus,
2480 1050 2730 1109 noctem,
2765 1049 3051 1099 secretum
3101 1043 3394 1116 quoddam
3427 1060 3493 1099 ac
3523 1044 3732 1099 divinae
3765 1045 3889 1101 dis-

2241 1133 2559 1206 putationis
2590 1139 2879 1189 remotum
2938 1134 3237 1188 silentium
3271 1131 3695 1202 intelligamus,
3728 1135 3887 1206 quod

2242 1223 2373 1279 aliis
2406 1222 2658 1291 saeculis,
2712 1224 2865 1279 sicut
2925 1222 3235 1295 Apostolus
3266 1222 3384 1276 ait:
3433 1222 3552 1277 Non
3596 1223 3707 1294 fuit
3735 1239 3887 1278 reve-

2241 1315 2419 1368 latum
2447 1314 2582 1383 ﬁliis
2626 1312 2909 1367 hominum
2957 1313 3177 1383 (Coloss.
3229 1329 3268 1383 ι,
3317 1312 3430 1381 26).
3483 1311 3617 1375 Quae
3666 1329 3777 1368 nox
3804 1312 3887 1367 sit

2242 1402 2302 1457 in
2334 1407 2588 1473 quatuor
2615 1401 2846 1472 vigilias
2869 1402 3202 1467 distributa,
3224 1404 3343 1456 uta
3365 1400 3650 1472 principio
3676 1401 3885 1457 mundi

2241 1508 2429 1563 usque
2460 1492 2530 1546 ad
2562 1490 2860 1546 Christum
2901 1491 3214 1547 Dominum
3266 1494 3532 1545 nostrum
3581 1490 3729 1546 hanc
3774 1507 3877 1546 no-

2242 1584 2391 1636 ctem
2414 1579 2703 1648 dicamus,
2719 1585 2782 1635 ut
2803 1581 2878 1635 sit
2894 1580 3085 1651 prima
3099 1577 3300 1651 vigilia
3324 1578 3515 1634 noctis
3536 1578 3733 1650 hujus,
3757 1578 3886 1652 ipse

2238 1670 2422 1725 Adam
2456 1669 2702 1741 primus,
2734 1673 2791 1724 et
2829 1674 2991 1740 pater
3020 1668 3365 1723 hominum:
3402 1684 3505 1739 per
3548 1669 3714 1739 cujus
3745 1684 3885 1723 con-

2241 1759 2523 1815 ditionem
2550 1758 2778 1831 evigilet
2807 1757 3042 1813 animus
3072 1757 3396 1823 humanus,
3418 1760 3484 1812 ut
3500 1757 3694 1813 credat
3722 1774 3884 1813 crea-

2239 1853 2425 1903 torem
2458 1846 2721 1903 omnium
2772 1863 2968 1902 rerum
3018 1846 3225 1901 Deum.
3276 1845 3546 1901 Secunda
3575 1862 3709 1901 vero
3737 1846 3883 1919 vigi-

2238 1937 2317 1992 lia
2346 1937 2423 1993 sit
2444 1941 2704 2008 tempore
2729 1936 2865 2004 Noe,
2891 1952 3005 2007 quo
3034 1935 3407 2007 naufragium
3430 1935 3635 1990 mundi
3665 1936 3885 1991 factum

2240 2027 2337 2092 sit,
2370 2030 2434 2080 ut
2461 2025 2731 2098 evigilent
2761 2025 3051 2095 homines,
3086 2040 3158 2079 ne
3190 2030 3246 2079 et
3278 2025 3389 2096 ipsi
3421 2025 3722 2080 intereant.
3746 2027 3885 2080 Ter-

2238 2116 2321 2172 tia
2350 2118 2541 2170 autem
2574 2112 2770 2184 vigilia
2818 2113 3005 2168 sancti
3056 2111 3301 2167 Abrahae
3359 2110 3720 2184 temporibus
3777 2111 3883 2167 ha-

2240 2206 2465 2271 beatur,
2491 2221 2592 2275 per
2631 2219 2805 2275 quem
2845 2206 3161 2274 cognoscat
3191 2201 3472 2269 mundus,
3500 2202 3884 2275 quemadmo-

2241 2295 2381 2348 dum
2414 2294 2490 2348 sit
2519 2293 2631 2347 tide
2662 2291 2993 2358 vivendum,
3028 2296 3085 2347 et
3119 2291 3234 2347 Deo
3272 2290 3641 2363 placendum.
3665 2290 3885 2355 Quarta

2239 2400 2372 2439 vero
2404 2381 2603 2454 vigilia
2633 2383 2710 2436 sit
2766 2382 2918 2436 circa
2969 2386 3235 2453 tempora
3284 2380 3716 2453 prophetarum,
3777 2381 3881 2452 qui

2239 2489 2461 2528 aurorae
2493 2475 2549 2526 et
2589 2470 2797 2525 lumini
2847 2469 2959 2524 diei
3002 2469 3529 2541 appropinquantis
3574 2469 3882 2526 viciniores

2240 2564 2494 2628 fuerunt,
2528 2560 2747 2632 quique
2770 2559 2827 2613 in
2852 2558 3048 2631 ipsum
3080 2558 3379 2615 Christum
3412 2557 3737 2631 proximum
3766 2559 3882 2615 sibi

2241 2650 2393 2705 diem
2422 2664 2568 2721 pene
2591 2648 2831 2702 electam
2860 2654 3089 2703 noctem
3115 2648 3246 2703 fidei
3278 2647 3462 2703 oculis
3478 2647 3878 2705 intendebant.

2239 2739 2303 2794 In
2335 2740 2443 2794 hac
2474 2738 2655 2809 igitur
2686 2744 2849 2792 nocte
2881 2755 2983 2809 per
3012 2737 3247 2808 singula
3278 2742 3545 2809 tempora
3572 2738 3879 2809 praedicto-

2239 2846 2391 2898 rum,
2412 2828 2534 2884 sive
2559 2826 2898 2898 prophetiis,
2919 2826 3037 2881 sive
3059 2826 3605 2898 signiﬁcationibus,
3632 2828 3702 2882 de
3724 2827 3883 2882 Chri-

2239 2923 2327 2971 sto
2348 2917 2480 2971 lznta
2500 2915 2828 2988 gaudioque
2846 2914 3014 2986 plena
3031 2915 3416 2987 praenuntiata
3435 2920 3594 2971 sunt.
3617 2916 3885 2987 Itemque

2240 3006 2310 3061 ad
2342 3004 2502 3060 illam
2535 3003 3030 3076 comparationem
3088 3004 3296 3059 futurae
3338 3003 3703 3060 revelationis
3734 3005 3881 3061 ﬁlio-

2239 3112 2369 3149 rum
2402 3094 2525 3162 Dei,
2581 3093 2679 3148 ubi
2711 3092 2956 3165 gloriam
2989 3093 3183 3148 aeterni
3218 3092 3378 3148 illius
3410 3093 3521 3148 diei
3554 3095 3880 3167 percepturi

2240 3190 2400 3252 sunt;
2450 3189 2507 3239 et
2551 3183 2611 3238 in
2643 3200 2703 3237 re
2733 3182 2863 3254 ipsa
2916 3182 3335 3237 beatitudinem
3368 3183 3733 3255 possessuri:
3767 3200 3883 3239 nox

2239 3279 2325 3330 est
2357 3288 2613 3345 prmsens
2645 3271 2765 3326 bwc
2814 3271 2949 3338 vita,
2983 3271 3077 3326 cui
3126 3271 3349 3326 fructus
3380 3270 3472 3325 sui
3505 3270 3563 3325 in
3614 3272 3879 3327 futurum

2238 3361 2562 3420 absconditi
2602 3367 2762 3427 sunt,
2798 3365 2853 3415 et
2883 3361 3010 3415 ideo
3042 3360 3233 3416 adhuc
3282 3377 3393 3415 nox
3422 3366 3530 3428 est,
3562 3361 3700 3431 quia
3731 3378 3879 3417 non-

2237 3453 2378 3508 dum
2409 3450 2569 3506 vides
2601 3451 2755 3522 quod
2788 3466 3006 3521 speras.
3040 3449 3285 3504 Proinde
3331 3450 3390 3504 in
3421 3449 3529 3504 hac
3568 3460 3733 3505 nocte
3776 3468 3876 3505 ex-

2239 3539 2638 3613 spectationis,
2670 3538 2873 3610 hymni
2904 3543 2960 3593 et
2989 3538 3215 3593 cantica
3245 3539 3672 3610 Scripturarum
3723 3538 3884 3595 dicta

2238 3634 2376 3684 sunt
2406 3628 2594 3695 nobis,
2643 3628 2824 3682 donec
2885 3628 3153 3683 discussa
3206 3633 3369 3682 nocte
3427 3627 3561 3682 ﬁdei
3616 3627 3687 3683 ad
3723 3627 3879 3683 diem

2238 3724 2463 3773 aeternae
2492 3717 2814 3771 mansionis
2846 3716 3272 3787 perveniamus.
3654 3764 3665 3772 .

2312 3829 2340 3858 ‹‹
2370 3807 2475 3872 Qui
2516 3807 2685 3860 docet
2726 3822 2833 3859 nos
2867 3821 3042 3875 super
3081 3806 3352 3875 jumenta
3382 3809 3567 3872 terrai,
3616 3810 3674 3861 et
3703 3823 3886 3878 super

2235 3895 2499 3951 volucres
2532 3894 2657 3949 coeli
2692 3895 2884 3949 erudit
2915 3911 3040 3948 nos.
3077 3917 3104 3943 »
3167 3896 3339 3950 Docet
3372 3893 3431 3949 in
3463 3897 3882 3951 communibus

2237 3985 2576 4050 eruditum,
2628 3982 3072 4039 subtilioribus:
3134 3984 3298 4039 docet
3355 4000 3469 4039 non
3529 3983 3715 4040 solum
3772 4001 3885 4056 per

2238 4079 2458 4130 naturis
2491 4074 2663 4139 dona,
2698 4074 2796 4127 sed
2830 4077 3006 4127 etiam
3038 4090 3141 4145 per
3161 4072 3355 4143 gratiae
3380 4090 3640 4130 munera.
3664 4073 3880 4129 Secun-

2237 4165 2377 4219 dum
2402 4162 2688 4235 tropicum
2722 4178 2855 4217 vero
2877 4160 3260 4227 intellectum,
3287 4163 3582 4233 jumenta,
3609 4162 3881 4220 homines

2238 4252 2498 4325 carnales
2533 4251 2876 4323 plerumque
2908 4250 3336 4323 intelliguntur,
3370 4252 3470 4323 qui
3492 4250 3639 4325 gula:
3655 4255 3711 4306 et
3739 4268 3881 4307 ven-

2236 4343 2331 4413 tri,
2365 4347 2421 4395 et
2449 4340 2690 4395 luxuriae
2722 4340 2903 4395 dediti
2952 4347 3109 4395 sunt.
3159 4339 3271 4395 Alii
3306 4346 3498 4395 autem
3539 4339 3880 4397 volatilibus

2236 4435 2672 4504 comparantur,
2714 4431 2833 4485 sive
2866 4434 3103 4501 prepter
3144 4427 3435 4485 levitatem
3470 4446 3723 4497 morum,
3756 4430 3880 4485 sive

2237 4526 2474 4593 propter
2525 4519 2887 4591 superbiam,
2934 4535 3050 4589 qua
3080 4523 3380 4574 tumentes
3401 4519 3569 4590 quasi
3601 4520 3660 4574 in
3692 4520 3881 4574 altum

2237 4608 2553 4665 elevantur.
2588 4608 2749 4664 Unde
2778 4606 2919 4662 dicit
2939 4605 3285 4678 Apostolus:
3330 4607 3463 4663 Noli
3489 4609 3660 4662 altum
3689 4624 3882 4679 sapere

477 4690 938 4747 consolationem
984 4696 1179 4747 tamen
1221 4693 1306 4748 eis
1352 4692 1411 4748 in
1462 4698 1629 4749 nocte
1677 4694 2122 4751 tribulationum
2156 4708 2203 4773 1)
2235 4700 2405 4770 (Rom.
2438 4715 2515 4763 x1,
2548 4699 2659 4768 20).
2692 4698 2761 4751 Et
2790 4696 3074 4752 Dominus
3108 4696 3165 4750 in
3194 4695 3500 4768 Evangelio
3527 4714 3539 4752 :
3567 4697 3702 4764 Quia
3731 4697 3876 4766 quod

470 4779 761 4863 concedit.
790 4779 914 4835 Nox
942 4780 1098 4836 enim
1146 4782 1274 4853 ipsa
1298 4781 1598 4838 tribulatio
1632 4782 1996 4855 intelligitur,
2035 4803 2125 4841 se-

478 4870 740 4926 cundum
771 4869 915 4926 illud
945 4870 1271 4928 Psalmistae
1296 4890 1309 4928 :
1337 4873 1593 4928 Probasn'
1620 4888 1711 4928 cor
1738 4890 1944 4944 meum,
1963 4880 2015 4930 et
2041 4878 2124 4931 vi-

474 4961 659 5016 sitasti
689 4976 782 5016 me
811 4961 873 5015 in
899 4965 1058 5017 nocte
1098 4960 1266 5030 (Psal.
1316 4971 1433 5029 xvl,
1464 4962 1540 5029 3);
1591 4961 1741 5016 sicut
1788 4967 1845 5017 et
1886 4979 2125 5034 prospe-

473 5049 617 5106 ritas
646 5048 962 5122 aliquando
995 5051 1117 5107 dies
1168 5050 1399 5120 dicitur,
1434 5050 1712 5120 quoniam
1746 5052 1845 5121 qui
1889 5052 1947 5105 in
1990 5069 2125 5119 pro-

471 5140 662 5211 speris
705 5144 812 5208 est,
872 5140 1042 5212 quasi
1093 5140 1351 5212 quadam
1408 5139 1683 5195 felicitate
1735 5140 2120 5197 illuminatur.

471 5228 635 5286 Unde
662 5229 744 5285 ait
765 5228 825 5285 in
856 5229 1124 5285 Psalmo:
1151 5234 1260 5284 Per
1278 5228 1425 5283 diem
1443 5228 1524 5284 sol
1551 5244 1667 5283 non
1696 5238 1827 5284 uret
1855 5240 1928 5299 te,
1950 5248 2122 5299 neque

475 5316 617 5375 luna
671 5334 772 5389 per
817 5327 1030 5373 noctem
1077 5317 1247 5389 (Psal.
1298 5332 1425 5387 cxx,
1478 5317 1555 5386 6).
1609 5318 1879 5383 Tantam,
1931 5318 2123 5390 inquit

469 5407 620 5473 Eliu,
665 5406 1036 5462 tolerantiam
1080 5405 1228 5477 justi
1277 5404 1544 5459 homines
1593 5422 1627 5459 a
1656 5404 1774 5461 Deo
1805 5407 2117 5480 accipiunt.

468 5500 536 5551 ut
563 5496 744 5551 etiam
772 5496 833 5550 in
878 5500 1047 5551 nocte
1073 5493 1491 5561 tribulationis,
1542 5494 1895 5567 hymnorum
1946 5498 2120 5568 spiri-

464 5582 715 5639 tualium
759 5585 1002 5641 canticis
1051 5583 1431 5640 delectentur.
1481 5582 1785 5639 Canticum
1853 5604 1989 5659 ergo
2044 5589 2113 5643 ad

471 5670 919 5729 exsultationem
952 5673 1142 5730 cordis
1169 5672 1260 5730 vel
1290 5672 1545 5729 maxime
1566 5672 1837 5744 pertinet.
1871 5674 2116 5732 Proinde

475 5761 600 5828 haec
629 5759 937 5823 exsultatio
985 5764 1059 5821 de
1104 5779 1209 5837 spe
1256 5763 1443 5823 futuri
1486 5762 1685 5836 gaudii
1739 5764 2000 5824 nascitur
2057 5767 2117 5824 in

2235 4793 2315 4843 est
2359 4789 2421 4842 in
2461 4786 2777 4843 hominibus
2825 4786 3023 4845 altum,
3055 4786 3393 4841 abominatio
3430 4790 3510 4841 est
3553 4794 3680 4840 ante
3707 4785 3882 4840 Deum

2235 4877 2387 4947 (Luc.
2421 4892 2538 4946 xvr,
2571 4876 2680 4946 15).
2712 4875 2857 4930 Nam
2890 4874 2948 4928 in
2980 4874 3173 4929 Graeco
3205 4875 3494 4946 superbus
3526 4873 3877 4949 ὑπερηφανὴς

2235 4965 2471 5028 dicitur,
2503 4964 2657 5035 quod
2675 4968 2764 5019 est
2782 4980 2945 5035 super
2964 4980 3253 5035 apparens,
3284 4969 3349 5019 ut
3378 4963 3589 5020 elatam
3620 4968 3877 5020 mentem

2235 5052 2493 5110 hominis
2521 5053 2928 5123 tumidamque
2959 5053 3269 5123 signiticet.

2311 5163 2333 5192 ι
2369 5143 2455 5199 Ibi
2484 5142 2821 5197 clamabunt
2851 5147 2907 5196 et
2935 5158 3051 5196 non
3083 5142 3370 5212 exaudiet,
3406 5148 3643 5214 propter
3670 5158 3880 5214 super-

2234 5233 2390 5289 biam
2422 5232 2770 5299 malorum.»
2803 5232 2961 5294 Quod
2990 5230 3155 5297 dixit,
3190 5231 3649 5298 ibiclamabunt,
3675 5232 3879 5286 fortas-

2232 5324 2313 5377 sis
2359 5322 2689 5393 signiﬁcare
2746 5319 2931 5375 voluit
2983 5320 3175 5375 locum
3235 5337 3562 5392 pwnarum,
3623 5320 3721 5375 ubi
3759 5337 3877 5376 non

2230 5411 2574 5467 exaudiendi
2631 5416 2771 5467 sunt
2827 5414 3178 5481 peccatores,
3238 5416 3474 5482 propter
3535 5409 3876 5480 superbiam

2230 5500 2556 5556 malorum:
2591 5499 2711 5555 sive
2744 5503 2808 5553 ut
2849 5497 2945 5553 alii
3002 5499 3295 5567 dixerunt,
3345 5501 3411 5554 ab
3442 5500 3671 5565 iniuriis
3700 5500 3877 5553 malo-

2226 5608 2371 5657 rum,
2430 5589 2568 5660 quia
2599 5588 2737 5642 mali
2772 5588 2939 5640 bouis
2971 5593 3027 5641 et
3074 5587 3246 5658 justis
3279 5587 3683 5643 insectationls
3718 5588 3875 5658 inju-

2227 5679 2345 5734 rias
2377 5678 2633 5749 irrogare
2661 5691 2776 5729 non
2808 5674 3111 5729 desinunt.

2299 5790 2327 5818 «
2361 5767 2485 5825 Non
2544 5780 2680 5837 ergo
2722 5765 2941 5821 frustra
2989 5764 3151 5823 audit
3198 5770 3372 5839 Deus,
3405 5771 3463 5822 et
3510 5765 3881 5839 omnipoten-
