4220 6580
274 429 396 497 ἾἻἾ

1336 430 1856 499 COMMENTAR.
1905 428 1983 493 IN
2026 430 2166 494 JOB
2212 432 2386 495 CAP.
2433 430 2702 499 XXXVI.

3567 433 3685 502 778

275 584 487 628 causas
507 566 873 645 singulorum
893 567 1239 626 intuebitur.
1267 592 1289 620 ι
1327 573 1443 625 Hoc
1475 570 1578 636 ait,
1610 566 1765 641 quod
1795 581 1924 640 pec-
1949 566 2007 634 Α
2036 570 2401 642 paupertatis
2425 585 2438 627 :
2468 569 2753 628 indicabit
2779 569 2865 627 eis
2893 586 3070 645 opera
3100 585 3324 641 eorum,
3379 574 3438 629 et
3461 568 3681 630 scelera

276 664 499 717 catores
518 661 897 733 persistentes
914 660 973 715 in
994 658 1165 716 malis
1190 660 1336 727 suis,
1360 677 1476 717 non
1506 659 1707 715 audiat
1727 658 1883 713 Deus
1906 673 1918 711 :

276 750 556 820 quoniam
587 749 711 805 sine
740 766 917 805 causa
949 749 1152 820 utique
1194 748 1266 805 ad
1317 765 1452 803 eum
1506 748 1785 814 clament,
1820 745 1921 818 qui

277 854 392 893 non
424 841 720 893 merentur
745 837 958 893 audiri.

348 949 377 977 «
410 927 595 982 Etiam
627 943 759 982 cum
808 926 1043 994 dixeris,
1094 942 1208 981 non
1257 925 1624 981 considerat:
1651 923 1922 995 judicare

276 1032 470 1071 coram
501 1014 619 1082 illo,
651 1020 709 1070 et
737 1020 1010 1087 exspecta
1048 1031 1205 1070 eum.
1243 1036 1270 1063 »
1300 1014 1543 1078 Quando
1578 1013 1758 1077 vides,
1792 1010 1919 1077 Job,

277 1106 415 1177 quia
433 1121 550 1160 non
571 1104 773 1161 statim
797 1105 951 1160 Deus
983 1104 1175 1160 reddit
1203 1103 1609 1176 peccatoribus
1640 1118 1768 1173 quae
1801 1117 1923 1155 me-

273 1198 495 1260 rentur,
528 1194 646 1249 noli
678 1192 1167 1265 pusillanimitate
1217 1193 1431 1265 frangi,
1465 1198 1529 1247 ut
1558 1192 1617 1247 in
1645 1189 1921 1263 blasphe-

274 1283 452 1339 miam
483 1298 779 1353 erumpas,
809 1286 867 1337 et
895 1282 1056 1337 dicas
1085 1281 1270 1337 Deum
1304 1282 1615 1353 injustum,
1660 1280 1780 1336 sive
1809 1277 1922 1333 ini-

273 1388 457 1445 quum
484 1389 497 1427 :
531 1373 632 1427 sed
657 1371 926 1443 judicare
955 1388 1090 1426 cum
1121 1387 1188 1426 eo
1219 1371 1417 1439 debes,
1451 1370 1509 1425 id
1541 1374 1653 1438 est,
1678 1366 1922 1441 judiciis

270 1462 399 1533 ejus
448 1461 796 1531 consentire,
848 1477 964 1516 non
1017 1465 1222 1516 contra
1279 1476 1415 1516 eum
1450 1463 1922 1532 praesumptuoso

265 1550 489 1623 judicis
516 1555 617 1605 tuo
647 1549 708 1605 in
743 1551 871 1621 ejus
900 1548 1179 1621 injuriam
1211 1548 1501 1621 prosilire.

344 1661 376 1691 ‹‹
407 1642 572 1696 Nunc
602 1640 760 1697 enim
793 1657 909 1696 non
940 1640 1118 1695 infert
1142 1640 1397 1695 furorem
1424 1656 1602 1696 suum
1628 1656 1641 1695 :
1695 1656 1800 1695 nec
1828 1636 1923 1693 ul-

273 1730 516 1786 ciscitur
571 1729 763 1786 scelus
818 1728 1008 1785 valde.
1072 1752 1102 1779 »
1158 1729 1444 1793 Quoniam
1499 1730 1681 1802 igitur
1719 1726 1926 1784 statuit

274 1820 452 1891 diem,
481 1820 540 1874 in
565 1836 679 1891 quo
719 1818 945 1890 judicet
972 1819 1044 1873 de
1074 1819 1212 1874 orbe
1268 1823 1582 1890 terrarum,
1612 1817 1828 1873 idcirco
1861 1816 1923 1871 in

273 1907 385 1964 hoc
411 1913 672 1980 tempore
686 1908 1002 1963 vindictam
1018 1907 1261 1979 justitia:
1281 1924 1401 1963 suae
1423 1924 1542 1963 non
1573 1905 1923 1981 generaliter

275 2002 518 2054 exercet.
565 1999 636 2052 Et
685 1997 796 2053 hoc
845 2001 1036 2052 totum
1084 1997 1145 2051 in
1196 1997 1702 2069 exprobrationem
1735 1994 1922 2053 sancti

273 2087 384 2143 Job
415 2087 694 2158 loquitur,
729 2101 906 2157 quem
935 2084 1305 2142 velut‘reum
1352 2085 1671 2143 criminum
1719 2088 1779 2142 in
1810 2086 1920 2142 hoc

275 2177 498 2231 malum
524 2191 849 2247 pmnarum,
879 2174 981 2231 Dei
1002 2176 1293 2231 sententia
1321 2192 1427 2247 pro
1453 2180 1618 2248 parte
1649 2179 1924 2235 condem-

274 2265 573 2320 nat.Unde
597 2265 823 2332 scribit,
848 2264 943 2319 cui
973 2268 1197 2319 restent
1241 2264 1516 2336 plurima,
1562 2282 1694 2337 quae
1733 2268 1926 2324 adhuc

275 2355 353 2410 sit
382 2354 765 2426 postmodum
798 2359 1162 2425 recepturus.

352 2466 373 2493 α
410 2445 556 2514 Ergo
587 2443 698 2499 Job
743 2443 962 2498 frustra
1010 2442 1196 2513 aperit
1246 2458 1313 2497 os
1361 2459 1558 2512 suum,
1608 2447 1666 2500 et
1704 2445 1927 2518 absque

275 2532 518 2589 scientia
540 2533 717 2587 verba
748 2530 1119 2603 multiplicat.
1154 2552 1181 2581 η
1217 2532 1395 2587 Juxta
1425 2532 1545 2588 haec
1592 2534 1925 2591 convictum

275 2627 544 2677 sanctum
573 2621 682 2677 Job
714 2620 841 2675 Eliu
871 2620 1207 2685 arbitratur,
1235 2624 1291 2677 et
1320 2622 1576 2693 quadam
1611 2623 1924 2681 verborum

273 2710 497 2767 ratione
527 2709 891 2766 conclusum.

837 2799 1076 2855 CAPUT
1117 2799 1354 2855 XXXVI.

347 2913 376 2940 «
397 2890 631 2945 Addens
653 2905 886 2961 quoque
905 2888 1033 2944 Eliu
1056 2889 1177 2944 haec
1202 2888 1433 2944 locutus
1453 2894 1560 2945 est.
1583 2890 1815 2947 Sustine
1832 2909 1925 2948 me

274 2978 582 3053 paululum
605 2982 663 3034 et
690 2978 961 3034 indicabo
993 2977 1120 3033 tibi.
1152 2978 1360 3033 Adhuc
1377 2978 1534 3033 enim
1557 2979 1743 3035 habeo
1765 2983 1922 3053 quod

275 3085 381 3141 pro
407 3073 520 3124 Deo
542 3067 769 3139 loquar.
797 3088 825 3117 »
861 3067 919 3122 Id
953 3072 1064 3136 est,
1099 3084 1200 3140 pro
1242 3068 1482 3139 justitia
1502 3073 1560 3124 et
1587 3086 1767 3125 causa
1796 3070 1921 3126 Dei.

348 3179 377 3208 ‹‹
435 3158 714 3229 Repetam
772 3155 1075 3211 scientiam
1135 3172 1326 3212 meam
1397 3174 1431 3211 a
1491 3157 1799 3229 principio,
1868 3164 1925 3215 et

275 3251 640 3319 operatorem
698 3261 897 3301 meum
955 3246 1212 3317 probabo
1259 3246 1516 3316 justum.
1574 3247 1719 3305 Vere
1764 3248 1920 3305 enim

2035 673 2260 727 eorum,
2290 660 2427 732 quia
2445 660 2679 717 violenti
2703 661 2960 718 fuerunt.
2998 684 3025 710 ››
3059 660 3127 716 Hi
3158 661 3339 733 igitur
3365 662 3425 717 in
3457 662 3679 718 catenis

2032 746 2300 820 fortibus,
2334 748 2602 805 videlicet
2622 750 2842 821 judicis
2888 750 3010 821 Dei,
3042 755 3098 806 et
3128 752 3487 823 paupertatis
3520 752 3676 807 funi-

2032 836 2143 892 bus
2169 837 2521 911 colligantur
2544 857 2557 898 :
2580 840 2636 895 id
2660 844 2769 907 est,
2790 856 2959 912 opem
2992 840 3171 896 divini
3195 840 3395 896 auxilii
3428 858 3543 897 non
3575 841 3674 897 ha-

2030 926 2255 998 bentes,
2288 927 2473 1000 pomis
2499 928 2921 1001 temporalibus
2961 931 3131 1001 quasi
3179 930 3431 987 vinculis
3460 931 3687 987 astrin--

2030 1021 2262 1087 gentur,
2294 1018 2489 1074 omnis
2520 1017 2599 1073 rei
2627 1018 2788 1073 bona
2819 1020 3023 1091 inopes
3052 1020 3239 1075 effecti
3270 1038 3373 1092 pro
3396 1020 3675 1092 qualitate

2032 1106 2399 1167 meritorum.

2103 1237 2130 1263 ολ
2166 1213 2461 1271 Revelabit
2508 1233 2742 1289 quoque
2770 1233 2971 1273 aurem
3003 1234 3227 1285 eorum,
3270 1222 3337 1273 ut
3365 1218 3670 1291 corripiat:

2030 1307 2088 1359 et
2117 1302 2407 1376 loquetur,
2441 1309 2507 1361 ut
2535 1310 2897 1362 revertantur
2924 1306 2998 1362 ab
3026 1307 3356 1380 iniquitate.
3379 1330 3409 1359 »
3440 1310 3671 1373 Aurem,

2031 1392 2243 1465 inquit,
2277 1394 2468 1450 cordis
2500 1396 2569 1451 ad
2603 1395 2990 1452 obediendum
3023 1396 3134 1451 sibi
3185 1396 3339 1453 Deus
3370 1414 3474 1470 per
3500 1396 3673 1453 casti-

2032 1482 2297 1554 gationes
2329 1486 2386 1539 et
2415 1488 2670 1541 secretas
2700 1484 3113 1557 inspirationes
3138 1486 3375 1558 aperiet.

2108 1612 2135 1640 ‹‹
2164 1590 2222 1645 Si
2254 1590 2567 1647 audierunt
2596 1596 2653 1648 et
2681 1592 3133 1663 observaverint,
3156 1593 3527 1666 complebunt
3550 1596 3675 1652 dies

2032 1696 2173 1736 suos
2203 1680 2262 1735 in
2292 1680 2465 1750 bono,
2498 1686 2556 1737 et
2587 1698 2771 1737 annos
2827 1698 2967 1737 suos
3025 1682 3084 1737 in
3143 1682 3347 1755 gloria.
3376 1706 3398 1734 ι
3435 1684 3552 1740 Hoc
3590 1690 3680 1741 est

2033 1771 2189 1842 quod
2245 1770 2519 1827 Salomon
2564 1771 2695 1828 ait:
2745 1771 3004 1828 Memoria
3044 1772 3186 1844 justi
3241 1789 3370 1829 cum
3421 1774 3678 1831 laudibus

2058 1864 2219 1916 Prov.
2253 1878 2308 1928 x,
2335 1861 2411 1928 7).

2058 1864 2219 1916 Prov.
2253 1878 2308 1928 x,
2335 1861 2371 1913 7
2400 1903 2411 1915 .

1956 1861 2045 2008 Β(
2113 1972 2135 1999 ι
2171 1949 2230 2006 Si
2263 1861 2459 2006 autem
2490 1965 2607 2007 non
2659 1951 2969 2021 audierint,
3020 1952 3383 2023 transibunt,
3433 1970 3537 2027 per
3564 1953 3683 2029 gla-

2038 2038 2201 2095 dium
2233 2043 2289 2095 et
2318 2044 2739 2097 consumentur
2769 2040 2829 2096 in
2880 2040 3150 2098 stultitia.
3184 2063 3213 2093 »
3260 2043 3322 2098 Id
3368 2047 3475 2112 est,
3519 2044 3567 2099 si
3600 2044 3684 2100 in-

2039 2133 2300 2185 struente
2350 2134 2485 2195 Deo,
2510 2130 2609 2202 qui
2632 2129 2796 2186 docet
2817 2130 3117 2188 hominem
3133 2132 3459 2201 scientiam,
3479 2132 3682 2190 audire

2038 2219 2520 2292 contempserint,
2554 2236 2658 2293 per
2684 2219 2970 2293 gladium,
3002 2220 3062 2276 id
3093 2226 3204 2288 est,
3235 2239 3338 2294 per
3352 2221 3502 2278 hanc
3525 2238 3681 2279 mor-

2035 2308 2322 2365 talitatem
2352 2308 2423 2365 de
2450 2308 2560 2364 hoc
2586 2308 2797 2365 szeculo
2829 2309 3229 2381 praeteribunt,
3271 2315 3338 2365 ut
3394 2310 3455 2365 in
3488 2310 3682 2367 stulti-

2035 2398 2139 2466 tia,
2176 2399 2233 2453 id
2265 2402 2373 2463 est,
2406 2398 2465 2453 in
2496 2396 2614 2453 illis
2660 2396 2827 2465 locis,
2873 2398 2973 2454 ubi
3023 2398 3187 2455 stulti
3218 2399 3679 2472 deputabuntur,

2038 2487 2139 2561 qui
2160 2487 2440 2543 dicuntin
2468 2487 2639 2543 corde
2658 2504 2787 2556 suo,
2820 2489 2942 2543 Non
2971 2497 3047 2544 est
3067 2489 3207 2544 Deus
3227 2488 3396 2561 (Psal.
3429 2506 3553 2558 xm,
3588 2489 3668 2562 l),

2037 2576 2268 2633 internis
2298 2564 2655 2633 cruci'atibus
2684 2582 3130 2634 consumantur.

2106 2683 2489 2742 Simulatores
2518 2688 2575 2740 et
2602 2683 2796 2740 callidi
2828 2690 3145 2757 provocant
3173 2686 3320 2741 iram
3345 2686 3462 2753 Dei,
3492 2702 3678 2757 neque

2033 2774 2375 2831 clamabunt
2421 2790 2556 2829 cum
2600 2773 2737 2829 victi
2788 2774 3023 2829 fuerint.
3082 2798 3102 2823 ι
3153 2775 3349 2845 Ipsum
3406 2779 3675 2831 sanctum

2030 2865 2141 2921 Job
2174 2864 2433 2936 apertius
2462 2863 2521 2917 in
2553 2862 2661 2918 hoc
2689 2863 2918 2918 videtur
2948 2862 3073 2918 Eliu
3122 2864 3294 2936 quasi
3339 2880 3408 2918 ex
3438 2863 3677 2935 obliquo

2034 2958 2353 3026 percutere,
2387 2952 2542 3021 quod
2588 2956 2644 3007 et
2692 2952 2816 3022 ipse
2860 2952 3029 3023 quasi
3087 2951 3295 3008 callide
3325 2956 3381 3007 et
3412 2952 3679 3023 nequiter

2034 3046 2267 3115 ageret:
2318 3041 2511 3096 virum
2554 3057 2787 3112 quoque
2834 3040 3132 3112 egregium
3182 3040 3509 3095 simularet.
3541 3039 3677 3104 Qui-

2032 3148 2146 3204 que
2176 3131 2349 3193 etiam
2385 3145 2519 3209 cum
2547 3134 2702 3185 esset
2728 3129 2959 3185 vinctus
2992 3128 3173 3201 plagae
3223 3129 3403 3201 hujus
3452 3145 3681 3202 compe-

2033 3220 2228 3289 dibus,
2260 3218 2515 3274 clamare
2545 3218 2617 3273 ad
2652 3223 2855 3283 Deum,
2886 3223 2942 3273 et
2970 3217 3235 3274 invocare
3263 3235 3420 3287 eum,
3448 3224 3513 3274 ut
3533 3235 3566 3274 a
3596 3218 3681 3274 la-

275 3306 499 3407 absque
529 3333 833 3390 mendacio
864 3306 1153 3390 sermonis
1199 3306 1333 3401 mei,
1366 3340 1423 3391 et
1455 3337 1706 3408 perfecta
1735 3338 1921 3395 scien-
1954 3313 1997 3381 (ἶ
2036 3309 2203 3383 queis
2247 3306 2595 3408 Pmnalibuﬁ
2649 3306 2908 3408 “ligatus
2964 3307 3383 3408 “ESOIVerFtur’
3436 3306 3681 3408 ﬁni“?

274 3425 357 3479 tia
378 3423 719 3495 probabitur
746 3422 875 3478 tibi.
910 3444 937 3472 »
956 3423 1027 3477 Et
1049 3422 1108 3477 in
1132 3422 1243 3478 hoc
1272 3429 1479 3495 quarto
1503 3442 1772 3482 sermone
1793 3444 1920 3499 suo,

275 3515 347 3569 de
378 3510 665 3585 singulari
686 3511 924 3582 justitia
953 3511 1205 3583 Domini,
1259 3514 1615 3584 profundum
1650 3516 1921 3585 nimium,

274 3609 333 3659 et
363 3601 598 3672 copioso
630 3617 899 3656 sermone
930 3601 1346 3673 prosequitur:
1381 3604 1477 3657 ubi
1504 3603 1690 3659 multa
1712 3622 1926 3661 arcana

276 3693 339 3747 in
362 3693 608 3747 obscuro
640 3696 1144 3746 sacramentorum
1179 3693 1497 3762 recondita,
1531 3698 1586 3748 et
1633 3693 1803 3767 longe
1835 3711 1923 3750 re-

279 3787 440 3837 mota
470 3781 747 3852 mysteria
777 3779 967 3834 dicere
1000 3780 1247 3835 videtur.

358 3894 379 3920 ι
414 3870 565 3925 Deus
596 3874 862 3941 potentes
893 3886 1009 3924 non
1055 3869 1272 3941 abjicit,
1306 3887 1441 3926 cum
1472 3876 1528 3927 et
1557 3872 1683 3945 ipse
1713 3874 1794 3929 sis
1827 3891 1926 3946 po-

281 3964 445 4016 tens:
482 3959 582 4015 sed
612 3975 727 4013 non
757 3957 943 4013 salvat
970 3958 1205 4030 impios.
1244 3961 1369 4015 Hac
1398 3965 1489 4016 est
1523 3962 1770 4032 justitia;
1801 3966 1929 4035 ejus

284 4040 680 4114 immensitas,
707 4053 764 4103 et
796 4053 1019 4102 naturae
1051 4050 1211 4103 bona:
1242 4048 1536 4123 voluntas,
1572 4057 1636 4106 ut
1664 4052 1807 4106 nulli
1840 4053 1928 4108 in-

284 4139 500 4205 videat,
525 4137 662 4208 quia
715 4153 888 4192 nemo
938 4136 1012 4203 ei,
1065 4138 1333 4208 quamvis
1364 4144 1568 4211 potens
1599 4142 1697 4212 sit,
1743 4146 1934 4213 potest

288 4226 600 4299 coaequari.

362 4337 390 4363 «
426 4314 802 4386 Etjudicium
833 4315 1191 4386 pauperibus
1238 4315 1463 4371 tribuit.
1494 4339 1514 4365 ι
1560 4318 1735 4373 Juxta
1757 4320 1934 4391 justi-

287 4405 381 4459 tia
404 4404 693 4476 aequitatis
715 4421 833 4459 suae
853 4409 1133 4458 tenorem.
1166 4404 1412 4460 Sanctos
1453 4411 1651 4461 autem
1685 4412 1741 4462 et
1768 4408 1934 4463 inno-

2034 3402 2286 3464 curaret,
2322 3396 2480 3467 quod
2514 3395 2719 3466 utique
2751 3395 3158 3465 desperatione
3190 3395 3309 3450 sive
3340 3400 3682 3467 contemptu

2032 3489 2267 3544 faceret.
2293 3485 2373 3540 De
2420 3484 2641 3539 caeteris
2692 3499 2924 3555 quoque
2971 3483 3377 3555 peccatoribus
3407 3482 3683 3538 similiter

2033 3580 2144 3632 hoc
2172 3575 2368 3645 ipsum
2391 3577 2583 3645 potest
2606 3571 2979 3643 intelligi,qui
3003 3588 3136 3627 cum
3169 3573 3432 3627 venerint
3460 3572 3519 3626 in
3544 3589 3675 3643 pro-

2034 3665 2284 3721 fundum
2316 3662 2627 3728 malorum,
2660 3666 3035 3717 contemnent
3082 3663 3261 3733 (Prov.
3312 3678 3469 3727 xvm,
3502 3661 3593 3732 3):
3629 3665 3686 3716 et

2036 3756 2107 3811 de
2136 3753 2378 3819 Judzeis,
2409 3757 2467 3808 et
2492 3752 2563 3807 de
2586 3751 2899 3818 haereticis,
2935 3750 3033 3823 qui
3060 3752 3194 3806 ficta
3212 3752 3488 3823 dogmata
3511 3750 3685 3823 quasi

2038 3841 2302 3899 veritatis
2333 3840 2615 3897 velamine
2644 3839 2990 3912 operientes,
3012 3839 3070 3894 in
3096 3839 3283 3895 noctis
3312 3840 3558 3912 perﬁdia
3588 3841 3687 3895 ob-

2038 3931 2256 3988 stinato
2313 3934 2373 3987 et
2429 3929 2697 3984 obturato
2754 3930 2924 3985 corde
2982 3929 3324 4001 persistunt.

2111 4061 2140 4088 «
2172 4036 2449 4092 Morietur
2478 4035 2535 4089 in
2581 4038 2929 4105 tempestate
2971 4033 3171 4089 anima
3216 4051 3439 4101 eorum,
3485 4039 3542 4089 et
3570 4035 3688 4090 vita

2040 4141 2245 4181 eorum
2277 4124 2428 4177 inter
2473 4120 2862 4176 effeminatos.
2902 4144 2923 4169 ι
2978 4121 3233 4176 Vitiosos
3279 4126 3337 4176 et
3391 4122 3532 4176 vitia
3563 4138 3691 4177 esse

2043 4212 2399 4271 noverimus.
2429 4227 2554 4282 quae
2587 4210 2741 4265 sicut
2768 4211 2841 4264 de
2870 4209 3186 4265 virtutibus
3216 4210 3399 4264 animi
3450 4210 3598 4264 nihil
3632 4211 3688 4264 in

2044 4319 2105 4358 se
2136 4302 2376 4363 habent,
2408 4299 2697 4371 quietum,
2728 4298 2912 4367 virile,
2949 4305 3006 4353 et
3033 4298 3207 4370 frugi,
3231 4299 3331 4353 sed
3362 4303 3549 4353 totum
3572 4304 3695 4352 tur-

2046 4392 2379 4451 bulentum,
2413 4389 2727 4443 remissum
2760 4392 2815 4442 et
2847 4387 3087 4459 fragile:
3134 4390 3215 4443 ita
3245 4404 3480 4443 necesse
3512 4394 3601 4442 est
3631 4391 3695 4441 ut

291 4499 487 4549 centes
517 4494 671 4550 viros
727 4493 1033 4549 consuevit
1085 4493 1384 4565 Scriptura
1416 4493 1613 4550 divina
1654 4513 1929 4569 pauperes

2045 4480 2206 4537 velut
2251 4484 2600 4550 tempestate
2648 4477 2905 4531 animam
2958 4494 3190 4548 semper
3238 4477 3364 4532 suis
3405 4476 3694 4532 illecebris

292 4582 605 4655 appellare.

2048 4569 2397 4640 inquietent,
2432 4572 2784 4639 portumque
2811 4565 3094 4621 virtutum
3127 4567 3425 4622 hominem
3473 4584 3586 4621 non
3621 4566 3700 4621 si-

368 4654 397 4723 c
430 4673 556 4728 Non
587 4672 813 4727 auferet
864 4689 898 4727 a
943 4672 1107 4742 justo
1164 4670 1365 4727 oculos
1418 4689 1576 4729 suos.
1635 4696 1664 4725 »
1716 4679 1834 4730 Hoc
1864 4676 2022 4750 aitD
2052 4656 2679 4750 nant_§PPPehendf3r§a
2712 4661 2769 4710 et
2827 4655 2892 4710 m-
2950 4654 3352 4750 isufianblls
3401 4656 3701 4750 Πυθίίῖξυθν

295 4766 356 4817 et
383 4762 589 4816 beatus
619 4761 837 4816 David:
890 4761 1047 4816 Oculi
1097 4762 1317 4817 Domini
1361 4779 1526 4833 super
1565 4765 1740 4836 justas
1771 4766 1943 4835 (Psal.

297 4868 503 4915 xxxm,
536 4852 647 4920 16),
681 4856 788 4905 etc.

372 4963 400 4990 ‹‹
436 4940 503 4993 Et
532 4956 720 5011 reges,
747 4938 809 4993 in
831 4938 978 4994 solio
1004 4938 1248 4994 collocat
1268 4939 1324 4994 in
1349 4946 1718 5012 perpetuum.
1743 4950 1800 4999 et
1831 4943 1949 4999 illic

301 5028 629 5100 eriguntur.
657 5050 685 5077 ››
710 5028 811 5083 Hic
839 5044 1002 5099 reges
1038 5046 1153 5084 non
1178 5029 1368 5084 solum
1392 5031 1582 5085 seaculi
1616 5032 1816 5101 hujus,
1849 5034 1950 5088 scd

2057 4748 2213 4820 quod
2230 4746 2504 4802 Salomon
2528 4745 2610 4799 ait
2636 4747 2824 4816 (Prov.
2854 4762 3017 4805 χχιιι,
3047 4745 3160 4815 34),
3196 4752 3261 4800 ut
3281 4748 3478 4815 jaceat
3506 4746 3705 4799 anima

2056 4845 2340 4908 tanquam
2374 4835 2430 4888 in
2474 4836 2647 4888 corde
2694 4834 2895 4898 maris,
2949 4840 3010 4888 et
3057 4835 3215 4890 velut
3260 4835 3619 4905 gubernator
3648 4833 3707 4888 in

2059 4942 2274 4996 magna
2304 4930 2666 4993 tempestate.
2702 4922 2801 4978 Vel
2836 4922 3004 4978 aliter
3053 4930 3377 4995 tempestas
3424 4924 3709 4978 adventus

2062 5013 2439 5084 acjudicium
2474 5012 2571 5066 Dei
2603 5018 2711 5077 est,
2772 5013 2844 5067 de
2901 5028 3015 5083 quo
3069 5012 3231 5079 dicit,
3292 5013 3359 5066 in
3414 5011 3712 5067 circumitu

302 5123 362 5173 et
380 5118 644 5173 Ecclesia:
677 5134 840 5189 reges
873 5124 929 5173 et
963 5118 1245 5189 propositi
1290 5118 1538 5192 intelligi
1583 5127 1851 5192 possunt.
1888 5123 1926 5176 Ε

2062 5106 2178 5176 ejus
2210 5106 2502 5173 tempestas
2535 5101 2721 5156 valida
2750 5102 2922 5167 (Ρ.ςα.ι.
2960 5118 3110 5168 xmx,
3145 5101 3221 5171 3).

306 5206 631 5260 secundum
652 5207 909 5277 tropicos
940 5206 1297 5278 intellectus,
1333 5225 1517 5279 reges,
1551 5211 1729 5264 animi
1765 5210 1955 5265 homi-

307 5311 448 5349 num
483 5300 643 5358 sunt,
675 5296 774 5366 qui
808 5295 1152 5367 corporibus
1203 5302 1361 5351 recte
1386 5297 1787 5361 dominantur,
1823 5298 1958 5369 qui-

308 5385 419 5437 bus
450 5383 509 5437 in
540 5384 767 5454 psalmo
798 5384 1048 5439 dicitur:
1085 5386 1147 5439 Et
1184 5402 1349 5449 nunc,
1406 5403 1573 5457 reges,
1628 5388 1959 5458 intelligite;

1492 5477 1664 5546 (Psal.
1726 5494 1787 5539 ιι,
1850 5478 1959 5546 10).

312 5563 399 5615 Ita
433 5562 485 5615 hi
520 5578 685 5633 reges
716 5562 1077 5632 eriguntura
1109 5568 1242 5630 Deo,
1277 5570 1339 5618 ut
1368 5565 1606 5620 sedeant
1640 5582 1774 5619 cum
1806 5568 1963 5637 prin-

310 5473 633 5541 erudz'mini,
709 5474 806 5544 qui
866 5474 1140 5542 judicans
1217 5484 1420 5530 terram

313 5649 565 5721 cipibus.

2144 5210 2416 5282 «Eripiet
2464 5209 2535 5263 de
2584 5210 2858 5279 angustia
2909 5225 3018 5263 sua
3067 5223 3404 5280 pauperem.
3441 5227 3468 5255 »
3506 5206 3721 5275 Paupe-

2067 5316 2190 5355 rem
2223 5299 2581 5353 Salvatorem
2614 5306 2883 5352 nostrum
2916 5296 3326 5367 intelligimus,
3352 5293 3449 5365 qui
3486 5299 3723 5365 propter

2070 5390 2623 5460 nospaupertactus
2650 5388 2805 5448 est(I
2858 5389 2981 5442 Cor.
3019 5402 3138 5449 vm,
3163 5384 3241 5453 9),
3287 5383 3384 5453 qui
3420 5382 3479 5436 in
3512 5382 3720 5436 diebus

2071 5478 2264 5533 carnis
2313 5494 2449 5539 suae.
2503 5492 2703 5547 preces
2734 5491 2800 5530 ac
2833 5474 3289 5544 supplicationes
3327 5472 3476 5526 Patri
3510 5469 3726 5525 obtulit

2070 5568 2257 5635 (Hebr.
2287 5583 2338 5633 v,
2364 5567 2419 5636 7)
2452 5571 2515 5618 ut
2549 5570 2745 5635 posset
2774 5581 2808 5617 a
2851 5568 3035 5617 morte
3085 5560 3308 5615 salvum
3360 5563 3546 5615 facere
3581 5578 3721 5631 pau-

2074 5672 2295 5729 perem,
2328 5659 2599 5710 sanctum
2626 5651 2905 5724 populum
2931 5650 3027 5704 Dei
3060 5648 3340 5704 humilem
3368 5649 3599 5722 Spiritu.
3627 5648 3728 5704 Vel

389 5761 417 5788 ‹‹
450 5740 518 5795 Et
545 5739 593 5795 si
627 5738 843 5795 fuerint
872 5739 932 5794 in
964 5740 1209 5807 catenis,
1249 5746 1305 5797 et
1360 5742 1694 5800 vinciantur
1723 5742 1967 5800 funibus
2076 5759 2394 5816 pauperem
2427 5740 2753 5814 quemlibet
2777 5742 3076 5811 justorum
3135 5742 3302 5793 eruet
3350 5738 3422 5794 de
3453 5737 3730 5823 angustia

601 5868 867 5926 ΡΑτιιοι..
912 5865 1127 5928 XXVI.

3372 5866 3453 5926 25
