4220 6614
572 431 688 494 779

2079 437 2501 502 APPENDIX.

3863 445 3991 511 vso

573 589 986 650 pressurarum
1016 574 1171 632 sicut
1198 574 1375 631 etiam
1405 574 1466 629 in
1497 573 1712 629 divinis
1768 572 2087 645 Seripturis
2132 573 2221 627 di-
2250 573 2306 641 Α
2335 572 2442 628 eis.
2478 593 2508 624 »
2529 572 2661 628 Jam
2684 574 2903 629 sufﬁcit
2922 574 3229 647 hucusque
3248 574 3311 631 in
3335 573 3445 631 hac
3470 574 3724 634 cascitate
3742 576 3981 640 vixisse.

573 682 740 723 verso
771 667 947 722 modo
978 665 1232 738 legimus
1260 664 1557 720 liberatos.

654 779 676 806 ι
710 757 783 812 Et
813 754 1093 812 revelabit
1133 755 1195 810 in
1240 752 1621 809 tribulatione
1666 767 1864 806 aurem
1914 752 2064 822 ejus.
2101 772 2128 799 »
2162 751 2221 805 Id

577 850 687 915 est,
720 846 886 902 fortis
914 845 990 900 sit
1020 843 1432 916 unusquisque
1461 859 1662 898 eorum
1717 841 1776 897 in
1820 839 2219 910 tribulatione,

581 936 991 991 corroborante
1010 933 1340 990 visitatione
1362 932 1574 997 divina,
1596 929 1828 1002 quando
1856 946 1889 985 a
1911 935 2024 985 Deo
2045 928 2221 984 homo

577 1025 848 1081 tribulari
878 1023 1256 1097 permittitur,
1290 1020 1747 1077 consolationem
1778 1020 1837 1075 in
1869 1036 2007 1075 aure
2030 1019 2222 1075 cordis

580 1114 830 1181 Domini,
865 1113 983 1169 illic
1015 1113 1302 1168 audiendo
1336 1110 1634 1183 percipiet.

657 1228 679 1254 ι
717 1204 900 1276 Igitur
929 1202 1173 1259 salvabit
1203 1205 1257 1256 te
1288 1201 1361 1255 de
1393 1216 1489 1255 ore
1519 1202 1770 1271 augusto
1822 1197 2131 1268 latissime,
2164 1202 2221 1254 et

581 1312 699 1351 non
734 1294 983 1349 habente
1015 1292 1465 1347 fundamentum
1488 1290 1691 1345 subter
1711 1306 1792 1345 se.
1818 1309 1846 1337 ››
1878 1289 1991 1343 [loc
2014 1287 2072 1343 in
2094 1287 2221 1343 loco

575 1384 936 1439 infernorum
1014 1378 1350 1436 habitacula
1431 1379 1504 1434 ab
1587 1377 1715 1433 Eliu
1784 1378 2217 1445 describuntur,

577 1490 701 1544 quas
743 1472 1035 1527 immensa
1076 1470 1399 1542 capacitate
1446 1467 1560 1535 sui,
1611 1468 2059 1523 fundamentum
2103 1484 2219 1522 non

578 1561 851 1617 habeant.
883 1561 968 1616 Ad
1001 1576 1254 1633 quorum
1286 1562 1483 1615 tamen
1534 1557 1918 1613 fundamenta
1975 1555 2033 1610 in
2084 1571 2221 1628 pro-

574 1650 767 1723 phetis
822 1649 1099 1722 legimus,
1157 1647 1467 1703 luciferum
1535 1646 1635 1718 qui
1694 1662 1866 1700 mane
1924 1645 2221 1701 oriebatur

576 1740 910 1812 depositum
968 1740 1091 1809 (lsa.
1150 1755 1265 1794 xw.
1322 1736 1448 1808 42):
1520 1734 1929 1791 multitudines
1987 1751 2220 1807 quoque

576 1846 807 1901 regum,
830 1832 886 1883 et
917 1827 1162 1900 populos
1192 1824 1651 1882 innumerabiles
1674 1825 1960 1896 gentium.
1990 1824 2099 1879 Ore
2124 1842 2221 1879 au-

574 1923 695 1973 tem
729 1922 977 1990 angusto
1010 1916 1177 1972 inferi
1208 1916 1335 1971 ideo
1384 1914 1776 2011 appellantur,
1795 1930 1875 2011 eo
1908 1915 2218 2011 quod-am-
2248 1947 2297 2011 B

574 2006 738 2079 plum
754 2007 912 2062 sitad
929 2005 1345 2073 recipiendum,
1362 2008 1679 2077 angustum
1694 2004 1763 2059 ad
1778 2002 2215 2073 dimittendum,

576 2096 850 2168 quoniam
883 2100 1145 2151 mortuos
1176 2095 1328 2150 intra
1360 2110 1420 2149 se
1451 2097 1705 2163 teneant,
1740 2096 1796 2148 et
1824 2108 1923 2147 eos
1947 2092 2018 2147 ad
2037 2092 2215 2149 vitam

573 2204 688 2241 non
720 2186 1019 2260 patiantur
1048 2185 1223 2269 exire:
1253 2184 1433 2240 David
1464 2199 1695 2255 quoque
1740 2186 1977 2238 sanctus
2010 2181 2217 2237 simili-

570 2278 659 2332 ter
686 2274 767 2330 ait
795 2275 865 2330 ad
902 2275 1086 2330 Deum
1114 2291 1126 2330 :
1159 2273 1357 2330 Libera
1385 2290 1474 2329 me
1504 2289 1572 2328 ex
1600 2271 1909 2328 odz‘entibus
1940 2288 2045 2340 me,
2078 2276 2129 2327 et
2152 2272 2218 2327 de

568 2364 858 2436 pro/undis
909 2380 1198 2435 aquarum.
1256 2367 1381 2419 Non
1444 2379 1532 2417 me
1587 2362 1863 2433 demorgat
1928 2366 2215 2433 tempestas

569 2469 751 2526 aqua},
782 2469 957 2525 neque
981 2453 1269 2509 absorbent
1299 2468 1385 2507 me
1410 2451 1770 2524 profundum,
1820 2466 1995 2521 neque
2019 2459 2215 2519 urgeat

564 2560 734 2615 super
756 2559 841 2599 me
868 2551 1059 2615 pateas
1088 2559 1143 2598 os
1170 2560 1332 2597 suum
1362 2542 1535 2613 (Psal.
1588 2558 1776 2611 vam,
1825 2539 1933 2611 16).
1968 2539 2214 2597 Proinde

567 2633 905 2689 noverimus
946 2633 1083 2705 quia
1140 2632 1269 2688 lora
1328 2630 1702 2686 infernalium
1759 2628 2210 2701 ergastulorum,

563 2725 888 2779 secundum
950 2723 1123 2778 tidem
1183 2722 1639 2794 Scripturarum,
1698 2719 1850 2774 inter
1889 2718 2213 2775 immensas

562 2812 757 2886 abyssi
789 2830 972 2884 aquas
1005 2812 1125 2867 sint
1155 2810 1507 2867 constituta:
1543 2811 1614 2865 ab
1642 2808 1761 2864 illis
1784 2807 1952 2863 inferi
1972 2807 2211 2864 sedibus

567 2902 768 2958 nullus
797 2902 972 2957 homo
1005 2901 1209 2957 merito
1242 2918 1348 2955 suo
1376 2899 1659 2954 liberatus
1708 2902 1819 2964 est,
1879 2896 1993 2951 nisi
2024 2896 2212 2969 gratia

557 2991 791 3047 Domini
818 2991 1004 3048 nostri
1041 2991 1181 3046 Jesu
1214 2988 1450 3045 Christi.
1504 2988 1569 3041 Et
1600 3004 1713 3042 non
1766 2985 1981 3054 solum,
2014 2985 2211 3058 inquit

559 3080 708 3149 Eliu,
743 3098 778 3137 a
805 3080 1078 3136 tartareis
1108 3077 1397 3152 angustiis
1420 3073 1784 3142 liberaber‘is,
1806 3090 2005 3129 verum
2028 3076 2207 3131 etiam

560 3171 620 3226 in
670 3155 961 3226 latissimo
1012 3167 1300 3241 refrigerii
1353 3181 1612 3232 nemore,
1661 3162 1836 3219 velut»
1867 3163 1926 3219 in
1981 3166 2205 3238 campis

557 3259 832 3332 spatiosis
861 3258 1010 3315 liber
1038 3257 1293 3313 incedes.

2331 660 2465 717 Jam
2494 662 2569 718 ad
2599 662 2791 719 lucem
2844 663 3165 735 prudentiae
3213 680 3279 720 ac
3323 665 3568 736 justitiaa
3614 666 3812 723 venire
3841 684 3982 723 con-

2331 751 2506 806 tende
2532 769 2544 806 :
2579 752 2700 807 sive
2731 757 2957 808 noctem
2992 769 3169 824 quam
3200 753 3306 809 tibi
3338 771 3406 810 ex
3450 754 3696 812 diversis
3725 757 3981 829 peccatis

2333 840 2701 908 contexuisti,
2737 847 2803 897 ut
2833 841 2891 895 in
2924 859 2993 897 ea
3016 841 3172 898 velut
3202 844 3261 898 in
3295 844 3589 901 continuis
3638 862 3705 902 ac
3728 847 3981 919 jugibus

2331 932 2387 983 et
2418 931 2713 1001 perpetuis
2744 932 3000 987 tenebris
3030 932 3401 990 ambulares:
3441 935 3570 1006 jam
3624 952 3843 1007 quaeso,
3873 938 3979 1003 ait,

2332 1034 2402 1073 ne
2435 1019 2623 1075 adhuc
2656 1021 2983 1092 protrahas,
3019 1026 3076 1078 et
3126 1026 3411 1095 tanquam
3467 1028 3680 1081 restem
3710 1027 3982 1083 addendo

2331 1113 2567 1179 peccata
2598 1111 2875 1181 peccatis,
2906 1110 2965 1165 in
2998 1110 3241 1183 longum
3293 1112 3596 1170 delecteris
3627 1118 3936 1173 extendere
3965 1137 3981 1175 :

2330 1196 2553 1253 lumine
2584 1214 2720 1271 ergo
2751 1200 3133 1272 correptionis
3164 1202 3343 1272 hujus
3364 1203 3493 1273 jam
3543 1204 3720 1261 tinem
3759 1205 3984 1267 talibus

2330 1286 2568 1358 impone
2598 1290 2852 1359 peccatis
2878 1308 2891 1345 :
2925 1306 3060 1346 nam
3090 1292 3481 1362 protractione
3509 1292 3619 1349 hac
3642 1293 3985 1352 inemenda-

2330 1375 2464 1431 bilis
2492 1376 2613 1432 vita
2640 1382 2741 1433 tua
2772 1379 2891 1442 ﬁet,
2923 1383 2988 1434 ut
3008 1396 3111 1451 pro
3160 1380 3436 1438 omnibus
3496 1382 3670 1438 malis
3699 1384 3981 1456 operibus

2328 1464 2468 1531 tuis,
2496 1467 2877 1539 propulerum
2909 1485 3107 1541 preces
3138 1471 3459 1526 ascendant
3479 1473 3550 1529 ad
3581 1477 3761 1529 Deum
3788 1490 3800 1530 :
3826 1491 3979 1546 quos

2330 1555 2532 1626 utique
2597 1556 2967 1629 iniquissime
3032 1559 3403 1631 deprimebas
3477 1560 3977 1634 interpellantium

2329 1649 2529 1700 contra
2555 1648 2633 1711 te,
2666 1663 2923 1718 suasque
2980 1647 3249 1704 miserias
3309 1649 3423 1705 sibi
3481 1668 3514 1707 ε.
3570 1655 3627 1706 te
3667 1652 3974 1725 irrogatas,

2329 1738 2463 1788 ante
2493 1735 2690 1790 sedem
2723 1736 2928 1792 divina:
2952 1738 3201 1808 justitiae
3232 1738 3675 1810 deponentium.

2408 1842 2431 1872 ι
2463 1823 2611 1880 Cave
2642 1841 2714 1879 ne
2743 1825 2999 1882 declines
3046 1826 3120 1881 ad
3170 1827 3583 1900 iniquitatem:
3638 1829 3790 1886 hanc
3819 1831 3975 1888 enim

2330 1913 2556 1985 empisti
2589 1914 2757 1986 sequi
2808 1919 2940 1987 post
2984 1915 3304 1973 miseriam.
3334 1940 3363 1966 ››
3410 1918 3549 1986 Hoc,
3602 1919 3793 1991 inquit
3822 1920 3973 1992 Eliu,

2329 2019 2401 2057 ne
2430 2002 2489 2057 in
2521 2003 2989 2075 desperationem
3024 2005 3282 2061 declines
3314 2011 3466 2078 peto,
3496 2012 3556 2063 et
3599 2008 3976 2081 blasphemiae

2327 2090 2698 2163 iniquitatem
2739 2094 2867 2163 jam
2917 2110 3141 2165 caveas,
3195 2096 3295 2150 sed
3347 2097 3557 2152 reverti
3605 2097 3843 2154 festines
3902 2100 3973 2154 ad

2325 2180 2532 2236 Deum.
2556 2181 2737 2237 Video
2766 2183 2922 2238 enim
2945 2186 3002 2238 te
3024 2189 3155 2255 post
3178 2183 3361 2255 hujus
3382 2184 3566 2257 plagae
3596 2189 3710 2242 tum
3740 2186 3978 2243 horren-

2320 2270 2462 2325 dam
2493 2271 2814 2339 miseriam,
2842 2289 2909 2328 ac
2939 2272 3243 2328 interitum
3276 2277 3465 2338 tuum,
3516 2274 3670 2331 hanc
3700 2276 3969 2348 impieta-

2322 2359 2398 2413 tis
2431 2360 2595 2431 sequi
2627 2360 2773 2416 velle
2805 2361 3146 2432 perniciem,
3179 2366 3236 2418 et
3282 2363 3641 2420 voluntatem
3688 2368 3874 2432 tuam,
3917 2373 3972 2421 et

2323 2448 2758 2519 cogitationem,
2790 2451 2863 2506 ad
2897 2451 3296 2508 adversarium
3328 2452 3558 2509 mittere
3586 2453 3972 2526 pusillanimi-

2322 2541 2439 2593 tate
2469 2539 2786 2611 dejectum.

2396 2650 2423 2678 ‹‹
2445 2628 2588 2683 Ecce
2612 2633 2762 2685 Deus
2787 2631 3051 2687 excelsus
3070 2631 3127 2687 in
3153 2631 3494 2689 fortitudine
3523 2650 3649 2699 sua,
3681 2639 3738 2690 et
3768 2634 3968 2692 nullus

2321 2716 2371 2771 ei
2422 2715 2634 2773 similis
2678 2718 2737 2795 in
2786 2718 3243 2789 legislatoribus.
3298 2744 3326 2771 ››
3385 2721 3443 2777 Si
3500 2724 3711 2794 poterit
3754 2724 3805 2780 ei
3837 2741 3968 2782 esse

2320 2805 2638 2877 quispiam,
2671 2812 2725 2862 et
2758 2808 3015 2879 potentia
3043 2813 3101 2864 et
3129 2809 3343 2867 virtute
3388 2811 3621 2877 similis,
3653 2814 3862 2884 poterit
3910 2818 3969 2871 et

2311 2894 2550 2963 justitia
2580 2900 2755 2967 atque
2787 2896 3093 2967 sapientia,
3142 2898 3406 2972 legisque
3455 2901 3963 2974 multiplicatione,

2309 2983 2552 3054 judiciis
2586 3001 2820 3057 quoque
2856 2988 2984 3057 ejus
3018 2987 3231 3044 similis
3282 2988 3549 3046 inveniri.
3613 2992 3679 3047 Et
3706 2992 3835 3048 ideo
3866 3010 3965 3050 co-

2316 3088 2550 3144 gnosce,
2585 3074 2685 3141 ait,
2720 3076 2860 3147 quia
2908 3076 3107 3133 nullus
3157 3096 3190 3131 a
3237 3078 3374 3147 Deo,
3425 3079 3525 3151 qui
3573 3080 3734 3137 solus
3787 3087 3871 3137 est
3904 3089 3966 3139 et

2315 3162 2481 3217 fortis
2514 3168 2571 3218 et
2601 3164 2859 3235 sapiens,
2891 3165 3110 3237 injuste
3142 3168 3354 3238 poterit
3382 3170 3779 3226 condemnari.

2391 3274 2417 3301 «
2449 3252 2590 3315 Quis
2614 3253 2825 3325 poterit
2850 3256 3099 3311 scrutari
3126 3256 3249 3312 vias
3292 3262 3420 3328 ejus
3441 3258 3469 3313 ἱ)
3498 3278 3525 3311 ιι
3561 3260 3704 3323 Quis
3733 3261 3958 3333 utique,

632 3371 659 3399 (<
690 3348 942 3421 Requies
971 3350 1169 3403 autem
1202 3361 1416 3400 mensre
1447 3348 1559 3399 tua:
1589 3343 1699 3399 erit
1731 3343 1903 3417 plena
1950 3345 2201 3418 pingue-
2234 3322 2279 3389 (ἶ
2315 3339 2429 3396 nisi
2456 3341 2694 3413 impius,
2722 3345 3034 3417 superbus,
3067 3345 3186 3401 sive
3218 3345 3557 3419 sacrilegus,
3589 3348 3713 3404 vias
3734 3349 3962 3408 divino-

555 3438 710 3494 dine.
746 3459 773 3487 ››
832 3435 1240 3492 Ammnitatem
1274 3433 1550 3507 paradisi,
1576 3434 2096 3504 etjucunditatem,
2123 3451 2207 3491 re-

557 3527 757 3599 quiem
817 3524 1175 3581 nominando
1242 3522 1614 3595 significavit.
1666 3523 2023 3579 lmmensam
2068 3540 2205 3579 vero

552 3613 979 3673 abundantiam
1009 3613 1140 3667 vitae
1172 3614 1371 3681 beatze,
1398 3630 1523 3684 qua:
1546 3615 1700 3667 esset
1721 3610 1893 3684 plena
1913 3613 2201 3668 ubertatis

550 3702 928 3777 pinguedine,
962 3719 1027 3757 ac
1056 3700 1165 3758 loci
1196 3702 1354 3757 illius
1387 3700 1567 3757 felicis
1600 3701 1814 3756 referta
1832 3700 2085 3769 deliciis,
2107 3719 2198 3758 vo-

548 3793 664 3849 luit
696 3794 1098 3848 demonstrare
1127 3808 1139 3846 :
1176 3792 1345 3863 cujus
1378 3797 1593 3846 terram
1620 3794 1882 3846 sanctam
1903 3792 2196 3847 mansueti

550 3881 877 3939 secundum
944 3880 1458 3954 repromissionem
1528 3878 1754 3935 Domini
1788 3880 2191 3951 possidebunt.

626 3994 647 4021 ι
684 3972 872 4027 Causa
903 3973 1005 4026 tua
1033 3969 1203 4043 quasi
1233 3968 1397 4041 impii
1424 3968 1691 4041 judicata
1708 3973 1814 4035 est,
1838 3971 2192 4043 causamju-

548 4061 882 4134 dieiumque
922 4060 1183 4132 recipies.
1222 4081 1248 4107 ››
1297 4058 1528 4115 Judicio
1586 4057 1684 4113 Dei
1725 4062 1789 4113 ut
1851 4058 2093 4131 impius,
2136 4066 2193 4117 et

542 4168 849 4224 poenarum
888 4150 1117 4207 debitor
1146 4166 1280 4205 reus
1312 4150 1584 4204 inventus
1614 4165 1695 4219 es,
1752 4153 1809 4203 et
1848 4148 2064 4204 ideirco
2095 4167 2186 4205 se-

538 4242 798 4297 cundum
814 4241 1087 4296 meritum
1101 4257 1289 4296 causm
1302 4239 1550 4309 tua-,jud
1563 4238 1734 4293 icium
1751 4238 2187 4296 severissimum

536 4331 828 4405 recepisti.
861 4331 931 4386 Et
960 4330 1058 4385 ubi
1093 4328 1313 4384 dictum
1344 4332 1454 4397 est,
1490 4344 1730 4383 causam
1774 4326 2186 4401 judiciumque

2314 3447 2445 3485 rum
2477 3448 2721 3502 operum
2752 3433 3001 3489 scrutari
3033 3436 3395 3506 praesumat?
3422 3437 3581 3507 quod
3632 3454 3746 3493 non
3777 3437 3916 3495 licet
3942 3459 3957 3507 ;

2312 3523 2369 3574 et
2400 3525 2594 3576 tamen
2635 3523 2943 3593 quantavis
2991 3524 3314 3581 intentione
3365 3526 3583 3582 mentis
3636 3528 3959 3600 perquirat,

2310 3625 2409 3665 eas
2440 3610 2699 3666 invenire
2729 3629 2843 3667 non
2876 3613 3111 3684 poterit.

2379 3722 2408 3749 «
2439 3701 2554 3755 Aut
2583 3701 2716 3771 quis
2742 3702 2914 3757 audet
2944 3704 2995 3757 ei
3044 3703 3271 3758 dicere:
3314 3704 3599 3775 Operatus
3643 3723 3705 3761 es
3745 3706 3961 3779 iniqui-

2305 3790 2484 3843 tatem
2506 3789 2534 3843 ?
2557 3810 2584 3837 »
2617 3790 2724 3853 Qui
2752 3807 2888 3863 ergo
2920 3796 3041 3847 tam
3072 3794 3443 3862 temerarius,
3492 3800 3549 3849 et
3597 3795 3840 3868 iniquus
3868 3803 3958 3852 at-

2305 3894 2416 3948 que
2447 3877 2725 3949 injustus,
2759 3881 2859 3951 qui
2887 3880 2996 3937 hoc
3027 3882 3241 3938 audeat
3264 3881 3470 3954 loqui?
3502 3884 3631 3940 Haec
3662 3885 3858 3943 omnia
3886 3888 3953 3943 in

2300 3966 2580 4038 injuriam
2611 3968 2723 4023 Job
2757 3968 3056 4026 dicuntur.

2372 4078 2400 4105 ‹‹
2433 4056 2722 4113 Memento
2753 4060 2908 4130 quod
2940 4062 3173 4133 ignores
3203 4079 3351 4133 opus
3379 4064 3531 4135 ejus,
3581 4064 3653 4120 de
3699 4080 3811 4135 quo
3847 4082 3953 4122 ce-

2299 4144 2573 4209 cinerunt
2628 4146 2734 4201 viri
2768 4170 2818 4202 ››.
2849 4147 2951 4203 Vel
2983 4166 3155 4205 omne
3186 4152 3454 4222 generale
3483 4170 3631 4225 opus
3677 4156 3823 4224 ejus,
3854 4154 3951 4211 vel

2297 4238 2449 4288 certe
2479 4234 2729 4301 speciale
2759 4253 2927 4309 opus,
2956 4238 3105 4309 ejus.
3152 4240 3341 4311 Super
3386 4243 3585 4297 omnia
3632 4243 3784 4297 enim
3820 4260 3949 4299 ma-

2294 4338 2429 4393 gna,
2480 4327 2538 4378 et
2585 4324 2879 4381 mirabilia
2927 4344 3105 4398 opera
3149 4330 3299 4400 ejus,
3349 4334 3438 4385 est
3481 4330 3945 4403 dispensationis

533 4418 915 4493 recipies,alii
941 4418 1236 4484 dixerunt,
1253 4421 1486 4487 propter
1522 4415 1860 4486 impietatem
1886 4432 2183 4473 munerum
2292 4411 2505 4467 Christi
2532 4414 2900 4484 mysterium,
2931 4418 3077 4487 quod
3105 4419 3294 4473 oculus
3313 4434 3424 4475 non
3454 4422 3611 4491 vidit,
3643 4438 3742 4477 nec
3785 4424 3947 4477 auris

533 4526 660 4580 qua:
691 4508 1087 4580 accipiebant:
1136 4506 1236 4560 ubi
1295 4505 1404 4560 sub
1461 4503 1798 4575 pluralitate
1846 4503 2176 4579 locutionis,

530 4601 801 4653 sanctum
834 4596 942 4651 Job
974 4594 1101 4650 Elia
1129 4595 1358 4649 videtur
1388 4593 1560 4649 ferire
1589 4594 1981 4650 sermonibus.

2286 4501 2520 4569 audivit,
2562 4520 2660 4559 nec
2690 4506 2752 4559 in
2780 4521 2874 4561 cor
2927 4510 3169 4563 hominis
3198 4509 3446 4563 ascendit
3504 4511 3550 4581 (1
3582 4512 3704 4567 Cor;
3763 4528 3825 4575 ιι,
3857 4512 3942 4579 9).

2284 4590 2393 4645 Alii
2427 4592 2702 4648 dixerunt
2734 4611 2747 4649 :
2781 4616 2810 4645 «
2842 4594 3155 4663 Memento,
3205 4597 3344 4669 quia
3388 4614 3600 4670 magna
3647 4599 3766 4655 sint
3806 4601 3944 4669 ejus

602 4710 625 4738 ι
660 4685 787 4741 Non
834 4688 893 4740 te
940 4701 1076 4757 ergo
1126 4686 1363 4755 superet
1406 4683 1513 4749 ira,
1575 4686 1640 4738 ut
1695 4682 1949 4755 aliquem
1987 4685 2178 4757 Oppri-
2205 4696 2253 4763 ι)
2284 4696 2477 4752 opera,
2512 4698 2638 4752 quae
2672 4682 3061 4740 laudaverunt
3087 4686 3194 4741 viri
3230 4708 3278 4742 ».
3305 4687 3386 4743 De
3432 4688 3708 4745 omnibus
3750 4689 3943 4759 operi-

525 4791 655 4831 mas
681 4791 694 4830 :
721 4791 828 4831 nec
854 4773 1170 4830 multitudo
1192 4774 1476 4829 donorum
1502 4772 1742 4829 inclinet
1759 4777 1835 4829 te.
1877 4795 1899 4824 ι
1924 4774 2174 4831 Donetur

524 4864 597 4918 ab
645 4863 772 4919 Eliu
801 4863 890 4919 vir
926 4863 1224 4936 patientiae
1255 4866 1312 4918 et
1340 4862 1694 4935 integritatis
1725 4862 1938 4918 virtute
1970 4863 2169 4920 fortis-

519 4952 729 5010 simus.
763 4953 1033 5027 Optimus
1056 4953 1237 5023 judex
1280 4956 1388 5021 est,
1446 4952 1544 5024 qui
1588 4951 1685 5007 his
1728 4952 2025 5024 pessimis,
2060 4953 2172 5008 ira-

514 5044 731 5101 cundia
759 5047 816 5099 et
849 5042 1191 5115 cupiditate,
1246 5041 1476 5097 duobus
1532 5040 1687 5096 vitiis
1746 5057 1863 5096 non
1890 5044 2162 5098 tenetur:

510 5133 726 5204 quibus
747 5133 857 5190 hoc
878 5131 1004 5188 loco
1040 5132 1111 5187 ab
1141 5130 1267 5186 Eliu
1318 5134 1561 5186 sanctus
1602 5129 1693 5184 vir
1736 5133 2038 5201 correptus
2069 5148 2161 5186 ar-

507 5214 729 5295 guft’ur.

579 5313 873 5386 «Depone
920 5308 1389 5383 magnitudinem
1439 5313 1603 5364 tuam
1657 5308 1878 5379 absque
1912 5307 2157 5365 tribula-

498 5402 679 5471 tione,
712 5406 770 5459 et
799 5419 1005 5459 omnes
1037 5401 1309 5457 robustos
1337 5398 1699 5455 fortitudine.
1737 5420 1758 5447 ι
1800 5398 1861 5451 Id
1906 5400 2013 5463 est,
2048 5414 2153 5454 nec

500 5506 710 5560 parvos
741 5508 847 5548 nec
877 5508 1123 5564 magnos
1154 5494 1259 5545 tua
1287 5488 1509 5558 injuste
1541 5485 1841 5558 opprimas
1881 5486 2151 5553 domina-

495 5578 677 5650 tione,
701 5580 789 5635 vel
823 5598 1028 5636 omnes
1059 5583 1255 5635 motus
1305 5578 1530 5649 depone
1575 5574 1917 5631 fortitudine
1946 5592 2147 5648 super-

496 5664 608 5721 biae
642 5668 970 5724 roboratus.

565 5776 593 5805 «
626 5754 707 5813 Ne
738 5757 1051 5829 protrahas
1082 5760 1333 5826 noctem,
1362 5761 1427 5811 ut
1452 5754 1772 5843 ascendant
1802 5754 2003 5828 populi
2043 5772 2145 5828 pro

2283 4769 2395 4825 bus
2431 4770 2527 4825 Dei
2557 4770 2719 4838 dicit,
2754 4788 2880 4844 qum
2912 4775 3101 4830 sancti
3139 4776 3250 4831 viri
3298 4776 3355 4830 in
3412 4776 3690 4833 honorem
3723 4777 3936 4833 divina:

2280 4859 2671 4923 venerationis
2693 4862 2902 4917 merita
2930 4863 3338 4922 laudaverunt.

2351 4969 2379 4995 ‹‹
2410 4947 2625 5003 Omnes
2655 4949 2923 5007 homines
2954 4953 3150 5009 vident
3194 4972 3329 5010 eum
3386 4955 3797 5027 unusquisque
3836 4956 3928 5011 in-

2277 5039 2476 5091 tuetur
2505 5039 2726 5109 procul.
2765 5063 2811 5095 ι.
2845 5042 2953 5097 Per
2972 5048 3193 5099 naturae
3224 5045 3468 5111 bonum,
3513 5044 3722 5101 notitia
3749 5049 3928 5101 Crea—

2274 5124 2419 5179 toris
2451 5124 2603 5182 inest
2631 5130 2908 5187 cordibus
2940 5131 3249 5189 hominum
3276 5152 3291 5199 ;
3323 5138 3382 5189 et
3411 5134 3679 5205 quamvis
3708 5133 3926 5204 aliquis

2270 5217 2389 5269 tam
2418 5231 2630 5286 parvus
2664 5219 2741 5274 sit
2765 5225 2822 5276 et
2852 5222 3120 5294 frigidus,
3153 5227 3219 5278 ut
3249 5223 3474 5279 alienus
3504 5238 3634 5279 esse
3687 5224 3925 5278 studeat

2269 5321 2303 5360 a
2332 5309 2591 5361 creatore
2626 5325 2732 5363 suo
2763 5309 2901 5381 Deo,
2934 5311 3133 5365 nullus
3163 5317 3358 5369 tamen
3405 5316 3495 5368 est
3543 5311 3645 5383 qui
3690 5328 3755 5367 se
3781 5312 3921 5368 abs-

2268 5395 2466 5450 condit
2494 5413 2527 5451 a
2552 5397 2742 5453 calore
2773 5400 2901 5468 ejus
2933 5401 3103 5469 (Psat.
3136 5418 3296 5473 xvm,
3328 5403 3405 5472 7).
3458 5402 3527 5456 Et
3572 5401 3699 5457 ideo
3730 5418 3915 5456 unus-

2264 5484 2515 5556 quisque
2540 5486 2903 5549 mortalium.
2930 5488 3152 5546 licetde
3184 5492 3373 5563 longe,
3398 5491 3576 5546 sentit
3605 5496 3661 5545 et
3691 5490 3918 5545 intelli-

2262 5574 2364 5646 git,
2390 5573 2758 5629 dissimiliter
2782 5577 3017 5647 quidem
3043 5581 3304 5645 omnino,
3333 5580 3470 5652 quia
3492 5596 3606 5635 non
3629 5584 3914 5650 tanquam

2260 5679 2474 5735 corpus
2505 5666 2608 5717 aut
2646 5663 2799 5719 sicut
2839 5682 3250 5741 quemcunque
3295 5670 3568 5742 spiritum
3625 5674 3913 5737 creatum,

2256 5752 2339 5808 ita
2368 5751 2550 5808 sentit
2578 5767 2707 5808 esse
2728 5752 2935 5825 Deum,
2961 5757 3081 5815 sive
3111 5758 3405 5831 intelligit,
3437 5759 3539 5815 sed
3575 5757 3688 5814 alio
3719 5759 3911 5816 multo
