4220 6572
260 428 376 489 ’181

1270 429 1790 493 COMMENTAB.
1835 429 1916 489 IN
1959 429 2099 494 JOB
2144 430 2321 491 CAP.
2368 427 2671 493 XXXVII.

3557 432 3677 492 782

267 568 324 619 et
353 562 639 620 ineﬂ‘abil-i
672 564 868 629 modo,
905 579 1023 636 quo
1070 564 1227 620 Deus
1264 564 1386 619 acie
1442 562 1656 620 mentis
1699 566 1790 618 est
1820 561 1915 618 in-
1945 572 2003 641 Α
2036 563 2320 630 extendit,
2351 569 2417 620 ut
2446 565 2518 620 de
2545 563 2629 620 eis
2658 562 2717 619 in
2751 579 2983 619 omnem
3016 566 3231 619 terram
3263 561 3465 620 exierit
3493 581 3675 623 sonus

272 654 534 709 tuendus
565 670 578 709 :
610 653 710 708 ubi
740 653 801 708 in
845 652 974 723 ipso
1034 652 1240 708 obtutu
1301 653 1493 708 cordis
1542 650 1919 723 intelligendo

267 742 425 797 videt
455 742 628 798 homo
660 742 813 815 quod
843 758 1026 814 supra
1054 740 1251 814 ipsum
1312 747 1402 799 est
1454 741 1600 797 illud
1653 740 1918 796 divinum

270 848 505 901 nomen,
537 832 692 903 quod
723 830 1108 905 contemplari
1140 835 1405 886 conatur.

342 944 369 970 ‹‹
402 924 544 977 Ecce
576 924 727 977 Deus
759 937 1011 993 magnus
1032 921 1272 977 vincens
1304 919 1607 975 scientiam
1632 923 1915 975 nostram.

269 1010 561 1066 Numerus
604 1027 895 1066 annorum
940 1011 1069 1081 ejus
1123 1008 1574 1066 inaestimabilis.
1611 1030 1638 1058 »
1669 1008 1920 1062 Vincens

270 1099 574 1155 scientiam
616 1104 879 1155 nostram
932 1098 1344 1171 magnitudine
1400 1096 1655 1153 scientias
1704 1112 1824 1151 sua)
1865 1098 1923 1150 et

269 1188 578 1245 altitudine
600 1188 963 1261 judiciorum
994 1204 1259 1243 suorum.

341 1300 369 1328 «
403 1278 512 1344 Qui
543 1278 733 1334 aufert
772 1276 962 1333 stillas
1014 1277 1249 1349 pluviae,
1302 1279 1359 1333 et
1403 1275 1651 1333 eﬂ'undit
1700 1273 1920 1330 imbres

269 1368 342 1424 ad
375 1367 563 1424 instar
587 1368 888 1441 gurgitum
924 1388 973 1422 ».
1022 1368 1178 1424 Hanc
1216 1383 1354 1440 ergo
1400 1364 1681 1439 pluviam,
1729 1364 1919 1437 legem

270 1458 456 1530 Moysi
486 1456 907 1530 intelligamus,
933 1473 1061 1529 quae
1095 1456 1166 1512 de
1197 1457 1338 1512 coelo
1362 1455 1520 1512 velut
1539 1455 1737 1528 pluvia
1763 1454 1924 1510 venit

271 1545 487 1619 populo
515 1547 875 1603 Judzeorum.
908 1547 977 1602 Et
1006 1545 1204 1619 pluvia
1234 1546 1388 1602 dicta
1412 1550 1501 1603 est
1526 1548 1764 1617 propter
1782 1561 1924 1617 prae-

271 1641 573 1709 ceptorum
615 1634 1077 1705 multitudinem,
1110 1635 1263 1693 sicut
1303 1641 1362 1691 et
1408 1635 1535 1707 ipse
1582 1635 1809 1706 Moyses
1852 1633 1924 1687 de

273 1726 479 1781 eadem
506 1728 679 1798 gente
708 1725 1046 1781 Judaeorum
1069 1724 1171 1791 ait,
1191 1724 1391 1780 dicens
1416 1740 1429 1779 :
1454 1726 1805 1795 Exspectatur
1817 1723 1922 1778 sic-

271 1824 333 1871 ut
373 1816 568 1886 pluvia
596 1816 881 1887 eloquium
928 1830 1113 1869 meum
1169 1815 1360 1887 (Deut.
1418 1830 1597 1879 xxxii,
1626 1813 1707 1880 2.)
1741 1812 1924 1883 Hujus

269 1904 451 1976 igitur
479 1902 685 1976 pluviae
719 1902 909 1960 stillas
941 1903 1012 1959 de
1043 1902 1144 1958 illa
1173 1906 1344 1974 gente
1374 1900 1618 1958 abstulit
1651 1905 1825 1971 Deus,
1860 1902 1926 1955 ut

271 1998 361 2050 est
389 1992 476 2049 vel
510 1994 581 2049 de
612 1992 1012 2048 incarnatione
1041 1991 1128 2047 vel
1177 1990 1471 2064 passione,
1504 1989 1593 2046 vel
1622 1990 1694 2045 de
1723 2006 1923 2045 resur-
1952 1990 1957 2013 ⁵

271 2083 527 2139 rectione
557 2081 929 2155 Christi,quae
956 2081 1145 2137 Judaei
1173 2081 1407 2137 credere
1437 2082 1719 2136 exczecato
1750 2078 1923 2134 corde

278 2170 613 2252 noluerunt,
650 2188 778 2243 qua:
810 2176 950 2227 sunt
977 2188 1156 2242 parva
1186 2171 1425 2241 quidem
1464 2169 1743 2225 mandata
1767 2166 1924 2240 lega-

279 2260 380 2327 lia,
411 2265 476 2315 ut
517 2276 586 2315 ea
628 2259 925 2332 Evangelii
982 2259 1158 2316 ﬁdem
1214 2260 1576 2328 transferret,
1636 2258 1791 2313 sicut
1847 2257 1930 2311 ait

279 2349 593 2421 Apostolus
628 2366 641 2404 :
684 2351 909 2405 Verbum
939 2350 1088 2404 enim
1133 2357 1548 2404 consummatus
1593 2355 1647 2403 et
1674 2347 1929 2401 brevians

278 2440 341 2494 in
368 2440 666 2512 iniquitate
697 2438 871 2510 (Rom.
922 2455 1001 2506 1x,
1050 2438 1165 2511 28),
1198 2441 1257 2493 et
1299 2436 1544 2509 reliqua.
1597 2439 1666 2490 Et
1712 2436 1785 2491 de
1834 2433 1928 2490 his

287 2527 481 2599 stillis,
515 2526 827 2600 parvisque
847 2527 1053 2599 guttis,
1083 2530 1321 2582 tonante
1368 2523 1696 2599 Evangelia,
1731 2523 1932 2596 praedi-

280 2616 527 2674 cationis
557 2616 769 2672 Christi
804 2616 1024 2671 imbres
1067 2615 1238 2672 eﬂ'usi
1292 2619 1432 2671 sunt
1476 2630 1656 2686 super
1683 2618 1927 2669 terram.

281 2709 350 2763 Et
371 2708 428 2761 hi
461 2707 681 2762 imbres
713 2706 784 2761 ad
813 2704 1003 2761 instar
1030 2705 1332 2777 gurgitum
1363 2720 1492 2759 esse
1524 2700 1930 2773 dicuntumqui

282 2796 485 2868 utique
515 2811 652 2850 cum
680 2794 741 2850 in
768 2798 985 2851 terram
1016 2793 1250 2865 copiose
1278 2792 1657 2856 descendant,
1689 2791 1931 2863 profun-

284 2886 526 2941 ditatem
558 2884 619 2939 in
650 2900 714 2941 se
744 2889 801 2941 et
831 2883 1248 2940 obscuritatem
1288 2880 1592 2938 continent
1622 2879 1935 2952 mysterio-

290 2991 445 3045 rum,
480 2991 606 3046 quaa
637 2974 697 3029 in
728 2973 856 3046 lege
886 2978 944 3029 et
1001 2971 1302 3045 prophetis
1359 2988 1463 3044 per
1491 2970 1712 3042 figuras
1768 2972 1827 3025 et
1854 2967 1935 3024 si-

288 3064 657 3121 militudines
705 3065 860 3121 dicta
904 3062 995 3119 vel
1044 3063 1195 3119 facta
1250 3066 1408 3131 sunt,
1466 3060 1527 3116 in
1587 3057 1938 3115 revelatione

289 3154 577 3209 adventus
612 3153 859 3223 Domini,
905 3152 1264 3208 obscuritate
1311 3150 1405 3205 sui
1452 3154 1509 3206 et
1538 3148 1939 3222 profunditate

290 3242 727 3315 mysteriorum,
769 3241 950 3297 veluti
1008 3241 1210 3297 clausa
1266 3239 1436 3312 signa
1489 3240 1727 3294 inventa
1775 3241 1935 3293 sunt.

1952 1948 2003 2017 B

2026 657 2314 718 eorum,et
2346 652 2405 708 in
2436 654 2581 709 fines
2613 652 2769 710 orbis
2799 656 2968 707 terrm
2998 653 3173 708 verba
3204 652 3674 727 illorumzquem-

2027 743 2348 798 admodum
2376 749 2580 815 postea
2620 743 2850 799 locutus
2893 749 2982 800 est
3030 745 3101 799 ad
3155 744 3475 817 discipulos
3510 765 3671 813 suos,

2028 830 2086 886 id
2119 838 2228 898 est,
2261 834 2449 889 nubes
2481 850 2641 895 suas,
2676 833 2875 890 dicens
2908 851 2921 890 :
2954 836 3020 890 Et
3050 836 3211 889 erilis
3238 838 3383 892 mihi
3420 842 3582 893 testes
3613 840 3674 892 in

2026 922 2353 987 Jerusalem,
2384 930 2435 979 el
2462 923 2653 979 ludam
2680 931 2734 978 et
2765 923 3021 979 Samaria
3046 928 3096 980 et
3116 940 3288 997 usque
3317 926 3395 982 ad
3414 929 3675 983 ultimum

2030 1013 2195 1068 terra:
2225 1011 2360 1083 (Act.
2398 1029 2439 1077 ι,
2471 1013 2526 1083 8')
2559 1030 2572 1067 :
2608 1028 2711 1084 per
2741 1028 2888 1084 quas
2922 1013 3123 1085 utique
3181 1015 3368 1071 nubes
3420 1033 3528 1073 sua
3558 1018 3674 1073 ful-

2029 1115 2179 1170 gura
2246 1099 2677 1173 pradicationis
2736 1101 3248 1173 resplenduerunt,
3299 1110 3356 1161 et
3415 1107 3672 1163 nominis

2028 1188 2241 1244 Christi
2273 1189 2429 1246 fama
2459 1190 2530 1246 de
2568 1189 2710 1246 coelo
2752 1189 2911 1246 velut
2969 1190 3168 1248 lumen
3216 1194 3453 1250 eﬂ'ulsit.
3497 1196 3675 1254 Maris

2030 1276 2228 1344 etiam,
2264 1277 2471 1333 mundi
2499 1277 2767 1334 videlicet
2796 1279 2975 1351 hujus
3005 1281 3273 1337 cardines
3323 1287 3628 1358 occupavit
3661 1303 3675 1343 :

2031 1365 2149 1422 sive
2179 1366 2446 1424 cardines
2479 1368 2688 1424 mundi
2720 1385 3038 1440 possumus
3094 1370 3420 1444 intelligere
3449 1374 3669 1445 princi-

2030 1471 2154 1527 pes,
2188 1460 2247 1512 et
2264 1456 2458 1529 capita
2485 1458 2750 1530 gentium
2783 1458 3147 1515 diversarum
3182 1478 3196 1528 ;
3229 1478 3480 1534 quorum
3513 1478 3671 1519 erro-

2030 1544 2193 1600 ribus
2226 1560 2292 1601 ac
2320 1545 2515 1617 pravis
2542 1545 2939 1603 doctrinarum
2980 1548 3356 1606 suasionibus
3416 1554 3673 1608 mundus

2035 1633 2096 1688 in
2131 1637 2253 1690 loco
2284 1633 2721 1707 superstitionis
2759 1636 3183 1693 daemoniorum
3216 1638 3372 1694 velut
3395 1638 3454 1695 in
3485 1642 3673 1711 cardi-

2031 1740 2106 1780 ne
2134 1724 2486 1781 vertebatur.

2104 1835 2132 1864 «
2165 1812 2274 1869 Per
2319 1814 2440 1869 haec
2488 1814 2644 1871 enim
2680 1814 2912 1887 judicat
2958 1816 3232 1889 populos,
3280 1822 3338 1873 et
3383 1820 3484 1876 dat
3514 1836 3680 1878 escas

2034 1902 2237 1959 multis
2270 1903 2637 1961 mortalibus.
2671 1927 2700 1955 »
2731 1904 2867 1962 Istis
2898 1905 3055 1962 enim
3077 1907 3252 1963 rebus
3282 1915 3682 1967 sacramento-

2032 2009 2164 2059 rum
2196 1992 2510 2064 praedictis,
2544 1994 2752 2051 statuit
2800 1999 2953 2052 Deus
2998 1994 3234 2071 pietatis
3283 2014 3403 2053 suae
3445 2000 3672 2072 judicio

2032 2081 2324 2143 universis
2347 2081 2588 2155 populis
2618 2082 2903 2150 misereri,
2934 2089 2992 2141 et
3029 2086 3169 2142 dare
3214 2103 3375 2143 escas
3403 2088 3678 2147 doctrinae

2032 2170 2192 2227 verbi
2225 2169 2338 2238 sui,
2381 2170 2499 2227 sive
2546 2170 2962 2245 mysteriorum
3021 2175 3247 2230 cunctis
3304 2177 3677 2247 mortalibus,

2035 2260 2360 2318 secundum
2391 2260 2547 2332 quod
2578 2260 2703 2333 ipse
2733 2260 2816 2317 ait
2845 2278 2860 2318 :
2892 2264 3005 2333 Ego
3033 2280 3157 2342 sum
3182 2266 3347 2337 panis
3374 2268 3551 2340 vivus,
3582 2271 3684 2342 qui

2035 2344 2251 2404 decreto
2280 2348 2534 2404 descendi
2558 2350 2749 2420 (Joan.
2781 2368 2880 2419 vn,
2912 2352 3027 2419 51).
3136 2340 3141 2345 ’

2112 2458 2140 2487 ‹‹
2172 2438 2235 2493 In
2268 2436 2543 2494 manibus
2574 2438 2882 2495 abscondit
2910 2439 3126 2512 lucem,
3153 2445 3210 2497 et
3238 2444 3504 2518 praecipit
3532 2446 3581 2502 ei
3616 2450 3682 2503 ut

2038 2544 2246 2583 rursus
2275 2526 2565 2583 adveniat.
2601 2547 2633 2579 ι
2668 2528 2953 2584 Potestate
2994 2530 3144 2602 justi
3185 2532 3395 2604 judicii
3445 2535 3560 2606 sui,
3593 2536 3686 2591 lu-

2040 2634 2174 2672 men
2206 2615 2424 2673 notitise
2455 2633 2575 2673 sua:
2606 2616 2914 2674 abscondit
2943 2635 2978 2674 a
3005 2621 3407 2692 peccatoribus
3460 2624 3684 2681 malum

2040 2706 2443 2778 operantibus,
2491 2710 2549 2761 et
2602 2705 2799 2762 venire
2852 2723 2980 2763 eam
3032 2709 3102 2763 ad
3185 2708 3682 2769 illuminationem

2042 2794 2257 2851 mentis
2288 2794 2551 2868 praecipit
2582 2812 2595 2863 ;
2624 2795 2679 2864 si
2726 2795 2911 2852 Deum
2964 2797 3291 2875 adjutorem
3340 2801 3470 2872 ejus
3518 2802 3687 2875 quis-

2043 2883 2201 2956 piam
2234 2883 2484 2939 {ideliter
2509 2888 2813 2956 quaereret.

2121 2995 2148 3023 ‹‹
2178 2973 2510 3028 Annuntiat
2538 2974 2609 3028 de
2655 2990 2724 3029 ea
2771 2974 2959 3030 amico
2991 2992 3119 3039 suo,
3176 2978 3333 3047 quod
3394 2979 3688 3051 possessio

2045 3063 2175 3134 ejus
2208 3063 2306 3125 sit,
2338 3066 2395 3117 et
2427 3079 2494 3117 ae
2523 3078 2652 3118 eam
2696 3063 2884 3134 possit
2940 3066 3273 3122 ascendam.
3322 3090 3343 3117 ι
3381 3073 3531 3124 Deus
3559 3068 3691 3124 luce

2046 3151 2542 3207 manifestationis
2574 3168 2691 3207 sum
2724 3151 2955 3208 ﬁdelem
2994 3154 3106 3209 sibi
3139 3156 3396 3212 amicum
3426 3157 3489 3213 in
3516 3159 3689 3214 corde

2046 3241 2215 3296 docet
2242 3244 2300 3295 et
2355 3240 2615 3307 instruit,
2665 3241 2953 3298 Erudiens
2983 3258 3216 3315 quoque
3271 3248 3585 3303 annuntiat
3613 3248 3687 3315 ei,

292 3332 570 3387 imbrium
601 3347 735 3387 vero
757 3331 1014 3397 nomine,
1038 3329 1198 3403 large
1217 3330 1463 3386 effusam
1484 3327 1732 3399 gratiam
1760 3324 1938 3397 Spiri-
1967 3319 2012 3389 C
2048 3330 2202 3401 quod
2236 3328 2335 3384 lux
2365 3329 2487 3384 sive
2517 3329 2612 3384 illr
2649 3329 3103 3388 illuminationis
3158 3334 3369 3405 gratia,
3401 3336 3521 3391 sive
3551 3336 3693 3392 civi~

290 3422 443 3476 ritus
472 3421 659 3477 sancti
692 3436 821 3475 esse
860 3419 1217 3489 noverimus,
1275 3418 1428 3476 sicut
1483 3418 1566 3473 ait
1594 3416 1934 3489 Apostolus,

287 3527 385 3583 per
416 3512 703 3566 lavacrum
739 3510 1117 3577 generationis
1180 3516 1233 3563 et
1280 3508 1650 3575 renovat‘ionis
1696 3506 1936 3576 Spiritu:

289 3602 465 3657 sancti
492 3615 651 3671 quem
679 3598 874 3670 effudit
902 3600 1070 3653 innos
1090 3596 1307 3652 abunde
1338 3612 1436 3666 per
1448 3598 1632 3653 Iesum
1663 3594 1939 3650 Christum

293 3692 413 3763 (ru.
446 3690 617 3759 111,5,
649 3690 725 3759 6).

369 3800 393 3830 ι
415 3777 523 3843 Qui
552 3778 625 3833 de
654 3776 913 3832 nubibus
944 3777 1159 3841 ﬂuunt,
1191 3792 1317 3847 quae
1349 3777 1670 3847 praetexunt
1726 3776 1942 3828 cuncta

293 3870 565 3940 desuper.
594 3889 625 3916 «
660 3867 855 3922 Nubes
886 3866 1108 3921 scimus
1150 3864 1499 3937 plerumque
1528 3864 1588 3918 in
1620 3861 1941 3934 Scripturis

298 3962 531 4014 sanctos
561 3955 1037 4029 appellari,sicut
1066 3958 1123 4010 et
1152 3954 1531 4010 manifestum
1566 3960 1653 4008 est
1685 3954 1940 4023 quodam

295 4046 423 4103 loco
466 4046 699 4101 dicente
767 4044 1063 4103 Domino:
1107 4048 1175 4100 Et
1224 4043 1463 4097 nubibus
1525 4042 1823 4098 mandabo.
1875 4056 1945 4097 ne

296 4137 493 4209 pluunt
523 4151 689 4205 super
716 4150 838 4190 eam
864 4134 1113 4205 pluviam
1142 4133 1272 4203 (lsa.
1308 4131 1422 4201 v,6)
1452 4149 1466 4198 ;
1490 4129 1546 4185 id
1580 4134 1670 4185 est
1692 4130 1946 4197 vineam,

300 4225 455 4295 quod
483 4228 574 4280 est
611 4240 788 4296 super
838 4227 1072 4295 gentem
1132 4219 1509 4292 peccatricem
1557 4219 1893 4274 Judzeorum
1931 4234 1943 4272 :

300 4312 493 4367 verbis
522 4312 612 4368 sui
643 4312 850 4368 salutis
884 4309 1136 4383 pluviam
1172 4325 1287 4363 non
1331 4308 1718 4363 effunderent.
1754 4313 1831 4362 De
1862 4313 1949 4364 ta-

299 4402 458 4459 libus
487 4402 668 4474 igitur
693 4400 975 4461 nubibus.
999 4396 1281 4471 apostolis
1303 4396 1571 4452 videlicet
1595 4402 1651 4451 et
1680 4395 1953 4468 apostoli-

300 4492 387 4548 cis
415 4491 578 4557 viris,
611 4488 1089 4563 przedicatoribus
1112 4484 1483 4555 veritatis,illi
1506 4485 1725 4541 imbres
1740 4486 1954 4559 pluunt

303 4580 481 4637 atlem
501 4579 921 4653 pluviam,quae
941 4578 1153 4633 habeat
1176 4578 1235 4631 in
1256 4592 1318 4630 se
1341 4573 1790 4630 similitudinem
1813 4592 1951 4647 gur-

304 4671 516 4743 gitum,
548 4675 784 4741 propter
814 4683 1161 4724 arcanorum
1192 4664 1518 4720 cmlestium
1550 4664 1901 4735 opacitatem
1935 4680 1949 4719 :

306 4759 442 4815 ubic
459 4774 679 4831 ongrue
700 4757 843 4813 illud
865 4755 1206 4813 Davidicum
1232 4753 1482 4808 dicitur:
1509 4752 1799 4807 Tenebrosa
1818 4770 1961 4824 aqua

306 4851 365 4904 in
398 4849 636 4905 nubibus
666 4848 815 4902 aeris
847 4847 1018 4916 (Psal.
1051 4842 1415 4914 xvu,4‘3).lla
1447 4841 1626 4913 igitur
1657 4842 1958 4901 nubes.in-

308 4953 509 5008 quam,
546 4954 648 5009 per
677 4952 826 5008 quas
852 4934 1072 4990 imbres
1103 4933 1406 5005 gurgitum
1430 4931 1621 4986 ﬂuunt
1651 4930 1708 4985 in
1742 4936 1960 4985 terram

309 5030 635 5099 prastexunt
662 5025 1177 5094 cuncta'desuper.
1210 5022 1502 5076 Habentes
1532 5021 1689 5075 enim
1721 5020 1875 5075 intra
1900 5035 1962 5075 se

312 5132 497 5188 aquas
563 5113 885 5186 Evangelii,
948 5117 1016 5168 ut
1082 5110 1330 5167 ﬂumina
1395 5110 1467 5163 de
1533 5114 1731 5164 ventre
1761 5126 1962 5165 eorum

313 5205 498 5260 ﬂuant
525 5217 690 5276 aquae
721 5203 860 5258 viva:
888 5204 1076 5271 (Joau.
1130 5216 1231 5264 vn,
1284 5199 1398 5269 38),
1448 5198 1519 5253 de
1562 5197 1966 5269 superioribus

314 5293 631 5365 mysteriis,
664 5292 859 5364 quasi,
890 5290 1147 5362 quodam
1201 5292 1442 5361 praaxtu,
1502 5290 1559 5340 et
1614 5286 1968 5343 obscuritate

316 5397 628 5452 aquarum,
661 5380 1042 5436 obstaculum
1074 5376 1413 5434 carnalibus
1454 5375 1675 5430 faciunt
1702 5381 1759 5430 et
1790 5381 1969 5431 terre-

324 5487 439 5525 ms.

393 5560 505 5613 «Si
539 5559 791 5614 voluerit
839 5557 1145 5613 extendere
1193 5555 1380 5610 nubes
1438 5552 1607 5625 quasi
1653 5553 1971 5609 tentorium

323 5665 523 5716 suum,
556 5653 615 5705 et
643 5647 942 5718 tulgurare
972 5645 1196 5700 lumine
1226 5660 1355 5710 suo,
1402 5642 1656 5714 desuper
1707 5646 1976 5701 cardines

325 5754 562 5811 quoque
594 5738 776 5794 maris
809 5734 1052 5809 aperiet.
1084 5754 1113 5784 »
1147 5733 1233 5789 Ita
1258 5732 1415 5789 enim
1447 5732 1757 5805 praedictas
1790 5735 1977 5791 nubes

2043 3434 2253 3474 norum
2286 3417 2542 3473 charitas
2564 3418 2990 3490 promissorum
3025 3423 3319 3492 possessio
3350 3423 3480 3493 ejus
3510 3424 3608 3488 sit,
3632 3428 3690 3480 et

2045 3508 2118 3564 ad
2149 3523 2299 3573 eam,
2333 3506 2382 3561 si
2414 3507 2691 3578 disponat
2721 3509 3095 3565 ascensioner
3124 3510 3183 3565 in
3214 3512 3387 3567 corde
3418 3528 3695 3584 suo,quo-

2045 3596 2188 3653 tidie
2219 3595 2569 3668 proﬂcieuds
2600 3598 2915 3667 perveniat.

2617 3686 2851 3743 CAPUT
2882 3687 3125 3744 XXXVII

2121 3797 2149 3824 «
2182 3775 2370 3845 Super
2394 3773 2501 3829 hoc
2534 3775 2762 3846 expavit
2789 3793 2889 3832 cor
2934 3794 3152 3833 meum.
3214 3779 3341 3836 Sive
3389 3780 3696 3855 obstupuit

2049 3880 2149 3919 cor
2176 3879 2372 3918 meum
2399 3883 2450 3931 »,
2484 3867 2548 3917 ut
2578 3863 2675 3919 alii
2707 3864 3001 3923 dixerunt.

2123 3976 2151 4003 ‹.
2184 3953 2253 4007 Et
2282 3957 2541 4007 emotum
2571 3957 2663 4008 est
2690 3954 2761 4009 de
2792 3954 2917 4010 loco
2947 3972 3053 4011 suo
3075 3978 3127 4010 η.
3164 3957 3455 4014 Praedictis
3486 3958 3698 4014 divinis

2054 4041 2442 4114 mysteriis,et
2470 4040 2600 4096 luce
2628 4043 2978 4114 cognitionis
3008 4045 3103 4099 Dei
3120 4046 3561 4119 patefacta,quze
3587 4048 3701 4103 nisi

2056 4131 2264 4187 amicis
2291 4129 2392 4185 Dei
2425 4133 2483 4184 et
2514 4129 2785 4185 fidelibus
2807 4132 3246 4188 demonstratur
3279 4151 3293 4189 :
3328 4133 3701 4205 perterritum

2056 4225 2163 4286 est,
2196 4219 2409 4288 inquit,
2442 4234 2538 4272 cor
2569 4236 2765 4274 meum
2799 4220 2947 4285 Eliu,
2982 4226 3040 4275 et
3080 4221 3203 4277 zelo
3255 4223 3598 4292 ignorantia:
3631 4225 3703 4280 ad

2058 4312 2559 4366 sacramentorum
2586 4309 2979 4379 cognitionem
3011 4310 3382 4368 translatum.

2132 4421 2160 4448 α
2194 4398 2408 4455 Audiet
2455 4397 2817 4453 auditionem
2861 4401 2919 4452 in
2971 4403 3190 4455 terrore
3242 4401 3413 4456 vocis-
3443 4402 3592 4473 ejus,
3646 4406 3705 4457 et

2061 4503 2273 4543 sonum
2306 4486 2376 4540 de
2405 4484 2674 4541 oreillius
2697 4487 3167 4559 procedentem.»
3192 4490 3705 4553 Quemadmodum

2062 4575 2189 4631 vult
2220 4580 2369 4630 Deus
2401 4574 2597 4628 audite
2623 4576 2776 4647 quod
2809 4576 2968 4642 dicit,
3004 4578 3083 4633 ita
3129 4579 3328 4634 audite
3375 4596 3388 4634 ε
3427 4581 3705 4653 quoniam

2062 4670 2242 4729 terret
2276 4680 2384 4718 vox
2438 4665 2566 4733 ejus
2619 4663 2800 4719 tantis
2856 4668 3242 4723 sacramentis
3300 4669 3714 4743 mysteriorum

2071 4751 2381 4825 praevalida
2413 4768 2425 4805 :
2460 4769 2792 4824 sonumque
2822 4754 2939 4810 oris
2969 4757 3118 4825 ejus.
3158 4758 3301 4823 sive,
3334 4764 3399 4814 ut
3431 4758 3529 4815 alii
3552 4761 3716 4815 dixe-

2071 4846 2226 4907 runt,
2259 4842 2574 4913 strepitum,
2600 4842 2725 4912 pari
2757 4844 2930 4897 modo
2963 4846 3177 4901 audite.
3214 4847 3314 4902 Hic
3366 4865 3505 4918 ergo
3536 4866 3718 4903 sonus

2071 4936 2160 4988 est
2190 4930 2561 4985 maxillarum
2595 4931 2719 4998 Dei,
2753 4932 2854 5005 qui
2887 4935 3035 4989 forte
3063 4935 3280 4992 idcirco
3312 4954 3496 4992 sonus
3518 4938 3718 4991 dictus

2072 5026 2301 5087 est,non
2335 5018 2681 5090 simpliciter
2739 5038 2953 5085 sermo,
2989 5029 3054 5079 ut
3083 5024 3477 5079 inobedientia
3508 5026 3720 5079 surdos

2073 5114 2129 5165 et
2161 5109 2445 5165 obdurato
2477 5108 2647 5163 corde
2679 5109 3013 5167 incredulos
3041 5129 3149 5167 vox
3192 5112 3405 5167 clarior
3453 5117 3718 5181 percute-

2075 5205 2183 5268 ret,
2214 5205 2271 5253 et
2298 5202 2450 5253 totos
2501 5198 2572 5253 ad
2624 5198 2957 5254 timendum
3018 5200 3335 5256 Dominum
3386 5215 3717 5256 commove-

2078 5293 2185 5343 ret.

2151 5401 2178 5427 ‹‹
2212 5375 2425 5431 Subter
2454 5390 2659 5430 omnes
2687 5376 2862 5432 cmlos
2894 5376 3019 5450 ipse
3055 5377 3410 5441 considerat,
3440 5379 3497 5430 et
3524 5376 3724 5433 lumen

2081 5465 2245 5521 illius
2277 5481 2453 5536 super
2478 5464 2763 5520 terminos
2794 5471 2981 5519 terrm.
3023 5488 3043 5514 ι
3080 5465 3226 5529 Quid
3259 5465 3337 5519 sit
3367 5465 3475 5519 hoc
3509 5464 3725 5522 mirum

2084 5557 2155 5611 de
2185 5554 2609 5626 omnipotentis
2667 5554 2788 5624 Dei,
2846 5555 3063 5625 ubique
3119 5558 3208 5607 est
3267 5554 3323 5607 in
3386 5553 3549 5619 coelo,
3582 5561 3641 5611 et
3670 5557 3728 5612 in

2085 5649 2260 5707 terra,
2295 5644 2354 5698 in
2387 5643 2557 5711 mari,
2588 5647 2646 5696 et
2677 5646 2733 5697 in
2767 5644 2995 5713 abyssis
3026 5643 3199 5714 (Psnt.
3236 5659 3463 5710 cxxxw,
3515 5646 3591 5716 6).
3624 5647 3733 5702 Sed

2084 5734 2390 5795 videamm
2419 5731 2747 5787 secundum
2778 5730 3166 5802 allegoricum
3196 5732 3732 5805 intellectum,quid
