4220 6602
530 446 648 515 783

2036 449 2455 515 APPENDIX.

3822 456 3951 523 ’784

537 587 618 649 sit
648 584 802 665 quod
834 590 905 649 de
936 592 1048 648 Deo
1080 590 1207 648 Eliu
1241 588 1562 647 ait:Subter
1581 603 1783 645 omnes
1805 584 1979 644 caelos
1996 586 2184 642 consi-
2211 592 2268 656 Α
2297 589 2441 645 mihi
2473 589 2806 663 significare
2853 590 3084 649 videtur
3126 586 3265 666 quia
3318 592 3677 667 regeneratio
3731 600 3947 654 vetus-

538 683 720 737 dcrat.
746 683 991 738 Sanctos
1020 682 1197 749 viros,
1232 680 1404 736 cmlos
1435 680 1737 752 Scriptura
1765 677 1963 734 divina
1990 675 2185 749 appel-

538 771 660 828 lare
692 772 1012 841 consuevit,
1046 776 1283 845 propter
1320 769 1611 826 cmlestem
1644 769 1847 841 utique
1877 784 2182 823 conversa-

538 863 1006 934 tionem,quibus
1034 862 1119 918 ita
1143 861 1914 917 dicitur:conversatiovostra
1944 859 2001 912 in
2030 858 2182 915 ariis

536 959 615 1011 est
645 954 908 1026 (Philipp.
944 970 1027 1020 III,
1060 954 1147 1024 ‘20)
1181 952 1464 1007 Dominus
1496 966 1631 1021 ergo
1651 949 1853 1003 subter
1882 948 1989 1003 hos
2007 948 2180 1003 ccelos

538 1044 870 1099 considerat
897 1041 987 1098 vel
1018 1043 1160 1098 dum
1193 1057 1259 1095 ea
1300 1057 1425 1111 qua:
1484 1040 1637 1093 intra
1680 1055 1777 1093 eos
1835 1042 1992 1101 sunt,
2027 1054 2181 1091 arca-

537 1150 751 1189 norum
786 1137 1077 1188 scrutator
1096 1131 1543 1201 introspicit,vel
1561 1129 1699 1183 dum
1713 1126 2177 1183 imbecillitatem

537 1242 848 1300 corporum
881 1241 1102 1290 eorum,
1136 1239 1261 1293 quae
1294 1220 1473 1275 animi
1536 1219 1781 1290 imperio
1830 1217 2019 1272 crucis
2069 1217 2178 1272 vir-

534 1322 660 1374 tute
691 1314 1078 1371 subdiderunt
1108 1312 1392 1385 gubernat
1423 1327 1488 1365 ac
1548 1308 1817 1379 sustinet,
1870 1312 1927 1363 et
1974 1311 2178 1362 contra

535 1407 862 1465 carnalium
895 1403 1238 1478 passionum
1270 1398 1422 1455 bella
1449 1398 1811 1453 corroborat.
1841 1397 2174 1451 Secundum

530 1501 689 1556 hunc
712 1512 950 1554 sensum
984 1497 1092 1559 est,
1118 1491 1272 1564 quod
1304 1490 1514 1544 timore
1534 1503 1858 1543 concussus
1887 1485 2178 1557 Propheta

470 1646 471 1649 η
531 1590 611 1645 ait
644 1607 657 1644 :
692 1590 753 1644 Et
782 1586 971 1642 subtus
998 1600 1085 1637 me
1111 1580 1330 1636 turbata
1358 1582 1436 1634 est
1468 1576 1724 1632 habitudo
1753 1592 1894 1630 mea.
1914 1574 2174 1629 Termini

531 1695 788 1752 quoque,
820 1675 938 1731 sive
972 1674 1116 1727 ﬁnes
1146 1675 1311 1725 terrae
1341 1667 1455 1740 ipsi
1481 1665 1665 1721 sancti
1699 1664 2042 1733 sunt,ﬁnem
2066 1668 2175 1747 ter-

531 1771 689 1828 renis
721 1764 1097 1840 passionibus
1127 1764 1184 1816 et
1208 1756 1633 1831 cupiditatibus
1688 1754 2077 1826 imponentes,
2107 1770 2173 1808 eo

531 1860 685 1932 quod
718 1873 832 1911 non
859 1854 981 1909 sint
1012 1852 1068 1905 in
1103 1848 1292 1905 medio
1323 1844 1653 1918 Babylonis,
1686 1859 1791 1898 nec
1838 1842 2032 1898 sazculi
2062 1842 2173 1897 hu-

2292 680 2659 737 tissimorum
2689 681 2997 738 hominum
3028 682 3089 738 in
3121 682 3349 740 Christo
3380 685 3768 744 obumbrante
3807 687 3944 761 Spi-

2293 770 2407 826 ritu
2443 776 2664 841 sancto,
2698 777 2852 827 esset
2881 772 3205 829 efﬁcienda.
3241 774 3370 829 Haec
3401 774 3583 847 igitur
3611 777 3819 849 gratia,
3846 778 3940 833 ni-

2290 861 2377 916 vis
2430 861 2663 917 nomine
2721 862 3071 934 signiﬁcata,
3130 880 3198 917 ex
3271 869 3556 936 praecepto
3614 866 3942 925 divinitatis

2291 950 2589 1006 descendit
2620 952 2677 1006 in
2712 953 3116 1024 terram,quod
3148 958 3377 1026 est,per
3397 954 3600 1010 Jesum
3631 955 3937 1015 Christum

2290 1040 2447 1095 venit
2479 1041 2548 1097 ad
2581 1041 2979 1114 homines,per
3010 1059 3186 1112 quam
3206 1048 3462 1099 vetustas
3493 1049 3692 1100 nostra
3715 1045 3943 1103 instau-

2290 1135 2517 1186 raretur
2547 1131 2606 1186 in
2640 1130 2871 1186 melius.
2906 1133 3117 1187 Contra
3173 1133 3323 1188 hanc
3383 1135 3629 1205 gratiam
3689 1136 3933 1209 Christi,

2288 1219 2698 1276 tribulationes
2728 1222 3199 1293 persecutionum
3231 1223 3458 1279 futuras
3489 1223 3544 1277 in
3580 1223 3791 1295 pluviis
3815 1226 3935 1282 bie-

2286 1311 2540 1366 malibus
2572 1310 2753 1366 voluit
2773 1311 3111 1382 indicare,et
3143 1317 3589 1385 proptergraves
3620 1331 3930 1386 pressuras

2286 1399 2568 1456 hiemales
2600 1401 2823 1473 pluvias
2855 1401 2999 1456 dixit
3026 1418 3039 1456 :
3070 1419 3218 1473 quas
3249 1406 3445 1457 tamen
3476 1402 3665 1459 imber
3694 1404 3926 1461 fortitu-

2287 1488 2443 1544 dinis
2476 1489 2729 1562 Spiritus
2782 1489 2966 1545 sancti
3025 1495 3181 1546 esset
3238 1496 3642 1563 superaturus,
3677 1495 3814 1565 quia
3840 1496 3929 1551 eis

2285 1578 2506 1634 dictum
2540 1584 2629 1634 est
2660 1596 2673 1635 :
2710 1580 2823 1635 Non
2857 1581 3007 1635 enim
3048 1596 3139 1635 vos
3185 1582 3313 1635 estis
3359 1582 3460 1653 qui
3498 1582 3809 1654 loquimini,
3840 1585 3939 1639 sed

2282 1671 2514 1741 spiritus
2570 1670 2755 1724 Patris
2786 1673 2949 1725 vestri
2979 1671 3078 1741 qui
3108 1671 3352 1741 loquitur
3396 1672 3458 1726 in
3513 1672 3661 1727 vobis
3710 1673 3931 1745 (Matth.

2281 1777 2337 1827 x,
2370 1760 2486 1832 20).

2355 1902 2384 1930 «
2415 1878 2523 1946 Qui
2553 1879 2612 1935 in
2644 1896 2824 1935 manu
2854 1880 3122 1934 omnium
3152 1879 3458 1935 hominum
3488 1881 3702 1953 signat,
3745 1886 3809 1938 ut
3826 1900 3933 1939 no-

520 1951 625 2023 jus
670 1946 827 2041 νίξίίε
887 1939 1343 2041 C_?“°“§“‘FP’~“’3
1376 1934 1717 2041 andum
1763 1933 1917 2005 quod
1970 1933 2172 1989 Penus
2199 1966 2250 2033 B
2283 1969 2469 2025 verint
2501 1968 2719 2041 singuli
2752 1984 2927 2040 Opera
2959 1986 3085 2025 sua.
3118 1991 3147 2021 »
3172 1969 3235 2025 In
3286 1987 3491 2038 manu,
3522 1933 3579 2025 id
3612 1933 3725 2039 est,
3757 1971 3815 2027 in
3857 1972 3933 2027 1i-

529 2035 830 2114 apostolus
860 2034 940 2090 ait
972 2049 985 2087 :
1019 2031 1266 2086 Christus
1296 2028 1480 2099 igitur
1510 2025 1570 2078 in
1626 2040 1793 2078 carne
1833 2040 2050 2095 passus,
2082 2040 2169 2078 rc-

532 2129 695 2200 liquit
725 2125 881 2182 nobis
937 2120 1248 2191 exemplum
1304 2116 1437 2187 quia
1499 2129 1693 2185 passus
1747 2117 1825 2167 est
1881 2115 1941 2167 in
1983 2129 2169 2178 carnc,

527 2219 688 2274 desiit
717 2218 848 2272 esset
875 2231 909 2269 a
935 2210 1168 2284 peccatis
1198 2211 1259 2261 ut
1289 2208 1400 2277 iam
1430 2220 1539 2258 non
1561 2203 1846 2258 hominum
1864 2202 2170 2275 desideriis,

527 2308 621 2364 sed
644 2304 919 2362 voluntati
948 2302 1064 2367 Dei,
1096 2297 1236 2370 quod
1279 2297 1553 2367 reliquum
1584 2300 1661 2347 cst
1710 2293 1766 2347 in
1799 2308 1988 2358 carne,
2020 2294 2168 2348 vivat

540 2397 799 2468 tcmporis
831 2394 877 2465 (I
894 2394 1043 2456 Petr,
1091 2405 1165 2459 ιν,
1200 2390 1249 2453 1,
1278 2387 1334 2458 2)
1368 2385 1463 2457 ;id
1495 2390 1603 2455 est,
1658 2382 1859 2438 vivens
1890 2399 1992 2454 pro
2023 2387 2172 2437 tem-

532 2503 691 2560 pore,
726 2479 1130 2539 desinentibus
1160 2476 1219 2531 in
1250 2492 1422 2531 carne
1470 2472 1720 2546 peccatis
1749 2471 1906 2527 velut
1934 2471 1994 2526 in
2042 2471 2173 2525 ﬁni-

538 2578 650 2631 bus
681 2573 902 2629 habitet
934 2569 1146 2623 carnis.
1190 2567 1251 2620 In
1310 2563 1403 2620 his
1464 2563 1683 2618 ﬁnibus
1738 2560 1930 2633 posita
1977 2560 2179 2631 regina

524 2666 693 2730 Saba,
718 2678 844 2733 qua:
876 2663 1079 2732 typum
1110 2655 1349 2728 gerebat
1404 2651 1692 2717 Ecclesia),
1751 2649 1869 2704 veri
1903 2648 2171 2705 Salomo-

525 2754 620 2810 nis
650 2748 863 2807 meruit
884 2746 1086 2803 audire
1116 2742 1466 2816 sapientiam
1526 2742 1625 2812 (III
1650 2742 1777 2808 Reg.
1810 2755 1866 2809 Χ,
1899 2739 1971 2811 1).
1998 2737 2174 2793 Tales

527 2844 706 2917 igitur
738 2838 1019 2896 terminos
1038 2841 1190 2890 Deus
1211 2832 1435 2888 lumine
1451 2830 1649 2904 gratim
1674 2846 1791 2884 suae
1815 2831 1989 2900 atque
2011 2828 2177 2899 agni-

531 2932 712 2992 tionis
741 2929 1020 2988 illustrat.

610 3075 637 3104 «
669 3053 808 3108 Post
836 3064 972 3104 eum
1002 3042 1193 3115 rugiet
1223 3038 1472 3095 sonitus.
1509 3058 1537 3087 »
1579 3035 1709 3092 Sive
1739 3039 1805 3091 ut
1861 3033 1961 3089 alii
2020 3034 2177 3090 dixe-

538 3149 679 3202 runt
709 3160 724 3199 :
758 3143 967 3197 Fremet
993 3150 1116 3189 v0.23.

613 3246 920 3308 «Tonabit
946 3259 1086 3299 voce
1115 3237 1542 3311 magnitudinis
1600 3252 1740 3301 sua),
1799 3239 1857 3290 et
1911 3250 2028 3290 non
2085 3233 2182 3289 in-

2278 2059 2399 2115 beri
2430 2059 2654 2114 arbitrii
2685 2063 2974 2130 potestate
3004 2059 3332 2115 secundum
3392 2059 3706 2133 imaginem
3757 2066 3813 2116 et
3845 2062 3926 2117 si-

2280 2147 2677 2204 militudinem
2709 2148 2805 2203 Dei
2835 2164 2952 2219 qua
2980 2147 3155 2204 homo
3186 2153 3274 2203 est
3302 2165 3338 2205 a
3393 2153 3508 2204 Deo
3566 2148 3836 2205 conditus
3868 2156 3930 2206 et

2175 2284 2184 2294 .
2281 2242 2510 2292 creatus
2541 2236 2690 2308 (Gen.
2725 2255 2765 2302 1,
2796 2238 2888 2308 27)
2922 2254 2935 2292 :
2969 2236 3143 2292 habet
3172 2236 3323 2292 hanc
3358 2236 3704 2309 sapientiam
3744 2238 3927 2293 veluti

2281 2328 2536 2399 quodam
2568 2327 2735 2397 signo
2786 2326 2993 2382 divina:
3049 2326 3404 2397 operationis
3456 2327 3827 2400 impressam,
3858 2332 3927 2383 ut

2273 2418 2441 2489 juxta
2475 2415 2642 2471 liberi
2673 2415 2897 2471 arbitrli
2920 2416 3210 2487 judicium
3264 2417 3488 2472 noverit
3519 2417 3932 2488 unusquisque

2282 2504 2589 2562 hominum
2623 2522 2798 2577 opera
2829 2522 2956 2572 sua,
2990 2504 3107 2561 sive
3141 2509 3204 2561 ut
3233 2503 3331 2560 alii
3362 2505 3651 2571 dixerunt,
3684 2507 3929 2577 inﬁrmi-

2281 2600 2443 2651 tatem
2471 2612 2633 2650 suam
2662 2596 2897 2660 noverit,
2929 2594 2987 2649 id
3020 2599 3130 2659 est,
3163 2597 3229 2649 ut
3257 2611 3398 2650 vasa
3453 2594 3686 2668 fragilia
3736 2612 3797 2653 se
3828 2613 3932 2652 su-

2283 2684 2406 2740 bita
2435 2688 2623 2739 morte
2652 2683 2962 2755 confringi.

2364 2822 2387 2850 ι
2448 2800 2812 2872 Ingredietur
2886 2799 3073 2855 bestia
3119 2798 3431 2856 latibulum
3509 2819 3704 2870 suum,
3763 2806 3819 2858 et
3871 2803 3933 2858 in

2287 2894 2455 2945 antro
2487 2906 2592 2944 suo
2620 2888 2966 2945 morabitur.
2998 2908 3025 2939 ι
3062 2889 3316 2945 Bestiam
3348 2890 3545 2959 istam,
3568 2891 3931 2947 inventorem

2288 2978 2578 3034 malorum
2608 2977 2907 3033 diabolum
2940 2995 3056 3034 non
3088 2979 3341 3035 absurde
3371 2979 3680 3048 sentimus,
3707 2981 3808 3051 qui
3841 2981 3933 3035 id-

2288 3070 2463 3139 circo,
2495 3073 2552 3123 et
2593 3066 2910 3139 singularis
2940 3067 3097 3123 ferus
3151 3068 3387 3137 dicitur,
3446 3069 3586 3141 quia
3636 3069 3932 3141 praecedit,

2290 3160 2409 3215 sive
2440 3162 2680 3229 superat
2700 3156 2925 3212 malitia
2956 3158 3084 3224 ejus
3144 3157 3430 3213 malitiam
3480 3158 3744 3214 omnium
3790 3174 3934 3229 ope-

2289 3246 2954 3317 rantiuminiquitatem.
2977 3246 3106 3301 Haec
3142 3245 3519 3319 igiturbestia
3565 3246 3933 3303 rationabilis

535 3339 1063 3416 vestigabiturcum
1081 3329 1280 3387 ειυάίῐθι
1296 3327 1470 3383 fuerit
1496 3343 1601 3381 VOX
1622 3326 1807 3416 eju_3-”
1829 3324 1974 3379 cum
2006 3323 2179 3416 PQSiti
2210 3339 2253 3407 C
2290 3336 2620 3409 ingreditur
2646 3334 2959 3391 latibulum
2992 3352 3190 3401 suum,
3239 3339 3442 3406 pectus
3492 3334 3713 3390 scilicet
3749 3335 3938 3392 buma

532 3436 598 3493 in
627 3414 881 3491 extremo
912 3430 1078 3480 terrae
1108 3418 1471 3487 hominibus,
1522 3421 1672 3470 Deus
1720 3414 1779 3469 in
1833 3414 2177 3469 memoriam

531 3523 779 3589 venerit,
826 3517 981 3573 illico
1014 3526 1189 3584 super
1213 3508 1555 3563 infirmitate
1587 3504 1963 3560 mortalitatis
2034 3520 2174 3573 suae,

537 3614 839 3689 gementes
873 3605 943 3660 ad
974 3619 1106 3659 eum
1141 3598 1393 3671 rugient,
1426 3595 1581 3650 sicut
1609 3593 1897 3689 Propheta
1926 3591 2045 3689 ait:
2073 3595 2175 3647 [ta-

538 3683 755 3772 giebam
785 3714 820 3751 α
867 3694 1073 3764 gemitu
1127 3689 1307 3743 cordis
1364 3686 1478 3740 mei
1525 3683 1695 3752 (Psal.
1727 3700 1941 3749 xxxvn,
1990 3683 2045 3772 9)
2082 3688 2175 3749 ;et

531 3770 678 3847 tunc
702 3788 799 3842 hic
829 3783 1062 3853 rugitus
1087 3778 1261 3833 faciet
1292 3774 1552 3831 sonitum
1578 3773 1633 3826 in
1666 3772 1875 3826 ali'ectu
1894 3770 2176 3827 orationis

536 3876 922 3935 clamantium
957 3870 1026 3924 ad
1059 3873 1263 3933 Deum,
1297 3864 1395 3936 qui
1427 3861 1723 3934 perveniat
1755 3876 1941 3931 usque
1971 3859 2031 3914 in
2060 3877 2173 3914 cm-

530 3965 851 4024 lum.Unde
867 3956 1161 4019 ettonabit
1177 3955 1260 4011 eis
1281 3952 1567 4009 Dominus
1593 3966 1729 4005 voce
1752 3954 2175 4021 praeceptorum

529 4072 775 4113 suorum
808 4056 873 4109 ut
902 4051 1151 4107 timeant
1179 4063 1213 4101 a
1238 4044 1383 4099 facie
1438 4042 1585 4112 ejus.
1618 4042 1741 4105 Quo
1773 4039 1998 4110 fragore
2027 4039 2177 4093 toni-

524 4147 643 4203 trui
674 4143 851 4203 simul
885 4154 1155 4213 agnosce,
1189 4134 1329 4207 quia
1352 4138 1503 4188 Deus
1529 4135 1664 4186 ante
1692 4128 2050 4184 desiderium
2081 4145 2169 4184 eo-

524 4252 658 4292 rum
683 4227 1107 4303 investigabilis
1141 4226 1217 4282 sit
1244 4229 1303 4281 et
1326 4223 1654 4277 immensus

599 4375 621 4403 «
657 4347 908 4407 Tonabit
933 4342 1168 4403 Deusin
1197 4355 1336 4396 voce
1366 4353 1473 4393 sua
1504 4332 1869 4398 mirabiliter,
1905 4331 2005 4404 qui
2036 4333 2172 4387 fecit

524 4456 742 4514 magna
770 4442 829 4494 et
854 4428 1283 4491 inscrutabilia.
1335 4448 1363 4478 »
1424 4424 1533 4480 Alii
1592 4424 1865 4477 dixerunt
1938 4422 2165 4514 Tonabit

524 4510 688 4585 Deus.
739 4530 892 4581 Deus
948 4517 1296 4578 mirabiliter
1350 4517 1646 4586 cperatur,
1720 4511 1952 4582 quando
2010 4510 2165 4566 istud

525 4617 854 4673 tonitruum
887 4608 1145 4667 nominis
1188 4605 1301 4674 sui,
1336 4620 1450 4677 quo
1508 4602 1566 4657 in
1597 4605 1718 4657 toto
1749 4601 1969 4656 mundo
2000 4601 2165 4656 fama:

2288 3444 2430 3483 num
2465 3443 2479 3481 :
2513 3426 2747 3496 quando
2780 3442 2849 3479 ex
2878 3425 3168 3496 permissu
3194 3424 3401 3494 judieii
3436 3425 3558 3489 Dei,
3584 3430 3932 3496 potestatem

2287 3516 2499 3589 accipit
2528 3514 2869 3571 hominibus
2900 3513 3265 3584 dominandi,
3298 3519 3355 3569 et
3384 3514 3441 3568 in
3482 3518 3717 3569 antrum
3767 3517 3928 3586 quod

2286 3624 2461 3663 suum
2502 3605 2635 3660 fecit
2660 3603 2774 3659 sibi
2806 3602 3112 3659 constituit
3140 3602 3581 3658 habitationem.
3645 3603 3774 3658 Sive
3825 3621 3934 3659 an-

2283 3700 2443 3751 trum
2476 3694 2564 3750 vel
2589 3694 2767 3749 etiam
2790 3691 3100 3748 latibulum
3128 3691 3576 3762 diaboli,omnes
3598 3697 3935 3764 peccatores

2283 3782 2649 3856 intelligendi
2705 3781 3050 3837 suntzduri
3105 3782 3375 3836 videlicet
3430 3781 3774 3837 infidelitate
3831 3782 3925 3837 vel

2286 3874 2463 3945 saxei,
2497 3889 2646 3945 quos
2672 3871 2830 3927 vitiis
2863 3871 2986 3927 suis
3018 3888 3168 3943 oque
3224 3870 3514 3927 illecebris
3563 3873 3838 3944 possidet,
3873 3878 3938 3929 et

2282 3964 2343 4019 in
2402 3978 2654 4035 quorum
2703 3960 2980 4016 cordibus
3051 3960 3522 4033 criminibusque
3593 3962 3932 4033 requiescit.

2356 4113 2383 4139 ‹‹
2420 4089 2507 4144 Ab
2556 4086 2935 4142 interioribus
2988 4086 3320 4158 egredietur
3375 4090 3693 4160 tenpestas,
3749 4092 3806 4143 et
3852 4088 3931 4145 ab

2282 4182 2513 4234 arcturo
2545 4176 2753 4249 frigus.
2790 4198 2817 4226 ››
2850 4176 2974 4231 Non
3010 4175 3154 4230 mihi
3210 4175 3438 4231 videtur
3468 4177 3621 4247 quod
3655 4175 3723 4231 de
3752 4175 3931 4233 istius

2282 4269 2489 4323 mundi
2520 4266 2730 4339 plagis,
2764 4265 2885 4321 sive
2917 4264 3325 4337 qualitatibus,
3357 4265 3444 4321 vel
3476 4265 3651 4321 etiam
3683 4267 3930 4322 secretis

2280 4358 2410 4429 ejus
2440 4356 2698 4412 motibus
2718 4354 2928 4410 dixerit
2959 4373 2971 4411 :
3007 4355 3645 4426 sed,quemadmodum
3668 4354 3931 4412 diximus

2280 4451 2515 4502 antrum
2548 4446 2668 4502 sive
2700 4443 3010 4500 latibulum
3042 4444 3487 4512 daemoniorum,
3518 4462 3646 4501 esse
3666 4444 3933 4500 humana

2278 4536 2595 4609 praecordia
2626 4553 2639 4591 :
2675 4536 2756 4590 ita
2786 4534 2908 4589 hazc
2938 4533 3223 4589 interiora
3252 4550 3384 4589 cum
3418 4551 3487 4589 ea
3522 4534 3766 4606 ingressi
3798 4534 3931 4589 fuc-

2277 4626 2415 4694 rint,
2446 4628 2670 4681 secreta
2712 4639 2913 4678 eorum
2946 4627 3005 4677 et
3059 4622 3257 4678 abdita
3304 4622 3701 4696 intelligamus
3733 4625 3928 4678 consi-

520 4705 649 4778 ejus
680 4702 890 4761 notitia
918 4696 1251 4765 crebrescit,
1274 4695 1333 4750 in
1367 4692 1611 4749 auribus
1643 4691 1780 4747 facit
1795 4690 2003 4746 animae
2036 4708 2160 4763 per-
2191 4718 2239 4784 Ι)
2269 4714 2350 4771 lia
2372 4690 2575 4771 :'unde
2606 4714 2665 4769 in
2694 4713 2853 4767 hunc
2885 4712 3172 4768 mundum
3207 4690 3677 4784 persecutia,“
3710 4716 3933 4784 tempe-

518 4828 750 4869 sonare.

594 4924 622 4957 α
650 4902 758 4969 Qui
788 4897 1051 4973 praecipit
1080 4895 1197 4951 nivi
1228 4898 1293 4950 ut
1331 4891 1649 4949 descendat
1700 4906 1877 4962 super
1917 4893 2157 4958 terram,

513 4998 572 5051 et
602 4990 815 5049 hiemis
844 4987 1056 5063 pluviis
1102 4990 1159 5042 et
1213 4983 1388 5040 imbri
1430 4980 1796 5038 fortitudinis
1827 4996 1967 5035 suae.
2006 5001 2027 5027 ι
2063 4979 2160 5033 Ni-

509 5100 641 5140 vem
668 5082 981 5138 candorem
1012 5076 1235 5151 gratim,
1269 5091 1395 5146 quze
1428 5089 1531 5145 per
1580 5070 1946 5142 baptismum
1977 5067 2161 5124 fideli-

510 5175 623 5230 bus
651 5171 905 5245 Spiritus
932 5166 1119 5225 sancti
1152 5166 1308 5220 dona
1336 5163 1636 5228 tribuitur,
1708 5158 1980 5231 superius
2028 5156 2166 5212 dixi-

509 5280 644 5319 mus
675 5277 850 5336 posse
881 5255 1200 5332 signiﬁcari
1232 5257 1285 5309 et
1317 5250 1586 5322 exempla
1638 5246 1760 5303 illic
1792 5246 2160 5302 testimonio-

508 5370 643 5409 rum
674 5352 745 5407 de
772 5348 1090 5421 Seripturis
1122 5343 1307 5401 multa
1338 5338 1711 5413 protulimus,
1756 5338 1825 5391 de
1856 5336 2072 5407 quibus
2102 5340 2161 5391 et

511 5442 659 5497 illud
692 5438 1055 5505 Davidicum,
1089 5433 1187 5489 ubi
1221 5432 1303 5487 ait
1348 5432 1407 5485 in
1468 5426 1697 5501 psalmo
1731 5441 1744 5481 ε
1777 5427 1909 5481 Nive
1936 5423 2158 5480 dealba-

512 5530 718 5584 buntur
746 5530 806 5582 in
836 5528 1054 5583 Selmon
1082 5523 1254 5595 (Psal.
1290 5536 1460 5582 van,
1495 5518 1603 5583 15),
1639 5514 1791 5587 quod
1826 5518 1914 5570 est
1944 5515 2004 5569 in
2033 5531 2156 5569 um-

507 5618 623 5672 bra.
660 5618 775 5670 lloe
820 5615 999 5687 igitur
1029 5614 1131 5682 ait,
1165 5610 1319 5684 quod
1352 5606 1629 5673 cmlestis,
1660 5605 1717 5659 id
1768 5609 1874 5670 cst,
1910 5604 2063 5658 Deus
2086 5605 2155 5659 de

507 5705 651 5761 ccelo
674 5704 935 5783 veniens,
967 5719 1133 5775 reges
1165 5715 1397 5772 quoque
1428 5697 1788 5752 discreturus
1823 5692 1934 5783 Isit,
1969 5698 2025 5748 et
2067 5711 2155 5748 se-

2280 4808 2430 4859 state
2452 4802 2647 4859 venire
2687 4801 3010 4857 creduntur
3037 4805 3104 4856 ut
3134 4806 3191 4856 et
3240 4806 3569 4874 peccatores
3603 4806 3928 4871 conterent,

2274 4893 2428 4948 sicut
2457 4890 2773 4963 Egyptios,
2807 4890 3021 4962 quibus
3049 4890 3209 4945 venit
3228 4890 3519 4947 immissio
3550 4907 3652 4962 per
3680 4890 3927 4962 angelos

2275 4978 2483 5034 malos.
2512 4980 2581 5033 Et
2607 4977 2796 5033 sancti
2828 4978 3030 5033 eadem
3083 4983 3427 5051 tempestate
3469 4976 3925 5033 tribulationum

2272 5068 2459 5124 nimia
2509 5068 2955 5138 conturbentur,
3008 5068 3161 5123 sicut
3238 5068 3479 5140 quidam
3531 5083 3732 5122 eorum
3781 5067 3864 5121 ait
3911 5084 3927 5121 :

2277 5158 2500 5214 Gravati
2527 5175 2716 5213 sumus
2770 5174 2939 5228 supra
2967 5158 3248 5224 virtutem,
3311 5159 3387 5211 ita
3446 5164 3504 5212 ut
3551 5156 3778 5212 arderet
3829 5172 3933 5210 nos

2271 5251 2435 5303 etiam
2468 5250 2649 5303 vivere
2678 5249 2749 5319 (II
2776 5250 2897 5303 Cor.
2940 5264 2978 5318 ι,
3012 5248 3066 5317 8)
3095 5264 3107 5315 ;
3146 5247 3354 5319 Frigus
3408 5262 3640 5317 quoque
3682 5247 3809 5316 ejus
3842 5246 3930 5299 in-

2270 5336 2573 5392 ﬁdelitatis
2605 5336 2973 5406 immittitur,
3001 5342 3065 5390 ut
3115 5353 3148 5390 a
3180 5335 3464 5391 charitate
3498 5335 3614 5403 Dei,
3649 5341 3703 5389 et
3734 5333 3931 5390 calore

2270 5427 2406 5482 fidei
2438 5426 2804 5481 discedentes
2835 5425 2890 5479 in
2918 5424 3174 5497 algorem
3210 5425 3536 5498 negationis
3568 5424 3872 5477 incurrant
3912 5466 3925 5488 ,

2270 5532 2397 5587 quae
2438 5515 2638 5570 omnia
2678 5514 3011 5569 immittunt
3041 5514 3335 5569 daemones
3368 5531 3470 5585 per
3501 5512 3925 5579 ministerium,

2268 5610 2324 5658 et
2355 5606 2675 5658 sententias
2708 5602 3102 5675 principuum,
3125 5608 3181 5657 et
3212 5602 3537 5657 infidelium
3566 5605 3925 5672 potestatum

2264 5695 2549 5748 Arcturus
2580 5709 2735 5760 vero,
2767 5692 2907 5763 quia
2936 5692 2992 5746 in
3026 5692 3265 5748 sinistra
3287 5691 3489 5747 mundi
3515 5696 3602 5746 est
3634 5688 3920 5745 constitu-

504 5798 822 5869 paraturus
856 5808 868 5848 :
905 5756 1115 5849 siveoin
1148 5789 1357 5845 umbra
1385 5785 1504 5843 sint
1534 5756 1891 5840 dealbandi’:
1925 5782 2023 5838 ubi
2048 5782 2155 5838 hoc
2264 5786 2381 5851 tus,
2416 5781 2804 5837 adversariam
2858 5788 3079 5853 partem
3130 5782 3424 5853 signiﬁcat
3457 5798 3470 5849 ;
3506 5782 3577 5836 de
3606 5779 3778 5850 cujus
3809 5779 3915 5835 cli-
