4220 6572
1456 288 1493 312 δ

333 516 449 578 ’785

1374 521 1890 583 COMMENTAR.
1936 522 2015 581 lN
2058 521 2197 582 JOB
2242 520 2418 581 BAP.
2464 522 2767 584 XXXVII.

3631 523 3748 583 786

335 652 493 706 mate
537 652 747 706 ventus
797 648 994 721 aquilo
1041 648 1271 722 gelidus
1321 651 1509 725 spirat
1556 655 1759 710 contra
1806 651 1980 708 meri-
2008 654 2066 722 Α
2094 652 2476 725 gubernantis
2505 652 2756 723 duxerit,
2789 653 2861 709 ad
2907 667 3081 709 omne
3127 653 3281 725 quod
3315 653 3590 726 praecepit
3620 655 3741 712 illis

333 738 511 795 dicm.

403 852 430 879 «
465 827 664 885 Flante
693 829 809 885 Deo
841 830 1162 886 concrescit
1207 830 1364 904 gelu,
1406 835 1463 887 et
1518 849 1755 888 rursum
1812 831 1976 887 latis-

2090 758 2268 814 super
2322 742 2533 799 faciem
2590 742 2748 799 orbis
2804 747 3115 799 terrarum.
3164 763 3193 793 »
3254 742 3476 798 Lumen
3536 744 3739 817 utique

2086 830 2382 902 Evangelii
2412 831 2889 903 praedicationum
2934 830 3336 887 coruscatione
3388 831 3688 890 mittentes
3720 851 3734 890 :

329 918 475 974 sime
506 919 834 975 funduntur
862 936 1047 992 aquae.
1091 942 1112 969 ι
1155 921 1317 985 Quod
1348 920 1443 977 hic
1473 922 1620 976 dixit
1651 922 1828 977 ﬂante
1860 921 1974 976 Deo
2085 915 2284 974 lumen
2307 920 2599 993 Evangelii
2633 924 2920 993 spargunt
2949 937 3129 992 supra
3149 920 3323 976 corda
3345 922 3731 978 credentium.

327 1024 729 1065 conscrescere
775 1026 980 1081 aquas,
1017 1010 1075 1064 id
1131 1013 1241 1077 est,
1275 1009 1536 1081 glaciari,
1570 1014 1627 1066 et
1674 1014 1973 1066 concretas
2082 1009 2194 1063 Alii
2220 1012 2350 1065 vero
2372 1009 2715 1082 interpretes
2738 1010 3042 1066 dixerunt:
3072 1010 3189 1065 «Et
3216 1010 3341 1082 ipsa
3362 1028 3463 1083 per
3484 1012 3734 1067 circum-

323 1097 470 1164 ﬂeri,
504 1098 563 1154 in
595 1099 823 1171 psalmo
872 1116 902 1155 e
954 1098 1245 1154 contrario
1277 1099 1419 1155 dicit
1452 1118 1467 1156 :
1516 1100 1720 1163 Flabit,
1754 1098 1969 1171 inquit,

319 1189 548 1259 spiritus
603 1190 740 1260 ejus,
791 1193 844 1244 et
897 1190 1070 1259 ﬂuent
1127 1205 1284 1260 aqua:
1343 1190 1520 1262 (Psal.
1572 1207 1778 1260 cxcvn,
1830 1188 1965 1258 18):

319 1278 375 1333 id
429 1284 518 1334 est
566 1278 928 1335 resolvantur
965 1296 1030 1335 ac
1061 1279 1337 1336 deﬂuent.
1371 1280 1483 1336 Sed
1515 1280 1636 1337 sive
1666 1279 1760 1335 hic
1793 1278 1967 1334 ﬂante

316 1367 455 1438 Deo,
485 1367 606 1424 sive
654 1368 714 1423 in
768 1368 1014 1440 psalmo,
1054 1369 1219 1439 ﬂabit
1262 1371 1494 1442 spiritus
1539 1372 1677 1441 ejus,
1719 1369 1965 1440 jubente

297 1446 453 1528 'Deo,
487 1458 606 1514 sive
646 1458 880 1529 jubebit
927 1458 1192 1531 spiritus,
1246 1459 1570 1533 intelligere
1620 1475 1959 1532 possumus.

314 1548 385 1602 Et
414 1549 569 1619 quod
601 1548 694 1603 hic
723 1547 888 1616 dixit,
936 1550 1258 1605 concrescit
1286 1549 1443 1622 gelu,
1476 1549 1586 1605 hoc
1639 1549 1696 1604 in
1747 1548 1962 1621 psalmi

313 1637 613 1709 superiore
650 1637 934 1694 versiculo
987 1639 1111 1693 ait:
1163 1640 1384 1695 Emittit
1428 1639 1751 1713 crystallum
1796 1656 1959 1695 suum

308 1728 449 1781 sicut
502 1728 681 1797 frusta
729 1728 893 1799 panis
944 1727 1106 1799 (Ibid.
1174 1729 1283 1797 17).
1326 1729 1412 1784 Ita
1464 1733 1659 1784 autem
1718 1727 1957 1783 hiemali

307 1819 570 1889 tempore
618 1818 742 1874 ﬁeri
791 1816 1082 1885 ﬁovimus,
1116 1821 1183 1873 ut
1229 1818 1424 1885 ﬂante,
1466 1818 1523 1873 id
1574 1822 1683 1888 est,
1709 1818 1957 1891 jubente

306 1910 441 1975 Deo,
473 1907 657 1963 nimio
709 1907 923 1980 frigore
974 1908 1316 1975 densentur,
1349 1907 1436 1964 vel
1487 1907 1663 1964 etiam
1711 1924 1953 1964 concre-

304 2000 472 2052 scant
501 2014 688 2069 aquae,
721 2001 778 2052 et
808 1998 1023 2053 iterum
1054 2001 1314 2069 tempore
1362 1996 1513 2053 aeris
1562 1996 1946 2053 resolvantur.

301 2086 633 2141 Secundum
681 2087 963 2158 mysticos
1012 2104 1147 2143 vero
1192 2086 1519 2143 intellectus
1548 2087 1611 2143 in
1641 2089 1948 2160 praeteritis

299 2175 795 2247 generationibus,
853 2176 926 2231 ob
994 2176 1269 2233 meritum
1337 2194 1514 2233 suum
1581 2177 1948 2249 relinquente

298 2263 455 2319 Deus
506 2281 693 2336 genus
741 2264 1089 2333 humanum,
1126 2264 1270 2321 ﬂatu
1316 2265 1435 2322 oris
1465 2265 1586 2333 Dei,
1618 2270 1675 2322 et
1697 2266 1947 2338 justitiae

292 2350 422 2420 ejus
477 2355 756 2407 manante
802 2352 1111 2420 sententia,
1147 2369 1281 2409 cum
1311 2356 1645 2410 removetur
1691 2355 1764 2409 ab
1813 2354 1949 2427 igne

295 2440 512 2507 divino,
582 2440 775 2497 omnis
841 2446 1110 2498 creatura
1172 2446 1442 2499 concreta
1504 2447 1594 2500 est
1661 2448 1946 2517 tanquam

289 2527 445 2600 gelu,
479 2532 536 2586 et
584 2547 619 2585 a
662 2547 799 2586 vera
844 2531 947 2586 Dei
1002 2530 1374 2603 cogitatione,
1406 2532 1641 2604 frigoris
1693 2533 1783 2589 sui
1832 2533 1945 2590 im-

290 2618 606 2675 mensitate
656 2620 993 2676 constricta.
1026 2622 1193 2677 Nunc
1242 2638 1376 2677 vero
1421 2639 1525 2694 per
1553 2622 1802 2695 gratiam
1833 2624 1944 2680 Do-

290 2707 436 2762 mini
488 2712 545 2763 et
594 2708 910 2766 Salvatoris
938 2711 1145 2778 nostri,
1180 2711 1334 2789 sicut
1364 2710 1446 2766 ait
1477 2712 1680 2767 Petrus
1714 2717 1943 2784 aposto-

288 2795 385 2851 lus
440 2813 453 2853 :
529 2799 786 2870 Tempora
848 2801 1178 2871 ignorantia
1208 2801 1521 2872 dsepiciens
1580 2806 1726 2856 Deus
1791 2802 1940 2873 (Act.

284 2903 444 2958 xvm,
478 2888 591 2959 30),
626 2905 865 2945 rursum
906 2890 979 2945 ab
1021 2889 1121 2945 illo
1168 2889 1363 2963 algore
1408 2889 1716 2946 oblivionis
1767 2896 1943 2963 atque

287 2976 524 3045 duritia,
547 2994 676 3050 quae
709 2979 863 3034 sicut
892 2978 1051 3052 longi
1082 2979 1363 3051 temporis
1391 2979 1527 3052 gelu
1559 2979 1941 3047 obduruerat,

290 3064 593 3123 charitatis
637 3068 739 3124 Dei
781 3068 914 3141 igne
942 3067 1251 3125 solvuntur
1279 3086 1444 3141 aquae
1477 3069 1849 3142 populorum,
1885 3076 1942 3126 et

292 3155 481 3211 ﬂuant
508 3159 566 3212 et
595 3161 902 3214 recurrant
925 3158 997 3213 ad
1030 3162 1234 3214 Deum.

356 3268 385 3296 ‹‹
421 3246 810 3303 Frumentum
832 3247 1129 3304 desiderat
1148 3248 1356 3304 nubes.
1379 3267 1407 3300 η
1436 3248 1554 3305 Ηοο
1574 3252 1665 3304 est
1686 3249 1940 3306 frumen-

282 3337 434 3403 tum,
468 3336 539 3392 de
587 3353 702 3408 quo
753 3337 1040 3394 Dominus
1080 3337 1140 3393 in
1174 3337 1493 3409 Evangelio
1523 3338 1608 3395 ait
1636 3354 1741 3411 per
1768 3356 1936 3411 para-

2079 1097 2229 1153 itum
2263 1099 2509 1154 vertitur
2541 1099 2597 1153 in
2632 1098 3066 1171 gubernaculis,
3113 1100 3186 1156 ad
3240 1102 3536 1172 operando.
3597 1119 3727 1158 om-

2079 1186 2175 1241 nia
2205 1204 2331 1259 qua:
2365 1189 2744 1244 mandaverat
2781 1188 2884 1244 eis.
2924 1212 2951 1239 »
3002 1188 3130 1244 Haec
3180 1194 3319 1245 sunt
3367 1190 3548 1263 igitur
3595 1208 3721 1264 quea

2076 1277 2394 1348 mandavit,
2418 1281 2476 1333 et
2506 1277 2775 1350 praecepit
2795 1277 3018 1334 caeteris
3038 1278 3297 1335 nubibus
3328 1280 3451 1336 suis
3478 1281 3677 1337 dicens
3701 1297 3715 1337 :

2071 1366 2150 1421 Ite
2196 1366 2255 1422 in
2306 1368 2626 1423 universum
2671 1367 2958 1436 mundum,
3006 1368 3304 1440 praedicam
3358 1372 3719 1440 Evangelium

2070 1457 2345 1514 universae
2391 1465 2663 1514 creatura:
2709 1461 2904 1527 (Marc.
2938 1475 3051 1525 xvr,
3086 1459 3194 1529 15).
3241 1458 3490 1515 Proinde
3543 1462 3714 1531 quasi

2068 1548 2237 1601 vento
2268 1545 2476 1619 spiritu
2510 1546 2633 1615 Dei,
2666 1563 2781 1619 quo
2812 1551 2877 1602 ut
2907 1547 3093 1603 nubes
3132 1548 3475 1620 agebantur,
3508 1550 3714 1621 prohi-

2067 1634 2171 1690 biti
2203 1639 2344 1691 sunt
2375 1634 2454 1692 ire
2485 1635 2841 1708 Bithyniam,
2872 1640 2928 1692 et
2957 1637 3029 1693 de
3056 1638 3258 1693 Judma
3300 1639 3545 1695 Romam
3593 1640 3710 1699 illis

2064 1726 2316 1782 transire
2362 1729 2739 1798 praeceptum,
2772 1728 2829 1781 et
2876 1726 2957 1781 ita
3010 1725 3164 1782 sicut
3211 1727 3385 1783 editio
3425 1728 3704 1802 continet,

2064 1815 2264 1870 orbem
2296 1814 2634 1871 universum
2667 1813 2987 1871 lustrantes
3022 1814 3460 1872 circumierunt.

2134 1927 2161 1954 «
2194 1903 2323 1960 Sive
2372 1904 2431 1959 in
2482 1921 2599 1958 una
2647 1903 2827 1972 tribu,
2862 1904 2980 1959 sive
3028 1904 3086 1959 in
3130 1908 3287 1962 terra
3334 1924 3462 1977 sua,
3494 1908 3613 1966 sive
3645 1910 3704 1967 in

2062 2010 2414 2067 quocunque
2460 1993 2585 2049 loco
2628 1993 3039 2050 misericordiae
3070 2012 3189 2051 suae
3220 2012 3318 2053 eas
3342 1998 3587 2068 jusserit
3614 2001 3704 2056 in-

2059 2083 2264 2141 veniri.
2298 2105 2325 2134 »
2380 2083 2499 2139 Hoc
2541 2087 2630 2139 est
2661 2085 2815 2156 quod
2845 2084 2970 2156 ipse
2998 2083 3284 2140 Dominus
3313 2086 3393 2141 ait
3422 2087 3482 2142 in
3514 2089 3706 2145 Evan-

2058 2172 2209 2246 gelio
2244 2189 2256 2227 :
2308 2174 2476 2228 Eritis
2520 2173 2663 2228 mihi
2704 2176 2862 2228 testes
2901 2174 2959 2227 in
2988 2174 3309 2243 Jerusalem,
3340 2184 3392 2231 et
3419 2180 3701 2247 Samaria,

2057 2269 2108 2317 et
2153 2279 2322 2333 usque
2370 2261 2440 2317 ad
2486 2263 2750 2318 ultimum
2790 2266 2956 2320 terra:
3003 2263 3141 2335 (Act.
3175 2279 3215 2333 l,
3249 2264 3353 2336 8):
3411 2266 3511 2322 ubi
3557 2266 3703 2325 illud

2056 2351 2316 2424 pascipue
2362 2353 2711 2408 intuendum
2749 2356 2856 2425 est,
2890 2353 3046 2423 quod
3077 2353 3202 2410 ait:
3255 2355 3319 2410 In
3350 2372 3703 2430 quocunque

2055 2439 2181 2496 loco
2213 2440 2628 2497 misericordiae
2660 2458 2778 2496 suae
2808 2441 3058 2513 jusserit
3102 2442 3348 2499 inveniri
3381 2462 3394 2500 :
3450 2446 3551 2501 ubi
3598 2464 3705 2521 per

2055 2530 2306 2603 gratiam
2349 2530 2560 2586 Christi
2609 2534 2783 2602 atque
2819 2531 3055 2603 pietatis
3086 2550 3203 2588 sua:
3236 2533 3700 2593 misericordiam

2056 2618 2347 2693 signiﬁcax
2363 2621 2407 2676 it
2435 2620 2509 2676 ad
2538 2619 2712 2675 ﬁdem
2753 2622 3126 2677 revocandos.

2125 2732 2153 2760 «
2185 2708 2465 2766 Ausculta
2495 2709 2640 2780 haec,
2673 2709 2804 2779 Job,
2836 2713 2949 2780 sta,
2981 2715 3037 2767 et
3066 2712 3375 2768 considera
3405 2714 3701 2772 mirabilia

2054 2797 2174 2855 Dei.
2209 2822 2236 2850 ι)
2300 2800 2587 2856 Admonet
2619 2798 2768 2869 Eliu,
2803 2804 2866 2855 ut
2897 2805 3266 2858 sacramenta
3293 2804 3354 2858 in
3385 2803 3613 2862 Christo
3642 2811 3701 2863 et

2054 2887 2308 2944 Ecclesia
2358 2887 2753 2961 adimplenda,
2792 2890 2905 2945 Job
2959 2907 3098 2946 aure
3146 2892 3339 2949 cordis
3392 2893 3701 2968 diligenter

2050 2977 2334 3048 intendat,
2358 2982 2414 3033 et
2447 2977 2507 3033 in
2539 2978 2751 3034 mentis
2783 2996 2899 3034 sua
2926 2980 3163 3052 specula
3192 2983 3574 3051 constitutus,
3596 2985 3698 3041 ubi

2050 3065 2226 3123 etiam
2255 3066 2557 3140 vigilantia
2587 3069 2899 3125 contuendi
2931 3071 3172 3126 docetur
3200 3077 3356 3129 stare
3388 3090 3401 3128 :
3434 3075 3701 3131 conside-

2050 3158 2137 3210 ret
2186 3155 2606 3229 miraculorum
2654 3157 2757 3213 Dei
2812 3158 3010 3215 futura
3067 3162 3363 3235 mysteria,
3413 3179 3541 3235 quae
3595 3181 3699 3237 per

2050 3245 2237 3301 nubes
2268 3246 2583 3302 rationales
2613 3251 2961 3319 operaturus
2991 3249 3087 3306 sit.

2124 3356 2146 3387 ι
2182 3335 2481 3408 Numquid
2527 3336 2666 3404 scis,
2698 3338 2932 3408 quando
2971 3340 3246 3411 praecepit
3277 3340 3430 3398 Deus
3459 3342 3695 3416 pluviis,

278 3425 501 3495 bolam,
554 3426 800 3483 dicens:
853 3427 1102 3499 Colligite
1149 3429 1377 3484 zizania
1424 3429 1487 3483 in
1530 3429 1820 3496 fasciculos
1867 3429 1939 3485 ad
1968 3413 2011 3482 C
2050 3427 2115 3479 ut
2144 3425 2516 3481 ostenderent
2560 3425 2751 3481 lucem
2801 3427 3048 3483 nubium
3088 3429 3263 3500 ejus?
3292 3452 3322 3479 »
3371 3413 3530 3487 More
3558 3413 3691 3505 pro;

273 3515 729 3585 comburendum,
776 3518 1025 3572 triticum
1070 3526 1257 3572 autem
1313 3520 1635 3589 congregata
1689 3519 1750 3574 in
1808 3520 1934 3575 hor-

273 3620 434 3659 reum
492 3620 677 3661 meum
724 3606 933 3677 (Matth.
967 3623 1093 3674 xm,
1127 3607 1239 3679 30).
1282 3607 1530 3664 Proinde
1577 3608 1688 3663 hoc
1733 3608 1929 3665 vivum

276 3694 667 3763 frumentum,
700 3695 966 3752 doctores
1014 3712 1281 3770 quosque
1329 3696 1612 3767 Ecclesize,
1645 3698 1744 3771 qui
1774 3698 1934 3755 velut

273 3784 463 3840 nubes
511 3788 748 3857 portant
795 3802 980 3859 aquas
1028 3786 1346 3860 Evangelii,
1380 3787 1584 3844 audire
1612 3788 1928 3859 desiderat,

275 3872 433 3929 sicut
461 3877 519 3930 et
550 3873 635 3931 illi
668 3874 768 3947 qui
801 3880 970 3931 erant
1001 3877 1071 3932 de
1110 3876 1220 3932 hoc
1265 3877 1560 3933 frumento
1609 3878 1924 3951 dominico,

272 3961 611 4020 habitantes
658 3965 975 4021 Antiochiae
1033 3966 1285 4031 Pisidiae,
1337 3967 1624 4039 rogabant
1679 3967 1923 4024 Paulum

275 4054 334 4106 et
393 4053 740 4123 Barnabam,
800 4058 867 4109 ut
922 4053 1305 4127 loquerentur
1360 4055 1444 4111 eis
1499 4057 1741 4113 verbum
1804 4058 1921 4125 Dei,

271 4142 428 4211 quod
456 4142 717 4199 fecerunt
740 4144 987 4216 apostoli
1014 4146 1329 4201 suadentes
1351 4162 1693 4217 permanere
1713 4146 1771 4202 in
1794 4163 1921 4220 gra-

271 4226 355 4283 tia
384 4228 486 4285 Dei
518 4232 657 4301 (Act.
686 4249 812 4300 xm,
846 4233 955 4304 15).
979 4233 1283 4290 Cornelius
1316 4250 1550 4306 quoque
1580 4235 1653 4291 ad
1685 4236 1918 4293 Petrum

268 4318 388 4375 ait:
421 4320 577 4376 Nunc
604 4338 732 4394 ergo
761 4339 946 4378 omnes
989 4339 1085 4379 nos
1116 4325 1172 4378 in
1203 4327 1488 4395 conspectu
1517 4333 1604 4381 tuo
1634 4326 1917 4400 adsumus,

265 4408 469 4465 audire
496 4413 682 4467 omnia
713 4427 1053 4484 quweunque
1094 4413 1197 4468 tibi
1237 4422 1511 4486 praecepta
1548 4422 1681 4471 sunt
1729 4434 1762 4472 a
1808 4419 1914 4475 Do-

261 4500 420 4554 mino
468 4500 602 4572 (Act.
633 4518 692 4569 x,
725 4502 835 4573 33).
876 4503 948 4558 Et
996 4502 1226 4575 Moyses
1275 4504 1403 4559 ait:
1454 4505 1714 4576 Excipiet
1761 4508 1914 4563 velut

257 4589 455 4661 pluvia
482 4592 757 4662 eloquium
796 4608 998 4663 meum,
1030 4595 1080 4647 et
1111 4591 1437 4648 descendant
1464 4595 1605 4649 sicut
1634 4611 1723 4651 ros
1752 4597 1913 4652 verba

260 4694 387 4732 mea
434 4679 611 4750 (Deut.
642 4697 819 4750 xxxn,
851 4683 928 4753 2).
964 4681 1127 4738 Unde
1175 4688 1231 4738 et
1259 4681 1572 4754 Apostolus
1625 4685 1705 4739 ait
1739 4703 1751 4740 :
1804 4689 1909 4759 Ego

2042 3513 2354 3586 phetarum
2388 3531 2491 3587 pro
2520 3514 2690 3571 factis
2720 3516 2921 3572 futura
2951 3525 3393 3575 commemorat.
3427 3520 3696 3595 Praecipit

2042 3603 2224 3676 igitur
2253 3603 2406 3661 Deus
2439 3603 2650 3677 pluviis
2682 3604 3050 3678 evangelicis,
3078 3611 3142 3663 ut
3171 3608 3417 3664 nubium
3447 3627 3691 3667 suarum

2039 3691 2252 3765 lucem,
2285 3693 2343 3749 id
2378 3698 2484 3761 est,
2518 3698 2723 3750 sancta
2762 3711 2940 3768 opera
2968 3713 3077 3753 sua
3106 3698 3370 3763 doctores
3401 3716 3507 3772 per
3532 3699 3689 3756 infu-

2039 3782 2261 3840 sionem
2310 3784 2444 3839 fidei
2494 3785 3009 3843 demonstrarent:
3059 3792 3117 3843 et
3166 3787 3287 3843 haec
3336 3789 3408 3845 ad
3459 3789 3686 3847 illumi-

2037 3874 2261 3929 nandos
2292 3873 2560 3931 homines
2590 3875 2995 3933 misericordia
3022 3876 3273 3933 ccelestis
3312 3885 3607 3951 cperatur.

2107 3986 2135 4013 «
2164 3964 2462 4036 Numquid
2486 3964 2639 4021 nosti
2661 3966 2904 4021 semitas
2924 3959 3173 4023 nubium
3196 3984 3460 4041 magnas,
3476 3975 3531 4026 et
3554 3988 3681 4041 per-

2033 4052 2215 4109 fectas
2237 4053 2512 4110 scientias
2527 4054 2594 4109 7n
2622 4055 2726 4110 Hic
2746 4056 2887 4111 dum
2910 4055 3051 4111 dicit
3070 4056 3356 4128 perfectas
3377 4059 3674 4131 scientias,

2030 4142 2100 4196 de
2117 4142 2501 4199 rationalibus
2520 4159 2583 4201 se
2602 4143 2859 4200 nubibus
2876 4145 3170 4201 evidenter
3186 4148 3443 4203 ostendit
3460 4148 3670 4218 dicere,

2027 4235 2083 4286 et
2136 4232 2582 4303 praedicatorum
2632 4233 2761 4301 viis,
2797 4239 2855 4289 et
2900 4234 3208 4291 subtilium
3252 4252 3536 4293 sensuum
3586 4256 3672 4295 se-

2028 4322 2205 4378 mitis.
2266 4321 2368 4377 Dic
2424 4323 2592 4395 mihi,
2651 4341 2869 4396 quaeso,
2917 4326 2968 4382 si
3022 4342 3370 4399 cognoscere
3424 4332 3668 4402 potuisti

2024 4431 2151 4486 quae
2198 4414 2426 4470 semitae
2472 4414 2531 4469 in
2581 4414 2841 4470 nubibus
2889 4420 3027 4471 sunt
3064 4434 3287 4490 magnae
3319 4424 3375 4474 et
3404 4422 3666 4493 perfectas

2023 4503 2276 4558 scientia:
2297 4503 2324 4558 ?
2353 4503 2687 4576 Figurabat,
2722 4504 2841 4560 hmo
2874 4505 3139 4575 dicendo,
3174 4509 3523 4579 apostolicus
3554 4530 3663 4568 nu-

2020 4592 2144 4660 bes,
2160 4609 2409 4664 quarum
2435 4611 2549 4648 una
2571 4594 2856 4650 citissime
2878 4596 3062 4651 nubes
3084 4597 3164 4651 ait
3185 4598 3255 4652 ad
3276 4598 3664 4659 Salvatorem:

2022 4684 2094 4738 Tu
2123 4699 2178 4739 es
2210 4684 2465 4739 Christus
2493 4684 2669 4738 Filius
2700 4686 2808 4739 Dei
2852 4687 2967 4739 vivi
3004 4687 3210 4757 (Matth.
3242 4705 3357 4755 xv1,
3393 4690 3503 4762 16),
3535 4709 3662 4764 qum

252 4768 540 4839 plantavi,
571 4770 762 4842 Apollo
793 4772 1016 4840 rigavit,
1047 4772 1142 4828 sed
1188 4774 1328 4827 Deus
1375 4774 1775 4861 incrementum
1817 4778 1908 4834 de-
1942 4792 1986 4858 ι)
2019 4772 2299 4845 quoniam
2338 4788 2629 4844 suspensa
2677 4789 2710 4828 ll
2758 4777 2932 4842 terra,
2965 4778 3023 4830 et
3050 4777 3317 4847 proxima
3343 4787 3469 4835 erat
3497 4782 3661 4853 coelo,

256 4855 338 4910 dit
369 4858 423 4929 (ι
452 4861 574 4914 Cor.
611 4876 693 4928 ιη,
723 4861 802 4928 6).
834 4863 966 4915 Hinc
995 4861 1182 4917 nubes
1214 4866 1423 4933 potest,
1457 4868 1514 4917 et
1554 4862 1678 4936 ipse
1708 4855 1907 4924 Domi-

258 4962 394 5013 nus,
426 4946 485 5002 id
539 4951 650 5013 est,
686 4953 1029 5022 assumptus
1077 4950 1252 5006 homo
1300 4950 1359 5006 in
1409 4956 1583 5008 Deum
1635 4954 1904 5029 intelligi,

258 5033 411 5091 sicut
442 5036 726 5109 propheta
755 5039 1187 5111 praznuntiavit,
1221 5040 1422 5096 dicens
1456 5059 1469 5097 :
1518 5042 1651 5098 Ecce
1680 5045 1903 5101 descen-

252 5123 333 5179 dit
363 5126 629 5182 Dominus
677 5130 736 5183 in
782 5129 927 5185 nube
957 5130 1063 5184 levi
1093 5131 1154 5185 in
1183 5131 1478 5203 ﬂigyptum
1523 5132 1651 5199 (lsa.
1687 5150 1805 5202 xix,
1840 5138 1901 5204 ι).

252 5213 362 5270 Per
420 5232 596 5288 quem
655 5217 853 5274 divina
906 5218 1115 5292 gratia,
1176 5224 1235 5275 et
1298 5220 1563 5275 doctrina
1630 5222 1902 5292 caelestis,

254 5303 477 5359 mundo
533 5306 887 5363 eﬂ'undenda
947 5307 1472 5380 praenuntiabatur.
1534 5310 1603 5364 Et
1661 5311 1905 5381 pulchre

251 5394 439 5450 nubes
469 5393 610 5450 levis
641 5396 853 5452 dicitur
887 5413 899 5453 :
936 5398 1055 5453 sive
1086 5398 1224 5470 quia
1254 5399 1377 5470 ipse
1409 5397 1672 5455 Salvator
1702 5417 1906 5473 pecca-

254 5486 384 5537 tum
418 5500 533 5539 non
566 5484 700 5540 fecit
731 5487 928 5557 Agnus
958 5486 1057 5541 Dei
1104 5487 1151 5559 (l
1180 5492 1327 5543 Petr.
1363 5504 1423 5558 ιι,
1456 5490 1568 5558 2'3),
1602 5488 1721 5545 sive
1769 5490 1908 5562 quia

254 5571 418 5645 virgo
468 5572 666 5640 Maria,
700 5578 888 5630 mater
932 5574 1190 5644 Domini,
1221 5594 1337 5632 non
1383 5594 1451 5632 ex
1498 5577 1651 5632 virili
1683 5580 1907 5636 semine

261 5667 574 5733 aggravata
602 5665 748 5731 (Luc.
787 5681 824 5731 ι,
858 5664 972 5735 35),
1002 5664 1144 5721 levis
1185 5666 1372 5723 nubes
1402 5671 1491 5723 est
1519 5667 1691 5724 dicta.

337 5772 365 5803 «
395 5752 464 5808 Et
492 5752 679 5809 nubes
722 5758 1010 5827 spargunt
1037 5752 1236 5811 lumen
1267 5771 1461 5813 suum.
1493 5755 1627 5820 Qum
1656 5756 1913 5815 lustrant

264 5843 479 5903 cuncta
533 5857 638 5918 per
692 5842 1004 5905 circuitum
1061 5859 1413 5924 quocunque
1478 5862 1577 5907 eas
1640 5846 1911 5908 voluntas

2019 4862 2331 4934 respondet
2360 4865 2412 4917 ei
2444 4861 2725 4917 Dominus
2759 4879 2772 4917 :
2814 4865 2925 4920 Hoc
2952 4866 3055 4920 tibi
3082 4882 3191 4921 non
3220 4869 3483 4926 revelavit
3510 4888 3659 4941 caro,

2017 4956 2066 5007 et
2112 4953 2369 5021 sanguis,
2415 4953 2507 5007 sed
2552 4954 2720 5008 Pater
2767 4969 2918 5008 meus
2966 4954 3129 5027 (Ibid.
3165 4958 3275 5028 17).
3311 4958 3478 5013 Alius
3525 4977 3659 5015 vero

2018 5041 2319 5115 apostolus
2376 5046 2657 5113 tanquam
2709 5043 2897 5099 nubes
2944 5046 3117 5116 plena
3167 5047 3338 5117 aquis
3394 5048 3657 5119 perfecta;

2015 5132 2288 5199 scientiae,
2322 5149 2357 5187 a
2408 5133 2663 5188 tonitruo
2707 5132 3003 5206 Evangelii
3052 5136 3355 5205 copiosum
3408 5137 3657 5193 imbrem

2014 5221 2261 5278 effundit
2304 5221 2384 5277 ita
2422 5222 2641 5277 dicens.
2678 5223 2735 5277 In
2763 5223 3042 5295 principio
3070 5227 3190 5277 erat
3225 5225 3451 5279 Verbum
3479 5225 3655 5295 (Joan.

2018 5328 2055 5381 ι,
2094 5312 2165 5383 1),
2211 5315 2319 5366 etc.
2352 5314 2474 5376 Quo
2522 5310 2883 5367 validissimo
2930 5311 3186 5368 tonitruo
3237 5313 3452 5384 ubique
3502 5331 3661 5370 reso-

2016 5407 2213 5467 nante,
2247 5407 2310 5456 ut
2362 5417 2595 5455 omnem
2640 5404 2855 5455 terram
2900 5401 2971 5455 ad
3012 5400 3188 5455 ﬁdem
3218 5400 3514 5472 religionis
3545 5406 3662 5459 tre-

2018 5506 2180 5546 more
2210 5494 2545 5545 concuteret
2578 5508 2590 5546 :
2624 5489 2774 5546 alius
2806 5491 2862 5544 in
2891 5490 3094 5545 Judaea
3125 5506 3227 5562 per
3256 5490 3524 5547 iteratam
3557 5510 3661 5548 na-

2017 5580 2302 5635 tivitatem
2336 5583 2591 5648 exortus,
2622 5579 2781 5635 velut
2825 5596 3001 5651 parva
3032 5579 3323 5635 nubecula
3354 5580 3434 5637 ita
3464 5585 3659 5653 crevit,

2020 5674 2074 5723 et
2105 5669 2278 5724 ﬂante
2309 5670 2519 5741 spiritu
2550 5668 2830 5724 dilatatus
2862 5671 2970 5735 est,
3005 5673 3069 5723 ut
3099 5667 3322 5740 pluvias
3355 5674 3660 5745 mysterio-

2020 5775 2151 5813 rum
2184 5776 2218 5813 a
2250 5757 2480 5814 saeculis
2501 5763 2855 5814 secretorum
2885 5758 3146 5828 perfectae
3175 5759 3449 5833 scientiae,
3475 5781 3663 5837 usque

2021 5848 2095 5907 ad
2144 5846 2441 5927 Illyricum
2489 5850 2789 5921 spargeret
2816 5847 2992 5920 (Rom.
3024 5865 3115 5922 xv,
3151 5849 3259 5928 19),
3278 5850 3541 5929 aliasque
3571 5858 3665 5916 to.
