4220 6572
538 492 652 550 787

2043 472 2466 543 APPENDIX.

3832 464 3956 535 788

536 621 658 677 tius
704 620 915 676 mundi
961 621 1229 693 regiones
1273 618 1453 692 largis
1483 616 1868 674 effusionibus
1901 614 2184 685 irrigaret.
2214 616 2270 682 Α
2298 612 2529 668 Christo
2560 609 2870 667 revelanda
2905 620 3277 682 cognoscere,
3310 609 3370 662 et
3394 605 3528 663 aliis
3559 604 3774 674 modis,
3811 604 3951 679 qui-

544 711 611 765 Et
640 709 777 765 hinc
809 714 899 765 est
927 714 993 766 ut
1022 708 1203 776 aliqui
1236 725 1437 764 eorum
1471 705 1905 780 appellarentur
1952 703 2057 759 filii
2104 708 2191 759 to-

543 798 749 865 nitrui,
801 797 952 853 alius
1008 814 1142 853 vero
1202 797 1492 852 diceretur
1558 796 1714 850 filius
1780 792 2196 865 suspendentis

545 904 731 959 aquas
763 887 955 957 (Marc.
990 904 1077 957 ιιι,
1113 887 1221 957 17).

618 1000 645 1026 ‹‹
680 976 883 1033 Nonne
933 976 1284 1031 vestimenta
1333 978 1435 1029 tua
1480 972 1671 1029 calida
1713 977 1871 1039 sunt,
1904 986 2038 1027 cum
2069 986 2197 1042 per-

548 1066 683 1121 ﬂata
714 1065 887 1121 fuerit
913 1070 1072 1120 terra
1100 1069 1317 1118 Austro
1339 1065 1367 1117 ‘l
1396 1085 1423 1113 »
1469 1062 1580 1116 Alii
1613 1062 1903 1127 dixerunt,
1934 1063 2033 1114 tua
2060 1060 2199 1114 stola

548 1154 727 1209 calida
756 1163 854 1210 est.
893 1154 1006 1209 Hoc
1044 1153 1281 1224 quidem
1329 1167 1531 1206 verum
1582 1156 1690 1221 est,
1724 1151 1877 1221 quod
1929 1149 2200 1204 meridia-

552 1260 665 1298 nus
695 1247 903 1297 ventus
936 1242 1012 1297 sit
1034 1241 1281 1310 calidus,
1306 1256 1421 1312 quo
1445 1241 1620 1294 flante
1640 1240 1818 1294 etiam
1849 1237 2202 1293 vestimenta

552 1332 881 1397 hominum,
935 1329 1023 1384 vel
1075 1346 1406 1399 corporum,
1462 1345 1589 1399 qua
1638 1328 1969 1383 animarum
2022 1326 2199 1382 vesti-

552 1423 753 1475 menta
782 1423 943 1486 sunt,
976 1419 1409 1473 concalescunt.
1442 1416 1553 1471 Sed
1587 1417 1728 1487 quia
1771 1417 1978 1483 nubes,
2011 1415 2203 1470 homi-

556 1524 661 1563 nes
729 1513 983 1575 sanctos,
1043 1507 1255 1561 veritas
1325 1505 1640 1578 prophetia
1709 1521 1816 1560 nos
1882 1504 2206 1577 intelligere

559 1596 844 1669 compulit
889 1601 1128 1651 ventum
1177 1595 1434 1649 calidum
1488 1610 1524 1649 a
1572 1594 1815 1649 meridie
1862 1593 2204 1665 spirantem,

561 1687 876 1742 ferventem
902 1684 1100 1754 fidem,
1128 1682 1216 1739 vel
1243 1683 1493 1755 gratiam
1518 1683 1775 1754 Spiritus
1799 1683 1985 1738 sancti
2008 1683 2210 1738 arden-

564 1782 706 1843 tem,
738 1778 795 1829 et
823 1772 1039 1827 clarius
1067 1772 1501 1827 illuminantem
1532 1771 1950 1842 intelligamus,
1983 1771 2071 1826 vel
2121 1773 2209 1844 ip-

567 1880 701 1919 sum
730 1861 1047 1931 Dominum
1080 1864 1369 1928 nostrum,
1406 1862 1477 1915 de
1508 1877 1623 1932 quo
1655 1860 1943 1932 legimus:
1975 1861 2115 1917 Deus
2145 1862 2211 1916 ab

566 1954 765 2006 Austro
808 1952 983 2006 veniet
1031 1950 1252 2021 (Habac.
1285 1967 1369 2016 ιιι,
1411 1950 1488 2020 3),
1540 1965 1656 2020 quo
1705 1949 2051 2005 rationalem
2098 1956 2212 2006 ter-

568 2057 695 2097 ram
726 2040 1025 2111 perﬂante,
1048 2040 1289 2094 virtutes
1313 2039 1517 2107 animi,
1540 2056 1667 2110 qua
1699 2044 1840 2093 sunt
1867 2039 2216 2096 vestimenta

567 2129 862 2184 interioris
890 2127 1168 2195 hominis,
1200 2127 1598 2193 inardescunt,
1624 2133 1680 2182 et
1711 2128 1838 2183 ideo
1869 2131 2216 2185 vestimenta

568 2216 959 2289 appellantur,
982 2218 1261 2287 quoniam
1290 2216 1423 2288 ipsi,
1451 2216 1547 2287 qui
1572 2217 1658 2271 eis
1680 2217 1882 2288 utitur,
1907 2218 2214 2290 pulchram

568 2307 828 2361 animam
862 2306 1102 2377 faciunt,
1135 2312 1190 2361 et
1220 2306 1516 2360 decoram.
1552 2306 1621 2360 Et
1668 2306 1740 2361 ob
1791 2306 1900 2361 hoc
1948 2307 2217 2363 hortatur

567 2393 884 2467 Apostolus
915 2394 1113 2449 dicens
1148 2410 1160 2447 :
1209 2399 1453 2459 Fratres,
1487 2394 1700 2449 induite
1738 2412 1829 2450 vos
1872 2400 2016 2451 sicut
2064 2398 2219 2452 electi

565 2485 684 2550 Dei,
738 2487 790 2538 et
834 2483 1038 2551 dilecti,
1086 2484 1296 2537 viscera
1342 2485 1758 2550 misericordia,
1800 2484 2215 2556 benignitatem,

566 2571 954 2638 humilitatem,
987 2571 1331 2638 modestiam,
1361 2574 1699 2642 patientiam
1728 2573 1953 2643 (Coloss.
1988 2591 2071 2641 ιιι,
2104 2576 2216 2645 12),

562 2669 673 2717 etc.
708 2661 779 2715 Et
826 2660 947 2715 hac
997 2661 1177 2731 igitur
1223 2662 1297 2716 ab
1348 2662 1497 2729 Elia,
1529 2662 1683 2717 sicut
1731 2668 1791 2717 et
1838 2663 1972 2732 alia,
2006 2664 2218 2735 spiritu

562 2750 878 2822 prophetia
914 2749 1214 2805 dicuntur.

634 2860 664 2887 ‹‹
697 2838 784 2893 Tu
814 2837 1057 2894 forsitan
1088 2854 1225 2894 cum
1264 2854 1331 2894 eo
1373 2839 1691 2895 fabricatus
1738 2857 1801 2896 es
1849 2839 2043 2906 emlos,
2105 2841 2210 2912 qui

562 2925 929 2993 solidissimi,
961 2927 1130 2997 quasi
1182 2943 1293 2983 are
1342 2928 1456 2982 fusi
1511 2933 1672 2984 sunt.
1707 2950 1736 2977 »
1785 2929 1915 2983 Hac
1965 2930 2037 2984 ab
2090 2930 2218 2985 Eiiu

558 3019 731 3088 juxta
758 3014 1017 3070 litteram
1049 3014 1109 3069 in
1139 3014 1421 3086 injuriam
1450 3016 1560 3072 Job
1593 3034 1694 3089 per
1725 3016 1975 3072 ironiam
2007 3017 2219 3073 dicun-

568 3110 687 3160 tur.
712 3104 842 3159 Hac
873 3103 1054 3177 igitur
1080 3104 1272 3177 prima
1295 3104 1485 3160 fronte
1510 3105 1841 3162 intellectus
1867 3106 2045 3177 hujus
2066 3107 2222 3163 dicta

571 3196 707 3249 sint.
758 3193 925 3248 Nunc
974 3210 1105 3249 vero
1161 3194 1490 3250 secundum
1545 3196 1864 3268 prophetia:
1922 3196 2217 3268 spiritum,

571 3298 813 3338 sensum
871 3282 1185 3354 mysticum
1243 3300 1685 3356 persequamur,
1740 3292 1805 3340 ut
1853 3284 2029 3341 ccelos
2075 3286 2223 3341 Scri-

2302 703 2415 757 bus
2465 701 2693 756 videtur
2721 699 3003 755 calorum
3035 696 3537 769 nuncupationem
3568 695 3848 763 sensisse,
3885 694 3955 750 li-

2303 795 2393 845 cet
2441 790 2549 845 hoc
2577 790 2776 862 ipsum
2807 787 3227 844 inirrisioncm
3275 786 3461 842 sancti
3508 785 3617 841 Job
3666 784 3783 840 dici
3835 801 3957 839 non

2305 880 2597 935 debuerit.

2377 991 2406 1018 ‹‹
2439 968 2692 1025 Ostende
2739 968 2930 1035 nobis,
2965 966 3106 1039 quid
3151 965 3418 1022 dicamus
3446 965 3554 1019 illi.
3588 964 3703 1019 Nos
3733 963 3957 1035 quippe

2306 1058 2658 1113 involvimur
2686 1057 2964 1113 tenebris.
3001 1078 3022 1107 ι
3076 1054 3424 1111 lnsultantis
3464 1054 3709 1109 verbum
3758 1059 3868 1117 est,
3903 1057 3961 1107 et

2307 1147 2737 1219 exprobrantis,
2791 1146 3033 1201 ostende
3090 1144 3279 1211 nobis,
3328 1158 3464 1198 cum
3512 1141 3658 1197 illud
3711 1142 3959 1197 verbum

2309 1237 2485 1302 dicat,
2509 1236 2610 1290 sed
2642 1236 2715 1290 ad
2747 1233 3241 1306 comparationem
3271 1230 3528 1288 scientia
3551 1232 3661 1286 sub
3685 1230 3964 1303 ignoran-

2308 1325 2403 1380 tia
2432 1322 2692 1380 tenebris
2724 1326 3115 1379 commanent.
3152 1322 3301 1377 Nam
3332 1319 3623 1392 quomodo
3676 1335 3714 1374 a
3757 1324 3962 1375 sancto

2310 1414 2420 1470 Job
2450 1414 2674 1468 discere
2710 1411 2977 1484 inquirit,
3012 1426 3189 1483 quem
3236 1409 3297 1465 in
3345 1409 3538 1466 verbis
3584 1408 3711 1464 suis
3763 1422 3963 1479 repre-

2314 1502 2517 1558 hendit
2538 1507 2594 1557 et
2614 1503 2903 1573 reprobat.
2927 1501 3201 1568 Ostende,
3225 1500 3437 1570 inquit,
3459 1515 3493 1555 ο
3512 1499 3645 1565 Job,
3666 1498 3715 1554 si
3738 1496 3963 1569 aliquid

2316 1590 2590 1663 amplius,
2612 1596 2671 1645 et
2691 1590 2902 1645 melius
2924 1606 3095 1645 nosse
3117 1594 3173 1645 te
3200 1587 3526 1655 arbitraris,
3548 1587 3826 1659 quoniam
3854 1602 3966 1641 nos

2317 1680 2559 1751 grandis
2590 1679 2932 1752 ignorantia
2962 1683 3137 1749 atque
3180 1678 3498 1733 inscientia
3530 1677 3786 1732 tenebris
3815 1676 3967 1730 deti-

2319 1786 2544 1824 nemur.
2580 1773 2810 1824 Certum
2858 1774 2947 1824 est
2994 1784 3129 1839 ergo
3179 1766 3334 1839 quod
3368 1760 3493 1821 Eliu
3538 1765 3809 1821 deridens
3851 1764 3969 1819 Job

2321 1865 2494 1929 atque
2525 1858 2900 1913 subsannans
2932 1857 3054 1911 hac
3084 1857 3261 1911 dicat.

2393 1970 2421 1997 ‹‹
2456 1947 2596 2010 Quis
2627 1946 2889 2001 narrabit
2918 1946 2969 2001 ei
3002 1963 3129 2017 qua
3159 1944 3415 2016 loquor?
3464 1942 3707 1999 Etiamsi
3735 1942 3972 1997 locutus

2325 2037 2499 2092 fuerit
2547 2035 2743 2103 homo,
2795 2035 3190 2091 devorabitur.
3229 2057 3250 2082 ι
3308 2033 3437 2089 Dixi
3489 2033 3594 2088 tibi
3644 2032 3901 2104 quidem,
3934 2047 3971 2085 ο

2320 2126 2452 2190 Job,
2485 2130 2549 2180 ut
2595 2126 2930 2181 ostenderes
2978 2124 3125 2178 mihi
3174 2123 3316 2195 quid
3345 2121 3507 2194 loqui
3540 2138 3815 2194 possem:
3862 2120 3971 2175 sed

2324 2214 2445 2269 hac
2474 2214 2603 2285 ipsa
2632 2231 2758 2286 qua
2790 2215 2859 2269 de
2897 2214 3013 2269 Deo
3061 2212 3212 2279 dico,
3243 2213 3373 2282 quis
3426 2211 3477 2267 ei
3528 2228 3708 2266 ausus
3757 2214 3845 2265 est
3892 2209 3976 2264 lo-

2324 2304 2473 2376 qui?
2526 2308 2687 2358 Certe
2741 2304 2791 2359 si
2841 2302 3071 2358 locutus
3126 2302 3301 2358 fuerit
3348 2300 3667 2377 quispiam,
3709 2298 3863 2371 quod
3915 2299 3974 2353 ei

2324 2392 2565 2449 omnino
2599 2410 2712 2448 non
2743 2393 2999 2464 expedit,
3031 2409 3135 2463 pro
3165 2391 3276 2445 hoc
3314 2390 3442 2462 ipso
3472 2394 3703 2461 peccato
3736 2386 3978 2443 temeri-

2326 2483 2463 2538 tatis
2512 2488 2568 2537 et
2613 2481 2998 2537 irreverentia
3049 2479 3443 2548 devorabitur,
3476 2483 3539 2533 ut
3581 2477 3675 2532 hic
3712 2477 3837 2534 Elin
3868 2476 3976 2531 ait.

2328 2573 2410 2627 Ita
2440 2572 2500 2627 in
2531 2570 2775 2644 psalmis
2806 2570 3058 2642 legimus
3089 2587 3104 2625 :
3136 2570 3389 2625 Devorati
3416 2578 3547 2623 sunt
3578 2568 3737 2631 iuxta
3762 2572 3977 2638 petram

2315 2662 2531 2734 jmlices
2558 2677 2746 2716 eorum
2775 2660 2943 2731 (Psal.
2976 2677 3100 2735 cae,
3132 2662 3187 2730 6)
3223 2676 3236 2714 :
3288 2658 3388 2713 ubi
3436 2655 3802 2728 intelligitur,
3834 2669 3973 2726 pec-

2326 2756 2456 2806 cato
2487 2749 2824 2805 difﬁdentia
2869 2750 3177 2805 devoratos
3205 2752 3383 2819 atque
3412 2746 3718 2817 absorptos
3739 2743 3975 2814 judices

2326 2839 2527 2913 populi
2551 2838 2788 2895 lsraelis
2818 2838 2876 2893 in
2907 2855 3122 2905 eremo,
3147 2837 3246 2909 qui
3273 2854 3388 2893 non
3414 2835 3790 2892 crediderunt
3813 2831 3975 2904 quod

2328 2936 2570 3000 possent
2598 2929 2669 2983 de
2699 2933 2862 2999 petra
2893 2942 3181 2999 aquarum
3214 2925 3481 2981 ﬂumina‘
3502 2925 3715 2980 virtute
3762 2921 3977 2977 divina

2328 3017 2742 3090 promissionis
2784 3016 2975 3073 educi.

2410 3128 2430 3156 ι
2466 3111 2542 3160 At
2574 3122 2728 3161 nunc
2760 3121 2873 3160 non
2904 3105 3103 3160 vident
3131 3103 3343 3160 lucem.
3377 3102 3582 3159 Subito
3610 3116 3710 3157 aer
3736 3104 3979 3172 cogetur

2330 3197 2389 3252 in
2435 3196 2641 3263 nubes,
2676 3204 2731 3251 et
2777 3200 2986 3250 ventus
3040 3194 3336 3250 transiens
3388 3191 3614 3264 iugabit
3658 3206 3776 3246 eas.
3813 3211 3840 3237 ››
3892 3190 3980 3243 Ita

2333 3285 2668 3341 inl‘eliritate
2690 3284 3033 3355 hujusmodi
3055 3282 3321 3339 excacati
3351 3288 3510 3349 sunt,
3527 3286 3592 3337 ut
3615 3280 3758 3335 fiant
3776 3294 3980 3350 quem-

568 3377 775 3445 pturas
821 3378 1057 3428 sanctas
1110 3373 1533 3445 intelligamus,
1580 3390 1708 3446 qua
1756 3376 1829 3430 de
1881 3374 2024 3431 cmlo
2071 3376 2218 3431 data
2248 3362 2291 3429 C
2332 3376 2651 3432 admodum
2702 3392 2801 3429 aer
2845 3374 3078 3446 quando
3127 3372 3437 3428 crassescit
3472 3371 3532 3426 in
3574 3370 3781 3434 nubes,
3812 3372 3869 3423 et
3898 3367 3981 3422 ita

569 3467 709 3517 sunt
732 3461 1092 3529 hominibus,
1118 3478 1371 3533 quarum
1403 3464 1851 3535 perpetuitatem
1883 3480 1952 3519 ex
1972 3464 2103 3521 aris
2133 3481 2222 3520 so-

567 3551 792 3607 liditate
838 3551 1022 3607 voluit
1072 3553 1496 3607 demonstrare.
1527 3553 1634 3607 Sed
1685 3553 1830 3607 dicit
1875 3553 2220 3625 quispiam:

570 3640 864 3711 quomodo
895 3645 1125 3695 aeterna
1157 3645 1331 3696 erunt
1360 3640 1672 3711 scriptura
1703 3642 1936 3712 divina,
1965 3642 2017 3697 si
2048 3660 2220 3698 mun-

572 3731 683 3784 dus
714 3734 870 3784 certo
901 3732 1035 3794 line,
1068 3728 1184 3783 Deo
1215 3730 1617 3795 denuntiante,
1650 3736 1739 3786 est
1766 3731 2224 3787 terminandus?

574 3819 657 3873 sic
686 3817 845 3873 enim
876 3817 958 3873 ait
988 3818 1047 3871 in
1080 3817 1391 3889 Evangelio
1426 3834 1439 3872 :
1493 3819 1703 3874 Ccelum
1747 3827 1798 3876 et
1843 3830 1991 3876 terra
2041 3829 2223 3877 trans-

574 3910 735 3963 ibunt
782 3909 1002 3978 (Matth.
1036 3923 1197 3977 χχιιι,
1222 3908 1334 3979 35).
1376 3907 1591 3963 Verum
1640 3915 1728 3964 est
1776 3909 2038 3981 quidem,
2068 3911 2223 3982 quod

576 3997 864 4053 librorum
919 3996 1205 4069 pellicula
1265 4013 1397 4052 cum
1458 3997 1604 4069 ipsis
1659 3997 1868 4054 litteris
1930 3999 2226 4056 abolenda

576 4094 753 4157 sunt;
788 4088 890 4143 sed
922 4088 1061 4159 quia
1091 4087 1402 4159 subjungit
1421 4088 1726 4157 Dominus,
1758 4090 1929 4145 Verba
1954 4106 2080 4147 vero
2107 4106 2227 4146 mea

574 4195 689 4234 non
730 4177 1364 4249 prateribunt(lbid.):
1418 4177 1621 4249 procul
1672 4179 1849 4234 dubio
1904 4180 2060 4250 quod
2112 4180 2225 4235 eis-

577 4267 711 4323 dem
754 4266 1019 4339 apicibus
1066 4266 1393 4339 pollicetur,
1427 4266 1539 4322 erit
1567 4273 1870 4323 aternum.
1902 4268 2020 4324 Hos
2050 4268 2230 4341 igitur

582 4356 778 4423 ccelos,
811 4355 894 4410 ait
925 4372 939 4410 :
992 4354 1138 4425 Eliu,
1171 4354 1232 4408 in
1286 4353 1502 4425 quibus
1534 4361 1624 4410 est
1651 4355 1978 4412 divinitatis
2007 4362 2230 4413 secreta

581 4444 912 4516 dispositio,
944 4449 1009 4498 tu
1058 4443 1300 4499 forsitan
1346 4459 1480 4498 cum
1517 4444 1650 4511 Deo,
1681 4444 1839 4500 velut
1886 4445 2065 4501 simili
2112 4445 2231 4518 pol-

580 4533 711 4588 lens
739 4533 1050 4604 sapientia,
1081 4532 1399 4587 fabricatus
1449 4547 1510 4587 es
1544 4550 1557 4590 :
1617 4550 1763 4604 quos
1795 4538 1945 4591 Deus
1975 4540 2229 4592 aternus

586 4626 721 4677 ante
766 4621 1470 4677 mundiconstitutionem
1511 4621 1820 4694 pralinivit
1878 4626 2231 4697 quandoque

587 4726 893 4781 erumpere
922 4709 981 4764 in
1014 4726 1257 4781 corpora
1286 4708 1639 4783 litterarum,
1674 4712 1775 4783 qui
1817 4713 1873 4769 in
1919 4713 2018 4770 illo
2065 4719 2227 4770 ater-

588 4798 801 4855 naliter
850 4804 1036 4867 erant,
1071 4816 1186 4854 non
1228 4799 1356 4870 jam
1409 4801 1775 4872 exsistentes,
1807 4803 1910 4858 sed
1957 4803 2071 4875 ipsi
2125 4803 2233 4860 soli

585 4887 962 4961 prascientia
1007 4906 1125 4945 sua
1157 4888 1286 4945 luce
1316 4890 1638 4962 conspicui.
1672 4892 1741 4946 Et
1767 4892 1963 4960 cales,
1997 4898 2231 4949 sanctos

586 4979 826 5051 angelos
858 4995 974 5035 non
1021 4979 1273 5035 absurde
1318 4980 1631 5049 sentimus,
1662 4981 1760 5052 qui
1795 4986 2031 5053 propter
2060 4982 2230 5039 coelo-

584 5086 717 5125 rum
770 5067 1214 5137 habitationem,
1271 5068 1597 5125 rectissime
1652 5068 1780 5126 cceli
1834 5069 2131 5141 dicuntur,
2178 5077 2235 5127 et

587 5163 728 5215 sunt
771 5158 931 5213 velut
967 5174 1044 5213 as
1073 5157 1395 5214 aternitate
1425 5158 1683 5214 solidati.
1715 5158 1797 5214 De
1826 5158 2042 5229 quibus
2073 5158 2231 5214 Psal-

586 5249 767 5304 mista
795 5247 1077 5320 singulari
1111 5248 1347 5302 nomine
1396 5248 1522 5303 ait:
1575 5247 1779 5302 Cwlum
1826 5249 1952 5302 calli
2004 5249 2233 5305 Domino

586 5339 759 5412 (Psal.
792 5354 948 5405 CXIII,
983 5338 1089 5409 16).
1144 5337 1477 5391 Secundum
1532 5337 1820 5408 tropicum
1871 5336 2231 5393 intellectum

591 5428 740 5494 coeli,
774 5427 961 5483 sancti
994 5443 1198 5482 omnes
1247 5430 1484 5497 propter
1515 5424 1806 5481 co:lestem
1839 5428 2230 5483 conversatio-

592 5534 727 5572 nem
758 5521 815 5571 et
844 5522 1080 5589 propter
1113 5515 1583 5588 praedicationem
1617 5514 2027 5570 mandatorum
2072 5517 2231 5573 cale-

589 5606 771 5663 stium
803 5612 1239 5678 nuncupantur.
1274 5602 1404 5659 Eliu
1439 5608 1633 5659 autem
1667 5604 1712 5660 si
1749 5604 2066 5676 prophetia
2118 5607 2233 5677 spi-

586 5696 767 5751 ritum
816 5693 1043 5764 habuit,
1077 5693 1403 5751 secundum
1457 5693 1615 5749 hunc
1661 5694 2018 5750 intellectum
2055 5711 2230 5768 quem

522 5796 525 5799 ‘
584 5784 861 5867 diximus,
890 5784 1081 5861 potuit
1100 5781 1590 5861 contemplatione
1620 5783 1834 5844 mentis
1864 5801 1983 5844 sua
2015 5784 2135 5844 hac
2166 5785 2226 5847 in

2332 3465 2390 3519 in
2413 3466 2577 3536 justo
2600 3463 2825 3534 judicio
2859 3462 2956 3518 Dei
2986 3462 3142 3517 velut
3170 3461 3322 3517 venti
3356 3461 3412 3516 in
3456 3460 3678 3531 impetu
3708 3457 3986 3514 auferen-

2332 3559 2449 3621 tur,
2481 3554 2632 3609 sicut
2664 3552 2851 3624 impii,
2884 3567 3033 3623 quos
3062 3549 3258 3621 dejicit
3286 3553 3495 3606 ventus
3537 3565 3573 3603 a
3619 3546 3760 3603 facie
3789 3549 3975 3614 terra,

2332 3643 2442 3701 Alii
2472 3642 2745 3697 dixerunt
2779 3657 2792 3696 :
2844 3640 3106 3696 Omnibus
3134 3642 3320 3694 autem
3366 3654 3479 3694 non
3524 3645 3601 3693 est
3646 3635 3859 3691 visibile
3888 3634 3977 3689 lu-

2331 3750 2479 3797 men,
2511 3730 2651 3802 quod
2698 3731 2867 3801 fulget
2915 3732 2977 3785 in
3022 3730 3282 3794 nubibus,
3314 3737 3365 3785 et
3409 3728 3637 3800 spiritus
3686 3725 3885 3781 transit
3929 3728 3982 3779 et

2332 3822 2552 3894 [ugabit
2578 3836 2689 3875 eas.
2723 3820 2825 3874 Hic
2857 3819 3172 3891 mysticum
3204 3818 3400 3873 nescio
3432 3816 3575 3889 quid
3605 3815 3836 3871 locutus
3866 3817 3978 3883 est,

2335 3912 2491 3982 quod
2541 3911 2669 3981 jam
2729 3926 2842 3963 non
2901 3908 3179 3963 omnibus
3237 3906 3572 3979 resplendet
3627 3902 3982 3959 illuminatio

2336 3998 2650 4070 Evangelii.
2717 3998 2817 4052 llis
2872 3998 3073 4069 utique
3140 4014 3254 4053 non
3321 3994 3675 4068 resplendet,
3729 4007 3984 4064 quorum

2337 4105 2546 4145 sensus
2602 4087 2908 4143 excacavit
2963 4092 3134 4150 Deus,
3195 4091 3261 4141 ut
3315 4102 3430 4141 non
3486 4084 3722 4139 videant
3775 4081 3980 4137 lumen

2336 4178 2630 4251 Evangelii
2662 4177 2856 4250 gloria
2887 4177 3119 4246 Christi,
3152 4176 3254 4248 qui
3296 4181 3387 4232 est
3429 4176 3624 4247 imago
3670 4170 3985 4228 invisibilis

2336 4269 2525 4325 Patris
2585 4268 2656 4339 (II
2705 4268 2825 4323 Cor.
2878 4284 2952 4335 ιν,
3004 4267 3081 4338 4).
3130 4266 3236 4321 Hic
3289 4266 3473 4338 igitur
3521 4263 3765 4337 spiritus
3804 4262 3985 4333 justas

2338 4357 2637 4414 sententia
2660 4356 2757 4412 Dei
2792 4356 3016 4429 fugabit
3045 4372 3143 4412 eos
3174 4372 3209 4411 a
3235 4359 3381 4411 catu
3415 4355 3739 4419 beatorum,
3772 4355 3837 4407 ut
3865 4367 3984 4406 non

2336 4447 2571 4504 videant
2597 4446 2795 4502 lumen
2828 4443 3121 4517 Evangelii
3162 4443 3358 4517 gloria
3389 4442 3624 4500 Christi.

2410 4561 2437 4586 ‹‹
2470 4538 2555 4591 Ab
2586 4535 2877 4607 Aquilone
2907 4550 3118 4591 aurum
3147 4534 3358 4601 veniet,
3389 4539 3447 4590 et
3490 4551 3525 4589 a
3564 4537 3678 4588 Deo
3708 4529 3985 4587 formido-

2339 4626 2467 4682 losa
2504 4625 2781 4681 laudatio.
2818 4648 2839 4677 ι
2895 4624 3107 4680 Audivi
3155 4624 3475 4695 quemdam
3531 4623 3613 4678 ita
3671 4621 3986 4685 dicentem,

2262 4737 2308 4801 D
2341 4715 2493 4787 quod
2528 4714 2750 4769 astatis
2779 4718 3063 4801 tempore,
3097 4711 3217 4769 sole
3264 4712 3325 4768 in
3373 4711 3645 4784 aquilone
3686 4713 3986 4776 nascente,

2343 4820 2554 4859 aurora
2583 4800 2880 4858 ardentior
2924 4801 3148 4869 rutilat,
3179 4800 3262 4857 ita
3314 4806 3379 4858 ut
3424 4801 3550 4874 ipse
3600 4800 3686 4857 sol
3732 4797 3990 4855 colorem

2341 4908 2587 4948 aureum
2644 4893 2909 4963 pral'erat
2953 4907 2967 4948 :
3019 4896 3076 4948 et
3133 4891 3269 4947 inde
3325 4891 3452 4947 Eliu
3509 4890 3665 4962 loqui
3725 4889 3994 4944 videatur

2340 4998 2551 5039 aurum
2582 4982 2798 5051 venire,
2833 4982 2888 5037 id
2920 4987 3029 5050 est,
3066 4982 3287 5037 mundo
3321 4982 3653 5038 flammeam
3684 4984 3869 5035 rotam
3899 4993 3992 5032 so-

2342 5072 2414 5126 lis
2462 5070 2699 5139 oboriri,
2733 5076 2789 5126 et
2841 5088 3020 5143 super
3070 5069 3181 5126 hoc
3227 5069 3571 5143 praclarum
3613 5069 3780 5124 sidus
3807 5066 3885 5123 sit
3911 5066 3990 5121 ad

2342 5164 2522 5215 Deum
2558 5160 2897 5215 hominibus
2927 5158 3305 5215 formidolosa
3330 5158 3611 5215 laudatio.
3644 5158 3761 5213 Nos
3789 5159 3990 5212 autem

2341 5267 2551 5305 aurum
2584 5256 2815 5305 sanctos
2856 5248 3260 5320 intelligimus,
3294 5249 3393 5320 qui
3441 5248 3764 5303 secundum
3814 5244 3993 5316 spiri-

2342 5339 2558 5394 tualem
2595 5355 2834 5394 sensum
2873 5338 2944 5393 ab
2977 5337 3250 5409 aquilone
3279 5337 3531 5405 diabolo,
3564 5335 3848 5409 sanguine
3878 5340 3989 5389 Do-

2342 5427 2485 5483 mini
2519 5429 2907 5484 redimuntur.
2942 5426 3059 5482 Hoc
3089 5427 3271 5499 igitur
3302 5428 3477 5483 modo
3515 5426 3671 5482 venit
3701 5425 3771 5481 ad
3802 5425 3989 5480 Deum

2341 5525 2524 5573 coctus
2547 5523 2884 5572 sanctorum
2913 5533 3047 5572 cum
3073 5521 3323 5572 tremore
3345 5517 3712 5572 laudantium
3739 5529 3896 5582 eum,
3921 5530 3991 5569 ac

2342 5607 2451 5663 sibi
2485 5623 2615 5661 cum
2652 5606 2905 5677 quadam
2939 5606 3270 5674 formidine,
3308 5604 3648 5661 incredibile
3697 5604 3991 5659 arbitran-

2339 5695 2503 5759 tium,
2534 5695 2688 5767 quod
2717 5699 3036 5766 potuerunt
3060 5695 3131 5751 de
3158 5694 3326 5751 hoste
3350 5694 3700 5767 gravissimo
3730 5691 3988 5749 liberari.

2339 5784 2607 5858 Quotidie
2662 5800 2897 5865 quoque
2950 5784 3505 5866 examinationibus,
3552 5781 3715 5843 velut
3768 5798 3991 5855 aurum
