4220 6586
326 498 451 560 ’189

1316 499 1837 561 COMMENTAR.
1882 499 1960 559 IN
2003 498 2142 561 JOB
2188 498 2359 560 CAP.
2402 497 2735 561 XXXVIII.

3620 494 3740 556 790

332 629 592 688 ﬂammis
627 630 1022 688 tentationum
1051 632 1376 701 excoctum,
1407 632 1478 687 de
1507 631 1742 688 fornace
1773 630 1982 688 mundi
2011 632 2068 701 Α
2097 629 2323 686 nalium
2355 618 2800 703 cogitationum,
2849 642 3119 700 gressum
3166 629 3381 684 sanctze
3429 641 3742 685 conversa-

329 720 502 778 istius
533 720 954 777 eruuntur.Alii
985 720 1259 777 dixerunt
1309 739 1323 777 :
1376 724 1465 777 Ab
1523 722 1784 794 aquilone
1812 724 1982 777 nubes
2089 719 2268 776 tionis
2294 720 2637 792 impediant,
2669 717 2757 775 vel
2789 734 2967 790 super
2994 716 3228 773 lumbos
3257 719 3491 773 nostros
3539 733 3742 791 corpo-

328 812 525 868 coloris
552 813 732 883 aurei,
764 812 824 866 in
854 811 939 866 his
970 819 1046 866 est
1075 828 1279 883 magna
1329 812 1513 880 gloria
1557 820 1609 867 et
1658 812 1835 867 honor
1864 828 1980 867 om-

327 902 625 972 nipotentis
669 922 689 957 :
738 918 849 957 non
898 902 1214 958 invenimus
1269 901 1697 956 similitudinem
1752 903 1979 957 virtutis

324 992 460 1060 ejus.
494 991 578 1046 Ita
625 990 783 1045 enim
831 995 1068 1047 sanctos
1117 990 1411 1057 homines,
1462 990 1562 1061 qui
1614 992 1753 1045 sunt
1790 991 1979 1045 nubes

327 1080 445 1148 Dei,
474 1083 658 1135 tentat
697 1080 881 1153 frigor
928 1080 1244 1152 aquilonis,
1296 1084 1364 1135 ut
1411 1096 1510 1135 eos
1561 1079 1869 1151 pretiosos,
1920 1082 1978 1134 et

324 1168 457 1241 igne
514 1169 816 1225 cbaritatis
875 1169 1084 1225 rutilos
1143 1170 1367 1225 reddat.
1399 1170 1470 1225 Et
1516 1169 1731 1224 idcirco
1762 1184 1977 1241 magna

321 1258 508 1330 gloria
537 1259 766 1315 Domini
797 1263 854 1315 et
880 1258 1070 1316 honor
1098 1258 1519 1332 omnipotentis
1565 1263 1671 1315 est.
1712 1258 1837 1314 Non
1886 1257 1973 1313 in-

317 1347 552 1403 venitur
580 1347 733 1403 alius
763 1346 975 1403 similis
1016 1346 1256 1404 virtutis
1302 1348 1451 1419 ejus,
1496 1346 1597 1419 qui
1630 1350 1793 1402 tanta
1822 1346 1974 1402 bona

319 1454 387 1492 ex
416 1438 594 1494 rebus
626 1438 937 1493 contrariis
969 1440 1186 1510 speret.

394 1548 423 1577 «
461 1525 640 1599 Digne
696 1544 830 1583 eum
872 1528 1129 1583 invenire
1175 1543 1292 1583 non
1340 1543 1677 1599 possumus.
1726 1529 1972 1597 Magnus

318 1616 659 1671 fortitudine
688 1617 990 1688 etjudicio
1044 1620 1100 1673 et
1138 1616 1393 1688 justitia.
1444 1620 1501 1671 et
1555 1615 1813 1671 enarrari
1853 1631 1969 1669 non

316 1710 529 1777 potest.
568 1707 699 1761 Ideo
732 1707 1027 1762 timebunt
1073 1724 1208 1763 eum
1255 1706 1386 1778 viri,
1417 1711 1473 1761 et
1512 1722 1628 1760 non
1669 1704 1971 1760 audebunt

314 1794 696 1869 contemplari
727 1814 931 1853 omnes
972 1796 1074 1869 qui
1105 1797 1217 1853 sibi
1266 1796 1541 1851 videntur
1576 1810 1704 1850 esse
1736 1793 1967 1866 sapien-

314 1888 423 1941 tes.
459 1895 496 1935 n'
520 1885 827 1958 Quoniam,
874 1886 1092 1958 inquit,
1138 1886 1290 1943 sicut
1332 1885 1673 1941 fortitudine
1714 1899 1965 1955 magnus

315 1978 373 2030 et
402 1979 612 2047 potens
642 1981 733 2074 est
764 1981 916 2032 Deus
941 1993 953 2032 :
982 1975 1307 2047 itajudicio
1338 1973 1643 2045 etjustitia
1662 1988 1834 2029 verus
1856 1976 1963 2044 est,
1995 2007 2044 2074 Β

315 2068 371 2118 et
399 2064 656 2121 enarrari
709 2081 824 2121 non
877 2068 1089 2137 potest.
1140 2065 1358 2120 Idcirco
1409 2064 1578 2119 sicuti
1610 2066 1718 2129 est,
1748 2078 1965 2117 acrea-

315 2156 452 2209 tura
490 2170 598 2209 sua
623 2170 751 2225 quae
784 2154 926 2210 adeo
955 2152 1266 2210 imbecillis
1297 2156 1387 2209 est
1435 2157 1493 2208 et
1540 2151 1798 2217 inﬁrma,
1849 2166 1966 2207 non

314 2245 504 2312 potest
558 2242 855 2298 inveniri:
890 2246 1128 2315 propter
1174 2243 1325 2314 quod
1376 2241 1578 2313 magni
1624 2240 1730 2296 viri
1789 2244 1965 2312 atque

313 2330 536 2386 cordati
568 2348 684 2387 non
722 2336 1082 2404 praesumant
1110 2331 1358 2388 scrutari
1398 2329 1965 2401 incomprehensibi-

309 2417 451 2488 lem,
498 2437 686 2493 neque
732 2420 1115 2494 contemplari
1162 2419 1515 2476 invisibilem
1566 2420 1961 2475 conabuntur.

308 2511 429 2564 Hoc
461 2514 657 2565 autem
703 2514 893 2566 totum
946 2511 1006 2566 in
1056 2510 1243 2566 sancti
1288 2511 1399 2566 Job
1455 2508 1959 2581 exprobrationem

313 2598 530 2653 dicitur
559 2617 572 2655 :
604 2600 705 2671 qui
753 2600 969 2656 dixerit
1017 2601 1132 2671 (Job
1178 2618 1301 2668 xm,
1355 2601 1421 2654 18
1472 2598 1638 2671 seqq.)
1686 2613 1747 2653 se
1778 2614 1812 2653 a
1841 2598 1958 2653 Deo

308 2687 435 2743 sine
466 2687 584 2744 ullo
616 2689 945 2761 iniquitatis
994 2690 1202 2745 merito
1243 2687 1621 2761 ﬂagellatam.
1653 2686 1768 2742 Alii
1797 2687 1955 2743 dixe-

308 2782 449 2833 runt
498 2794 510 2832 :
569 2780 683 2851 Qui
719 2780 870 2850 juste
903 2779 1142 2852 judicat,
1193 2796 1306 2834 non
1348 2787 1512 2852 putas
1557 2778 1754 2833 audire
1791 2782 1960 2832 eum?

305 2871 600 2939 propterea
629 2869 901 2924 timebunt
924 2884 1053 2924 cum
1082 2870 1332 2925 homines
1363 2868 1633 2923 timebunt
1664 2882 1873 2938 quoque
1908 2874 1959 2921 et

308 2958 582 3027 sapientes
606 2975 625 3013 :
656 2958 765 3015 hoc
794 2958 1094 3031 inquiunt,
1125 2958 1266 3029 quia
1307 2962 1459 3014 Deus
1500 2958 1663 3028 juste
1705 2956 1955 3026 judicat,

310 3048 465 3118 apud
499 3064 673 3119 quem
705 3065 822 3104 non
855 3052 942 3104 est
967 3064 1351 3120 personarum
1384 3046 1642 3119 acceptio
1676 3046 1850 3117 (Rom.
1893 3063 1955 3112 ιι,

307 3136 419 3207 11).
450 3136 668 3194 Omnes
698 3136 991 3210 sapientes
1023 3141 1081 3193 et
1110 3137 1325 3208 idiotas,
1375 3136 1812 3192 considerantes
1862 3151 1956 3189 se-

306 3225 609 3299 metipsos,
640 3227 933 3283 timebunt
960 3243 1094 3283 eum
1128 3242 1142 3283 :
1181 3226 1430 3283 scientes
1460 3225 1601 3298 quia
1630 3224 1954 3280 secundum

307 3316 549 3371 modum
574 3316 820 3387 justitiaa
854 3333 972 3373 suae
1007 3316 1163 3373 ultor
1192 3315 1571 3388 iniquitatum
1603 3319 1691 3370 est
1724 3330 1737 3369 :
1780 3330 1952 3370 exau-

304 3404 425 3460 diet
454 3405 609 3460 enim
643 3405 846 3477 iniqua
876 3407 1183 3478 patientes.

849 3495 1086 3551 CAPUT
1124 3496 1420 3552 XXXVIII.

376 3607 405 3635 «
438 3584 818 3657 Respondeas
867 3590 1063 3641 autem
1112 3585 1400 3642 Dominus
1444 3586 1556 3642 Job
1602 3587 1674 3644 de
1722 3588 1955 3645 turbine

303 3674 448 3729 dixit
481 3690 532 3728 :»
566 3675 845 3731 Sermone
875 3674 1119 3730 terribili
1151 3678 1209 3730 et
1239 3675 1591 3747 increpative
1622 3680 1954 3749 arguendus

300 3763 430 3834 Job,
463 3780 813 3836 reSponsum
847 3782 880 3821 a
910 3764 1152 3821 Domino
1185 3764 1549 3837 accepit,boe
1579 3768 1733 3822 enim
1757 3769 1953 3841 ipsum

303 3853 458 3924 quod
491 3854 562 3909 de
590 3853 826 3910 turbine
856 3853 1089 3921 dicitur,
1122 3854 1193 3909 ad
1227 3858 1506 3910 terrorem
1550 3857 1804 3927 pertinet
1850 3858 1951 3913 ob-

294 3942 672 4015 jurgationis,
707 3944 861 4015 quod
894 3949 1067 4012 esset,
1102 3948 1168 4000 ut
1198 3944 1316 3999 dixi
1349 3946 1497 4016 (Job.
1543 3963 1667 4012 xm,
1703 3948 1815 4019 18),
1863 3947 1953 4003 in-

303 4033 630 4104 crepandus
661 4050 696 4089 a
728 4034 990 4090 Domino.
1024 4032 1257 4089 Dixerat
1286 4034 1443 4090 enim
1473 4035 1585 4090 Job
1633 4053 1694 4092 se
1716 4037 1951 4107 justum

301 4120 519 4193 injuste
550 4122 858 4179 aDomino
890 4122 1243 4196 castigatum
1297 4123 1454 4193 (Ibid.
1504 4126 1574 4179 24
1626 4127 1764 4199 seq.)
1818 4143 1830 4183 :
1882 4128 1953 4183 de

297 4210 532 4267 turbine
561 4228 697 4284 ergo
730 4211 1014 4269 Dominus
1049 4213 1151 4269 ait.

372 4322 401 4351 «
435 4300 576 4364 Quis
604 4305 693 4357 est
722 4303 831 4358 iste
859 4302 1160 4358 involvens
1210 4302 1531 4359 sententias
1579 4306 1950 4361 sermonibus

299 4389 687 4463 imperitis?»
720 4392 823 4449 His
869 4392 1062 4447 verbis
1109 4396 1409 4448 amovctur
1462 4393 1588 4448 Eliu
1637 4411 1773 4450 cum
1827 4395 1951 4451 suis

299 4480 560 4537 confusis
618 4484 793 4553 atque
849 4481 1149 4553 permistis
1200 4481 1700 4554 disputationibus
1749 4489 1951 4540 contra

296 4570 407 4625 Job
443 4586 458 4626 :
491 4570 591 4626 ubi
622 4570 724 4626 Dei
753 4572 930 4627 verba
981 4570 1254 4627 videntur
1298 4570 1568 4644 intelligi.
1602 4574 1670 4628 Et
1699 4573 1747 4628 si
1780 4579 1865 4641 tu,
1916 4591 1949 4629 o

297 4659 429 4729 Job,
464 4659 753 4731 loquendo
786 4659 928 4716 talia
956 4659 1017 4717 in
1050 4678 1166 4729 me,
1199 4660 1409 4716 delicta
1458 4660 1657 4733 aliqua
1705 4662 1948 4717 commi-

2093 826 2220 865 reos
2250 809 2597 864 vestimenta
2627 807 3059 879 praecingimus.
3096 806 3346 862 Dicendo
3376 823 3511 879 ergo
3543 823 3556 863 :

2168 922 2188 948 ε
2226 898 2332 955 Ubi
2363 914 2493 955 eras
2523 898 2757 969 quando
2790 898 3081 969 ponebam
3110 896 3496 952 fundamenta
3525 900 3689 953 terra:
3711 897 3739 951 ?

2090 987 2289 1047 Indica
2321 987 2486 1058 mihi,
2520 986 2569 1042 si
2601 987 2781 1043 habes
2812 985 3325 1059 intelligentiam.»
3357 986 3472 1042 Deo
3495 1002 3734 1059 respon-

2088 1078 2223 1133 dere
2256 1095 2371 1133 non
2397 1077 2588 1149 potuit
2621 1092 2633 1131 :
2668 1076 2838 1147 quasi
2872 1075 2981 1132 hoc
3008 1077 3180 1132 modo
3205 1075 3533 1148 loquiturei
3556 1076 3731 1132 Deus.

2085 1166 2170 1221 Tu
2201 1165 2399 1238 igitur,
2440 1167 2569 1231 Job,
2606 1164 2707 1237 qui
2756 1164 2910 1221 circa
2952 1182 3137 1220 unum
3185 1163 3611 1222 homunculum
3642 1164 3731 1221 in-

2077 1256 2238 1327 juste
2272 1272 2364 1312 me
2392 1255 2592 1327 arguis
2623 1255 2850 1327 operari
2883 1271 2897 1308 :
2934 1255 3032 1309 ubi
3060 1271 3189 1311 eras
3233 1271 3368 1310 cum
3411 1270 3516 1327 ego
3555 1272 3727 1311 mun-

2084 1345 2247 1416 dum,
2288 1362 2463 1417 quem
2511 1361 2579 1400 ex
2629 1343 2815 1401 nihilo
2872 1345 3143 1413 feceram,
3190 1344 3623 1416 gubernarem?
3671 1348 3729 1400 et

2082 1451 2216 1490 cum
2249 1451 2484 1491 omnem
2533 1438 2859 1491 creaturam
2909 1434 3305 1489 moderatione
3341 1432 3589 1504 justitiae
3637 1450 3730 1490 re-

2080 1540 2217 1597 gam
2271 1524 2331 1579 in
2362 1528 2419 1579 te
2458 1539 2616 1580 eram
2666 1522 2965 1595 injustitite
3015 1522 3236 1595 aliquid
3294 1522 3569 1578 acturus?
3619 1522 3726 1577 Hic

2080 1614 2233 1671 Deus
2264 1613 2372 1669 hoc
2402 1629 2671 1669 sermone
2700 1614 2811 1669 sub
2842 1611 3209 1682 animalium,
3252 1612 3567 1682 aviumque
3614 1628 3724 1667 no-

2080 1702 2359 1775 minibus,
2392 1720 2607 1775 magna
2634 1707 2691 1758 et
2720 1701 2887 1758 valde
2914 1702 3185 1770 obscura,
3234 1705 3292 1756 et
3339 1700 3607 1757 Ecclesiae
3639 1718 3727 1757 sa-

2076 1797 2376 1850 cramenta
2404 1793 2677 1849 contexit.
2712 1792 2867 1848 Deus
2896 1808 3031 1863 ergo
3072 1792 3396 1848 secundum
3442 1790 3721 1863 mysticos

2073 1881 2407 1939 intellectus
2432 1883 2492 1938 in
2523 1882 3031 1955 praedestinatione
3060 1880 3352 1953 apostolos
3394 1881 3721 1953 praecipuos

2074 1976 2308 2030 sanctos
2334 1971 2601 2028 Ecclesiae
2634 1972 3017 2027 fundamenta
3058 1970 3384 2041 constituit,
3434 1970 3588 2027 sicut
3638 1971 3720 2025 ait

2073 2062 2390 2134 Apostolus
2444 2078 2457 2117 :
2510 2061 2961 2133 Superasdificati,
3012 2060 3223 2132 inquit,
3294 2075 3457 2131 super
3508 2059 3719 2135 funda-

2072 2160 2259 2209 menta
2309 2152 2676 2223 apostolorum
2727 2156 2779 2207 et
2824 2152 3215 2222 prophetarum
3259 2150 3471 2221 (Ep/tes.
3506 2166 3569 2218 ιι,
3601 2151 3716 2223 20).

2073 2243 2222 2311 Sive,
2256 2244 2320 2297 ut
2348 2240 2447 2296 alii
2477 2241 2751 2298 dixerunt
2783 2258 2795 2297 :
2832 2241 2931 2297 Ubi
2952 2256 3076 2296 eras
3103 2256 3230 2295 cum
3269 2239 3565 2311 [undarem
3612 2248 3717 2296 ter-

2073 2349 2213 2401 ram,
2248 2332 2306 2387 id
2336 2334 2447 2398 est,
2480 2347 2614 2386 cum
2645 2330 2959 2387 Ecclesiam
2991 2331 3061 2386 de
3090 2335 3246 2387 terra
3270 2327 3515 2386 humani
3546 2345 3716 2402 gene-

2071 2423 2153 2479 ris
2182 2425 2616 2495 congregatam,
2639 2420 2853 2477 virtute
2882 2419 3015 2476 ﬁdei
3046 2418 3390 2476 stabilirem.

2147 2535 2168 2562 α
2203 2511 2342 2578 Quis
2390 2511 2587 2582 posuit
2636 2527 2948 2568 mensuras
2991 2512 3140 2583 eius,
3174 2510 3225 2566 si
3257 2510 3429 2577 nosti,
3463 2508 3551 2566 vel
3584 2510 3718 2582 quis

2068 2602 2319 2658 tetendit
2347 2617 2522 2673 super
2550 2617 2679 2657 eam
2710 2600 2926 2657 lineam
2940 2601 2996 2656 ‘ln
3017 2600 3309 2656 Virtutem
3336 2616 3505 2656 suam
3536 2600 3713 2669 Deus,

2067 2696 2125 2748 et
2151 2692 2471 2763 potentiam
2502 2707 2948 2763 mensurasque,
2980 2694 3038 2746 et
3076 2690 3282 2745 mundi
3320 2688 3716 2745 conditionem

2068 2781 2363 2847 describit,
2396 2798 2575 2853 super
2603 2797 2777 2853 quem
2807 2779 3023 2836 lineam
3054 2780 3193 2836 boni
3222 2778 3483 2851 rectique
3521 2777 3714 2849 operis

2068 2872 2159 2927 sui
2190 2871 2519 2927 tetenderit.
2550 2870 2733 2926 Aliter
2782 2886 2797 2926 :
2846 2886 3138 2926 mensurae
3192 2868 3460 2925 Ecclesiae
3508 2871 3649 2925 sunt
3678 2883 3713 2923 a

2068 2959 2209 3016 solis
2239 2965 2369 3015 ortu
2401 2975 2588 3031 usque
2618 2960 2687 3015 ad
2720 2976 2994 3015 occasum
3028 2976 3041 3015 :
3076 2960 3134 3013 in
3167 2976 3285 3031 qua
3322 2957 3513 3013 adhuc
3545 2973 3709 3012 men-

2068 3068 2216 3105 surae
2250 3049 2500 3122 intelligi
2533 3054 2793 3121 psssunt,
2827 3049 3131 3121 mqualitas
3163 3053 3220 3105 et
3246 3046 3547 3121 plenitudo
3587 3046 3713 3102 Tri-

2067 3139 2291 3207 uitatis,
2341 3139 2435 3194 cui
2488 3139 2752 3195 Ecclesia:
2795 3140 3012 3195 dicitur
3058 3156 3163 3210 per
3209 3137 3600 3211 prophetam:
3652 3138 3715 3192 In

2065 3238 2258 3286 exortu
2303 3230 2422 3300 ejus
2468 3228 2644 3283 dilata
2689 3230 2867 3285 locum
2909 3229 3255 3285 tabernaculi
3302 3229 3407 3295 tui,
3452 3234 3508 3283 et
3544 3227 3719 3300 pelles

2068 3320 2546 3375 tabernaculorum
2593 3326 2813 3374 tuorum
2859 3319 3107 3387 attende,
3155 3334 3226 3374 ne
3266 3332 3487 3389 pareas,
3530 3318 3719 3386 longos

1987 3385 2030 3453 θ
2065 3412 2156 3482 fac
2184 3411 2459 3481 [uniculos
2488 3417 2627 3479 tuos,
2658 3414 2711 3465 et
2737 3410 2915 3464 clavos
2967 3385 3097 3464 tuos
3130 3385 3431 3478 consolida,
3461 3406 3533 3462 ad
3573 3385 3714 3461 dex-

2065 3508 2214 3555 tram
2261 3508 2311 3556 et
2366 3501 2659 3555 sinistram
2707 3498 3018 3571 penetrabis
3061 3517 3080 3553 :
3128 3513 3314 3559 semen
3360 3498 3510 3552 enim
3554 3499 3714 3550 tuum

2062 3599 2251 3659 gentes
2298 3589 2660 3655 hmreditabit,
2707 3598 2758 3644 et
2796 3591 3050 3644 civitates
3093 3588 3328 3643 desertas
3378 3583 3713 3641 inhabitabit

2064 3680 2199 3751 (Isa.
2235 3696 2346 3747 LIV,
2399 3682 2453 3745 2,
2501 3680 2578 3749 3).
2631 3679 2819 3750 Super
2850 3682 2956 3733 has
3006 3677 3191 3750 igitur
3219 3691 3528 3733 mensuras
3558 3673 3711 3729 loco-

2064 3786 2195 3825 rum
2228 3768 2495 3824 omnium
2528 3768 2867 3823 universum
2902 3768 3191 3822 mundum
3241 3771 3409 3823 rectas
3462 3764 3597 3820 tidei
3629 3768 3715 3819 te-

2062 3860 2270 3927 tendit,
2306 3863 2370 3914 ut
2398 3863 2554 3914 esset
2607 3858 2883 3917 omnibus
2916 3858 2975 3912 in
3007 3858 3304 3913 Christum
3336 3854 3712 3912 credentibus

2062 3948 2285 4004 labium
2318 3964 2504 4003 unum
2531 3964 2545 4002 ς
2570 3948 2689 4003 hmo
2719 3964 2854 4020 ergo
2887 3947 3166 4018 mysteria
3195 3951 3329 4001 ante
3350 3944 3563 4001 saecula
3582 3961 3716 3999 con-

2062 4040 2289 4105 stituta,
2321 4039 2427 4093 Job
2460 4036 2678 4109 quippe
2709 4038 2809 4109 qui
2840 4037 2984 4092 dum
3029 4053 3145 4091 non
3174 4039 3349 4105 esset,
3393 4034 3542 4089 scire
3594 4050 3709 4089 non

2063 4126 2408 4200 potuit.Sive
2440 4142 2749 4181 mensuras
2780 4124 3473 4196 Ecclesiasﬁiversitatem
3497 4123 3713 4194 gratia-

2062 4234 2193 4272 rum
2224 4220 2377 4271 recte
2410 4213 2816 4287 intelligimus,
2852 4229 2998 4286 quas
3029 4212 3345 4284 Apostolus
3390 4210 3709 4267 divisiones

2059 4306 2306 4378 spiritus
2336 4303 2649 4377 appellavit
2680 4304 2723 4375 (Ι
2756 4303 2876 4359 Cor.
2906 4319 3004 4373 xu,
3040 4302 3152 4373 45),
3185 4301 3286 4373 qui
3329 4301 3412 4356 ita
3457 4315 3595 4356 cum
3640 4301 3713 4356 de

2059 4396 2304 4451 diversis
2334 4394 2537 4466 gratiis
2564 4393 2780 4448 diceret
2808 4392 2892 4449 ait
2925 4410 2938 4448 :
2973 4392 3099 4448 Haec
3125 4399 3312 4447 autem
3348 4391 3537 4446 omnia
3582 4405 3707 4461 ope-

2058 4490 2220 4540 ratur
2249 4500 2392 4539 unus
2418 4487 2585 4555 atque
2621 4482 2769 4537 idem
2812 4484 3063 4553 spiritus,
3112 4480 3361 4535 dividens
3411 4480 3712 4550 unicuique

2053 4582 2219 4646 prout
2267 4574 2384 4628 vult
2430 4572 2587 4643 (Ibid.
2632 4572 2738 4641 11).
2786 4571 2928 4627 Item
2978 4573 3064 4626 ait
3110 4594 3123 4623 ε
3180 4572 3482 4642 Unicuique
3527 4578 3712 4625 autem

2054 4668 2301 4720 nostrum
2332 4663 2459 4718 data
2503 4664 2580 4717 est
2606 4663 2785 4731 gratia
2832 4662 3132 4717 secundum
3180 4676 3498 4715 mensuram
3545 4660 3713 4715 dona-

299 4746 427 4804 sisti
463 4767 476 4805 :
510 4749 619 4803 iste
650 4750 781 4822 quis
813 4755 903 4805 est
929 4749 1029 4822 qui
1058 4755 1116 4806 te
1146 4750 1361 4807 audeat
1392 4751 1754 4823 redarguere,
1808 4769 1947 4824 prte-
1978 4764 2023 4830 Β
2057 4756 2224 4811 tionis
2257 4754 2459 4808 Christi
2486 4752 2696 4823 (Ephes.
2728 4768 2805 4819 IV,
2836 4752 2911 4822 7).
2944 4756 3055 4806 Per
3096 4750 3204 4807 has
3258 4751 3441 4824 igitur
3485 4750 3706 4823 gratias

299 4837 501 4894 sertim
533 4855 668 4894 cum
701 4839 772 4895 ad
806 4839 1230 4912 increpandum
1264 4858 1380 4896 non
1426 4840 1505 4896 sit
1548 4841 1812 4909 idoneus,
1847 4842 1945 4911 qui

296 4928 454 4983 velut
506 4928 713 4985 melior
758 4929 1070 5002 objurgare
1119 4933 1173 4986 te
1217 4930 1466 4986 debeat?
1501 4935 1712 4987 Amoto
1767 4931 1948 5003 igitur

294 5016 423 5073 Eliu
456 5017 527 5073 de
556 5017 747 5074 medio
780 5035 913 5074 cum
944 5018 1233 5091 imperitis
1259 5020 1387 5091 ejus
1426 5019 1754 5091 sententiis,
1805 5038 1939 5076 con-

292 5106 463 5161 vertit
493 5123 556 5163 se
584 5107 871 5164 Dominus
900 5107 968 5164 ad
1001 5107 1133 5180 Job,
1166 5115 1224 5165 et
1256 5108 1337 5165 ait
1367 5108 1438 5179 ei,
1473 5114 1537 5165 ut
1565 5111 1636 5164 ad
1678 5110 1943 5182 increpa-

294 5194 513 5252 tionem
542 5197 670 5268 ejus
702 5197 1064 5254 audiendum
1114 5214 1176 5255 se
1207 5202 1580 5271 praepararet,
1605 5199 1805 5254 dicens
1835 5199 1942 5255 hoc

292 5286 468 5341 modo
501 5304 516 5341 :

366 5397 393 5424 α
422 5374 674 5448 Accinge
722 5377 876 5432 sicut
919 5376 1009 5431 vir
1057 5375 1289 5434 lumbos
1334 5381 1466 5434 tuos
1514 5393 1527 5431 :
1572 5378 1941 5449 interrogabo

292 5467 369 5529 te,
401 5468 458 5520 et
488 5466 777 5537 responde
807 5465 973 5521 mihi.
1012 5454 1275 5523 «'Omnis
1304 5466 1487 5539 igitur
1515 5468 1614 5539 qui
1654 5483 1788 5523 cum
1826 5468 1941 5525 Deo

258 5557 381 5609 .est
408 5553 735 5620 locuturus,
767 5552 1003 5610 lumbos
1055 5555 1220 5627 prius
1268 5558 1533 5613 castitate
1575 5557 1818 5628 jubetur
1846 5574 1940 5613 ac-

293 5642 810 5715 cingere.Populus
841 5643 1016 5699 etiam
1046 5642 1237 5717 legem
1268 5646 1597 5714 auditurus,
1632 5650 1689 5701 et
1724 5648 1943 5718 pascha

293 5732 694 5790 celebraturus
724 5732 783 5788 in
815 5732 1273 5799 eremo,lumbos
1303 5736 1518 5792 mentis
1553 5736 1797 5807 jubetur
1845 5753 1939 5794 ac-

264 5822 525 5901 cingere
553 5822 748 5901 (Exod.
778 5823 1033 5904 311,11),
1076 5839 1148 5884 ne
1196 5822 1546 5885 fluctuantes
1596 5826 1765 5887 sinus
1814 5842 1939 5887 car-

2056 4843 2301 4899 intentio
2332 4846 2421 4897 est
2449 4840 2979 4913 contemplationis,
3013 4840 3171 4897 velut
3201 4841 3355 4897 linea
3384 4846 3538 4896 recte
3580 4855 3703 4895 cre-

2057 4933 2321 4989 dentium
2352 4932 2409 4986 in
2440 4932 2574 4993 Deo,
2610 4932 2762 4986 sicut
2790 4932 3006 4987 dicitur
3035 4932 3095 4987 in
3131 4933 3373 4987 Actibus
3413 4932 3707 5002 apostolo-

2056 5040 2189 5080 rum
2243 5038 2256 5077 :
2317 5022 2448 5077 Erat
2494 5022 2610 5076 illis
2638 5036 2736 5076 cor
2762 5036 2936 5076 unum
2964 5030 3016 5077 et
3044 5023 3236 5077 anima
3263 5037 3379 5075 una
3428 5021 3491 5075 in
3529 5018 3703 5073 Deum

2051 5117 2190 5187 (Act.
2222 5129 2298 5182 ιν,
2330 5113 2441 5181 32).

2123 5227 2150 5252 ‹‹
2186 5203 2373 5273 Super
2403 5218 2517 5273 quo
2547 5201 2719 5258 bases
2750 5201 2909 5259 illius
2939 5202 3199 5259 solidatas
3232 5200 3412 5257 sunt?
3452 5218 3481 5249 ι)
3531 5196 3697 5252 Unde

2050 5293 2241 5365 potuit
2270 5295 2537 5347 creatura
2561 5291 2866 5347 rationalis
2898 5297 2955 5348 et
2991 5293 3225 5365 sapiens
3276 5306 3423 5362 Opus
3466 5287 3697 5344 Creato~

2051 5382 2153 5452 ris,
2181 5385 2498 5453 antequam
2549 5385 2703 5437 esset
2750 5381 2897 5453 ipsa,
2952 5395 3320 5455 cognoscere,
3353 5393 3488 5434 cum
3518 5376 3695 5431 etiam

2050 5488 2208 5527 nunc
2237 5470 2332 5525 vix
2363 5474 2560 5542 posset
2588 5471 2787 5541 aliqua
2814 5488 2882 5525 ex
2912 5472 3184 5542 operibus
3214 5470 3342 5540 ejus
3372 5482 3583 5523 sensus
3608 5470 3693 5521 at-

2048 5560 2296 5633 tingere.
2328 5560 2525 5627 Aliter,
2561 5577 2737 5631 super
2767 5577 2882 5631 quo
2914 5561 3081 5615 bases
3116 5564 3276 5614 terra:
3310 5556 3575 5615 Ecclesia:
3606 5575 3695 5615 so-

2049 5650 2165 5706 lide
2196 5650 2595 5715 stabiliuntur,
2627 5649 2737 5704 nisi
2769 5664 2945 5719 super
2971 5649 3270 5705 Christum
3315 5654 3560 5722 petram,
3594 5651 3694 5723 qui

2049 5745 2140 5796 est
2169 5739 2520 5812 principium
2552 5739 3069 5794 fundamentorum
3100 5740 3250 5809 ejus.
3282 5744 3460 5796 Bases
3490 5746 3688 5797 autem

2022 5828 2504 5890 Ecclesiasunt
2545 5827 2731 5887 sancti
2775 5827 2995 5907 quique
3024 5834 3290 5907 potentes
3331 5833 3390 5891 et
3428 5831 3624 5905 fortes,
3657 5848 3692 5890 a
