4220 6576
542 490 655 556 ’791

2037 484 2456 561 ΑΡΡΕΝΠΙΧ.

3826 484 3946 550 792

546 625 761 698 quibus
793 624 993 679 eadem
1025 622 1351 680 sustinetur
1377 625 1435 678 et
1463 623 1703 695 regitur.
1734 622 1845 678 Alii
1876 621 2183 678 dixerunt:
2216 620 2271 688 Α
2300 623 2412 692 est,
2442 621 2830 680 laudaverunt
2875 639 2969 679 me
3016 638 3221 679 omnes
3266 620 3455 695 angeli
3486 618 3623 676 mei.
3653 621 3945 687 Quemad-

550 714 723 786 Super
765 728 870 785 quo
917 714 1115 768 circuli
1155 713 1274 783 ejus
1320 712 1422 773 ἢ.τὶ
1465 716 1632 768 sunt?
1679 715 1746 767 ut
1789 710 2189 782 intelligamus

549 804 782 876 pondus
812 802 1039 857 roboris
1072 801 1277 856 mundi
1309 802 1632 857 secundum
1655 801 1821 856 illum
1842 817 2081 856 sensum
2107 817 2193 855 es-

550 910 631 960 se,
668 902 781 963 quo
814 890 1123 947 Psalmista
1151 891 1223 944 de
1252 891 1359 946 hoc
1392 890 1889 961 loquitur,dicens
1924 908 1936 945 :
1972 890 2193 944 Etenim

547 982 789 1050 firmavit
837 981 1021 1035 orbem
1073 983 1257 1049 teme,
1291 980 1388 1050 qui
1414 996 1525 1034 non
1568 979 1988 1035 commovebitur
2016 978 2188 1049 (Psal.

550 1068 992 1141 xcu,l).Cirouli
1019 1068 1173 1124 enim
1207 1069 1434 1123 rotondi
1464 1068 1652 1141 ﬁgura
1681 1067 2000 1139 est,ﬁguris
2029 1073 2193 1121 ciete-

553 1160 634 1215 ris
666 1158 981 1231 pulchrior.
1016 1158 1161 1212 Nam
1207 1156 1460 1212 circulus
1489 1174 1556 1211 ex
1578 1155 1736 1213 omni
1770 1160 1932 1228 parte
1965 1154 2076 1210 sibi
2107 1158 2196 1209 est

554 1264 847 1321 congruus
877 1252 934 1301 et
962 1245 1236 1317 aequalis;
1271 1250 1543 1316 totusque
1566 1261 1668 1316 per
1692 1243 2075 1315 semetipsum
2098 1260 2194 1299 so-

554 1338 710 1392 lidus
740 1336 920 1401 vadit,
952 1340 1009 1389 et
1038 1336 1190 1389 inter
1219 1332 1522 1389 oculorum
1554 1334 1760 1401 aciem,
1794 1350 1896 1404 per
1916 1349 2091 1388 suum
2114 1332 2198 1387 in-

556 1427 788 1481 ﬁnitum
812 1424 1100 1494 habitum,
1133 1423 1272 1495 quia
1300 1423 1426 1478 sine
1455 1421 1575 1477 ullo
1608 1422 1723 1476 fine
1743 1437 1977 1494 semper
2005 1421 2063 1476 in
2114 1438 2197 1477 se-

555 1515 871 1586 metipsum
899 1513 1230 1578 recurrit,ct
1270 1510 1758 1583 inexplicabiliter
1805 1510 2057 1566 ducitur.
2091 1510 2197 1565 Hic

550 1605 731 1677 igitur
760 1602 1090 1675 significare
1122 1600 1267 1655 mihi
1298 1601 1527 1655 videtur
1571 1599 1870 1654 hominem
1922 1599 1983 1654 in
2035 1598 2197 1655 nullo

500 1708 501 1711 ‘
552 1694 665 1749 sibi
697 1693 1101 1748 adversantem
1148 1704 1338 1760 neque
1368 1705 1430 1744 se
1458 1705 1528 1742 ex
1557 1692 1719 1760 parte
1766 1688 1965 1759 aliqua
2012 1705 2196 1760 oppu-

553 1787 854 1854 gnantem,
887 1778 1090 1851 quales
1120 1784 1292 1833 erunt
1345 1779 1403 1833 in
1454 1778 1650 1833 futuro
1702 1777 1868 1833 beato
1923 1777 2133 1833 saeculo
2181 1794 2194 1832 :

553 1877 693 1925 tunc
723 1869 879 1925 enim
911 1884 1044 1923 caro
1069 1884 1180 1921 non
1200 1865 1572 1938 concupiscet
1596 1867 1876 1922 adversus
1897 1866 2195 1939 spiritum,

554 1965 610 2014 et
639 1957 882 2030 spiritus
913 1958 1190 2012 adversus
1220 1972 1476 2011 carnem.
1512 1954 1789 2020 Quamvis
1828 1955 2008 2026 hujus
2040 1955 2199 2027 pacis

508 2068 515 2069 ν
555 2046 976 2103 beatitudinem
1009 2045 1186 2100 etiam
1215 2044 1273 2098 in
1305 2043 1414 2099 hoc
1445 2043 1656 2099 saeculo
1688 2043 1959 2099 nonnulli
2008 2044 2197 2100 sancti

554 2153 623 2191 ex
674 2141 837 2208 parte
875 2133 1292 2206 prmsenserint
1324 2150 1337 2188 :
1374 2149 1487 2187 non
1522 2132 1756 2203 quidem
1792 2132 2016 2189 nullam
2048 2133 2198 2189 inte-

552 2225 723 2280 rioris
752 2223 1171 2294 exteriorisque
1219 2238 1281 2276 se
1331 2221 1390 2276 in
1438 2221 1583 2293 ipsis
1632 2222 1935 2277 sentiendo
1984 2222 2201 2277 discor-

551 2315 735 2381 diam,
766 2313 867 2369 sed
900 2311 1172 2367 hostilem
1201 2310 1473 2366 vitiorum
1507 2311 1822 2365 exercitum
1865 2311 2199 2368 resistenti-

553 2405 666 2459 bus
720 2402 988 2458 fortiores
1036 2400 1368 2472 superando
1409 2400 1749 2465 virtutibus,
1800 2406 1867 2455 ut
1926 2400 2197 2467 Helcana,

552 2497 718 2564 pater
745 2491 933 2547 sancti
966 2489 1275 2556 Samuelis,
1308 2489 1396 2544 vir
1421 2506 1575 2545 unus
1605 2489 1796 2545 dictus
1827 2494 1933 2545 est.
1972 2490 2066 2545 Sic
2095 2490 2201 2545 ita-

553 2598 666 2652 que
694 2586 852 2635 totus
882 2579 938 2633 in
971 2596 1032 2635 se
1061 2579 1189 2646 erit,
1223 2578 1450 2649 sibique
1480 2578 1848 2645 conveniens,
1891 2583 1948 2633 et
1988 2579 2199 2635 immo-

550 2670 749 2725 biliter
769 2670 828 2724 in
856 2668 954 2724 illa
971 2668 1153 2740 gloria
1175 2668 1377 2723 acsine
1406 2668 1517 2722 fine
1546 2667 1967 2723 consistens.Hi
2000 2668 2200 2740 igitur,

555 2758 755 2815 circuli
788 2758 1020 2830 figurati
1053 2774 1158 2829 per
1187 2756 1516 2812 dilectionis
1564 2756 1665 2810 Dei
1715 2755 2009 2828 copulam,
2042 2758 2199 2830 ligno

555 2849 746 2904 crucis
794 2846 953 2902 afﬁxi
1003 2851 1160 2916 sunt,
1210 2851 1268 2900 et
1314 2844 1726 2916 unusquisque
1757 2860 1958 2900 eorum
1991 2846 2134 2900 dicit
2182 2862 2195 2900 :

557 2937 782 3008 Conﬁdo
814 2938 985 3005 enim,
1017 2936 1146 3006 quia
1191 2950 1363 3005 neque
1407 2950 1573 3002 mors,
1619 2950 1794 3006 neque
1838 2937 1969 2989 vita.
2022 2936 2197 3006 (Rom.

552 3043 675 3093 vni,
706 3027 821 3095 38),
852 3030 961 3081 etc.

627 3138 656 3166 ‹‹
688 3118 803 3171 Aut
832 3114 961 3187 quis
990 3112 1228 3169 demisit
1273 3112 1526 3184 lapidem
1578 3111 1918 3184 angularem
1967 3113 2138 3183 ejus?
2166 3132 2192 3165 ι

556 3205 661 3263 Hic
692 3204 844 3276 lapis
889 3202 1189 3275 angularia
1221 3201 1505 3267 Christus,
1538 3201 1637 3271 qui
1669 3218 1702 3255 a
1738 3203 1848 3257 Deo
1890 3201 2059 3256 Patre
2107 3219 2202 3274 po-

556 3299 705 3353 situs
737 3299 826 3349 est
855 3294 911 3348 in
956 3293 1337 3348 fundamento
1369 3296 1534 3346 terra:
1565 3289 1647 3345 Do
1717 3290 1885 3345 inicze
1917 3308 1930 3346 :
1966 3290 2090 3362 ipse
2112 3297 2200 3347 est

2299 711 2543 767 modum
2591 713 2651 768 in
2703 712 2864 768 illius
2905 712 3165 778 oviculw,
3194 710 3439 767 humani
3470 709 3701 782 generis
3733 709 3945 775 salute,

2297 797 2607 857 laudantes
2636 802 2819 857 Deum
2854 801 3037 872 gavisi
3083 804 3223 856 sunt
3269 800 3466 871 (Judic.
3514 815 3612 868 vn,
3645 799 3711 852 37
3750 800 3944 870 seqq.).

2300 888 2443 943 Item
2477 894 2635 945 astra
2666 893 2955 945 matutina
2984 906 3187 946 omnes
3218 888 3369 944 filios
3400 886 3663 944 Ecclesiae
3693 904 3807 942 non
3842 889 3944 943 ab-

2301 977 2479 1032 surde
2511 979 2820 1043 sentimus,
2868 978 2967 1049 qui
3015 995 3118 1050 per
3163 978 3525 1050 baptismum
3557 983 3950 1033 renascuntur

2300 1063 2714 1133 Cbristo,sicut
2744 1067 2827 1121 ait
2853 1066 3170 1138 Apostolus
3200 1070 3272 1121 ad
3305 1061 3623 1121 Ecclesiam
3650 1066 3945 1121 scribens:

2307 1151 2503 1209 Omnes
2531 1162 2620 1211 ves
2650 1158 2777 1211 estis
2801 1157 2912 1226 ﬁlii
2955 1172 3056 1228 per
3101 1156 3262 1227 ﬁdem
3310 1158 3372 1211 in
3418 1156 3631 1212 Christo
3667 1157 3795 1211 Iesu
3820 1155 3949 1227 (Ga-

2302 1242 2396 1297 lal.
2432 1259 2514 1309 ιιι,
2545 1246 2658 1315 26).
2690 1244 2758 1299 Hi
2788 1261 2923 1317 ergo
2955 1248 3193 1317 propter
3209 1243 3468 1317 vigiliam
3500 1244 3949 1314 matutinam,in

2303 1347 2421 1402 qua
2449 1332 2733 1388 Dominus
2765 1333 3100 1399 resurrexit,
3132 1337 3293 1389 astra
3322 1333 3611 1389 matutina
3654 1332 3947 1404 dicuntur,

2301 1419 2389 1475 vel
2421 1437 2524 1493 pro
2555 1420 2871 1494 incipiente
2901 1422 2987 1479 eis
3015 1422 3213 1496 gratias
3247 1439 3391 1479 novo
3420 1422 3662 1491 lumine,
3696 1423 3851 1478 unde
3893 1428 3953 1477 et

2306 1510 2581 1582 neophyti
2612 1517 3048 1585 nuncupantur.

2380 1620 2407 1648 «
2439 1599 2583 1663 Quis
2611 1601 2901 1657 conclusit
2930 1601 3095 1656 ostiis
3127 1618 3308 1669 mare,
3341 1602 3579 1673 quando
3608 1601 3954 1672 erumpebat

2306 1688 2474 1759 quasi
2517 1689 2589 1744 de
2636 1690 2809 1746 vulva
2856 1691 3195 1762 procedens.
3231 1712 3261 1741 ››
3304 1691 3450 1746 Cum
3500 1691 3561 1746 in
3618 1690 3951 1745 conditione

2307 1777 2513 1844 mundi
2544 1795 2707 1850 aquae
2737 1796 2972 1835 omnem
3004 1784 3219 1835 terram
3249 1780 3560 1852 operirent,
3593 1785 3650 1834 et
3697 1779 3951 1835 tenebrae

2306 1871 2504 1922 essent
2530 1884 2706 1939 super
2735 1868 2942 1924 faciem
2973 1869 3193 1940 abyssi,
3236 1873 3378 1924 tunc
3417 1870 3741 1924 secundum
3776 1867 3951 1923 fidem

2307 1955 2439 2010 libri
2470 1956 2778 2025 Geneseos,
2814 1959 3086 2029 pracepit
3114 1958 3271 2013 Deus
3301 1956 3395 2013 die
3423 1958 3616 2023 tertio,
3649 1962 3714 2012 ut
3749 1973 3956 2012 omnes

2307 2061 2471 2116 aqua
2512 2046 2569 2100 in
2621 2044 2813 2101 locum
2867 2064 3047 2102 unum
3098 2051 3591 2119 congregarentur
3616 2046 3769 2118 (Gen.
3803 2063 3842 2110 1,
3873 2045 3955 2115 9).

2306 2132 2528 2197 Quibus
2558 2135 2734 2190 etiam
2765 2135 3084 2191 terminum
3117 2135 3414 2207 finemque
3445 2135 3748 2207 imposuit,
3779 2151 3851 2189 ne
3891 2150 3956 2189 se

2307 2224 2463 2279 foras
2493 2223 2711 2280 limites
2743 2242 2904 2292 suos,
2936 2226 3004 2281 ad
3040 2224 3415 2298 operiendam
3450 2229 3664 2279 terram
3716 2239 3954 2279 rursum

2308 2312 2691 2369 effunderent.
2726 2312 2966 2368 Vulvam
2998 2314 3069 2370 de
3099 2330 3217 2386 qua
3246 2330 3406 2368 mare
3437 2314 3783 2385 procedebat
3800 2331 3961 2365 κατα-

2308 2404 2637 2473 χρσυτικῶς,
2679 2401 2871 2474 ipsam
2920 2406 3137 2458 terram
3188 2403 3586 2473 subjacentem
3636 2417 3954 2473 possumus

2308 2489 2653 2563 intelligere,
2686 2495 2751 2546 ut
2778 2491 2850 2546 de
2878 2508 2965 2556 ea,
3018 2495 3075 2546 et
3120 2490 3179 2547 in
3220 2507 3437 2563 aquam
3487 2496 3741 2546 creatam
3773 2507 3807 2545 a
3840 2495 3952 2547 Deo

2309 2596 2434 2634 esse
2464 2580 2795 2635 credamus.
2830 2584 2983 2636 Duas
3014 2580 3170 2635 enim
3205 2586 3401 2653 partes
3430 2580 3637 2635 mundi
3689 2596 3957 2652 magnas,

2308 2668 2519 2723 cmlum
2551 2674 2608 2724 et
2636 2673 2875 2733 terram,
2909 2669 3064 2725 Deus
3094 2686 3160 2725 ex
3192 2668 3375 2745 nihilo
3415 2669 3572 2738 facit,
3606 2672 3664 2724 et
3693 2670 3813 2725 ima
3858 2687 3960 2725 ea-

2310 2773 2437 2812 rum
2469 2757 2540 2813 de
2571 2758 2815 2813 materia
2844 2758 3371 2824 informi,.ceeteras
3420 2763 3614 2814 autem
3663 2762 3958 2815 creaturas

2307 2846 2617 2903 distinctas
2672 2848 2792 2902 sive
2857 2848 3137 2903 formatas
3183 2847 3458 2915 instituit,
3511 2848 3664 2903 inter
3704 2865 3956 2919 quarum

2309 2935 2664 2990 creationem
2695 2941 2752 2990 et
2783 2952 2968 3007 aquas
2998 2935 3294 2992 credimus
3326 2937 3797 3007 factas,quarum
3830 2938 3958 3009 qui-

2308 3024 2439 3080 dem
2474 3024 2893 3091 conditionem,
2938 3024 2997 3080 in
3049 3025 3334 3097 principio
3383 3025 3624 3081 Genesis
3674 3026 3953 3098 scriptam

2308 3129 2423 3168 non
2454 3112 2740 3184 legimus;
2772 3112 3019 3169 aliarum
3049 3130 3182 3170 vero
3238 3130 3382 3186 pene
3430 3114 3697 3169 omnium
3728 3115 3954 3170 factura

2310 3202 2368 3256 in
2425 3202 2589 3257 libris
2641 3202 2959 3258 Dominicis
3008 3210 3345 3259 recensetur
3379 3220 3390 3259 :
3428 3202 3563 3258 licet
3604 3208 3662 3259 et
3703 3204 3774 3259 de
3825 3203 3954 3275 ipsa

2310 3291 2453 3345 mari
2488 3296 2727 3347 sanctus
2759 3290 2936 3346 David
2973 3291 3201 3358 dixerit,
3236 3308 3368 3347 cum
3403 3292 3474 3348 de
3503 3292 3673 3347 beato
3703 3292 3823 3347 viro
3873 3292 3952 3348 lo-

552 3386 707 3444 enim
731 3401 847 3440 non
880 3382 1072 3438 solum
1104 3379 1582 3440 fundamentalis.
1614 3380 1712 3434 sed
1762 3383 1818 3434 et
1874 3381 2193 3452 angularis,
2228 3365 2271 3432 C
2314 3386 2593 3452 queretur
2624 3398 2635 3436 :
2672 3381 2801 3451 Spes
2830 3382 2945 3454 ejus
2969 3382 3029 3435 in
3057 3382 3289 3437 Domino
3312 3382 3413 3437 Dco
3461 3382 3658 3453 ipsius,
3690 3383 3787 3455 qui
3826 3383 3953 3453 fecit

548 3477 605 3532 in
641 3491 756 3548 quo
787 3474 902 3529 duo
927 3470 1147 3544 populi,
1179 3469 1514 3525 Judieorum
1546 3467 1810 3524 videlicet
1828 3473 1885 3524 et
1900 3470 2188 3541 gentium,

549 3565 943 3621 continentur.
981 3563 1055 3616 De
1088 3576 1201 3630 quo
1231 3565 1289 3614 et
1323 3557 1627 3614 Psalmista
1669 3558 1753 3613 ait
1792 3574 1804 3612 :
1838 3560 2003 3631 Lapis
2032 3576 2192 3631 quem

548 3653 974 3726 rcprobaveruut
1000 3649 1351 3718 aediﬁcantes,
1378 3649 1468 3702 hic
1495 3650 1675 3719 factus
1702 3655 1779 3702 est
1802 3649 1861 3701 in
1884 3652 2047 3720 caput
2089 3667 2191 3704 au-

552 3744 675 3813 guli
702 3741 872 3813 (Psal.
904 3756 1075 3804 cxvu,
1105 3738 1217 3810 22).
1254 3739 1320 3791 Et
1349 3737 1659 3808 Apostolus
1686 3737 1770 3791 ait
1803 3754 1816 3791 :
1844 3738 1962 3809 Ipso
1979 3754 2191 3793 summa

552 3831 821 3900 angulari
849 3828 1029 3901 lapide
1060 3829 1278 3883 Christo
1305 3828 1449 3892 Jcsu,
1482 3828 1541 3881 in
1571 3841 1672 3899 quo
1706 3829 1886 3881 omnis
1914 3831 2191 3881 structura

554 3920 934 3992 compaginata
977 3919 1171 3973 crescit
1194 3919 1253 3972 in
1301 3916 1560 3987 templum
1598 3918 1845 3970 sanctum
1879 3916 2094 3986 (Ephes.
2128 3935 2190 3985 ιι,

551 4013 642 4078 ‘30,
668 4012 781 4081 21).
816 4009 979 4064 Hunc
1005 4007 1184 4080 igitur
1214 4007 1385 4062 Pater
1412 4004 1641 4060 dimisit
1682 4003 1740 4058 in
1773 4009 2009 4075 terram,
2043 4011 2108 4061 ut
2134 4008 2190 4062 in

550 4101 1001 4157 fundamentum
1035 4102 1365 4171 poneretur.

626 4213 655 4241 ‹‹
685 4193 826 4244 Cum
879 4205 972 4243 me
1022 4186 1331 4242 laudarent
1378 4182 1553 4239 simul
1601 4189 1759 4238 astra
1798 4184 2106 4251 matutina,
2139 4189 2197 4239 et

547 4281 871 4353 jubilarent
922 4293 1127 4333 omnes
1177 4274 1281 4330 filii
1328 4272 1469 4329 Dei?
1510 4294 1537 4321 »
1590 4272 1852 4351 Demisso
1899 4273 2096 4343 itaque
2136 4274 2193 4328 in

557 4367 954 4425 fundamentis
982 4365 1120 4420 Sion
1154 4362 1345 4433 lapide
1373 4359 1755 4432 pretioso,qui
1785 4364 1873 4414 est
1902 4361 2195 4417 secundus

552 4459 727 4515 homo
777 4457 847 4511 de
879 4453 1021 4509 caelo
1070 4450 1342 4519 ccelestis,
1388 4448 1792 4514 laudaverunt,
1841 4447 2053 4519 inquit,
2103 4468 2198 4506 me

556 4544 734 4603 simul
765 4550 923 4599 astra
954 4539 1264 4605 matutina,
1308 4540 1365 4593 et
1405 4534 1795 4607 injubilarunt
1842 4552 2047 4594 omnes
2091 4539 2195 4595 ﬁlii

555 4634 675 4690 Dei.
708 4634 879 4688 Astra
906 4635 964 4685 et
993 4628 1096 4683 {iiii
1126 4632 1182 4682 et
1203 4626 1302 4682 Dei
1332 4624 1522 4698 angeli
1552 4623 1981 4696 intelliguntur,
2015 4628 2115 4700 qui
2137 4628 2195 4684 in

554 4721 853 4778 nativitate
911 4717 1228 4774 Salvatoris
1282 4712 1718 4770 exsultaverunt
1769 4715 1919 4783 (Luc.
1973 4733 2035 4782 Il,
2086 4720 2194 4789 13).

555 4812 720 4867 Sicut
747 4809 826 4865 ait
857 4806 1100 4879 angelus
1130 4806 1201 4861 ad
1236 4808 1497 4877 pastores
1532 4820 1545 4857 :
1577 4804 1717 4858 Ecce
1745 4805 2066 4873 evangelizo
2102 4824 2195 4863 vo-

558 4903 639 4958 bis
667 4898 939 4972 gaudium
967 4911 1251 4966 magnum,
1282 4894 1415 4964 quia
1440 4896 1608 4946 natus
1658 4900 1737 4947 est
1786 4892 2052 4966 Salvator,
2102 4899 2200 4968 qui

552 5000 631 5048 est
659 4989 905 5045 Christus
944 4986 1230 5049 Dominus,
1280 4985 1343 5038 in
1383 4983 1601 5037 civitate
1645 4983 1821 5038 David
1866 4984 2030 5049 (Ibid.
2083 4986 2192 5057 10).

553 5083 696 5138 Item
727 5076 1096 5149 Evangelista
1134 5092 1148 5129 :
1182 5076 1247 5128 Et
1294 5072 1472 5127 subito
1518 5075 1668 5142 facta
1710 5076 1786 5128 est
1825 5087 1953 5129 cum
1998 5076 2193 5143 angelo

548 5168 845 5228 multitudo
874 5165 1032 5237 (Ibid.
1095 5164 1204 5231 13),
1238 5166 1296 5217 et
1325 5168 1549 5216 ezetera.
1584 5161 1717 5216 Ideo
1760 5166 1955 5217 autem
2000 5163 2191 5235 angeli

544 5267 703 5319 astra
729 5256 1018 5313 matutina
1049 5253 1343 5315 dicuntur,
1375 5249 1514 5321 quia
1554 5249 1707 5305 inter
1754 5256 2051 5307 creaturas
2104 5269 2191 5307 ra-

539 5348 788 5406 tionales
820 5344 990 5418 primi
1025 5342 1159 5397 facti
1190 5345 1331 5396 sunt
1356 5340 1415 5393 in
1446 5340 1541 5393 die
1572 5339 1671 5410 qui
1695 5344 1784 5394 est
1812 5339 2102 5409 Christus,
2128 5346 2187 5397 et

537 5440 641 5495 ﬁlii
678 5436 775 5493 Dei
808 5439 948 5492 sunt
982 5450 994 5488 :
1030 5448 1145 5487 non
1174 5434 1315 5485 sunt
1363 5428 1464 5483 lilii
1508 5430 1881 5483 tenebrarum
1926 5428 1973 5499 (I
2010 5429 2180 5485 Thess.

532 5543 590 5595 ν,
620 5528 700 5599 5),
736 5526 888 5582 sicut
916 5523 1000 5577 illi
1034 5521 1131 5593 qui
1154 5522 1226 5576 de
1256 5535 1456 5574 eorum
1485 5533 1727 5572 numero
1758 5515 1998 5589 collapsi
2019 5526 2179 5586 sunt,

496 5650 499 5655 -
531 5616 667 5671 facti
701 5632 817 5670 non
848 5613 1038 5669 solum
1066 5610 1173 5666 lilii
1205 5608 1601 5671 tenebrarum,
1635 5605 1737 5661 sed
1768 5604 1943 5661 etiam
1990 5612 2177 5664 recto-

529 5721 624 5761 res
655 5703 1027 5759 tenebrarum
1079 5700 1293 5773 (Ephes.
1342 5714 1399 5764 v,
1450 5694 1561 5765 12),
1615 5694 1673 5749 id
1725 5698 1832 5764 est,
1864 5694 2174 5754 hominum

524 5796 917 5887 peccatorum.
947 5792 1110 5851 Tunc
1137 5802 1275 5879 voce
1304 5801 1539 5867 magna,
1572 5783 1727 5845 sicut
1765 5785 2173 5861 supradictum

2299 3471 2494 3525 coelum
2536 3474 2588 3525 ct
2635 3479 2844 3526 terram
2891 3485 3046 3526 mare
3092 3477 3144 3525 et
3192 3473 3380 3526 omnia
3426 3488 3547 3542 quae
3592 3473 3654 3526 in
3701 3474 3779 3526 eis
3821 3480 3954 3528 sunt

2300 3560 2471 3626 (Psal.
2496 3576 2656 3626 σειν,
2687 3561 2741 3624 5,
2774 3560 2851 3625 6).
2886 3558 3051 3613 Hunc
3081 3575 3217 3629 ergo
3250 3559 3431 3615 moris
3461 3576 3822 3630 processum,
3866 3561 3948 3615 el-

2302 3648 2591 3703 fusionem
2623 3663 2910 3718 aquarum
2941 3646 3132 3702 dicere
3164 3646 3308 3701 mihi
3339 3647 3587 3714 videtur,
3620 3649 3719 3720 qui
3753 3650 3824 3704 de
3853 3665 3948 3703 oc-

2301 3736 2473 3791 cultis
2505 3752 2784 3790 venarum
2818 3739 2982 3789 terras
3014 3735 3233 3789 ﬁnibus
3262 3735 3596 3803 emanabat,
3628 3742 3683 3792 et
3727 3739 3948 3809 operie-

2304 3826 2403 3879 bat
2435 3841 2666 3879 omnem
2702 3824 2905 3878 faciem
2939 3826 3125 3876 terrae.
3158 3823 3320 3887 Quod
3353 3822 3411 3876 in
3444 3823 3661 3880 diluvio
3707 3826 3950 3881 manife-

2302 3913 2453 3967 stius
2486 3913 2699 3967 factum
2733 3910 3003 3982 legimus,
3042 3910 3137 3964 ubi
3169 3910 3384 3965 dicitur
3415 3927 3427 3965 :
3457 3912 3519 3966 Et
3550 3928 3733 3968 omnes
3773 3918 3950 3985 [mites

2303 4001 2493 4071 abyssi
2537 4014 2753 4069 magna?
2809 3999 2992 4069 erupti
3018 4006 3149 4053 sunt
3205 3999 3359 4067 (Gen.
3412 4016 3515 4070 vn,
3551 4000 3656 4068 11).
3701 4002 3949 4059 Proinde

2303 4090 2532 4145 vulvam
2566 4088 2767 4155 maris,
2800 4093 2962 4142 terrae
3014 4086 3211 4143 sinum
3264 4087 3488 4143 dictum
3539 4088 3827 4160 existimo,
3884 4098 3951 4147 ut

2306 4195 2465 4233 mare
2496 4180 2565 4233 de
2597 4178 2795 4232 eadem
2828 4177 3200 4249 progenitum
3253 4178 3607 4235 noverimus.
3660 4178 3771 4235 Sed
3807 4180 3951 4235 dicit

2306 4267 2563 4338 aliquis:
2599 4268 2714 4338 Ego
2762 4282 3051 4338 aquarum
3100 4265 3282 4322 moles
3332 4267 3473 4323 coelo
3522 4271 3578 4323 et
3624 4272 3788 4324 terra:
3821 4268 3949 4324 dico

2306 4372 2434 4411 esse
2461 4356 2823 4428 congenitas,
2856 4360 2914 4410 et
2940 4354 3116 4411 simul
3140 4358 3651 4429 creatas.Denique
3681 4357 3750 4412 de
3780 4357 3951 4429 aquis

2307 4446 2805 4517 quemadmodum
2838 4445 2995 4500 etde
3041 4450 3197 4500 terra
3242 4445 3376 4500 fecit
3423 4446 3599 4517 Deus,
3652 4447 3772 4502 sive
3818 4463 3951 4519 pro-

2307 4535 2473 4590 duxit
2501 4540 2740 4591 caeteras
2791 4537 3107 4590 creaturas.
3159 4533 3217 4589 Si
3269 4550 3405 4605 ergo
3456 4533 3565 4590 hoc
3612 4536 3949 4607 opinionem

2300 4624 2481 4680 istam
2513 4624 2843 4691 confirmat,
2876 4626 2942 4678 ut
2970 4622 3099 4678 ideo
3131 4627 3188 4678 et
3218 4638 3381 4695 aqua}
3412 4638 3482 4678 ex
3511 4623 3693 4680 nihilo
3744 4630 3948 4681 creatae

2230 4737 2276 4801 Β
2306 4714 2594 4780 dicantur,
2640 4712 2778 4785 quia
2828 4716 2887 4767 et
2934 4712 3005 4767 de
3052 4710 3196 4783 ipsis
3243 4710 3381 4782 alia,
3431 4718 3486 4768 et
3536 4712 3651 4769 alia
3697 4714 3755 4769 in
3802 4713 3949 4787 ipsis

2297 4804 2543 4874 jubente
2573 4803 2688 4858 Deo
2707 4817 2881 4874 quam
2900 4799 3156 4873 plurima
3172 4800 3495 4857 animantia
3516 4807 3946 4873 processerunt:

2306 4895 2375 4946 de
2403 4891 2544 4946 coelo
2574 4892 2714 4962 quid
2748 4891 3032 4958 dicemus,
3064 4889 3219 4960 quod
3253 4896 3341 4945 est
3370 4908 3506 4961 pars
3552 4894 3758 4947 mundi
3805 4910 3947 4964 pra:-

2304 4982 2569 5040 stantior.
2601 4980 2671 5035 de
2701 4995 2816 5050 quo
2848 4995 2962 5033 non
2993 4977 3438 5050 legimus,quod
3467 4996 3536 5035 ex
3566 4996 3632 5036 eo
3662 4981 3831 5052 quasi
3864 4982 3949 5036 in-

2304 5069 2471 5125 formi
2511 5069 2752 5123 materia
2781 5066 3001 5139 aliquid
3026 5072 3395 5138 procreatum
3420 5068 3585 5125 sit.In
3608 5087 3724 5141 quo
3746 5070 3945 5138 etiam,

2302 5160 2454 5230 quod
2488 5160 2557 5212 ad
2597 5159 2874 5229 majorem
2899 5156 3124 5213 decoris
3147 5157 3276 5227 ejus
3296 5157 3547 5229 pertinet
3569 5157 3949 5231 pulchritudi-

2299 5265 2457 5314 nem;
2489 5246 2685 5303 stellas
2715 5264 2780 5303 ac
2811 5246 3070 5302 diversos
3099 5251 3391 5301 astrorum
3450 5247 3654 5319 globos
3683 5248 3839 5304 Deus
3868 5249 3947 5305 fe-

2296 5336 2394 5408 cit,
2427 5336 2735 5407 ordinavit,
2768 5340 2824 5391 et
2853 5334 3203 5406 composuit.
3253 5336 3321 5391 Et
3359 5336 3531 5407 juxta
3569 5337 3719 5392 hanc
3754 5354 3943 5394 asser-

2294 5443 2449 5492 nem,
2483 5425 2725 5481 meliora
2756 5428 2927 5480 erunt
2957 5422 3136 5479 maris
3166 5427 3222 5481 et
3250 5428 3417 5479 terrae
3448 5424 3939 5498 elementa,quam

2291 5516 2524 5582 cwlum,
2557 5517 2728 5585 cujus
2757 5516 3029 5569 ornatum
3068 5512 3536 5584 pulcherrimum
3575 5516 3936 5574 admirantes

2289 5605 2648 5676 suspicimus
2694 5621 2706 5659 :
2742 5602 3020 5675 quoniam
3051 5602 3327 5675 praecellit
3354 5602 3441 5660 vel
3476 5604 3728 5661 maxime
3775 5610 3935 5664 caete-

2286 5710 2381 5748 ras
2412 5698 2727 5749 creaturas.

2360 5806 2381 5837 σι
2411 5788 2553 5841 Cum
2583 5799 2858 5863 ponerem
2889 5783 3107 5871 nubem
3134 5783 3552 5873 vestimentum
3582 5785 3731 5864 ejus,
3745 5788 3805 5847 et
3832 5803 3926 5871 ca:
