4220 6598
400 482 519 543 ’193

1400 482 1917 553 COMMENTAR.
1962 490 2043 553 IN
2087 478 2228 555 JOB
2271 491 2443 555 CAP.
2488 486 2821 558 XXXVIII.

3688 492 3812 553 794

402 613 584 686 ligine
616 615 761 671 illud
809 616 978 689 quasi
1027 618 1240 689 pannis
1288 619 1549 679 infantia:
1603 624 1986 681 obvolverem.
2016 643 2044 677 η
2078 625 2136 694 Α
2164 626 2351 683 nubes
2381 631 2523 683 sunt
2552 625 2962 700 unusquisque
2989 622 3248 683 veritatis
3279 623 3675 682 annuntiator.
3699 627 3811 680 Ho-

405 704 549 759 Cum
580 720 735 776 ergo,
769 706 868 773 ait,
894 722 1175 778 magnum
1197 709 1275 765 sit
1303 727 1462 769 mare
1493 710 1823 783 latitudine,
1856 720 1912 770 et
1929 715 2052 771 lon-

401 793 667 864 gitudine
697 799 753 848 et
783 795 1072 866 profundo
1109 815 1121 853 :
1156 815 1259 869 per
1288 799 1690 857 fortitudinem
1721 808 1917 859 tamen
1956 822 2050 876 po-

399 881 590 937 tentizs
632 899 769 937 mea:
800 882 944 939 illud
990 884 1148 941 velut
1180 903 1428 958 parvum
1483 889 1859 960 elementum,
1894 893 2049 948 nube

402 974 681 1041 tanquam
712 972 1060 1030 vestimento
1116 978 1339 1032 contexi
1374 983 1431 1032 et
1482 978 1769 1051 caligine;
1804 970 2049 1037 modicis

396 1059 685 1127 videlicet,
717 1066 773 1115 et
802 1061 1018 1118 vilibus
1069 1066 1245 1121 rebus
1276 1068 1499 1137 operui,
1534 1085 1664 1139 quas
1709 1070 2049 1126 assimilan-

400 1153 497 1203 tur
521 1150 734 1221 pannis
756 1150 1035 1207 infantiae.
1060 1154 1130 1209 Et
1152 1155 1292 1226 quia
1314 1173 1474 1211 mare
1497 1158 1769 1229 superius
1790 1160 2048 1215 diximus

401 1238 569 1310 quasi
618 1240 690 1295 de
738 1240 907 1297 vulva
952 1245 1283 1315 procedere,
1316 1262 1556 1302 servans
1602 1248 2048 1305 translationem

403 1328 679 1396 nominis,
700 1330 895 1401 ipsum
928 1349 1088 1388 mare
1118 1333 1272 1389 velut
1300 1335 1605 1406 parvulum
1638 1343 2002 1408 procreatum
2031 1356 2044 1395 :

402 1420 685 1489 tanquam
714 1422 926 1490 pannis
973 1421 1233 1478 infantia:
1262 1425 1343 1478 ait
1390 1425 1638 1497 caligine
1684 1426 2047 1493 obvolutum,

400 1506 542 1574 sive,
574 1513 639 1561 ut
670 1509 768 1563 alii
800 1510 1095 1578 dixerunt,
1122 1518 1174 1567 et
1202 1511 1409 1569 nebula
1439 1515 1649 1570 obvolvi
1678 1516 1841 1571 illud.

472 1617 498 1644 «
532 1596 900 1655 Circumdedi
930 1599 1076 1656 illud
1111 1602 1380 1659 terminis
1429 1604 1594 1672 meis,
1626 1610 1682 1661 et
1712 1606 1880 1678 posui
1912 1624 2049 1663 vec-

398 1690 516 1742 tem
564 1692 621 1743 et
667 1689 834 1755 ostia,
869 1693 927 1745 et
972 1689 1135 1747 dixi:
1172 1691 1366 1763 Usque
1417 1693 1531 1748 huc
1582 1694 1779 1750 venies
1828 1700 1884 1750 et
1931 1713 2047 1751 non

401 1778 679 1847 procedes
711 1778 988 1850 amplius,
1024 1784 1081 1834 et
1110 1780 1204 1836 hic
1248 1782 1580 1854 confringes
1613 1788 1904 1841 tumentes
1937 1788 2045 1840 ﬁu—

401 1870 532 1921 ctus
555 1871 748 1921 tuos.»
792 1868 1053 1923 Termini
1076 1867 1197 1935 isti,
1222 1870 1401 1925 divini
1426 1889 1723 1928 sermones
1751 1879 1910 1942 sunt,
1946 1876 2045 1946 qui

400 1956 692 2063 sententia
720 1955 1031 2025 immobili,
1053 1958 1209 2013 velut
1238 1961 1473 2015 termini
1505 1962 1677 2017 deﬁxi
1708 1961 2045 2035 intelligun-
2079 1998 2126 2063 B

400 2050 519 2111 tur,
550 2045 658 2100 hoc
690 2046 886 2117 ipsum
918 2052 1007 2102 est
1035 2052 1091 2102 et
1122 2048 1267 2104 illud
1314 2051 1470 2121 quod
1503 2053 1790 2123 sequitur,
1824 2053 1940 2108 Deo
1968 2054 2048 2109 di-

397 2140 583 2200 cente,
610 2134 778 2205 posui
811 2140 1030 2191 vectem
1072 2142 1129 2191 et
1166 2137 1332 2194 ostia.
1358 2138 1554 2208 Aliter,
1580 2139 1711 2212 quis
1756 2141 2047 2199 conclusit

397 2222 563 2277 ostiis
606 2224 809 2277 mare?
839 2224 1127 2280 Saeculum
1176 2225 1286 2281 hoc
1333 2228 1643 2300 Scriptura:
1692 2230 1898 2285 divinze
1935 2233 2044 2287 fre-

396 2316 645 2381 quenter
693 2329 853 2368 mare
902 2313 1217 2385 appellant,
1252 2317 1519 2373 utetiam
1576 2325 1817 2375 sanctus
1865 2321 2044 2377 David

392 2399 475 2453 ait
507 2414 520 2454 :
554 2401 661 2454 Hoc
680 2417 834 2456 mare
866 2419 1149 2472 magnum,
1174 2412 1224 2459 et
1250 2407 1552 2475 spatiosum
1581 2409 1837 2464 manibus
1868 2411 2037 2480 (Psal.

389 2504 511 2557 CIII,
563 2490 676 2559 25).
730 2491 873 2545 Item
927 2507 942 2547 :
995 2492 1101 2560 Qui
1129 2494 1459 2550 descendunt
1506 2513 1658 2552 mare
1707 2499 1766 2553 in
1810 2500 2042 2554 navibus

388 2577 564 2647 (Psal.
597 2596 710 2645 CVI,
741 2582 853 2649 23).
888 2585 956 2635 Et
1004 2581 1274 2639 Habacuc
1309 2602 1321 2640 :
1356 2582 1554 2640 Misisti
1600 2588 1661 2641 in.
1690 2605 1851 2643 mare
1879 2605 2041 2661 equos

386 2670 505 2720 tuos
536 2667 756 2736 (Habac.
801 2686 884 2737 III,
922 2670 1027 2740 15).
1077 2672 1145 2725 Et
1192 2673 1373 2728 Isaias
1408 2691 1419 2729 :
1454 2676 1693 2730 Occcidit
1739 2682 1913 2733 cetum
1944 2682 2042 2751 qui

387 2757 446 2809 in
478 2758 624 2811 mari
651 2766 727 2811 est
774 2760 900 2828 (Isa.
933 2776 1107 2831 XXVII,
1145 2762 1216 2832 1).
1268 2762 1515 2819 Proinde
1549 2764 1656 2821 hoc
1706 2784 1867 2823 mare
1897 2786 2036 2840 prir-

384 2844 568 2915 coptis
597 2844 829 2915 divinis,
863 2846 1019 2901 velut
1041 2848 1396 2919 quibusdam
1423 2850 1712 2909 limitibus
1733 2871 2034 2910 sacrorum

384 2932 750 3004 eloquiorum
803 2935 1196 3003 concluditur,
1230 2943 1296 2993 ut
1341 2940 1413 2995 de
1464 2946 1626 2997 utero
1677 2944 1871 2999 cordis
1920 2945 2032 3014 sui,

387 3022 485 3076 ubi
516 3022 967 3094 cogitationibus
1001 3026 1155 3082 velut
1185 3044 1253 3083 ex
1284 3030 1528 3097 semine,
1563 3048 1732 3087 curas
1762 3037 1936 3105 atqne
1964 3033 2033 3089 il-

302 3132 309 3141 -
382 3109 643 3167 lecebras
674 3114 1004 3170 Inundiales
1024 3115 1410 3189 voluptatum,
1437 3119 1818 3178 delectatione
1845 3123 2036 3179 conci-

382 3199 598 3270 piebat,
619 3200 745 3270 jam
771 3219 884 3256 non
908 3202 968 3257 in
1001 3220 1150 3275 Opus
1174 3205 1342 3277 quasi
1364 3209 1743 3278 parturiendo
1770 3227 2035 3284 erumpe-

383 3293 489 3357 ret,
537 3306 714 3361 seque
764 3290 1088 3347 ell‘underet
1135 3293 1194 3347 in
1242 3294 1470 3351 diversa
1519 3297 1779 3353 facinora
1828 3316 2031 3371 perpe-

2160 732 2293 770 rum
2320 715 2500 788 igitur
2525 715 2719 772 verbis
2758 714 3163 772 consolatoriis
3194 718 3367 786 atque
3396 712 3682 781 doctrina,
3716 729 3810 768 ro-

2160 805 2343 860 rando
2395 806 2668 877 desuper,
2708 806 2789 860 ait
2838 804 3121 860 Dominus
3168 804 3299 875 (Isa.
3347 818 3477 869 xcv,
3524 803 3602 873 8),
3636 819 3809 857 mun-

2163 894 2305 948 dum
2338 894 2598 950 ﬁdelium
2632 894 2704 949 ab
2735 898 2880 949 aestu
2923 892 3311 949 tentationum
3364 890 3609 964 protexi,
3640 892 3812 963 eique

2162 982 2433 1038 umbram
2484 1000 2665 1055 supra
2720 982 3110 1055 promissione
3157 986 3382 1037 aeternae
3431 980 3811 1037 beatitudinis

2161 1071 2403 1142 praebui,
2446 1070 2556 1127 hoc
2603 1076 2716 1139 est,
2744 1073 3163 1128 vestimentum
3213 1088 3316 1142 per
3367 1075 3601 1126 sanctos
3651 1086 3811 1125 meos

2160 1159 2461 1216 ministros
2491 1159 2784 1233 Evangelii
2830 1161 2879 1216 ei
2914 1178 3091 1232 super
3120 1176 3278 1215 mare
3327 1158 3678 1233 populorum
3710 1176 3811 1215 ex-

2160 1248 2336 1319 pendi
2382 1266 2394 1303 :
2446 1266 2518 1304 ne
2567 1248 2835 1303 videlicet
2882 1247 3103 1303 inﬁdeli
3155 1252 3423 1305 caumate
3471 1253 3811 1304 terreretur.

2158 1336 2320 1401 Quod
2351 1336 2525 1392 etiam
2571 1354 2730 1392 mare
2770 1336 3120 1409 populorum
3150 1336 3305 1391 intra
3334 1336 3807 1407 prmdicationem

2160 1426 2476 1495 perfectam
2516 1426 2807 1497 Evangelii
2858 1425 3138 1498 positum,
3173 1429 3408 1496 propter
3452 1440 3685 1480 morum
3714 1424 3807 1480 in-

2161 1514 2404 1570 fantiam
2436 1514 2496 1569 in
2529 1516 2884 1587 quibusdam
2916 1513 3101 1571 lactea
3130 1513 3418 1579 doctrina,
3450 1512 3611 1569 velut
3640 1513 3807 1569 vilio-

2160 1603 2326 1659 ribus
2354 1604 2720 1660 vestimentis
2753 1603 3034 1677 operitur,
3067 1620 3132 1659 eo
3165 1603 3318 1675 quod
3351 1602 3669 1659 sacratiora
3690 1619 3811 1675 my-

2160 1692 2336 1747 steria
2366 1710 2481 1748 non
2512 1692 2742 1747 valeant
2791 1691 3027 1760 intueri,
3061 1708 3186 1762 quae
3218 1695 3357 1746 sunt
3406 1690 3806 1764 intelligentiaI

2160 1780 2419 1837 involuta
2450 1781 2717 1854 caligine.
2759 1779 3125 1837 Circumdedi
3148 1779 3299 1847 illud
3337 1779 3606 1836 terminis
3636 1779 3809 1849 meis,

2158 1875 2216 1924 et
2246 1871 2412 1941 posui
2443 1875 2663 1926 vectem
2695 1875 2753 1926 et
2790 1870 2960 1926 ostia.
2994 1874 3312 1941 Hucusque
3356 1868 3573 1935 venies,
3606 1873 3663 1925 et
3693 1886 3808 1925 non

2158 1960 2435 2029 procedes
2465 1958 2744 2031 amplius,
2776 1963 2835 2015 et
2863 1959 2958 2014 hic
2998 1958 3338 2031 confringes
3369 1962 3665 2015 tumentes
3698 1959 3807 2013 ﬂu-

2157 2052 2288 2103 ctus
2345 2053 2499 2104 tuos.
2554 2048 2864 2119 'I‘erminis,
2927 2047 3119 2120 inquit
3166 2047 3342 2115 Deus,
3390 2048 3809 2104 mandatorum

2157 2155 2445 2204 meorum,
2479 2138 2821 2210 praedictum
2854 2154 3015 2193 mare
3045 2136 3199 2193 intra
3228 2136 3406 2193 unius
3423 2136 3559 2193 ﬁdei
3589 2137 3815 2194 confes-

2154 2226 2379 2282 sionem
2411 2227 2757 2300 congregavi
2800 2232 2976 2299 atque
3029 2225 3311 2293 conclusi,
3342 2230 3400 2282 et
3447 2226 3519 2282 ad
3551 2227 3811 2283 conden-

2154 2316 2405 2371 sandum
2438 2333 2519 2384 se,
2554 2315 2940 2372 fortissimum
2971 2313 3057 2372 illi
3098 2320 3319 2371 vectem
3368 2314 3673 2372 charitatis
3702 2332 3811 2389 op-

2152 2406 2343 2477 posui,
2376 2406 2526 2461 ostia
2555 2422 2789 2478 quoque
2822 2404 3187 2461 inﬁdelitatis
3217 2405 3501 2476 obstruxi,
3529 2409 3596 2461 ut
3625 2421 3812 2477 quan-

2149 2492 2353 2549 talibet
2398 2498 2818 2566 tempestatum
2869 2511 2933 2551 ac
2979 2493 3454 2567 persecutionum
3506 2493 3806 2560 violentia,

2149 2584 2369 2639 deﬁxos
2400 2584 2740 2639 obedientiac
2789 2582 3008 2640 limites
3045 2584 3460 2640 transcendere
3489 2582 3803 2657 compella-

2148 2676 2265 2727 tur.
2298 2672 2611 2745 Nunquam
2644 2672 2947 2730 charitatis
2980 2690 3118 2729 mea:
3163 2672 3559 2744 circumsepta
3586 2674 3803 2728 transi-

2146 2759 2271 2833 liat,
2302 2761 2396 2817 cui
2429 2761 2547 2817 dixi
2583 2780 2595 2818 :
2630 2765 2949 2834 Hucusque
3000 2760 3222 2828 venies,
3250 2766 3308 2817 et
3353 2778 3471 2816 non
3521 2760 3805 2833 procedes

2148 2850 2425 2923 amplius,
2460 2856 2515 2907 et
2543 2850 2640 2907 hic
2693 2851 3025 2923 confringes
3066 2854 3362 2906 tumentes
3392 2850 3609 2905 ﬂuctus
3645 2852 3801 2906 tuos.

2146 2941 2207 2996 Id
2242 2945 2348 3007 est,
2384 2940 2433 2995 si
2467 2940 2568 3012 qui
2614 2941 2761 2997 forte
2790 2939 3211 3013 cogitationum
3262 2938 3553 2995 malarum
3584 2938 3798 2995 ﬂuctus

2146 3034 2202 3086 te
2249 3030 2403 3086 intra
2450 3028 2692 3103 pelagus
2740 3030 2825 3085 tui
2885 3029 3078 3086 cordis
3125 3028 3443 3101 exagitant,
3477 3031 3804 3101 ventusque

2142 3118 2372 3175 validus
2417 3135 2828 3191 pressurarum
2878 3124 2935 3175 te
2966 3118 3233 3175 funditus
3280 3134 3647 3175 commovere
3674 3134 3800 3191 per-

2141 3212 2347 3279 tentat,
2381 3208 2454 3262 de
2483 3212 2638 3263 statu
2670 3224 2905 3281 quoque
2946 3212 3047 3264 tuo
3079 3207 3137 3262 in
3188 3206 3415 3263 aridam
3448 3206 3793 3274 siccitatem,

2143 3297 2296 3353 velut
2323 3295 2382 3351 in
2431 3313 2610 3351 arena
2653 3295 2882 3353 steriles
2934 3295 3216 3369 impellat.
3249 3296 3381 3351 Haec
3431 3296 3800 3354 munimenta

382 3379 626 3447 tranda;
658 3384 715 3434 et
763 3380 892 3435 ideo
945 3397 1081 3437 cum
1111 3383 1356 3438 vidisset
1403 3385 1689 3457 propheta
1739 3389 2028 3444 mundum
2060 3371 2104 3438 C
2144 3386 2278 3439 ﬁdei
2309 3388 2366 3440 et
2395 3384 2695 3440 charilatis
2718 3401 2858 3440 mea:
2888 3400 3024 3440 cave
3056 3400 3129 3438 ne
3160 3389 3458 3457 transeas:
3484 3390 3542 3439 et
3572 3387 3653 3440 ita
3675 3385 3794 3454 ﬁet,

379 3469 710 3525 credentem
744 3469 882 3536 Deo,
916 3469 1022 3526 hoc
1056 3472 1273 3527 bonum
1315 3472 1375 3527 in
1407 3490 1468 3530 se
1498 3475 1867 3530 continentia:
1903 3494 2029 3548 pos-

379 3557 590 3627 sidere,
622 3558 926 3630 gratulans
977 3559 1058 3615 ait
1108 3562 1181 3616 ad
1212 3561 1398 3618 Deum
1433 3580 1446 3617 :
1483 3565 1555 3618 Tu
1599 3565 1939 3634 conﬁrmasti
1968 3568 2029 3621 in

376 3649 580 3703 virtute
626 3653 722 3703 tua
751 3636 903 3705 utare
949 3651 1119 3722 (Psal.
1173 3668 1363 3722 LXXIII,
1400 3653 1511 3723 13).
1562 3654 1846 3710 Mundum
1897 3656 2026 3711 dico

381 3737 610 3793 lidelem
642 3744 855 3794 sanctae
890 3740 1154 3796 Ecclesiae
1205 3740 1488 3814 populum
1524 3757 1537 3797 :
1572 3743 1670 3815 qui
1704 3761 1863 3801 mare
1894 3762 2024 3817 spe-

378 3828 604 3885 cialiter
632 3830 864 3901 dicitur,
896 3835 952 3886 et
995 3830 1219 3885 habitat
1271 3833 1328 3886 in
1362 3831 1471 3887 hoc
1519 3834 1759 3889 mundo.
1793 3835 1864 3889 Et
1915 3835 2024 3891 iste

377 3923 466 3973 est
495 3918 590 3973 ille
620 3921 878 3974 mundus
912 3919 1191 3988 ﬁdelium,
1224 3921 1295 3975 de
1324 3938 1439 3993 quo
1473 3923 1754 3978 Dominus
1784 3924 1901 3979 ait:
1932 3926 2026 3981 Sic

377 4011 526 4063 enim
573 4008 768 4064 ditarit
811 4009 947 4064 Deus
995 4010 1139 4065 hunc
1183 4010 1475 4079 mundum,
1506 4017 1567 4067 ut
1616 4014 1821 4068 Filium
1862 4030 2023 4071 suum

377 4100 724 4170 unigenitum
751 4099 907 4154 daret
935 4116 1034 4170 pro
1063 4116 1122 4155 eo
1170 4100 1357 4170 (Joan;
1385 4118 1471 4168 III,
1508 4102 1614 4170 16).
1642 4103 1743 4158 Est
1764 4108 1820 4159 et
1850 4121 2022 4160 mun-

379 4189 489 4242 dus
511 4187 969 4254 incredulorum,
995 4190 1065 4244 de
1092 4206 1205 4260 quo
1232 4189 1503 4246 similiter
1531 4191 1815 4248 Dominus
1836 4193 1918 4249 ait
1948 4197 2020 4252 ad

378 4276 696 4347 discipulos
736 4294 875 4333 suos
908 4294 922 4333 :
956 4278 1016 4332 Si
1060 4279 1299 4333 mundus
1349 4296 1437 4335 vos
1467 4280 1582 4335 odit
1614 4301 1631 4335 :
1662 4282 1849 4339 scitote
1892 4287 2023 4356 quia

373 4369 616 4438 priorem
661 4385 750 4423 me
795 4368 920 4424 odio
973 4368 1165 4423 habuit
1213 4369 1389 4440 (Joan.
1444 4386 1537 4437 xv,
1607 4372 1717 4441 18),
1768 4379 1877 4428 etc.
1929 4375 2023 4431 Sic

376 4457 573 4528 itaque
604 4456 752 4514 duos
795 4458 1048 4513 mundos
1087 4458 1436 4530 populorum
1471 4459 1529 4514 in
1577 4459 1684 4517 hoc
1713 4463 2020 4535 corporali,

376 4551 433 4601 et
464 4546 521 4601 in
551 4546 791 4602 animali
838 4548 1060 4603 mundo
1091 4547 1342 4603 dicimus
1372 4548 1653 4616 habitare,
1690 4552 1792 4621 qui
1822 4556 1878 4607 et
1907 4553 2023 4609 duo

378 4635 584 4701 maria,
608 4637 930 4691 secundum
950 4635 1283 4709 exemplum
1304 4637 1575 4708 superius
1602 4639 1884 4710 positum,
1909 4642 2022 4697 dici

2140 3478 2205 3528 ut
2233 3474 2491 3529 minaces
2521 3473 2677 3529 venti
2710 3474 3083 3546 insurgentes
3105 3472 3258 3529 allisi
3283 3475 3339 3527 in
3365 3481 3531 3545 petra
3560 3474 3798 3529 validis-

2138 3560 2289 3617 sima
2320 3561 2737 3635 dissolvantur.
3234 3572 3245 3579 ‘

2209 3674 2236 3702 ‹‹
2269 3650 2567 3723 Numquid
2590 3656 2723 3723 post
2744 3654 2939 3708 ortum
2961 3656 3129 3708 tuum
3154 3652 3477 3725 praecepisti
3505 3650 3787 3724 diluculo,

2136 3746 2193 3795 et
2221 3740 2530 3796 ostendisti
2562 3757 2782 3796 aurora:
2826 3740 3021 3797 locum
3052 3758 3249 3798 suum.
3285 3765 3314 3791 ››
3346 3747 3466 3798 Hoc
3505 3740 3790 3799 Dominus

2136 3830 2218 3885 ait
2246 3830 2317 3886 ad
2347 3831 2481 3897 Job,
2509 3831 2661 3903 quod
2694 3830 3065 3891 conditarum
3097 3848 3165 3888 ac
3196 3836 3558 3889 secretarum
3588 3848 3786 3888 rerum

2134 3937 2376 3975 suarum
2402 3937 2505 3992 per
2533 3937 2705 3993 gyros
2735 3936 2874 3977 suos
2905 3927 3269 3977 recurrentes
3301 3921 3372 3976 ad
3403 3921 3675 3978 ordinata
3705 3920 3794 3978 lo-

2133 4026 2223 4076 ca,
2246 4010 2431 4066 redire
2464 4009 2724 4082 quotidie
2746 4009 2870 4081 ipse
2895 4009 3170 4081 disponat
3196 4027 3209 4065 :
3234 4015 3293 4066 et
3322 4009 3537 4067 idcirco
3565 4010 3674 4067 Job
3696 4027 3763 4066 ar

2131 4099 2351 4173 guitur,
2374 4098 2474 4171 qui
2501 4103 2678 4153 Deum
2703 4098 2980 4153 factorem
3005 4103 3061 4153 et
3088 4100 3538 4171 gubernatorem
3571 4115 3769 4155 rerum

2132 4188 2396 4244 omnium
2426 4186 2643 4242 diceret
2663 4185 2822 4242 nullo
2846 4186 3234 4242 moderamine
3254 4187 3545 4259 azquitatis
3566 4204 3772 4260 opera-

2132 4282 2258 4334 tum
2289 4295 2302 4333 :
2337 4282 2394 4332 et
2414 4276 2582 4348 quasi
2602 4275 2683 4330 ita
2696 4275 2893 4331 dicens
2917 4275 3000 4331 ait
3021 4276 3071 4331 ei
3099 4292 3111 4331 :
3137 4275 3222 4331 Tu
3244 4276 3345 4347 qui
3365 4275 3535 4332 valde
3555 4278 3784 4349 sapien-

2131 4372 2248 4423 tem
2282 4371 2338 4422 te
2367 4365 2692 4431 arbitraris,
2724 4369 2780 4421 et
2811 4365 2980 4438 quasi
3019 4365 3333 4437 cozequalis
3363 4364 3555 4422 lucem
3587 4382 3782 4423 meam

2133 4456 2315 4512 fueris
2370 4455 2708 4525 fabricatus,
2771 4459 2828 4511 et
2877 4455 2948 4510 de
3000 4454 3147 4511 meis
3188 4454 3435 4526 judiciis
3487 4454 3792 4529 disputare

2132 4563 2304 4618 posse
2352 4545 2540 4601 credis
2586 4562 2600 4600 :
2654 4544 2703 4601 si
2751 4544 3040 4601 elementa
3087 4548 3381 4601 astrorum
3431 4550 3790 4619 praeceptum

2132 4634 2417 4706 impleant
2447 4635 2759 4707 Creatoris,
2792 4638 2847 4691 te
2876 4634 3120 4691 forsitan
3175 4635 3522 4708 disponente
3568 4641 3789 4710 myste-

377 4728 646 4795 possunt,
679 4726 752 4780 ab
782 4725 891 4781 hoc
920 4724 1145 4782 scilicet
1173 4727 1321 4782 mari
1351 4744 1639 4799 aquarum
1671 4729 2027 4803 metaphori-
2054 4750 2104 4816 Β
2134 4724 2205 4781 rii
2236 4725 2326 4781 sui
2360 4728 2608 4798 pergunt
2639 4740 2901 4793 cursum,
2934 4740 3069 4780 cum
3116 4724 3230 4781 ista
3256 4726 3602 4800 priusquam
3631 4732 3693 4783 tu
3726 4727 3787 4783 in

377 4831 475 4869 cos
506 4830 716 4870 nomen
766 4815 1139 4887 accipientes,
1174 4816 1314 4888 quia
1341 4821 1399 4872 et
1448 4817 1658 4874 domus
1699 4818 1870 4888 bona,
1905 4821 2025 4876 sive
2054 4813 2090 4816 —
2129 4815 2314 4871 Adam
2348 4830 2450 4886 per
2492 4830 2585 4870 me
2634 4813 2966 4883 exsisteres,
2998 4814 3118 4870 sint
3161 4819 3374 4872 creata.
3404 4815 3589 4874 Aliter
3620 4833 3634 4872 :
3664 4821 3787 4874 Hoc

376 4902 554 4972 mala,
587 4906 645 4958 et
683 4902 887 4960 civitas
934 4905 1178 4977 optima,
1212 4905 1331 4961 sive
1379 4907 1652 4978 pessima.
1688 4908 1846 4965 Mare
1892 4927 2025 4967 vero

376 4991 628 5062 tropicos
654 4992 931 5048 dicuntur
950 4993 1148 5067 populi
1171 4995 1546 5064 fluctuantes,
1568 4997 1670 5069 qui
1693 4998 1753 5053 in
1777 4998 1885 5055 hac
1906 5000 2027 5056 vita

375 5080 637 5154 inquieto
670 5087 829 5138 motu
860 5083 1199 5156 incertoque
1222 5085 1544 5155 jactentur.
1576 5086 1721 5142 Cum
1746 5105 2023 5160 ponerem

290 5208 295 5213 .
375 5173 590 5227 nubem
635 5172 1049 5229 vestimentum
1098 5175 1247 5245 ejus,
1281 5178 1338 5230 et
1385 5174 1632 5247 caligine
1682 5176 1829 5233 illud
1868 5178 2027 5235 velut

374 5260 584 5331 pannis
631 5259 890 5317 infantiae
940 5262 1325 5320 obvolverem.
1361 5263 1589 5319 Nubem
1639 5266 1840 5321 omnia
1884 5283 2021 5340 ope-

371 5350 615 5405 rientem
649 5351 929 5421 Spiritum
960 5356 1254 5420 sanctum,
1284 5353 1572 5409 creaturis
1622 5356 1898 5411 omnibus
1929 5357 2019 5412 in-

368 5442 568 5496 fusum
594 5457 658 5497 ac
680 5442 1057 5513 superfusum
1080 5442 1459 5514 accipiamus,
1483 5443 1553 5498 de
1586 5460 1700 5515 quo
1731 5445 1813 5499 ait
1841 5462 1855 5501 :
1889 5447 2020 5518 Spi-

368 5532 510 5585 ritus
554 5531 782 5585 Domini
819 5531 1263 5602 superferebatur
1290 5547 1455 5604 super
1483 5548 1654 5604 aquas
1678 5533 1834 5606 (Gen.
1868 5552 1907 5606 ι,
1939 5536 2016 5607 2).

369 5618 564 5691 Caligo
596 5622 793 5674 autem
826 5617 1113 5690 quidquid
1161 5625 1251 5676 est
1279 5620 1451 5678 inane
1482 5626 1645 5678 trans
1676 5614 1966 5679 mundum
2002 5641 2015 5681 :

369 5709 467 5764 ubi
498 5707 702 5764 levitas
751 5715 859 5775 est,
891 5706 952 5761 id
980 5712 1091 5777 est,
1124 5712 1276 5764 retro
1328 5710 1590 5767 defectus
1640 5711 1892 5785 intelligi
1925 5730 2020 5786 po-

367 5801 501 5882 test.
516 5797 809 5881 Moraliler
831 5801 1028 5880 autem
1049 5798 1223 5882 juxta
1252 5801 1658 5895 auctoritatem
1680 5801 2017 5884 scripturae,

2138 4902 2463 4959 diluculum
2492 4901 2754 4959 Salvator
2803 4906 3001 4960 noster
3045 4906 3154 4973 est,
3186 4903 3289 4977 qui
3317 4909 3375 4962 et
3426 4904 3510 4962 sol
3534 4906 3784 4977 justitiaa

2136 4992 2469 5066 appellatur
2520 4992 2772 5061 (Malach.
2843 5010 2921 5061 Iv,
2968 4995 3046 5065 2).
3098 4993 3228 5067 Ipse
3281 4993 3471 5051 calore
3523 4993 3660 5049 ﬁdei
3727 4998 3787 5050 et

2133 5082 2444 5155 splendore
2473 5082 2671 5155 gratiae
2702 5099 2841 5151 suae,
2875 5081 3216 5151 Ecelesiam,
3240 5083 3527 5139 mundum
3556 5081 3782 5140 scilicet

2132 5171 2476 5229 rationalem
2508 5171 2822 5229 illuminat.
2849 5171 3034 5245 Igitur
3062 5173 3349 5244 numquid
3375 5176 3461 5240 tu,
3486 5170 3616 5241 Job,
3640 5189 3783 5244 prae-

2132 5262 2336 5334 cepisti
2355 5260 2491 5317 huic
2508 5260 2789 5328 diluculo,
2808 5265 2873 5317 ut
2889 5260 3142 5317 oriretur
3153 5261 3223 5317 de
3235 5259 3377 5317 creto
3398 5259 3778 5332 resplendens

2130 5351 2223 5407 bis
2257 5351 2358 5424 qui
2389 5351 2672 5407 sedebant
2701 5352 2759 5407 in
2783 5350 3039 5407 tenebris
3069 5354 3127 5407 et
3155 5351 3367 5406 umbra
3386 5348 3592 5405 mortis
3622 5350 3778 5422 (Luc.

2129 5459 2171 5515 ι,
2200 5442 2291 5513 79)
2324 5458 2337 5496 :
2372 5440 2871 5514 quemadmodum
2914 5455 3051 5513 ergo
3082 5446 3165 5510 ut,
3195 5440 3328 5508 Job,
3359 5444 3493 5511 post
3544 5438 3779 5497 initium

2130 5536 2301 5587 tuum
2324 5530 2634 5603 praecipere
2664 5547 2780 5587 non
2803 5529 3047 5603 potuisti
3078 5528 3330 5598 aeternis,
3367 5533 3433 5585 ut
3464 5530 3685 5588 mundo
3716 5531 3777 5588 in

2127 5637 2392 5677 errorum
2442 5621 2699 5677 tenebris
2747 5619 3063 5676 constituto
3106 5622 3261 5676 esset
3307 5617 3617 5677 diliculum
3650 5638 3664 5678 :
3698 5621 3779 5679 ita

2128 5727 2233 5767 nec
2281 5715 2415 5783 post
2459 5709 2666 5767 mortis
2715 5725 2990 5766 occasum
3044 5709 3197 5781 ejus,
3230 5710 3675 5768 resurrectionis
3721 5713 3780 5768 et

2122 5798 2322 5883 locum
2351 5797 2548 5893 gloriae
2599 5798 2728 5879 ejus
2770 5796 2835 5880 in
2864 5797 3069 5881 dextra
3111 5796 3299 5881 fauis
3330 5800 3425 5881 sui
3468 5801 3777 5881 ostendero
