4220 6582
478 484 598 549 795

1862 442 1865 445 ’
1975 476 2395 542 APPENDIX.

3768 478 3891 540 796

478 618 747 694 potuisti,
768 632 945 691 quem
968 620 1100 691 post
1133 620 1381 674 mortem
1404 633 1582 690 quam
1614 619 1821 689 sponte
1850 629 2129 685 suscepe-
2157 612 2214 680 Α
2241 614 2447 672 iterata
2475 613 2865 688 impressione
2893 614 3253 672 restituetur.
3287 613 3449 678 Quod
3493 609 3890 684 signaculum,

480 714 588 775 rat,
621 710 697 765 ad
744 722 839 764 me
887 708 1101 764 iterum
1149 708 1432 764 revocavi.
1463 708 1624 763 Sicut
1673 708 1798 778 ipse
1844 704 2130 760 Dominus

475 800 507 855 J
515 815 655 855 esus
682 799 765 854 ait
790 798 850 853 in
883 796 1192 871 Evangelio
1226 813 1239 852 :
1276 798 1335 853 Si
1363 814 1488 869 ergo
1533 797 1783 852 videritis
1812 796 1995 866 ﬁlium
2024 793 2132 848 ho-

474 891 645 944 minis
674 888 1060 943 ascendentem
1088 889 1185 943 ubi
1216 892 1341 943 erat
1364 890 1525 959 prius
1555 888 1730 957 (Joan.
1764 902 1843 956 v1,
1873 885 1984 955 63).

554 1001 582 1028 ‹‹
614 978 685 1033 Et
713 976 958 1033 tenuisti
989 978 1329 1032 concutiens
1358 981 1616 1033 extrema
1645 979 1904 1040 terrae,et
1934 989 2132 1029 excus-

483 1066 612 1122 sisti
643 1066 859 1138 impios
892 1081 961 1121 ex
988 1081 1055 1121 ea
1077 1065 1106 1119 ?
1137 1086 1165 1114 »
1196 1070 1395 1121 Potest
1422 1065 1541 1120 haec
1568 1069 1723 1120 terra
1753 1062 2008 1118 Ecclesia
2040 1062 2130 1115 in-

479 1155 663 1228 telligi
698 1171 712 1211 :
743 1156 815 1210 de
865 1156 1033 1226 cujus
1077 1154 1474 1209 fundamentis
1522 1153 1808 1209 Dominus
1857 1151 2129 1224 superius

484 1244 648 1313 dixit,
682 1244 753 1299 de
782 1260 898 1315 qua
926 1242 985 1298 in
1014 1242 1290 1298 extremis
1341 1247 1526 1307 terra),
1558 1242 1617 1297 id
1648 1246 1758 1309 est,
1790 1242 1848 1296 in
1880 1240 2128 1295 novissi-

482 1349 579 1388 mo
611 1332 821 1389 seculo
853 1332 1180 1388 excutiendi
1200 1336 1339 1387 sunt
1365 1338 1734 1404 peccatores;
1768 1332 1851 1387 ita
1878 1330 2003 1401 ipse
2026 1328 2130 1384 Do-

480 1422 676 1477 minus
706 1422 787 1476 ait
820 1436 834 1476 :
866 1422 1000 1476 Ecce
1027 1420 1317 1488 mandabo,
1350 1425 1403 1477 et
1447 1422 1759 1478 concutiam
1787 1421 1845 1474 in
1875 1420 2131 1474 omnibus

476 1511 729 1580 gentibus
765 1510 989 1566 domum
1017 1511 1205 1577 Israel,
1236 1512 1378 1565 sicut
1422 1512 1732 1566 concutitur
1777 1510 2023 1563 triticum
2065 1509 2129 1562 in

475 1601 652 1656 cribro
683 1601 876 1672 (Amos
905 1617 982 1665 ix,
1013 1600 1093 1668 9).
1126 1604 1279 1654 Deus
1326 1615 1462 1671 ergo
1493 1599 1593 1670 qui
1640 1600 1965 1653 secundum
1997 1612 2129 1668 pro-

478 1690 714 1763 phetam
748 1706 991 1745 mensus
1017 1692 1108 1744 est
1126 1705 1311 1760 aquas
1343 1688 1585 1761 pugillo,
1610 1693 1668 1743 et
1697 1687 1870 1743 caelos
1902 1686 2128 1758 psalmo

477 1778 841 1851 ponderavit,
873 1784 930 1834 et
977 1778 1168 1833 tribus
1197 1777 1400 1849 digitis
1445 1783 1659 1833 terram
1691 1777 1972 1849 appendit
2001 1777 2126 1847 (Isa.

476 1883 569 1935 xc,
603 1867 715 1937 12),
744 1866 869 1938 ipse
893 1882 993 1937 pro
1021 1866 1427 1938 magnitudine
1449 1870 1698 1937 utraque
1725 1882 1901 1921 manu
1923 1869 2130 1921 tenens

480 1956 778 2028 margines
825 1959 1010 2022 terrae,
1072 1956 1241 2027 quasi
1290 1955 1545 2011 cribrum
1594 1955 1710 2012 huc
1759 1960 1933 2027 atque
1989 1954 2129 2010 illuc

479 2044 760 2110 concutit,
813 2044 931 2100 sive
988 2045 1205 2099 excutit
1251 2048 1534 2116 tanquam
1580 2045 2012 2111 vestimentum,
2063 2050 2128 2100 ut

477 2134 694 2206 impios
725 2132 883 2188 velut
912 2133 1129 2205 paleas,
1161 2138 1216 2189 et
1246 2133 1451 2190 lolium
1478 2133 1731 2190 excutiat
1770 2152 1804 2189 a
1834 2134 2125 2190 frumento

466 2224 789 2295 justorum.
822 2223 1065 2279 Proinde
1096 2223 1217 2278 haec
1238 2223 1439 2279 omnia
1467 2223 1765 2296 operantis
1797 2240 1912 2278 non
1934 2223 2126 2279 solum

477 2313 782 2382 fortitudo,
813 2329 1016 2369 verum
1048 2317 1104 2369 et
1123 2313 1357 2384 justitia
1373 2314 1831 2381 demonstrat,et
1860 2314 1995 2368 inde
2016 2319 2125 2380 est,

481 2403 637 2475 quod
668 2407 868 2458 sancto
898 2402 1007 2457 Job
1040 2403 1320 2459 Dominus
1354 2419 1485 2458 cum
1521 2402 1912 2474 increpatione
1942 2402 2129 2473 loqui-

480 2495 579 2547 tur
611 2509 626 2547 :
659 2507 839 2564 quare
868 2491 1080 2548 dixerit
1108 2492 1404 2548 innocenti
1435 2491 1546 2548 sibi
1579 2509 1811 2564 poenam
1830 2492 2125 2549 acerrima:

480 2581 822 2637 tentationis
862 2579 1108 2637 illatam.
1142 2581 1478 2637 Secundum
1524 2579 1805 2636 moralem
1836 2597 1972 2636 vero
2002 2597 2129 2635 sen-

482 2686 615 2725 sum
647 2669 1043 2743 intelligentiaa
1073 2670 1184 2727 loci
1214 2670 1414 2743 hujus,
1437 2675 1502 2726 ut
1522 2672 1748 2726 aestimo
1778 2670 2001 2726 facilior
2020 2670 2131 2725 exi-

480 2764 599 2828 tus,
632 2763 700 2815 ut
729 2767 942 2816 terram
973 2761 1429 2833 interpretemur
1476 2764 1750 2816 naturam
1781 2760 2128 2829 humanam,

482 2848 624 2921 quia
658 2850 729 2905 ab
760 2849 941 2905 humo
990 2849 1167 2905 homo
1215 2850 1409 2905 dictus
1440 2853 1547 2913 est,
1578 2854 1634 2904 et
1680 2852 1937 2913 extrema
1990 2849 2128 2916 sint,

484 2941 821 2993 sanctorum
850 2939 993 3005 vita,
1016 2939 1155 3010 quia
1181 2938 1242 2994 in
1273 2954 1448 2994 carne
1489 2938 1685 3010 positi,
1733 2938 1859 2993 sine
1890 2936 2133 2993 carnali-

482 3027 596 3083 bus
634 3026 925 3082 illecebris
946 3026 1166 3082 vivunt.
1199 3027 1269 3081 Et
1296 3027 1426 3083 ideo
1451 3026 1510 3081 in
1542 3025 1818 3082 extremis
1845 3030 2010 3081 terrae
2043 3027 2131 3081 di-

481 3119 698 3171 cuntur
728 3157 743 3183 ,
774 3116 846 3172 de
874 3117 1121 3173 terrenis
1166 3116 1392 3172 actibus
1437 3120 1668 3183 euntes,
1698 3132 1817 3172 non
1846 3116 1906 3171 in
1942 3116 2131 3171 medio

481 3210 764 3277 tanquam
797 3211 855 3262 in
903 3209 1025 3262 tota
1053 3222 1227 3262 carne
1272 3205 1551 3261 viventes.
1583 3210 1715 3261 Haec
1739 3206 1919 3277 igitur
1945 3209 2130 3263 extre-

483 3309 601 3362 ma,
632 3294 753 3351 sive
795 3295 941 3351 lines
973 3299 1140 3350 terrae
1187 3295 1246 3350 in
1282 3311 1458 3350 manu
1512 3294 1740 3350 Domini
1790 3299 1947 3362 sunt,
1981 3295 2133 3350 sicut

484 3382 566 3438 ait
598 3383 883 3455 Propheta
919 3401 932 3440 :
966 3386 1112 3454 Quia
1142 3385 1202 3440 in
1250 3400 1421 3440 manu
1466 3384 1582 3454 ejus
1609 3392 1737 3439 sunt
1782 3400 1966 3440 omnes
1996 3383 2131 3453 ﬁnes

481 3476 649 3530 terra!
678 3474 849 3541 (Psal.
877 3489 1025 3545 xcrv,
1051 3474 1128 3540 4):
1154 3489 1303 3545 quos
1324 3472 1418 3528 hic
1441 3473 1523 3529 ait
1547 3473 1828 3529 Dominus
1852 3490 1913 3528 se
1934 3477 2130 3529 tenere

483 3566 659 3634 atque
688 3566 1016 3630 concutere,
1049 3566 1115 3618 ut
1144 3567 1402 3619 tremant
1432 3579 1465 3618 a
1493 3564 1638 3619 facie
1695 3563 2032 3635 ejus,,sicut
2058 3563 2129 3617 de

483 3667 549 3707 eo
586 3651 876 3723 Propheta
903 3652 985 3706 ait
1017 3669 1031 3707 :
1067 3652 1170 3720 Qui
1215 3654 1437 3724 respicit
1483 3655 1718 3719 terram,
1751 3661 1802 3707 et
1846 3654 1981 3723 facit
2010 3668 2130 3707 eam

485 3744 721 3795 tremere
743 3740 925 3809 (Psal.
947 3756 1069 3805 cm,
1094 3742 1205 3808 32).
1251 3741 1319 3795 Et
1340 3741 1421 3796 ita
1449 3741 1520 3797 de
1548 3745 1703 3796 terra
1728 3757 1929 3797 eorum
1959 3757 2133 3797 excu-

480 3828 555 3883 tit
583 3827 817 3900 impios,
841 3845 990 3901 quos
1011 3829 1211 3902 utique
1228 3831 1611 3886 exsecrandos
1633 3847 1825 3887 mores
1852 3830 2131 3903 intelligi-

484 3928 622 3973 mus
650 3917 950 3975 vitiorum.
974 3918 1206 3975 Excutit
1234 3935 1372 3991 ergo
1403 3919 1680 3976 Dominus
1709 3919 1976 3976 asanctis
2007 3920 2131 3976 suis

485 4006 667 4078 hujus
698 4007 901 4063 mundi
934 4006 1168 4081 impios,
1201 4010 1436 4081 quando
1469 4025 1567 4065 eos
1606 4010 1679 4065 ab
1711 4009 1826 4065 illis
1858 4010 2129 4082 puriﬁca-

485 4100 576 4153 tos
606 4097 913 4154 constituit
942 4098 1300 4155 innocentes.
1333 4099 1414 4155 De
1442 4099 1658 4155 talibus
1687 4100 1890 4173 impiis
1919 4105 1977 4156 et
2008 4118 2134 4173 pec-

486 4188 783 4244 catoribus
829 4188 1115 4261 propheta
1163 4189 1439 4246 dicebat:
1484 4192 1548 4245 In
1590 4192 1879 4257 matutino,
1911 4191 1969 4246 id
2022 4198 2129 4260 est,

485 4275 547 4333 in
577 4276 907 4350 cognitione
935 4278 1193 4335 scientiae
1224 4278 1348 4349 Dei,
1378 4279 1515 4335 fidei
1544 4279 1604 4334 in
1637 4296 1729 4335 me
1762 4279 2000 4336 lucerna
2031 4298 2131 4336 na-

487 4371 705 4437 scente,
735 4369 1135 4439 inter/lembum
1162 4384 1348 4424 omnes
1375 4374 1685 4441 peccatores
1714 4374 1898 4442 terrae,
1924 4376 1984 4426 ut
2013 4373 2133 4428 dis-

482 4456 767 4529 perderem
790 4458 855 4513 de
882 4459 1101 4514 civitate
1123 4459 1351 4514 Domini
1368 4460 1597 4527 (Psal.c,
1620 4461 1675 4528 8)
1700 4477 1712 4514 :
1741 4461 2000 4532 qualibet
2019 4463 2133 4517 uti—

489 4561 605 4617 que
625 4547 824 4602 anima
835 4549 1987 4622 sancta,omnesoperantesiniquitatem.
2003 4551 2134 4606 Sive

485 4634 548 4689 in
579 4635 901 4692 novissimo
915 4636 1137 4692 tenebit
1157 4637 1310 4693 Deus
1342 4639 1838 4712 mundum,quasi
1870 4656 2033 4696 reum
2060 4641 2133 4696 ad

2240 720 2396 760 nunc
2425 704 2662 777 quidem
2714 723 2816 778 per
2862 706 3059 771 fidem,
3092 708 3148 758 et
3193 700 3473 775 baptismi
3519 701 3767 773 gratiam
3799 717 3889 756 re-

2240 799 2505 865 novatur,
2538 799 2595 850 et
2622 794 2739 848 vita
2769 793 3025 863 meliore,
3050 791 3233 847 menti
3262 790 3651 861 insculpetur.
3683 788 3795 844 Sed
3825 788 3888 844 in

2239 884 2662 939 resurrectione
2684 887 2868 938 totum
2884 882 3220 937 omnimodo
3243 879 3686 944 restaurabitur,
3701 894 3888 949 quan-

2239 975 2312 1029 do
2343 974 2498 1029 sicut
2537 973 2780 1028 humani
2833 972 3091 1044 corporis
3123 970 3313 1025 lutum
3344 970 3405 1024 in
3450 968 3889 1040 incorruptione

2238 1063 2621 1135 reparabitur,
2651 1062 2734 1118 ita
2762 1066 2818 1119 et
2843 1062 3041 1117 anima
3069 1077 3203 1116 cum
3232 1076 3299 1115 eo
3330 1059 3544 1132 pariter
3573 1057 3887 1113 vestimen-

2237 1158 2297 1208 to
2328 1152 2808 1223 immortalitatis,
2839 1151 2999 1207 velut
3050 1149 3201 1206 stola
3239 1148 3437 1221 gloriae
3483 1147 3783 1204 vestietur.
3814 1146 3890 1203 Ut

2238 1243 2736 1314 quemadmodum
2769 1244 2897 1313 ipsa
2928 1240 3131 1312 gloria,
3165 1243 3222 1295 et
3250 1238 3611 1309 incorruptio
3642 1237 3886 1292 immor-

2237 1332 2502 1400 talitatis,
2538 1332 2595 1386 id
2626 1337 2736 1397 est,
2760 1331 3027 1385 Christus
3059 1333 3257 1384 manet
3278 1329 3339 1385 in
3370 1332 3650 1383 aeternum
3684 1344 3699 1384 :
3730 1326 3812 1382 ita
3830 1330 3888 1381 et

2237 1423 2288 1477 is
2319 1422 2418 1493 qui
2450 1438 2518 1477 ea
2549 1422 2793 1477 indutus
2822 1421 3013 1487 fuerit,
3039 1419 3329 1491 gloriosus
3359 1417 3483 1473 sine
3515 1417 3629 1473 ﬁne
3658 1432 3888 1488 perma-

2238 1516 2391 1567 neat.
2416 1516 2492 1566 De
2524 1528 2640 1582 quo
2668 1511 3013 1566 vestimento
3037 1508 3350 1581 respiciens
3373 1508 3445 1562 ad
3472 1506 3666 1562 lutum
3688 1506 3884 1562 carnis

2238 1618 2377 1671 sum,
2400 1600 2715 1673 Apostolus
2746 1600 2862 1655 ait:
2898 1601 3119 1671 Oportet
3149 1598 3500 1669 corruptibile
3530 1596 3631 1652 hoc
3661 1595 3888 1650 induere

2237 1692 2729 1761 incorruptionem,
2764 1694 2815 1745 et
2840 1690 3071 1745 mortale
3102 1688 3198 1743 hoc
3230 1688 3458 1742 induere
3490 1686 3886 1740 immortalita-

2235 1782 2344 1834 tem
2361 1780 2409 1851 (I
2424 1779 2543 1834 Cor.
2572 1797 2667 1845 xv,
2694 1780 2806 1851 53).
2835 1780 2947 1834 Hoc
2965 1783 3161 1833 tamen
3182 1775 3522 1847 diligentius
3545 1779 3633 1831 est
3656 1774 3888 1830 intuen-

2238 1870 2563 1941 dum,quod
2579 1870 2635 1924 in
2652 1868 2967 1941 Scripturis
2981 1868 3207 1923 diverso
3249 1865 3545 1921 intellectu
3565 1865 3888 1921 vestimen-

2236 1962 2296 2014 ta
2320 1958 2614 2014 dicuntur.
2628 1958 3054 2014 Vestimentum
3074 1974 3209 2029 ergo
3228 1955 3543 2027 aliquando
3565 1954 3779 2010 dicitur
3797 1953 3887 2025 ip-

2236 2066 2370 2105 sum
2402 2065 2614 2120 corpus
2642 2053 2932 2113 nostrum,
2962 2064 3076 2118 quo
3108 2046 3307 2100 anima
3334 2044 3491 2100 velut
3521 2044 3739 2099 amictu
3769 2043 3887 2097 cir-

2237 2139 2553 2194 cumdatur
2584 2154 2597 2193 :
2633 2139 2785 2193 sicut
2805 2136 3086 2209 prepheta
3108 2136 3187 2191 ait
3210 2136 3283 2191 ad
3312 2134 3571 2190 animam
3602 2132 3887 2205 peccatri-

2240 2244 2364 2282 cem
2428 2243 2441 2281 :
2508 2228 2723 2298 Oper-iet
2796 2228 3065 2297 iniquitas
3118 2233 3213 2281 tua
3282 2226 3658 2279 vestimentum
3730 2225 3889 2276 tuum

2239 2316 2496 2389 (Malach.
2539 2334 2600 2383 ιι,
2635 2317 2743 2387 16).
2775 2317 2917 2371 Item
2939 2314 3288 2370 vestimenta
3307 2317 3448 2369 sunt
3475 2312 3684 2368 anima:
3704 2311 3888 2366 virtu-

2238 2413 2345 2473 tes,
2380 2407 2595 2479 quibus
2633 2406 2837 2461 eadem
2869 2404 3068 2460 anima
3119 2403 3490 2475 componitur
3516 2406 3574 2457 et
3623 2404 3889 2457 ornatur.

2238 2500 2317 2552 De
2362 2496 2575 2567 quibus
2625 2496 2907 2568 propheta
2944 2494 3025 2550 ait
3062 2494 3133 2549 ad
3173 2494 3405 2564 justum
3457 2490 3891 2548 misericordias

2240 2590 2576 2657 operantem
2612 2602 2624 2641 :
2663 2587 2805 2639 Tunc
2836 2592 3082 2656 erumpet
3130 2582 3466 2638 matutinum
3495 2582 3679 2637 lumen
3707 2585 3888 2651 tuum,

2237 2682 2293 2731 et
2340 2678 2659 2731 vestimenta
2706 2683 2801 2729 tua
2846 2676 2952 2729 cito
3002 2675 3254 2728 orientur
3299 2673 3432 2743 (Isa.
3485 2688 3642 2739 Lvm,
3689 2671 3767 2738 8).
3818 2670 3892 2724 Et

2240 2764 2517 2836 quoniam
2549 2765 2670 2820 hazc
2689 2766 3037 2819 vestimenta
3066 2763 3192 2819 viva
3217 2766 3379 2831 sunt,
3406 2766 3465 2816 et
3495 2758 3887 2825 rationabilia,

2240 2870 2357 2909 non
2388 2856 2529 2909 fient
2574 2854 2703 2921 tibi,
2737 2854 2837 2908 sed
2883 2854 3146 2909 orientur
3184 2853 3241 2906 in
3289 2858 3366 2907 te.
3399 2852 3468 2906 Et
3500 2854 3735 2922 peccata
3780 2847 3891 2903 ali-

2240 2943 2476 3015 quando
2543 2943 2891 2999 vestimenta
2957 2944 3391 3012 nuncupantur,
3450 2942 3517 2995 ut
3579 2937 3891 2994 Zacharias

2240 3026 2525 3105 propheta
2582 3033 2664 3087 ait
2713 3049 2727 3087 :
2788 3035 2853 3087 Et
2907 3034 3060 3088 Jesus
3119 3035 3238 3086 erat
3283 3030 3509 3085 indutus
3554 3029 3893 3085 vestimentis

2239 3122 2472 3177 sordidis
2501 3123 2679 3193 (Zach.
2715 3138 2797 3176 ιιι.
2832 3122 2907 3193 3).
2941 3120 3095 3177 Dixit
3126 3118 3369 3192 angelus
3406 3119 3477 3174 ad
3508 3134 3606 3175 eos
3638 3116 3740 3190 qui
3770 3122 3892 3173 sta-

2241 3212 2384 3267 bant
2413 3228 2608 3267 coram
2659 3228 2741 3278 se,
2775 3210 2975 3266 dicens
3008 3226 3021 3265 :
3054 3210 3277 3279 Auferte
3321 3210 3641 3264 vestimenta
3668 3206 3892 3263 sordida

2241 3303 2312 3357 ab
2343 3317 2401 3357 eo
2435 3320 2451 3355 :
2480 3302 2624 3355 dixit
2652 3302 2738 3357 ad
2766 3317 2891 3356 cum
2911 3318 2929 3355 :
2958 3301 3096 3357 Ecce
3122 3300 3326 3355 abstuli
3346 3300 3696 3371 iniquitatem
3713 3301 3887 3367 tuam,

2159 3363 2204 3431 δ
2241 3391 2402 3460 (Ibid.
2438 3392 2512 3463 4).
2545 3396 2733 3464 Supra
2763 3391 3019 3446 diximus
3039 3363 3454 3445 vestimentum
3484 3404 3614 3444 esse
3642 3363 3889 3460 gloriam

2240 3480 2720 3549 immortalitatis,
2753 3481 2924 3551 cujus
2967 3479 3096 3536 luce
3128 3496 3255 3551 quas
3305 3494 3610 3550 nunquam
3640 3476 3888 3542 deﬁciet,

2240 3569 2417 3626 homo
2467 3575 2557 3626 est
2595 3569 2949 3626 aeternaliter
2990 3568 3348 3625 vestiendus.
3389 3567 3499 3623 Alii
3542 3568 3890 3639 interpretes

2240 3660 2324 3715 ita
2372 3659 2645 3716 dixerunt
2676 3677 2689 3715 :
2726 3663 2791 3715 Et
2821 3663 2882 3714 tu
2922 3674 3145 3713 sumens
3185 3662 3355 3713 terra?
3400 3656 3597 3727 lutum,
3630 3655 3893 3728 ﬁgurasti

2242 3749 2535 3819 hominem,
2562 3753 2615 3805 et
2660 3750 2933 3819 famosum
2963 3762 3092 3802 eum
3138 3747 3368 3818 posuisti
3413 3762 3579 3817 super
3630 3750 3844 3801 terram
3884 3760 3909 3799 :

2244 3839 2301 3893 id
2352 3843 2460 3905 est,
2524 3837 2806 3893 creaturis
2875 3835 3150 3891 omnibus
3199 3834 3693 3907 prmeminentem.
3747 3834 3900 3889 Dum

2242 3929 2364 3983 hzec
2397 3928 2683 3983 Dominus
2714 3926 2784 3981 ad
2838 3925 2947 3980 Job
2991 3923 3272 3994 loquitur,
3303 3922 3673 3978 vehementer
3702 3923 3901 3995 argui-

2241 4023 2359 4074 tur.
2391 4016 2724 4072 Secundum
2766 4017 2961 4069 autem
2993 4012 3273 4084 mysticus
3303 4010 3657 4078 intellectus,
3688 4013 3900 4067 obum-

2243 4109 2451 4162 brante
2498 4104 2721 4177 Spiritu
2772 4106 2997 4169 sancto,
3049 4102 3335 4173 figuratus
3380 4104 3469 4155 est
3515 4101 3689 4155 homo
3717 4101 3896 4155 Jesus

2243 4195 2511 4250 Christus
2544 4194 2613 4248 de
2654 4195 2808 4248 terra
2838 4191 3028 4246 Mariae
3074 4190 3341 4263 virginis.
3373 4189 3476 4245 Hic
3505 4189 3686 4262 igitur
3715 4188 3893 4245 homo

2242 4284 2313 4339 de
2343 4282 2468 4338 luto
2499 4281 2693 4337 carnis
2724 4281 2996 4336 humanae
3023 4286 3366 4353 assumptus
3398 4284 3507 4336 est.
3540 4279 3753 4335 Lutum
3783 4278 3895 4335 hoo

2242 4373 2367 4428 loco
2398 4387 2514 4427 non
2556 4374 2791 4444 propter
2820 4370 3098 4427 vilitatem
3153 4370 3413 4427 nominis
3460 4370 3681 4425 dictum
3713 4385 3895 4425 nove-

2242 4463 2451 4532 rimus,
2484 4461 2585 4517 scd
2619 4465 2855 4534 propter
2884 4460 3077 4533 ipsam
3111 4460 3443 4531 materiam,
3478 4460 3549 4515 de
3578 4476 3695 4531 qua
3723 4475 3894 4515 sum-

2240 4557 2380 4625 ptus
2409 4555 2498 4607 est
2546 4550 2813 4608 Christus
2847 4567 2859 4606 :
2891 4551 3070 4607 veluti
3112 4551 3298 4605 Adam
3347 4550 3407 4604 in
3454 4549 3759 4621 principio,
3794 4549 3896 4621 qui

2241 4642 2313 4697 de
2341 4640 2481 4697 limo
2505 4644 2669 4697 terras
2699 4640 3027 4713 plasmatus
3067 4644 3173 4696 est.
3200 4640 3269 4694 Et
3311 4638 3464 4695 sicut
3488 4638 3582 4693 ille
3603 4655 3889 4710 perunum

481 4723 777 4795 judicium
808 4740 1005 4795 suum,
1039 4743 1155 4798 quo
1184 4730 1441 4800 tempore
1471 4732 1728 4785 extrema
1753 4729 1928 4786 etiam
1957 4735 2138 4786 terra-
2166 4739 2213 4804 D
2244 4730 2471 4788 exsistit
2488 4731 2559 4786 de
2580 4730 2711 4787 sinu
2736 4733 2907 4786 term
2930 4747 2944 4785 :
2968 4730 3050 4785 ita
3069 4732 3125 4784 et
3149 4728 3245 4783 hic
3268 4745 3369 4801 per
3390 4744 3573 4783 unum
3598 4732 3894 4783 creantem

490 4829 625 4867 rum
658 4813 1021 4870 conscientiae
1051 4818 1302 4873 tremore
1331 4818 1692 4889 quatientur,
1725 4817 1826 4873 ubi
1859 4818 2135 4875 minimos

492 4918 757 4975 quosque
787 4902 847 4958 in
895 4906 1169 4962 extremis
1211 4911 1377 4962 terra:
1424 4908 1753 4981 intelligere
1799 4924 2139 4979 possumus,

491 4992 592 5063 qui
620 4997 678 5049 et
705 4992 818 5066 ipsi
841 4994 1007 5066 justo
1028 4995 1253 5067 judicio
1290 4997 1406 5066 Dei,
1429 5001 1494 5052 ut
1523 4996 1761 5069 superbi
1792 5002 1849 5052 et
1878 4998 2045 5069 impii
2067 4999 2138 5053 de

493 5086 649 5138 terra
695 5089 1137 5141 mansuetorum
1194 5086 1522 5142 excutiendi
1573 5089 1731 5141 sunt.
1762 5087 1933 5155 {Beati
1979 5088 2137 5143 enim

490 5174 671 5240 mites,
691 5177 962 5246 quoniam
1007 5177 1118 5247 ipsi
1143 5174 1487 5247 possidebunt
1508 5182 1712 5231 terram
1742 5176 1949 5246 (Matth.
1980 5193 2035 5242 ν,
2059 5178 2135 5249 li).

564 5286 593 5313 «
627 5263 990 5321 Restituetur
1010 5270 1076 5321 ut
1093 5264 1285 5321 lutum
1305 5264 1697 5337 signaculum,
1712 5269 1769 5320 et
1789 5265 1971 5321 stabit
1987 5266 2141 5322 sicut

492 5353 931 5411 vestimentum.
966 5378 989 5407 ι
1024 5354 1406 5427 Signaculum
1438 5352 1619 5419 istud,
1651 5354 1851 5411 anima
1879 5354 2138 5413 hominis

488 5441 860 5516 intelligitur,
880 5460 1009 5517 quae
1040 5444 1112 5500 ad
1130 5442 1446 5516 imaginem
1464 5442 1564 5499 Dei
1584 5443 1735 5500 facta
1762 5448 1869 5501 est.
1893 5445 2138 5519 Expres-

481 5546 562 5606 _sa
586 5536 678 5588 est
714 5533 775 5589 in
824 5551 893 5590 ea
922 5532 1247 5590 similitudo
1296 5530 1575 5588 bonitatis
1605 5533 1707 5589 Dei
1755 5534 2139 5608 omniumque

488 5619 781 5678 virtutum
819 5623 1019 5680 decus.
1072 5622 1191 5678 Hoc
1221 5621 1403 5695 igitur
1447 5621 1819 5695 signaculum
1863 5624 2139 5698 imaginis

494 5708 600 5765 Dei
637 5714 698 5767 et
740 5711 1163 5782 similitudinis,
1195 5727 1299 5786 per
1340 5714 1476 5770 Adae
1525 5717 1825 5786 peccatum
1872 5715 2139 5772 attritum

494 5797 710 5877 fuerat,
738 5804 800 5862 et
840 5802 1267 5880 oblitteratum,
1297 5807 1358 5875 et
1401 5819 1641 5869 rursum
1692 5820 1800 5884 per
1841 5804 2139 5889 Christum

2246 4838 2329 4889 se,
2362 4820 2649 4877 formatus
2671 4823 2761 4875 est
2788 4818 2848 4873 in
2881 4823 3045 4875 utero
3069 4818 3298 4873 matris.
3327 4819 3392 4872 Et
3412 4816 3493 4872 ita
3522 4818 3785 4873 famosus
3806 4820 3896 4872 est

2251 4927 2429 4983 super
2449 4924 2684 4965 omnem
2715 4912 2930 4963 terram
2956 4922 2970 4963 :
2999 4908 3155 4962 unde
3170 4908 3295 4978 jam
3319 4924 3353 4962 a
3378 4907 3518 4963 solis
3547 4914 3677 4962 ortu
3708 4921 3896 4977 usque

2248 5002 2319 5058 ad
2351 5015 2622 5056 occasum
2653 4997 2926 5054 laudetur
2954 5013 3169 5053 nomen
3191 4996 3421 5053 Domini
3453 4997 3622 5069 (Psal.
3654 5014 3725 5052 cx
3757 5014 3796 5062 ι,
3819 4996 3896 5065 3).

2323 5113 2346 5141 ι
2380 5089 2694 5145 Auferetur
2748 5089 2819 5143 ab
2876 5087 3075 5159 impiis
3137 5086 3237 5143 lux
3294 5103 3421 5157 sua,
3479 5092 3536 5141 et
3591 5086 3898 5142 brachium

2248 5178 2545 5236 excelsum
2577 5177 2997 5250 confringetur.
3035 5199 3063 5227 »
3096 5178 3221 5232 Lux
3251 5177 3569 5248 impiorum
3601 5179 3690 5231 est
3719 5175 3900 5245 hujus

2247 5269 2456 5325 mundi
2486 5267 2689 5341 gloria,
2723 5271 2780 5323 et
2807 5266 3074 5335 felicitas,
3104 5283 3230 5338 quae
3263 5267 3484 5321 mundo
3514 5268 3898 5337 praetereunte

2246 5357 2544 5423 transibit,
2577 5356 2731 5413 sicut
2778 5360 2836 5411 et
2882 5355 3157 5412 Salomon
3190 5355 3273 5411 ait
3305 5372 3319 5411 :
3357 5356 3558 5411 Lumen
3600 5356 3897 5425 impiorum

2247 5451 2632 5519 exstznguetur
2679 5448 2862 5518 (Prov.
2915 5463 3039 5517 xm,
3086 5446 3144 5513 9)
3197 5462 3210 5501 :
3261 5450 3318 5501 et
3365 5461 3567 5500 eorum
3609 5444 3792 5499 virtus
3840 5446 3899 5497 et

2248 5537 2528 5610 potentia,
2579 5553 2713 5609 quas,
2754 5534 2983 5591 brachii
3036 5536 3277 5591 nomine
3326 5535 3484 5591 dicta
3536 5536 3694 5605 sunt,
3740 5531 3897 5588 illico

2248 5630 2640 5683 conterentur.
3110 5672 3113 5677 ,

2320 5739 2348 5767 ‹‹
2381 5713 2680 5788 Numquid
2724 5714 3028 5788 ingressus
3076 5731 3139 5773 es
3192 5714 3548 5788 profundum
3591 5712 3795 5779 maris,
3840 5715 3898 5769 et

2216 5842 2219 5843 ν
2245 5805 2311 5889 in
2339 5804 2675 5870 novissimis
2706 5805 2904 5883 abyssi
2957 5803 3367 5868 deambulasti.
3396 5825 3428 5858 κ
3455 5801 3896 5884 [Providentiam
