4220 6594
348 507 470 571 ’197

1332 509 1848 578 COMMENTAR.
1893 514 1975 576 1N
2006 500 2159 577 tos
2200 513 2373 575 CAP.
2420 508 2745 576 XXXVIII.

3629 502 3751 575 798

358 658 532 700 suam
564 647 715 700 Deus
745 658 862 716 qua
890 646 1099 701 cuncta
1143 645 1448 719 dispensat
1492 652 1549 704 et
1602 648 1772 722 regit,
1805 649 1865 705 in
1916 647 2011 705 his
2036 648 2093 716 Α
2120 646 2257 704 bras
2286 646 2729 712 descendentes,
2759 643 3129 701 lasciviarum
3160 644 3341 701 nimio
3392 644 3577 717 ﬂatu,
3604 643 3768 701 velut

358 729 503 787 locis
535 732 719 788 multo
767 732 1120 806 copiosoque
1163 752 1434 793 sermone
1481 736 1795 810 significat.
1846 738 2009 794 Unde

360 820 442 875 ait
472 821 543 876 ad
571 821 682 876 Job
709 838 721 876 :
754 821 810 876 Si
838 828 1003 893 potes
1034 824 1252 896 ubique
1298 843 1427 881 esse
1475 832 1531 882 et
1592 845 1766 884 nosse
1810 828 2010 884 omnia

360 926 491 981 quae
520 915 715 967 creata
770 917 945 967 sunt:
1005 917 1062 968 et
1118 915 1168 969 si
1225 916 1456 971 abditos
1512 921 1798 973 terrarum
1841 920 2009 974 sinus

361 1004 667 1070 penetrare
723 1001 986 1071 potuisti,
1046 1004 1095 1059 si
1142 1004 1318 1059 etiam
1366 1006 1658 1077 profunda
1704 1006 1909 1074 maris,
1953 1011 2009 1062 et

361 1088 686 1144 novissima
712 1092 841 1161 ejus
890 1097 1066 1163 atque
1116 1098 1376 1150 extrema
1431 1095 1627 1167 abyssi
1660 1100 2007 1168 pervagatus

359 1191 441 1229 es.
473 1176 561 1229 Ad
593 1174 1051 1248 increpationem
1085 1195 1217 1250 ergo
1254 1180 1362 1235 Job
1411 1181 1524 1237 ista
1566 1182 1861 1238 dicuntur.
1899 1183 2008 1239 Ubi

358 1263 456 1318 alii
487 1265 763 1320 dixerunt
788 1282 803 1321 :
839 1266 1113 1339 Numquid
1142 1272 1416 1339 ingressus
1446 1286 1499 1325 es
1546 1274 1755 1343 fontem
1792 1275 1963 1328 maris
1985 1277 2010 1326 ν

355 1352 592 1408 initium
627 1360 805 1426 atque
832 1356 1140 1428 originem,
1176 1361 1331 1415 unde
1377 1360 1575 1431 ipsum
1624 1377 1804 1429 mare,
1838 1363 2007 1433 quasi

358 1446 431 1497 de
464 1443 722 1514 matrice,
754 1445 825 1500 de
856 1446 1004 1500 mari
1038 1446 1265 1502 Oceano
1325 1454 1580 1519 emanat,
1624 1450 1814 1505 dicere
1844 1452 2006 1506 vide-

358 1538 477 1600 tur,
512 1534 667 1604 quod
700 1533 910 1589 Oceani
961 1536 1199 1606 perenni
1248 1554 1425 1592 cursu
1486 1555 1551 1593 ac
1610 1556 1849 1595 recursu
1883 1541 2005 1595 fieri

358 1621 647 1687 novimus,
686 1624 992 1694 feruntque
1023 1623 1132 1679 hoc
1191 1631 1368 1697 atque
1425 1628 1796 1698 conﬁrmant,
1848 1630 2003 1700 quod

357 1710 457 1765 illa
486 1711 777 1767 immensa
830 1713 1036 1769 effusio
1098 1715 1276 1769 maris
1324 1716 1556 1783 Oceani,
1592 1734 1693 1789 per
1741 1718 2005 1773 omnium

358 1799 661 1872 regionum
694 1818 760 1856 ac
791 1802 1220 1873 provinciarum
1251 1804 1457 1860 ﬂuvios
1489 1810 1644 1861 itura
1674 1824 1789 1862 uno
1822 1823 2004 1879 punc—

356 1894 415 1943 to
463 1890 743 1961 temporis
795 1892 914 1946 fiat.
966 1896 1043 1945 At
1092 1908 1197 1945 nos
1238 1898 1432 1948 tamen
1488 1896 1709 1950 scimus
1740 1897 2005 1952 omnium

357 1977 589 2032 dierum
641 1995 708 2033 ac
768 1979 1029 2034 noctium
1084 1980 1388 2038 alternatis
1445 1985 1842 2051 successibus,
1906 2004 2009 2057 per

361 2066 537 2121 horas
568 2066 774 2138 viginti
831 2075 1084 2139 quatuor
1140 2071 1355 2140 venire,
1416 2079 1591 2144 atque
1648 2075 1823 2130 unius
1854 2075 2007 2131 hora:

2119 750 2407 808 aquarum
2440 735 2820 792 multitudine
2847 734 3297 806 deprimuntur:
3331 735 3403 789 ad
3432 733 3540 790 hos
3568 733 3766 790 Domi-

2119 842 2233 881 nus
2265 830 2464 881 noster
2520 824 2815 880 neminem
2875 823 3227 895 despiciens,
3285 836 3609 893 omnesque
3647 821 3764 878 sal-

2116 930 2251 970 vare
2281 916 2602 986 eupiens(l
2629 914 2762 969 Tim.
2820 930 2884 979 ιι,
2946 913 3020 983 4),
3081 911 3276 969 venire
3333 911 3609 983 dignatus
3650 915 3761 979 est,

2119 1008 2186 1059 ut
2215 1005 2392 1060 corda
2419 1020 2623 1059 eorum
2678 1001 3026 1058 infidelitate
3081 1006 3312 1069 omenta,
3373 1018 3477 1074 per
3514 1001 3763 1073 gratiam

2118 1110 2286 1148 suam
2311 1092 2691 1160 illuminaret,
2727 1098 2785 1147 et
2814 1091 3002 1147 effecti
3031 1090 3133 1147 lux
3161 1091 3221 1147 in
3270 1090 3515 1147 Domino
3546 1091 3762 1162 (Ephes.

2116 1199 2171 1247 ν,
2202 1182 2281 1252 8),
2313 1182 2518 1236 tierent
2543 1180 2829 1253 templum
2856 1181 3007 1251 ejus,
3053 1184 3119 1234 ut
3165 1179 3560 1237 inambularet
3588 1183 3646 1237 et
3673 1179 3761 1235 in-

2118 1270 2410 1327 habitaret
2468 1271 2527 1326 in
2595 1270 2717 1341 eis,‘
2768 1274 2826 1325 et
2885 1274 3041 1326 esset
3095 1285 3300 1325 eorum
3354 1274 3508 1326 Deus
3553 1270 3609 1339 (ι
3636 1269 3761 1326 Car.

2116 1377 2202 1429 ιιι,
2232 1362 2338 1428 16).
3306 1354 3321 1361 ”

2191 1473 2213 1502 ι
2251 1449 2553 1521 Numquid
2580 1454 2792 1521 aperta:
2815 1452 2954 1504 sunt
2974 1448 3077 1503 tibi
3111 1452 3287 1521 porta:
3325 1447 3552 1516 mortis,
3585 1451 3644 1502 et
3669 1464 3763 1503 os-

2115 1539 2198 1594 tia
2227 1540 2538 1593 tenebrosa
2565 1538 2765 1593 vidisti
2789 1537 2817 1593 ?
2842 1560 2863 1587 ι
2895 1536 3067 1593 Nulla
3088 1542 3354 1593 creatura
3383 1541 3472 1593 est
3492 1526 3763 1609 quamvis

2116 1632 2443 1700 prtepotens
2471 1631 2528 1683 et
2558 1628 2741 1693 fortis,
2775 1643 2901 1699 quae
2930 1626 3024 1682 Dei
3075 1626 3365 1697 maiestati
3421 1627 3621 1698 posset
3661 1624 3764 1681 ob-

2117 1717 2342 1773 sistere.
2373 1718 2442 1773 Et
2472 1718 2601 1773 ideo
2641 1716 2782 1789 quia
2830 1732 2932 1789 per
2981 1719 3251 1772 naturam
3301 1714 3562 1771 sentiunt
3588 1717 3761 1770 Crea-

2115 1808 2558 1874 torem,cedunt
2587 1805 2793 1861 divinae
2826 1805 3121 1877 potentize,
3153 1820 3271 1876 qua
3298 1801 3351 1859 ei
3382 1803 3621 1859 omnino
3660 1818 3760 1858 ne-

2116 1901 2343 1967 queunt
2371 1895 2677 1952 contraire.
2712 1894 2875 1950 Unde
2907 1893 3131 1966 antiqui
3181 1892 3529 1965 interpretes
3566 1892 3650 1947 ita
3678 1891 3764 1947 di-

2115 1990 2363 2041 xerunt:
2396 1984 2673 2056 Numquid
2701 1988 2912 2055 apertae
2956 1986 3087 2039 sunt
3144 1982 3249 2038 tibi
3298 1990 3477 2055 parte
3518 1982 3709 2037 mortis
3736 1984 3763 2035 ?

2119 2074 2226 2131 Ubi
2256 2074 2685 2142 intellexerunt,
2721 2074 2861 2145 quia
2888 2073 3231 2145 hujusmodi
3262 2076 3460 2144 portis,
3493 2086 3622 2143 quae
3654 2070 3764 2125 uti-

357 2155 784 2225 azquinoctialis
843 2158 1124 2212 dodrante
1181 2160 1550 2227 transmisso,
1613 2163 1837 2218 tardius
1882 2165 2008 2219 sine
2106 2181 2230 2237 que
2253 2161 3290 2230 metuuntur,nonsintinsensibiles
3313 2158 3761 2228 etinanimales,

358 2244 821 2309 intermissione,
885 2247 1005 2302 sive
1060 2249 1153 2303 die
1209 2250 1425 2316 venire,
1485 2255 1604 2308 sive
1659 2259 1849 2325 nocte,
1909 2273 2010 2326 per

357 2333 621 2405 quinque
652 2336 1092 2406 aequinoctiales
1122 2338 1295 2393 horas
1336 2340 1659 2407 reﬂuitura,
1716 2350 1858 2398 aestu
1897 2345 2009 2399 vio-

354 2422 629 2494 lentoque
682 2423 931 2495 impetu,
998 2425 1117 2481 sive
1180 2427 1237 2482 in
1308 2431 1525 2499 opertis
1590 2436 1820 2487 tantum
1890 2432 2009 2489 sive

357 2511 575 2567 retusis
602 2529 950 2584 magnorum
982 2530 1218 2587 quoque
1247 2515 1560 2574 ﬂuminum
1622 2522 1896 2577 cursibus
1935 2524 2006 2578 ad

357 2602 662 2672 superiora
725 2605 1133 2674 conscendere,
1194 2623 1260 2661 ac
1320 2624 1425 2678 per
1480 2614 1700 2681 septem
1742 2611 2005 2681 ejusdem

360 2706 648 2745 mensurae
690 2690 864 2747 horas
902 2709 1075 2747 cursu
1133 2694 1309 2765 paulo
1346 2695 1566 2753 leniore
1624 2699 1910 2770 difﬂuere,
1951 2706 2009 2756 et

357 2776 419 2833 in
449 2793 518 2833 ea
546 2783 775 2835 tantum
809 2797 937 2851 quae
968 2782 1222 2852 quinque
1253 2784 1412 2840 horis
1445 2786 1674 2842 fuerant
1711 2789 2004 2862 suppleta,

354 2884 623 2924 vacuare.
684 2869 932 2926 Proinde
984 2871 1327 2929 incredibile
1375 2874 1555 2930 videri
1614 2882 1823 2950 potest,
1852 2882 2006 2951 quod

358 2957 419 3011 in
451 2958 653 3013 eodem
701 2959 849 3013 mari
879 2959 1036 3015 velut
1065 2961 1194 3017 fons
1223 2963 1464 3033 quidam
1502 2969 1801 3023 tantarum
1834 2985 2010 3040 aqua-

360 3062 491 3100 rum
523 3046 786 3117 ebulliat,
821 3048 892 3103 de
924 3050 1094 3123 cujus
1143 3052 1538 3122 profunditate
1586 3061 1643 3109 et
1680 3057 2007 3114 sufﬁciente

359 3137 590 3205 abysso,
619 3134 856 3191 definito
912 3137 1026 3193 sibi
1056 3144 1318 3211 tempore
1348 3158 1511 3213 aquae
1542 3142 1655 3199 illis
1688 3145 1746 3200 in
1799 3163 2009 3219 super-

362 3223 488 3280 ﬁcie
518 3226 926 3296 profundatur,
961 3232 1016 3282 et
1049 3246 1286 3285 rursum
1341 3239 1740 3290 reccurrentes
1787 3235 1848 3290 in
1880 3252 2005 3292 eos-

365 3314 496 3369 dem
530 3315 1023 3385 profundissimos
1075 3318 1243 3374 sinus
1294 3320 1606 3377 decidant:
1652 3324 2006 3397 praecipites-

359 3418 473 3473 que
502 3402 829 3470 discedant,
862 3410 919 3459 et
950 3423 984 3460 a
1026 3410 1139 3461 Deo
1188 3407 1299 3463 sibi
1348 3410 1667 3465 constituta
1720 3410 1845 3483 lege
1875 3429 2003 3484 per-
2034 3398 2086 3464 C

359 3496 554 3563 petua,
587 3493 659 3548 ab
691 3493 827 3549 imis
858 3510 1092 3566 semper
1136 3496 1422 3551 ebulliant
1467 3502 1641 3569 atque
1698 3498 1913 3555 iterum
1947 3499 2006 3556 in

355 3581 480 3637 ima
508 3581 844 3651 decurrant,
885 3589 942 3639 et
979 3583 1115 3639 inde
1174 3586 1415 3641 forsitan
1465 3585 1676 3642 dixerit
1725 3589 1879 3645 Deus
1936 3591 2008 3646 ad

355 3673 625 3726 sanctum
654 3672 802 3727 Job:
836 3672 1136 3745 Numquid
1169 3675 1475 3747 ingressus
1507 3692 1568 3731 es
1616 3677 1840 3733 fontem
1883 3695 2007 3735 ma-

357 3759 487 3814 ris?
552 3761 839 3824 Quoniam
893 3765 1002 3818 Deo
1055 3763 1163 3819 soli
1223 3770 1361 3819 nota
1408 3771 1547 3821 sunt
1604 3783 1732 3839 quae
1774 3769 2007 3824 creavit.

359 3849 533 3904 Porro
562 3852 886 3907 secundum
935 3854 1211 3925 mysticos
1262 3854 1593 3911 intellectus
1642 3855 1751 3912 hoc
1789 3856 2006 3913 dixisse

358 3944 542 3995 Deum
575 3945 733 4010 puto,
768 3942 924 4013 quod
975 3943 1129 3997 circa
1168 3944 1344 3999 finem
1389 3944 1583 4000 szeculi
1638 3961 1741 4018 pro
1779 3947 2011 4003 redem-

359 4029 558 4101 ptione
587 4030 848 4086 hominis
890 4032 961 4086 ad
1013 4032 1231 4088 inferos
1280 4048 1409 4089 esse
1457 4035 1875 4101 descensurus,
1909 4036 2009 4092 ubi

360 4134 464 4189 pro
487 4122 771 4189 potestate
793 4120 1207 4176 descendentia
1221 4122 1631 4180 deambulasse
1653 4140 1788 4180 eum
1820 4126 1967 4181 dixit
1992 4142 2003 4182 :

360 4207 508 4269 Quia
538 4206 904 4277 impossibile
951 4216 1095 4275 erat,
1147 4214 1213 4264 ut
1266 4212 1435 4281 quasi
1482 4228 1618 4269 rcus
1665 4214 1885 4284 peccati
1918 4214 2006 4270 in-

361 4294 685 4351 fernalibus
740 4296 987 4352 vinculis
1047 4302 1343 4354 teneretur
1396 4301 1530 4370 (Act.
1593 4318 1653 4368 ιι,
1705 4304 1817 4374 24).
1879 4304 2011 4376 Ipse

360 4386 517 4443 enim
544 4384 709 4441 solus
760 4384 949 4441 factus
992 4390 1103 4455 est,
1153 4387 1309 4442 sicut
1344 4387 1561 4446 ‘homo.
1621 4392 1708 4447 Ad
1751 4408 2011 4464 prasens

324 4506 331 4511 -
361 4476 605 4548 quidem
638 4475 767 4531 sine
810 4475 1123 4547 adjutorio,
1170 4477 1271 4532 sed
1303 4482 1500 4534 tamen
1557 4480 1712 4536 inter
1742 4486 2009 4539 mortuos

360 4566 511 4621 liber
555 4566 725 4637 (Psal.
777 4582 1018 4633 Lxxxvn,
1065 4568 1142 4637 6).
1176 4566 1338 4630 Quod
1395 4572 1591 4623 autem
1651 4568 1918 4627 infernus
1949 4571 2025 4626 in~

361 4656 480 4711 imo
514 4660 803 4710 terrarum
839 4656 935 4725 sit,
965 4656 1147 4711 Jonas
1176 4656 1480 4729 propheta,
1513 4656 1615 4729 qui
1674 4658 2012 4730 specialiter

2119 2256 2217 2309 sed
2248 2256 2368 2310 sint
2397 2253 2479 2307 illi
2509 2254 2702 2326 potius
2747 2252 2989 2325 spiritus
3038 2251 3349 2318 immundi,
3402 2248 3624 2305 inimici
3654 2264 3761 2305 no-

2119 2345 2248 2409 stri,
2282 2343 2625 2399 adversariae
2654 2341 2917 2397 videlicet
2951 2344 3290 2414 potestates,
3333 2356 3436 2413 per
3486 2353 3634 2411 quas
3664 2353 3762 2411 ge-

2119 2434 2242 2490 neri
2274 2433 2534 2488 humano
2562 2432 2836 2487 introitus
2894 2431 3166 2487 inventus
3212 2433 3301 2486 est
3358 2428 3427 2485 ad
3480 2431 3754 2484 mortem.

2119 2525 2262 2595 Ipsae
2295 2525 2433 2578 sunt
2461 2526 2519 2577 et
2546 2521 2696 2577 ostia
2725 2518 3053 2589 tenebrosa,
3088 2535 3340 2592 quorum
3371 2517 3601 2575 animos
3634 2532 3761 2572 ma-

2116 2612 2342 2677 livolos,
2372 2616 2430 2666 et
2459 2609 2812 2665 obscuritate
2861 2608 3091 2663 invidias
3139 2606 3363 2680 plenos,
3413 2606 3569 2662 Deus
3598 2604 3763 2661 solus

2117 2700 2415 2772 perspicit.
2450 2700 2635 2772 Igitur
2660 2698 2936 2771 quoniam
2970 2697 3030 2752 hi
3061 2698 3133 2753 de
3181 2696 3397 2768 quibus
3442 2693 3762 2767 loquimur,

2116 2790 2367 2846 tenebrae
2401 2789 2564 2846 factae
2594 2793 2736 2845 sunt
2764 2787 3088 2843 recedendo
3145 2804 3180 2842 a
3228 2802 3363 2841 vero
3419 2783 3665 2851 lumine,
3704 2789 3765 2840 et

2119 2883 2433 2953 potestates
2481 2882 2622 2935 sunt
2664 2877 3039 2932 tenebrarum
3092 2874 3391 2949 appellatae
3433 2872 3760 2948 (Ephes..vx,

2119 2972 2229 3037 12),
2278 2969 2336 3024 id
2387 2972 2497 3035 est,
2544 2966 2836 3039 principes
2885 2966 3194 3022 hominum
3253 2968 3649 3037 peccatorum,
3702 2967 3765 3017 et

2116 3059 2332 3115 idcirco
2361 3058 2538 3114 etiam
2587 3056 2736 3113 ostia
2783 3056 3093 3112 tenebrosa
3138 3055 3436 3120 dicuntur,
3479 3051 3762 3125 quoniam

2118 3148 2457 3220 deceptione
2477 3163 2702 3214 eorum,
2744 3145 2934 3201 factus
2961 3149 3052 3201 est
3097 3143 3318 3200 homini
3364 3158 3470 3215 per
3498 3145 3766 3214 peccato-

2117 3253 2251 3292 rum
2280 3235 2554 3292 tenebras
2584 3234 2889 3306 ingressus
2918 3232 2991 3287 ad
3016 3235 3287 3287 mortem.
3321 3229 3429 3285 Ubi
3478 3243 3615 3300 ergo
3647 3228 3768 3282 dic-

2118 3331 2247 3380 tum
2285 3328 2393 3391 est,
2436 3321 2586 3378 ostia
2640 3322 2947 3377 tenebrosa
3000 3320 3225 3390 vidisti,
3284 3317 3425 3390 quid
3490 3332 3597 3373 nos
3638 3317 3767 3387 jam

2122 3412 2524 3484 exposuimus,
2556 3409 2654 3465 alii
2675 3409 3020 3480 interpretes
3050 3406 3244 3463 locum
3276 3406 3471 3478 ipsum
3517 3404 3767 3460 manife-

2119 3502 2271 3557 sti-us
2300 3498 2752 3563 transtulerunt,
2801 3497 2883 3551 ita
2929 3495 3209 3551 dicentes.
3265 3514 3292 3545 (ι
3340 3495 3458 3549 Aut
3477 3494 3765 3564 janitores

2116 3588 2331 3645 inferni
2360 3587 2627 3644 videntes
2673 3592 2730 3642 te
2777 3584 3123 3652 timuerunt,
3172 3583 3350 3655 n-qui
3399 3581 3562 3638 locus
3590 3596 3765 3652 expo-

2119 3679 2330 3736 sitione
2387 3694 2503 3733 non
2560 3675 2803 3749 indiget,
2862 3674 3007 3747 quin
3065 3672 3262 3746 potius
3316 3672 3473 3744 quod
3519 3670 3766 3726 obscure

2119 3769 2283 3842 prius
2316 3768 2539 3823 dictum
2572 3771 2681 3833 est,
2705 3763 3077 3837 apertissime
3108 3761 3447 3819 declaravit.
3477 3759 3582 3816 Vel
3606 3764 3765 3816 certe

2120 3860 2180 3914 in
2211 3857 2483 3929 passione
2514 3860 2571 3912 et
2598 3856 2657 3911 in
2692 3857 2875 3911 morte
2896 3852 3151 3919 Domini,
3174 3851 3297 3907 haec
3318 3866 3445 3923 quae
3467 3848 3765 3919 dicuntur,

2120 3949 2248 4004 luce
2281 3951 2419 4003 sunt
2448 3945 2714 4015 clariora,
2746 3943 2859 4016 qui.
2877 3941 3135 3999 claustra
3162 3940 3484 3997 inferorum
3515 3936 3765 4010 aperuit,

2121 4043 2178 4094 et
2206 4044 2542 4093 sanctorum
2577 4034 2714 4089 inde
2743 4032 2974 4089 animas
2999 4029 3288 4093 liberavit,
3336 4026 3496 4100 leges
3536 4025 3764 4093 tartari,

2120 4124 2576 4190 exiensinferos,
2601 4121 2788 4189 solvit,
2815 4118 3166 4176 sententiam
3200 4116 3407 4173 mortis
3452 4128 3768 4185 resurgens

2119 4216 2345 4271 irritam
2378 4214 2533 4281 fecit,
2569 4211 2936 4285 principatus
2962 4213 3021 4263 et
3067 4209 3387 4279 potestates
3424 4205 3764 4272 trementes,

2122 4308 2222 4377 qui
2244 4307 2411 4361 erant
2426 4302 2713 4373 janitores
2735 4304 2793 4355 et
2820 4298 2989 4369 ostia,
3021 4294 3358 4352 transduxit
3389 4290 3759 4357 flducialiter,
3796 4318 3805 4327 ι

2120 4395 2243 4451 sive
2276 4391 2469 4466 palam
2490 4389 2865 4463 triumphans
2890 4387 2949 4442 in
2973 4385 3289 4456 semetipso
3306 4382 3533 4455 (Colon.
3557 4396 3621 4447 ιι,
3649 4380 3757 4451 15).

2117 4483 2452 4539 Secundum
2508 4480 2790 4553 tropicam
2848 4492 2981 4533 vero
3045 4471 3513 4546 intelligentiam,
3582 4472 3766 4542 portas

2120 4571 2350 4640 mortis,
2383 4586 2594 4628 sensus
2620 4572 2761 4626 sunt
2790 4565 2997 4636 nostri,
3030 4579 3158 4637 qua
3190 4565 3368 4635 porta:
3398 4565 3539 4616 tunc
3573 4559 3766 4614 virtu-

2118 4662 2280 4717 tibus
2327 4660 2541 4716 clausae
2589 4662 2749 4728 sunt,
2800 4654 3079 4729 quoniam
3127 4670 3163 4709 a
3213 4652 3370 4708 vitiis
3399 4648 3759 4719 obtinentur,

360 4744 567 4835 habuit
591 4746 840 4817 ﬁguram
865 4744 1212 4835 ASalvatoris,
1254 4746 1314 4801 in
1372 4747 1634 4804 oratione
1687 4765 1796 4804 sua
1828 4765 2008 4821 quam
2036 4768 2086 4835 Β
2116 4757 2175 4807 et
2204 4767 2307 4823 per
2324 4766 2424 4806 eas
2452 4765 2612 4815 mors
2659 4745 2904 4820 peccati,
2955 4744 3029 4835 ad
3056 4759 3267 4835 paream
3313 4742 3528 4835 mentis

358 4833 416 4888 in
480 4839 674 4890 ventre
733 4833 912 4907 piscis
968 4835 1196 4906 effudit,
1262 4836 1573 4893 manifeste
1640 4838 2007 4895 demonstrat

358 4925 617 4995 (lumen,
648 4926 725 4996 ὃ),
784 4941 1078 4997 quemque
1135 4926 1195 4982 in
1255 4927 1553 4983 infernum
1614 4928 1810 5002 abyssi
1843 4945 2006 5001 aqua:

360 5012 773 5085 circumluent,
830 5020 888 5070 et
941 5014 1147 5071 multis
1203 5014 1336 5072 aliis
1386 5016 1532 5073 locis
1588 5018 1900 5091 Scriptura:
1933 5020 2004 5075 de

352 5095 641 5175 qualitate
663 5104 983 5161 inferorum
1008 5104 1347 5177 loquuntur.
1381 5106 1705 5164 Possumus
1734 5113 1791 5164 et
1820 5126 2007 5165 mora-

358 5192 492 5249 liter
518 5192 677 5249 hunc
727 5193 923 5250 locum
978 5195 1060 5251 ita
1119 5196 1359 5263 sentire,
1419 5200 1487 5251 ut
1541 5196 1683 5268 quia
1711 5215 1871 5254 mare
1903 5215 2005 5270 per

358 5282 630 5355 figuram,
691 5283 799 5339 hoc
852 5284 1132 5341 saeculum
1188 5286 1302 5341 dici
1360 5285 1668 5343 novimus:
1716 5288 2007 5359 profunda

354 5372 484 5443 ejus
553 5388 731 5445 super
795 5390 998 5430 omnes
1063 5374 1300 5447 iniquos
1360 5379 1417 5431 et
1474 5379 1832 5449 peccatores,
1902 5377 2002 5449 qui

358 5467 649 5534 quantum
678 5460 825 5517 illud
850 5462 1126 5535 diligunt,
1158 5470 1358 5522 tamen
1389 5465 1448 5521 in
1489 5467 1619 5537 ejus
1648 5466 2004 5523 obscurissi-

355 5568 515 5608 mam
564 5552 1027 5624 profunditatem
1084 5554 1453 5628 demergunt,
1514 5560 1579 5611 ut
1617 5556 1857 5612 omnino
1884 5573 2002 5613 non

356 5641 810 5699 videantlumen
833 5642 1127 5714 Evangelii
1171 5648 1229 5700 et
1257 5643 1456 5716 gloriae
1504 5645 1742 5702 Christi
1767 5648 1846 5716 (Il
1875 5650 1999 5704 Cor.

356 5747 437 5799 ιν,
468 5733 545 5804 4).
577 5730 906 5787 Novissima
932 5748 1067 5788 vero
1112 5733 1314 5806 abyssi
1370 5735 1492 5791 sint
1522 5751 1727 5793 omnes
1759 5734 1930 5808 impii
1965 5753 1995 5793 e

356 5820 647 5901 sacrilegi,
705 5820 808 5898 qui
855 5821 918 5887 in
965 5821 1380 5901 prothudiores
1425 5829 1800 5907 peccatorum
1832 5830 2007 5905 tene-

2118 4841 2297 4901 ditur.
2330 4839 2465 4903 Quae
2497 4836 2649 4894 ostia
2678 4835 2989 4891 tenebrosa
3016 4832 3145 4889 ideo
3194 4830 3585 4904 appellantur,
3624 4826 3766 4900 quia

2119 4931 2179 4986 in
2229 4930 2501 4985 tenebras
2546 4931 2946 5000 peccatorum,
3008 4924 3131 4980 sive
3192 4923 3367 4979 etiam
3435 4934 3763 4993 pcnnarum,

2120 5020 2345 5077 aditum
2369 5018 2657 5092 pandunt.
2684 5017 2812 5072 Istae
2836 5014 3034 5086 itaque
3062 5016 3269 5086 portas,
3291 5010 3413 5068 sive
3440 5008 3562 5064 hec
3591 5006 3765 5069 ostia,

2118 5110 2468 5183 aperiuntur
2486 5105 2831 5163 hominibus
2851 5104 2925 5160 ad
2947 5100 3222 5167 salutem,
3236 5112 3371 5157 cum
3383 5095 3587 5154 evictis
3606 5093 3765 5151 vitiis

2114 5204 2399 5272 tanquam
2433 5197 2705 5254 hostibus
2736 5194 2862 5252 suis
2891 5190 3240 5265 expugnatis
3270 5192 3443 5260 atque
3471 5185 3532 5240 in
3563 5183 3763 5255 fugam

2115 5288 2324 5353 versis,
2356 5285 2688 5343 sanctitatis
2715 5300 2815 5340 eos
2844 5279 3159 5337 virtutibus
3207 5275 3478 5334 homines
3531 5287 3767 5345 aperue-

2121 5378 2259 5448 rint,
2295 5381 2360 5433 ut
2389 5375 2633 5432 audiant
2662 5389 2798 5429 cum
2828 5368 3229 5435 exhortatione
3257 5376 3588 5423 sermonem
3636 5376 3766 5433 pro-

2119 5468 2307 5541 phetae
2339 5463 2630 5522 dicentis:
2663 5464 2899 5535 Aperite
2952 5459 3100 5515 mihi
3141 5459 3327 5530 porta:
3372 5452 3637 5525 justiﬁes,
3671 5452 3762 5507 in-

2113 5573 2326 5630 gressus
2357 5558 2419 5611 in
2448 5570 2545 5611 cas
2572 5551 2875 5625 conﬁtebor
2899 5550 3133 5606 Domino
3190 5546 3364 5615 (Psal.
3422 5557 3599 5609 cxvn,
3648 5542 3759 5614 19).

2113 5650 2363 5703 Sanctus
2393 5642 2551 5700 enim
2610 5641 2787 5699 homo
2843 5639 2916 5696 ad
2971 5635 3399 5710 possidendum
3430 5630 3762 5691 sanctitatis

2113 5732 2541 5803 testimonium,
2602 5735 2661 5787 et
2700 5728 2978 5787 virtutem
3038 5723 3302 5796 monilia,
3360 5719 3762 5782 consertrantis

2114 5825 2347 5907 aﬂ‘ectu,
2377 5826 2437 5885 et
2489 5817 2910 5900 congaudentis
2966 5815 3315 5897 ingreditur,
3371 5812 3658 5901 quoniam
3694 5825 3767 5872 ex
