4220 6610
484 486 602 554 799

1973 494 2397 559 APPENDIX.

3769 496 3910 557 800

487 626 931 700 participatione
995 628 1259 687 thesauri
1326 633 1678 702 communis,
1729 632 1797 688 ﬁt
1846 631 1966 688 illis
2033 648 2132 689 cor
2157 630 2215 698 Α
2244 629 2361 685 ﬁne
2390 632 2552 699 sunt,
2585 630 2742 685 unde
2799 629 2925 701 ipse
2980 644 3082 700 per
3134 627 3513 701 temetipsum
3544 642 3910 701 cognoscam

487 732 672 772 unum
707 721 765 772 et
796 718 994 774 anima
1050 736 1169 775 una
1225 719 1282 775 in
1344 720 1527 778 Deum
1587 724 1722 795 (Act.
1782 739 1859 788 ιν,
1910 722 2021 794 32).
2064 722 2136 777 Et

488 804 571 860 ita
596 804 655 861 in
686 805 797 862 hoc
821 809 1043 865 mundo
1089 808 1247 865 velut
1294 810 1355 865 in
1406 811 1661 867 fornacis
1705 811 2132 867 examinatione

489 893 709 965 pariter
736 895 913 967 positi
938 912 951 950 :
981 898 1145 969 quasi
1176 915 1245 954 ex
1275 916 1391 955 uno
1422 917 1519 956 ore
1548 900 1902 956 benedicunt
1948 901 2132 956 Deum

491 983 552 1038 in
610 984 771 1038 omni
826 988 1106 1057 tempore,
1164 991 1221 1042 et
1277 1005 1509 1061 semper
1564 987 1695 1044 laus
1751 990 1879 1060 ejus
1938 991 1997 1043 in
2038 1006 2136 1045 ore

490 1089 693 1129 eorum
721 1072 893 1144 (Psal.
924 1091 1122 1130 xxxiii.
1152 1077 1228 1147 2).

565 1185 593 1213 ‹‹
624 1162 915 1234 Numquid
969 1164 1354 1221 considerasti
1398 1167 1773 1223 latitudinem
1802 1172 1967 1223 terra;
1987 1167 2014 1222 ‘?
2047 1169 2135 1223 In-

494 1250 625 1307 dica
654 1250 821 1322 mihi,
855 1252 904 1307 si
937 1253 1110 1325 nosti,
1143 1255 1362 1311 omnia.
1395 1277 1423 1305 »
1459 1256 1599 1321 Quis
1627 1255 1937 1312 hominum
1960 1273 2133 1313 nosse

492 1339 720 1411 poterit,
754 1345 974 1411 quanta
1004 1342 1412 1414 magnitudine
1442 1343 1833 1413 distendatur,
1868 1344 1981 1401 nisi
2008 1345 2134 1417 ipse

490 1428 650 1483 solus
681 1428 781 1500 qui
813 1430 1013 1485 omnia
1042 1431 1304 1486 condidit
1327 1432 1354 1486 ‘2
1386 1437 1464 1488 De
1517 1450 1634 1501 quo
1684 1433 1969 1506 propheta
2006 1435 2089 1490 ait
2116 1452 2129 1490 :

490 1518 605 1588 Qui
632 1533 850 1574 mensus
877 1523 958 1575 est
1013 1536 1184 1591 aquas
1237 1538 1417 1577 manu
1472 1526 1525 1576 et
1582 1520 1786 1577 cwlum
1835 1524 2044 1593 palmo,
2085 1531 2136 1580 et

489 1621 702 1662 omnem
731 1611 944 1665 terram
997 1610 1198 1666 clausit
1249 1612 1463 1683 pugillo
1522 1614 1659 1683 (Isa.
1718 1631 1809 1679 xc,
1844 1615 1951 1683 12).
1986 1615 2132 1670 Item

486 1694 701 1752 aliter:
745 1697 1047 1770 Numquid
1099 1704 1183 1770 tu,
1240 1700 1349 1756 Job
1403 1702 1716 1773 praevidisti
1760 1701 2132 1760 latitudinem

487 1788 677 1852 terrae,
710 1785 768 1841 id
800 1790 908 1855 est,
942 1786 1261 1844 Ecclesiam
1293 1790 1575 1859 futuram,
1607 1809 1786 1864 quam
1819 1809 1921 1866 per
1942 1798 2131 1850 totum

487 1873 802 1943 mundum,
835 1880 1129 1932 crescente
1167 1878 1383 1951 ubique
1412 1879 1472 1934 in
1511 1880 1840 1954 Evangelio,
1874 1881 2129 1938 dilatavi.

488 1962 690 2018 Indica
718 1980 855 2037 ergo
905 1965 1052 2020 mihi
1110 1966 1159 2022 si
1217 1967 1328 2024 hoc
1387 1986 1611 2041 sapere,
1668 1972 1787 2027 sive
1816 1972 2211 2071 aliquaudoB

491 2050 809 2071 εμμιιμω
1199 2056 1254 2071 η.
1402 2057 1415 2071 .
1593 2060 1631 2071 ..
1944 2062 1955 2071 .
2046 2063 2079 2071 ..

491 2050 819 2124 intelligere
875 2054 1139 2126 potuisti.
1199 2056 1326 2113 Sive
1402 2057 1773 2116 latitudinem
1831 2062 2131 2134 sapientim

496 2157 658 2211 mea,
691 2158 871 2214 quam
914 2146 1102 2214 terrae,
1160 2146 1360 2201 domui
1418 2165 1580 2217 mese,
1640 2150 1696 2205 id
1729 2154 1836 2222 est,
1871 2151 2137 2208 Ecclesiae

494 2229 673 2286 tribui
699 2248 712 2287 :
734 2232 1023 2304 numquid
1050 2238 1111 2289 ut
1134 2234 1336 2292 futura
1358 2238 1701 2309 praevidens,
1722 2240 1888 2297 oculo
1920 2242 2137 2297 mentis

491 2336 734 2376 accenso
756 2337 861 2393 per
888 2323 1270 2395 temetipsum
1302 2325 1590 2398 inspicere
1630 2329 1795 2400 potui
1824 2329 1852 2383 ‘I
1879 2347 2005 2402 quae
2038 2347 2137 2386 sa-

489 2407 709 2479 pientia
738 2409 1002 2467 dilatavit
1031 2429 1129 2468 cor
1163 2413 1512 2485 Salomonis,
1548 2417 1700 2473 sicut
1741 2436 1978 2475 arenam
2010 2437 2135 2492 quae

488 2496 665 2553 estin
697 2497 888 2555 littore
931 2502 1110 2558 maris
1158 2503 1257 2574 (Ill
1308 2505 1437 2577 Reg.
1489 2523 1565 2573 1v,
1612 2509 1725 2577 29),
1776 2507 1945 2580 eique
1975 2508 2137 2563 dedit

488 2587 863 2658 prudentiam
885 2589 1131 2647 multam
1162 2592 1364 2660 nimis,
1393 2599 1449 2650 et
1465 2611 1592 2667 quae
1619 2595 1680 2651 in
1702 2597 1857 2653 exitu
1883 2597 2134 2669 canitur,

488 2679 545 2731 et
572 2676 632 2731 in
658 2675 967 2735 latitudine
988 2698 1232 2738 suarum
1254 2683 1607 2763 ﬁducialiter
1627 2686 1768 2759 agit,
1793 2687 1964 2758 cujus
1990 2688 2137 2743 mul-

487 2764 715 2836 tiplices
746 2783 958 2826 sensus
987 2774 1044 2826 et
1074 2770 1381 2829 latitudine
1413 2774 1880 2847 disputationum
1913 2776 2135 2832 ditissi-

488 2857 823 2928 mos,jubet
849 2860 1054 2916 eadem
1088 2861 1375 2933 sapientia
1430 2864 1490 2919 in
1522 2865 1694 2920 corde
1742 2864 2002 2921 hominis
2034 2867 2134 2922 de-

489 2943 665 2999 scribi
695 2945 1004 3018 tripliciter
1060 2952 1242 3018 (Prov.
1276 2969 1415 3021 XXII,
1444 2955 1559 3025 20).
1622 2954 1751 3009 Hme
1781 2972 1917 3028 ergo
1965 2956 2139 3011 verba

492 3038 740 3105 possunt
769 3051 839 3091 ex
894 3055 1143 3110 persona
1192 3042 1383 3097 Patris
1430 3059 1608 3115 super
1657 3044 1963 3117 sapientia,
2009 3062 2137 3117 qua:

492 3126 581 3179 est
610 3121 811 3197 Filius,
847 3126 1096 3185 disserta
1123 3128 1388 3203 intelligi.

569 3235 597 3263 «
626 3213 691 3268 In
723 3230 841 3286 qua
868 3214 960 3271 via
986 3216 1087 3273 lux
1114 3217 1357 3287 habitet,
1390 3223 1447 3277 et
1474 3223 1846 3280 tenebrarum
1887 3224 2021 3296 quis
2052 3223 2138 3281 lo-

495 3319 599 3360 cus
626 3303 725 3372 sit,
757 3308 823 3360 ut
847 3305 1010 3362 dicas
1041 3310 1501 3382 unumquodque
1543 3312 1615 3367 ad
1663 3314 1947 3371 terminos
1976 3332 2137 3382 suos,

2240 719 2483 792 potuisti
2505 719 2532 775 ?

2318 832 2345 859 ‹‹
2378 808 2678 881 Numquid
2740 808 3044 881 ingressus
3097 826 3160 863 es
3215 808 3526 864 thesauros
3584 808 3756 879 nivis,
3789 813 3907 866 aut

2246 899 2554 955 thesauros
2584 898 2889 971 grandinis
2938 898 3236 970 aspexisti,
3298 914 3425 969 quae
3477 899 3795 970 praeparavi
3832 899 3898 955 in

2244 992 2477 1060 tempus
2499 988 2709 1055 hostis,
2739 992 2795 1043 et
2824 987 2883 1042 in
2914 987 3069 1042 diem
3103 1004 3309 1059 pugnae
3340 992 3397 1043 et
3424 988 3606 1043 belli?
3633 1010 3661 1039 ‹‹
3686 988 3904 1045 Poten-

2244 1077 2388 1132 tiam
2420 1094 2589 1133 suam
2622 1081 2797 1148 Deus,
2831 1094 3008 1148 quam
3040 1077 3214 1132 etiam
3245 1077 3304 1133 in
3337 1078 3580 1133 secretis
3608 1083 3897 1134 creaturae

2246 1184 2363 1221 sua:
2424 1168 2599 1222 rebus
2658 1170 2832 1238 atque
2884 1165 3283 1223 invisibilibus
3339 1165 3537 1237 habet,
3570 1166 3663 1223 his
3692 1169 3897 1224 verbis

2242 1255 2426 1312 voluit
2453 1256 2874 1325 demonstrare,
2908 1256 3105 1311 dicens
3137 1256 3209 1311 ad
3256 1256 3365 1310 Job
3392 1272 3406 1310 :
3467 1256 3764 1328 Numquid
3796 1259 3896 1312 in-

2243 1362 2482 1417 gressus
2512 1361 2574 1400 es
2603 1344 2911 1400 thesauros
2934 1344 3104 1413 nivis,
3128 1348 3231 1400 aut
3252 1345 3560 1401 thesauros
3584 1346 3897 1418 grandinis

2245 1433 2524 1506 aspexisti
2555 1437 2577 1489 ξ’
2605 1451 2723 1490 non
2760 1434 2915 1490 enim
2948 1433 3074 1490 loca
3108 1440 3247 1490 sunt
3278 1436 3546 1507 quaedam
3596 1436 3657 1490 in
3687 1436 3898 1509 aliqua

2244 1528 2405 1595 parte
2437 1523 2642 1579 mundi
2701 1524 2991 1579 immensa
3047 1525 3369 1596 capacitate
3425 1525 3703 1597 spatiosa,
3754 1542 3895 1598 quae

2244 1612 2429 1669 moles
2478 1619 2652 1684 atque
2686 1613 2983 1685 congeries
3014 1613 3377 1669 infinitarum
3396 1614 3619 1670 nivium
3641 1615 3795 1671 intra
3824 1632 3895 1672 se

2243 1701 2501 1756 habeant
2530 1702 2817 1772 conditas,
2852 1705 2917 1755 ut
2975 1700 3182 1756 merito
3240 1701 3314 1755 ob
3372 1701 3504 1771 hoc,
3562 1702 3728 1773 quasi
3760 1703 3899 1759 loca

2242 1790 2501 1847 thesauri
2535 1790 2900 1863 appellentur
2919 1792 2989 1845 de
3018 1790 3235 1862 quibus
3252 1790 3391 1846 olim
3412 1790 3499 1846 hae
3526 1798 3895 1865 congregatae

2244 1881 2363 1936 sint
2394 1880 2636 1952 species,
2669 1896 2795 1951 quae
2828 1880 3062 1952 quando
3093 1880 3248 1935 Deus
3301 1881 3549 1936 voluerit
3587 1882 3894 1953 proferan-

2244 1973 2377 2038 tur;
2412 1969 2513 2025 sed
2546 1968 2627 2023 ita
2655 1973 2743 2024 est
2764 1970 2978 2040 potius,
3005 1973 3069 2023 ut
3089 1969 3148 2023 in
3171 1967 3284 2024 alio
3306 1968 3429 2025 loco
3447 1970 3572 2041 ipse
3598 1971 3897 2029 Dominus

2246 2059 2365 2114 ait:
2399 2060 2463 2113 Et
2519 2059 2723 2129 species
2781 2060 2905 2127 agri
2959 2073 3171 2112 mecum
3225 2063 3299 2111 est
3355 2058 3524 2129 (Psal.
3573 2076 3724 2130 xux,
3757 2061 3893 2129 11):

2248 2148 2619 2218 Quaecunque
2649 2145 2803 2202 enim
2836 2146 3082 2202 voluerit
3128 2147 3336 2217 facere,
3387 2147 3588 2203 statim
3617 2147 3899 2205 voluntas

2247 2238 2375 2307 ejus
2406 2236 2465 2291 in
2496 2236 2764 2292 ell‘ectum
2795 2236 3074 2308 procedit.
3106 2240 3174 2290 Et
3220 2235 3349 2291 ideo
3397 2235 3658 2292 thesauri
3696 2238 3897 2293 nomi-

2249 2326 2395 2394 nati,
2429 2343 2543 2381 non
2575 2326 2634 2380 in
2663 2325 2859 2396 aliquo
2887 2324 3197 2395 immenso,
3247 2329 3305 2379 et
3359 2325 3557 2397 capaci
3605 2324 3753 2395 loco,
3785 2326 3899 2382 sed

2248 2415 2309 2469 in
2331 2415 2459 2487 ejus
2479 2414 2803 2483 voluntate,
2825 2414 3277 2485 ctdispositione
3298 2418 3436 2470 sunt
3455 2414 3755 2470 constituti
3780 2433 3794 2471 :
3820 2415 3905 2471 si-

2248 2508 2347 2560 cut
2373 2505 2433 2560 in
2456 2504 2569 2560 alio
2599 2503 2723 2559 loco
2756 2505 2837 2559 ait
2864 2519 2876 2558 :
2904 2506 3179 2575 Etspecies
3208 2504 3332 2575 agri
3359 2520 3569 2559 mecum
3599 2506 3900 2577 est:apud

2250 2611 2421 2666 quem
2456 2592 2602 2648 nihil
2629 2599 2718 2650 est
2775 2593 3226 2666 imperfectum,
3266 2593 3405 2666 quia
3434 2610 3550 2649 non
3616 2593 3901 2650 estaliud

2247 2683 2501 2755 cogitare
2530 2682 2711 2751 illius,
2752 2681 2910 2738 aliud
2938 2684 3149 2751 facere,
3179 2684 3280 2738 sed
3314 2683 3582 2756 protinus
3614 2683 3700 2749 ﬁt,
3732 2684 3899 2754 quod

2245 2770 2513 2826 voluerit.
2544 2772 2605 2826 In
2630 2770 2738 2826 hac
2767 2786 2904 2841 ergo
2922 2778 3140 2826 secreta
3167 2771 3358 2826 cordis
3390 2769 3482 2826 sui
3512 2769 3901 2842 dispositione

2247 2860 2465 2929 divina,
2496 2859 2595 2914 ubi
2626 2863 2822 2914 essent
2852 2858 2948 2914 isti
2978 2859 3237 2915 thesauri
3267 2858 3479 2914 harum
3526 2874 3723 2914 rerum
3752 2875 3899 2914 cum

2247 2948 2440 3005 adhuc
2469 2948 2528 3002 in
2560 2963 2622 3002 se
2652 2948 3029 3020 corporaliter
3075 2966 3191 3004 non
3241 2948 3607 3015 exsisterent,
3634 2947 3897 3011 interm-

2247 3042 2420 3110 gatur
2447 3036 2556 3092 Job
2587 3036 2636 3091 si
2667 3035 2885 3092 intrare
2916 3037 3148 3109 poterit.
3180 3037 3362 3093 Nemo
3409 3037 3567 3092 enim
3598 3041 3896 3093 secretum

2246 3125 2393 3181 illud
2425 3125 2628 3181 divinae
2660 3126 2985 3197 majestatis
3043 3131 3235 3199 potest
3288 3127 3466 3196 adire,
3528 3126 3647 3184 sive
3676 3143 3897 3200 cogno-

2249 3233 2429 3286 scere,
2461 3215 2575 3271 nisi
2605 3215 2784 3272 Filius
2816 3215 2917 3288 qui
2945 3218 3035 3271 est
3062 3214 3122 3271 in
3182 3216 3316 3272 sinu
3375 3216 3567 3273 Patris
3596 3215 3900 3289 uniusque
3938 3220 3955 3228 ’

2250 3311 2471 3362 natura:
2502 3311 2676 3377 atque
2703 3305 3064 3362 substantiis.
3096 3310 3227 3362 Haec
3272 3322 3408 3379 ergo
3450 3310 3775 3380 praeparata
3805 3305 3897 3361 di-

495 3397 553 3448 et
580 3392 872 3467 intelligas
904 3396 1143 3453 semitas
1196 3381 1481 3471 domusiej
1495 3418 1581 3457 us.
1617 3424 1645 3454 ››
1690 3403 1753 3457 In
1785 3403 1879 3459 via
1924 3381 2138 3460 sancta,
2170 3381 2214 3449 C
2251 3403 2468 3454 cuntur
2497 3414 2530 3452 a
2560 3402 2670 3453 Deo
2699 3397 3006 3469 intempus
3028 3395 3234 3465 hostis,
3255 3412 3463 3469 pugnae
3480 3400 3539 3452 et
3558 3395 3714 3451 belli.
3743 3394 3901 3452 Mul-

495 3484 949 3542 conversationis
979 3485 1257 3557 hominis,
1299 3487 1399 3545 lux
1427 3491 1713 3548 virtutum
1762 3492 1986 3549 habitat
2011 3510 2023 3550 :
2052 3500 2137 3550 te-

497 3572 810 3629 nebrarum
838 3591 993 3643 vero,
1028 3575 1086 3631 id
1145 3580 1253 3645 est,
1289 3578 1567 3636 vitiorum
1624 3580 1789 3638 locus
1847 3588 1936 3638 est
1964 3584 2139 3641 homo

495 3666 782 3735 peccator,
812 3663 903 3720 vel
933 3664 1029 3721 ille
1058 3663 1223 3722 locus
1251 3667 1323 3723 de
1352 3684 1468 3740 quo
1498 3669 1642 3726 dicit
1674 3687 1686 3727 :
1720 3673 1799 3727 Ile
1838 3674 2137 3743 maledicti,

498 3753 560 3806 in
600 3753 787 3823 ignem
829 3762 1125 3824 aeternum,
1146 3758 1242 3826 qui
1290 3763 1519 3828 paratus
1569 3763 1648 3815 est
1700 3760 1915 3817 diabolo
1959 3771 2011 3819 et
2036 3780 2140 3817 an-

496 3843 641 3915 gelis
668 3842 786 3913 ejus
832 3842 1040 3913 (Matth.
1089 3862 1215 3912 xxv,
1266 3846 1376 3918 41).
1427 3847 1590 3904 Nosti
1640 3865 1798 3922 ergo,
1845 3851 1976 3929 Job,
2017 3853 2139 3908 dis-

497 3946 732 3988 cernere
795 3932 1263 4006 uniuscujusque
1327 3937 1624 4006 meritum,
1702 3944 1759 3996 et
1813 3942 2138 3998 secundum

491 4022 786 4095 justitiam
818 4039 1305 4097 unumquemque
1332 4025 1542 4083 horum
1574 4029 1646 4083 ad
1679 4031 1963 4088 terminos
1995 4050 2140 4105 prae-

499 4113 696 4170 ﬁnitos
708 4112 1109 4170 retributionis
1122 4115 1457 4187 perducere,
1473 4119 1859 4191 cogitationes
1872 4125 2137 4181 cordium

494 4204 781 4277 ipsorum,
812 4207 1095 4276 tanquam
1127 4206 1369 4263 semitas
1415 4209 1724 4265 domorum
1775 4228 2016 4269 suarum
2050 4214 2137 4270 in-

494 4294 756 4367 telligere
785 4293 1047 4365 potuisti.
1079 4295 1221 4350 Item
1270 4296 1331 4351 in
1376 4314 1493 4368 qua
1540 4298 1651 4367 via,
1703 4301 1822 4357 sive
1868 4312 2040 4373 terra,
2077 4308 2140 4357 ut

494 4382 591 4439 alii
625 4383 916 4453 dixerunt,
949 4382 1050 4440 lux
1079 4380 1336 4441 habitet:
1369 4385 1470 4441 lux
1500 4387 1635 4443 ﬁdei
1681 4395 1739 4445 et
1788 4392 2137 4463 cognitionis

497 4474 727 4531 habitat
754 4472 814 4527 in
840 4473 1010 4529 corde
1039 4474 1351 4540 credentis,
1385 4475 1505 4531 sive
1535 4476 1635 4533 lux
1664 4479 1722 4534 in
1759 4483 1931 4553 terra,
1973 4481 2137 4537 Chri-

497 4568 625 4620 stus
656 4563 716 4617 in
745 4562 1022 4618 Ecclesia.
1056 4562 1454 4621 Tenebrarum
1484 4573 1705 4635 autem,
1737 4570 1795 4625 id
1827 4576 1938 4643 est,
1972 4572 2136 4645 igno-

492 4650 698 4707 rantiae
728 4655 786 4707 et
814 4651 1176 4708 infidelitatis
1221 4651 1407 4723 locus,
1455 4660 1544 4712 est
1585 4673 1684 4714 cor
1729 4659 2135 4733 insipientium

2248 3488 2325 3543 tis
2356 3487 2538 3560 igitur
2571 3487 2762 3543 modis
2794 3504 2861 3542 ac
2889 3484 3135 3542 diversis
3181 3485 3314 3542 aliis
3364 3483 3903 3542 innumerabilibus

2240 3577 2485 3649 judieiis
2516 3578 2640 3634 suis
2670 3578 2825 3633 Deus
2855 3574 3129 3649 ﬂagellat,
3180 3580 3239 3631 et
3279 3575 3520 3647 corripit
3567 3591 3751 3649 genus
3782 3572 3900 3629 hu-

2250 3685 2520 3736 manum,
2552 3667 2706 3724 sicut
2751 3669 2928 3723 etiam
2985 3665 3306 3737 Egyptios,
3365 3681 3514 3736 quos
3543 3663 3903 3721 fulminibus

2249 3762 2307 3813 et
2335 3758 2617 3830 grandine
2667 3753 3008 3812 devastavit.
3043 3756 3112 3830 Et
3150 3753 3499 3825 generaliter
3556 3753 3687 3811 aliis
3716 3754 3900 3810 rebus

2248 3848 2581 3918 frequentat
2611 3844 2921 3900 hominum
2951 3841 3419 3913 castigationem.
3450 3842 3655 3899 Hostili
3688 3842 3896 3897 humi-

2248 3934 2355 3992 liat
2382 3935 2643 4002 incursu,
2664 3938 2953 3988 terrarum
2981 3935 3144 3986 motu
3175 3929 3456 4001 hiatuque
3473 3934 3682 3997 vastat,
3708 3930 3898 3988 turbi-

2249 4025 2424 4082 nibus
2454 4023 2663 4095 perdit,
2688 4021 2875 4077 ruinis
2900 4019 3201 4092 opprimit,
3225 4019 3549 4090 naufragiis
3570 4019 3891 4091 demergit:

2249 4115 2381 4172 aliis
2414 4128 2647 4185 quoque
2677 4109 2865 4184 plagis
2896 4108 3224 4165 innumeris
3254 4108 3537 4177 verberat,
3568 4107 3685 4163 sive
3715 4106 3897 4164 lentis

2249 4203 2719 4268 inﬁrmitatibus,
2753 4201 2874 4257 sive
2906 4199 3092 4255 acutis
3123 4198 3507 4271 languoribus
3554 4203 3728 4269 atque
3758 4213 3898 4253 aere

2247 4298 2540 4365 corrupto.
2604 4291 2766 4347 Unde
2823 4290 2883 4345 in
2942 4290 3391 4346 Deuteronomio
3447 4286 3720 4359 legimus,
3762 4304 3892 4357 quas

2247 4384 2515 4442 hostibus
2547 4382 2670 4439 suis
2703 4380 3167 4454 repugnantibus
3199 4383 3257 4435 et
3299 4377 3716 4434 rebellantibus
3746 4392 3889 4448 pra}-

2248 4478 2433 4548 parat,
2468 4476 2532 4530 ut
2560 4472 2645 4530 eis
2676 4471 3000 4529 secundum
3029 4469 3320 4542 justitiam
3354 4483 3523 4523 suam
3546 4465 3773 4539 inﬂigat
3796 4465 3895 4521 de-

2246 4566 2399 4623 bitas
2455 4580 2657 4637 poenas
2715 4560 3165 4619 tribulationum
3224 4559 3413 4630 (Deut.
3469 4573 3567 4625 v11,
3625 4558 3661 4609 2
3696 4554 3892 4627 seqq.).

2248 4657 2392 4713 Item
2419 4654 2625 4712 aliter:
2661 4653 2864 4709 Nivem
2895 4666 3052 4705 nunc
3081 4647 3141 4703 in
3190 4648 3403 4702 bonam
3454 4650 3701 4718 partem,
3735 4660 3893 4700 nunc

495 4746 672 4814 atque
700 4741 1156 4798 ineredulorum.
1188 4744 1258 4815 Et
1286 4745 1416 4802 ideo
1447 4764 1551 4818 per
1581 4749 1874 4820 quaslibet
1893 4753 2137 4809 semitas
2167 4754 2215 4822 Β
2247 4749 2307 4805 in
2339 4744 2692 4804 contrariam
2726 4740 3084 4813 accipimus:
3121 4741 3178 4792 et
3206 4735 3420 4791 ideirco
3451 4735 3561 4791 sub
3605 4734 3755 4790 nivis
3785 4752 3891 4791 no-

496 4831 751 4887 tendunt
779 4830 916 4887 boni
944 4838 1003 4888 et
1032 4833 1194 4904 mali,
1233 4837 1558 4892 secundum
1606 4840 1881 4896 meritum
1929 4842 2001 4896 ad
2031 4844 2134 4898 do-

495 4938 660 4978 mum
691 4924 918 4978 eternze
947 4924 1424 4998 conversationis,
1449 4929 1611 4999 justo
1632 4935 1691 4985 et
1708 4930 1858 4986 bono
1889 4930 2135 4988 Domino

494 5011 765 5081 ducente,
796 5013 1160 5085 perveniunt.

564 5124 594 5153 «
627 5102 863 5160 Sciebas
893 5107 1032 5161 tunc
1063 5105 1220 5177 quod
1250 5108 1584 5164 nasciturus
1615 5125 1796 5181 esses,
1838 5114 1895 5166 et
1927 5127 2139 5167 nume-

491 5208 623 5248 rum
665 5192 892 5249 dierum
932 5196 1169 5250 tuorum
1232 5212 1476 5252 noveras
1501 5197 1529 5251 ‘I
1572 5219 1593 5247 ι
1650 5198 1790 5262 Quis
1827 5198 2137 5256 hominum

494 5282 655 5339 novit
692 5288 1007 5354 antequam
1048 5284 1147 5352 sit,
1204 5286 1344 5358 quia
1384 5286 1620 5343 futurus
1677 5292 1787 5357 est,
1833 5289 2137 5361 aetatisque

492 5389 611 5428 suae
642 5372 769 5428 dies
800 5390 1056 5431 annosve
1085 5374 1431 5447 cognoscit?
1478 5376 1625 5430 Item
1675 5376 1736 5431 in
1785 5378 1972 5433 Adam
2006 5395 2136 5450 pec-

490 5465 670 5532 cator,
701 5467 760 5518 et
787 5462 947 5519 ﬁlius
978 5464 1188 5520 mortis
1236 5463 1494 5534 eﬂ‘eclus,
1547 5466 1785 5535 quando
1834 5467 1983 5523 scire
2048 5468 2137 5523 vel

412 5608 425 5613 ,
492 5566 696 5621 sapere
724 5553 987 5623 potuisti,
1018 5554 1175 5625 quod
1232 5551 1443 5624 spiritu
1496 5559 1553 5608 et
1606 5555 1801 5627 gratia
1856 5557 2135 5629 baptismi

491 5639 826 5697 nasciturus
854 5659 984 5699 eras
1017 5643 1089 5699 de
1126 5641 1451 5699 visceribus
1506 5644 1715 5701 matris
1762 5647 2053 5716 Ecclesiae,
2080 5652 2138 5704 et

490 5728 551 5784 in
581 5731 866 5787 teternum
895 5734 1223 5790 secundum
1244 5731 1625 5790 novissimam
1648 5737 2134 5794 resurrectionem

490 5819 876 5895 reparandas,
906 5825 965 5890 et
993 5838 1312 5891 numerum
1342 5822 1573 5887 dierum
1602 5828 1865 5903 tuorum,
1889 5827 1992 5906 qui
2008 5827 2137 5890 sine

2245 4837 2404 4893 mine
2435 4833 2872 4905 praeﬁguratum
2898 4829 3007 4884 hoc
3037 4826 3160 4882 loco
3191 4841 3403 4897 corpus
3422 4823 3888 4881 adversariarum

2248 4928 2600 4999 potestatum
2632 4920 2937 4992 colligunt,
2967 4918 3121 4990 quod
3173 4933 3207 4972 a
3253 4916 3539 4971 cbaritate
3582 4914 3684 4971 Dei
3715 4913 3892 4986 longe

2248 5013 2603 5079 discesserit,
2629 5012 2689 5066 id
2719 5016 2828 5082 est,
2878 5014 3060 5064 Deum
3111 5006 3472 5062 habitantem
3522 5005 3583 5060 in
3634 5003 3777 5060 ccelo
3802 5020 3892 5059 re-

2247 5104 2508 5177 liquerit,
2537 5097 3019 5173 utjustojudicio
3044 5096 3145 5152 Dei
3168 5096 3554 5168 projiceretur
3575 5094 3633 5149 in
3649 5097 3891 5150 terram.

2245 5196 2437 5267 Hujus
2466 5200 2662 5249 autem
2694 5190 2844 5247 nivis
2877 5193 2934 5245 et
2952 5186 3281 5261 grandinis,
3304 5186 3471 5257 quasi
3496 5185 3554 5239 in
3580 5184 3896 5256 quamdam

2247 5285 2526 5342 duritiam
2559 5301 2677 5340 sum
2709 5286 2929 5338 natura:
2960 5278 3142 5334 oblita
3168 5276 3486 5346 transierit,
3538 5274 3706 5346 quasi
3738 5290 3897 5345 qure-

2248 5377 2383 5432 dam
2415 5377 2640 5431 secreta
2669 5370 3091 5445 cogitationum
3131 5367 3350 5424 scilicet
3399 5364 3895 5432 machinamenta,

2246 5466 2558 5523 thesauros
2586 5464 2739 5519 Deus
2797 5458 2979 5516 voluit
3034 5459 3358 5527 nominare,
3421 5456 3575 5512 sicut
3612 5454 3894 5526 propheta

2246 5553 2507 5612 Ezechiel
2540 5555 2610 5609 de
2642 5568 2842 5609 eorum
2886 5550 3149 5622 principe
3182 5548 3261 5604 ait
3286 5564 3299 5602 :
3324 5549 3387 5602 In
3415 5544 3767 5602 multitudine
3795 5558 3891 5597 ne-

2242 5646 2561 5717 gotiationis
2591 5650 2703 5700 tua?
2728 5642 2956 5713 impleta
2997 5647 3123 5695 sunt
3152 5640 3422 5694 interiora
3477 5645 3571 5693 tua
3599 5635 3891 5705 iniquitate

2245 5734 2678 5809 (Ezech.xxvm,
2738 5732 2846 5803 16).
2904 5728 3324 5802 Hujuscemodi
3384 5726 3565 5799 igitur
3606 5724 3885 5781 Dominus

2243 5822 2665 5905 cogitationum
2720 5820 2988 5906 omnium
3044 5818 3208 5887 solus
3263 5816 3529 5897 cognitor
3559 5819 3882 5899 perscrutag
