4220 6618
270 460 383 530 801

1272 465 1786 531 COMMENTAR.
1832 465 1913 530 ΙΝ
1954 466 2095 532 JOB
2137 466 2312 531 CAP.
2357 466 2686 533 XXXVIII.

3566 464 3685 536 802

273 603 485 673 torque
514 602 626 657 est.
668 597 822 666 Illos,
853 597 1482 671 inquam,.thesauros,
1518 601 1619 674 qui
1648 618 1750 674 per
1781 600 1920 657 ani-
1948 606 2006 674 Α
2034 601 2336 671 dividitur,
2365 618 2500 658 cum
2546 600 2677 659 aliis
2710 602 3079 661 annuntiatio
3121 592 3349 664 Christo
3381 606 3525 664 odor
3553 608 3683 666 vita

276 694 477 765 gmata
507 689 669 746 nives
701 692 757 745 et
784 688 1103 761 grandines
1132 690 1416 747 nominati
1448 696 1606 758 sunt,
1658 693 1740 748 ait
1769 692 1926 748 Deus
2034 691 2095 746 in
2126 691 2310 746 vitam
2338 691 2435 755 sit,
2490 690 2649 761 (aliis
2697 709 2829 748 vero
2874 694 3017 748 odor
3062 696 3290 752 mortiis
3338 697 3397 752 in
3437 704 3685 756 mortem
3714 732 3724 749 ι

277 798 340 837 se
368 796 726 853 praparasse
756 779 814 833 in
845 782 1078 851 tempus
1104 779 1312 848 hostis,
1339 781 1613 855 diemque
1641 798 1849 855 pugna
1873 785 1929 836 et

278 870 439 927 belli.
491 870 561 924 Et
603 869 881 940 quoniam
930 868 1233 941 insipienti
1289 872 1463 926 corde
1500 889 1804 944 nunquam
1855 871 1926 925 ad

279 964 462 1016 Deum
492 958 826 1014 conversuri
856 963 1070 1028 essent,
1106 961 1545 1033 dispensatione
1580 962 1777 1017 divina
1815 977 1931 1015 ma-

280 1048 446 1123 gistri
476 1065 782 1120 poenarum
814 1049 999 1104 effecti
1030 1055 1187 1121 sunt,
1212 1053 1277 1105 ut
1305 1050 1451 1106 alios
1488 1051 1581 1106 Dei
1602 1050 1826 1123 judicio
1858 1051 1929 1105 ad

280 1139 748 1196 emendationem
774 1138 973 1210 ﬂagris
1013 1140 1448 1212 correptionum
1472 1139 1931 1212 eastigent,alios

278 1245 412 1284 vero
434 1228 1002 1298 secundumjustam
1027 1230 1378 1285 sententiam
1395 1230 1495 1285 Dei
1511 1228 1933 1301 puniant,alios

282 1318 445 1374 duris
475 1316 957 1373 tribulationibus
980 1318 1216 1374 affectos
1246 1320 1611 1374 constituant
1636 1318 1930 1375 clariores.

285 1408 449 1464 Sicut
505 1411 563 1462 et
615 1407 674 1461 in
732 1407 844 1462 isto
877 1413 1079 1463 sancto
1133 1409 1237 1463 Job
1292 1409 1601 1464 manifeste
1641 1408 1933 1481 apparuit,

224 1566 237 1570 _
284 1497 347 1552 in
386 1495 672 1569 zEgyptiis
721 1513 955 1569 quoque
986 1495 1260 1553 similiter
1306 1499 1775 1553 demonstratum
1825 1513 1934 1565 eet,

289 1586 508 1659 quibus
533 1602 647 1641 non
676 1585 976 1642 voluntate
1008 1585 1109 1641 Dei
1132 1586 1556 1659 pugnantibus,
1588 1586 1771 1660 plaga
1802 1585 1937 1640 hor-

289 1676 482 1733 renda
536 1675 822 1732 immissa
882 1680 1021 1731 sunt
1077 1692 1181 1747 per
1234 1676 1474 1749 angelos
1523 1676 1709 1732 malos
1769 1676 1938 1748 (Psat.

291 1782 502 1833 Lxxxn,
536 1766 646 1837 49).
690 1765 855 1832 Item,
893 1765 1184 1837 numquid
1208 1765 1512 1838 ingressus
1540 1782 1601 1821 es
1630 1765 1943 1820 thesauros

293 1853 462 1924 nivis,
496 1858 552 1910 et
581 1858 805 1910 catera.
848 1855 1043 1910 Potuit
1088 1854 1375 1911 Dominus
1406 1856 1477 1910 de
1531 1853 1783 1910 adventu
1837 1868 1944 1909 suo

295 1944 356 1999 in
384 1960 557 2000 carne
588 1944 698 1999 hoc
728 1944 965 2014 dixisse,
999 1960 1115 2016 quo
1145 1948 1211 1999 ut
1240 1943 1393 2017 ignis
1423 1949 1675 2001 aternus
1705 1948 1761 1999 et
1789 1942 1945 2015 ignis

300 2033 448 2101 cali,
494 2033 769 2106 ignisque
816 2033 1049 2089 divinus
1100 2050 1203 2105 per
1245 2050 1419 2105 quem
1453 2033 1644 2090 omnis
1676 2037 1948 2089 creatura

301 2122 680 2179 rationabiles
712 2121 1143 2191 concalescunt,
1177 2122 1454 2196 dignatus
1495 2128 1583 2179 est
1631 2124 1702 2179 ad
1734 2127 1951 2178 terram

310 2213 683 2280 descendere,
717 2211 818 2283 qui
850 2210 1007 2267 velut
1035 2212 1108 2267 ad
1141 2213 1363 2268 niveam
1399 2213 1716 2286 regionem,
1766 2216 1824 2268 et
1851 2211 1953 2266 fri-

312 2301 509 2373 gidam
541 2299 747 2354 mundi
794 2299 973 2371 hujus
997 2303 1193 2372 'atque
1222 2300 1410 2356 instar
1436 2301 1741 2374 grandinis
1773 2300 1955 2355 nimio

313 2388 681 2444 inﬁdelitatis
712 2387 924 2460 frigore
954 2389 1245 2457 duratam,
1280 2389 1623 2445 exclamavit
1672 2395 1729 2445 et
1773 2389 1955 2456 dixit;

315 2478 505 2547 Ignem
533 2480 663 2533 veni
688 2479 903 2533 mittere
933 2479 993 2533 in
1015 2482 1223 2533 terram
1253 2479 1403 2550 (Luc.
1438 2496 1536 2551 xu,
1571 2479 1678 2550 49).
1712 2478 1961 2533 Proinde

317 2567 728 2638 hujuscemodi
753 2567 1147 2623 humanorum
1172 2568 1434 2623 cordium
1458 2569 1791 2636 thesauros,
1825 2566 1967 2622 obli-

318 2656 490 2713 vione
517 2655 787 2712 videlicet
816 2655 916 2711 Dei
941 2656 1032 2711 sui
1064 2656 1503 2729 frigidissimos,
1537 2656 1873 2729 ingressum
1905 2671 1967 2710 se

254 2748 270 2756 ⁹
323 2746 648 2818 proﬁtetur,
699 2750 783 2815 ut,
816 2746 1058 2817 expulso
1111 2746 1368 2818 perﬁdia
1396 2747 1628 2819 frigore,
1661 2745 1971 2802 dilectione

327 2836 455 2906 ejus
512 2836 829 2906 ﬂagrarent
857 2840 914 2890 et
960 2835 1255 2891 dicerent:
1319 2836 1608 2891 Concaluit
1659 2852 1754 2891 cor
1791 2851 1972 2890 meum

331 2928 481 2982 intra
531 2940 637 2994 me,
692 2929 744 2980 et
800 2941 859 2979 in
899 2925 1255 2982 meditatione
1304 2943 1425 2981 mea
1482 2926 1794 2982 exardescit
1824 2925 1976 2993 ignis

333 3015 503 3086 (Psal.
530 3030 764 3081 xxxvm,
798 3015 874 3085 4).
930 3014 1002 3069 Ut
1046 3015 1119 3070 ad
1176 3013 1569 3087 intelligentia
1618 3015 1814 3088 ignem
1846 3030 1976 3085 pro-

336 3104 490 3159 fectu
520 3102 655 3158 ﬁdei
695 3104 766 3159 de
814 3102 1074 3158 stultitia
1121 3104 1328 3175 frigore
1358 3104 1655 3160 venientes
1685 3103 1977 3160 dicerent:

337 3195 524 3250 Nonne
551 3208 647 3248 cor
676 3201 925 3248 nostrum
963 3192 1165 3248 ardens
1205 3197 1328 3248 erat
1378 3211 1436 3248 in
1467 3194 1645 3264 nobis,
1678 3210 1822 3263 cum,
1855 3192 1985 3248 illu-

340 3283 562 3338 minato
611 3282 784 3338 corde
826 3286 997 3351 atque
1027 3299 1271 3338 accenso
1319 3282 1624 3339 charitatis
1655 3283 1832 3351 fonte,
1862 3298 1987 3354 ape-

2037 782 2110 847 (II
2138 780 2257 836 Cor.
2292 798 2359 852 ιι,
2408 780 2517 852 16).
2571 781 2664 837 Sic
2703 798 2838 854 ergo
2887 783 3166 840 dividitur
3223 786 3417 858 ipsum
3467 789 3688 845 bonum

2036 868 2355 942 Evangelii,
2388 873 2454 925 ut
2495 870 2675 925 vitam
2724 870 2855 926 aliis
2896 871 3201 946 largiatur,
3244 875 3375 932 aliis
3419 883 3686 947 mortem,

2040 958 2286 1013 crimine
2318 958 2683 1015 inﬁdelitatis
2713 966 3006 1031 operetur.
3059 965 3321 1036 Itemque
3350 965 3444 1022 via
3473 973 3687 1024 sancta

2041 1047 2503 1103 conversationis
2548 1048 2826 1121 hominis,
2862 1050 3078 1123 luxque
3106 1053 3335 1111 timoris
3365 1056 3490 1126 Dei,
3523 1074 3695 1130 spar-

2044 1136 2202 1209 gitur
2232 1153 2410 1209 super
2439 1154 2675 1193 omnem
2708 1141 2970 1212 corporis
3001 1145 3236 1211 terram,
3272 1149 3337 1200 ut
3365 1147 3594 1220 fugiant
3622 1148 3693 1205 ab

2042 1242 2108 1281 eo
2156 1227 2409 1281 tenebra
2454 1232 2825 1300 peccatorum
2875 1235 2934 1285 et
2977 1236 3157 1287 astus
3200 1233 3251 1288 ei
3284 1236 3694 1307 tentationum,

2046 1314 2370 1387 opitulante
2394 1316 2490 1371 Dei
2514 1317 2725 1389 gratia,
2752 1322 3171 1391 temperentur,
3196 1339 3267 1377 ne
3298 1329 3493 1381 exorto
3525 1343 3703 1399 super

2045 1421 2107 1460 se
2155 1407 2362 1460 ordore
2404 1405 2568 1469 solis,
2617 1412 2895 1463 exastuet
2945 1409 3152 1481 (Matth.
3202 1428 3327 1477 xm,
3372 1414 3449 1481 6).
3499 1415 3570 1470 Et
3616 1417 3699 1472 sic

2047 1495 2243 1566 itaque
2270 1498 2448 1550 astus
2489 1494 2787 1563 dividitur,
2822 1513 2956 1553 cum
2997 1498 3082 1554 eis
3131 1516 3246 1556 non
3296 1505 3485 1557 totum
3518 1504 3697 1560 simul

2047 1582 2499 1638 tribulationum
2530 1586 2760 1656 pondus
2792 1586 3135 1659 imponitur,
3165 1589 3317 1644 sicut
3347 1591 3428 1646 ait
3449 1594 3697 1668 Aposto-

2046 1673 2179 1729 lus:
2214 1672 2422 1728 Fidelis
2452 1676 2601 1729 enim
2647 1676 2807 1746 Deus,
2841 1690 2935 1746 qui
2984 1693 3091 1732 non
3141 1681 3354 1750 patitur
3380 1699 3469 1738 vos
3500 1687 3705 1741 tentari

2051 1762 2097 1835 (ι
2128 1761 2248 1832 Cor,
2282 1779 2335 1832 x,
2398 1763 2506 1834 13),
2567 1767 2676 1819 etc.
2738 1765 2805 1819 Et
2859 1764 3174 1822 Salomon:
3216 1767 3455 1841 E/fugiet
3508 1778 3701 1840 astus,

2051 1852 2205 1924 ﬁlius
2230 1852 2493 1924 prudens,
2545 1857 2697 1909 vento
2741 1857 2927 1910 autem
2974 1859 3353 1927 corrumpitur
3397 1860 3459 1915 in
3510 1878 3707 1920 messse

2055 1939 2213 2013 ﬁlius
2244 1943 2465 2013 iniquus
2496 1942 2680 2014 (Prov.
2713 1961 2769 2015 x,
2799 1944 2877 2016 5).

2139 2054 2159 2080 ι
2195 2030 2335 2095 Quis
2366 2031 2528 2086 dedit
2556 2031 3072 2090 vehementissimo
3102 2034 3281 2092 imbri
3329 2052 3593 2107 cursum,
3652 2045 3711 2097 et

2060 2119 2216 2175 viam
2249 2120 2515 2176 sonantis
2562 2122 2826 2189 tonitrui,
2883 2128 2947 2178 ut
3003 2124 3229 2197 plueret
3284 2143 3463 2199 super
3493 2133 3710 2187 terram

2065 2209 2287 2281 absque
2318 2209 2553 2265 homine
2599 2211 2659 2265 in
2693 2211 2962 2268 deserto:
3006 2214 3107 2268 ubi
3140 2214 3340 2272 nullus
3369 2217 3709 2275 mortalium

2067 2304 2484 2366 commoratur,
2513 2303 2578 2353 ut
2608 2300 2876 2372 impleret
2921 2301 3139 2369 inviam
3174 2308 3231 2360 et
3279 2305 3622 2377 desolatam,
3655 2314 3715 2366 et

2069 2388 2414 2459 produceret
2436 2388 2648 2445 herbas
2677 2390 2928 2446 virentes
2942 2390 2997 2445 ?n
3034 2392 3138 2447 Hic
3158 2394 3715 2455 vehementissimus

2070 2478 2280 2544 imber,
2311 2476 2622 2533 Salvatoris
2652 2483 2741 2535 est
2769 2480 3172 2553 Evangelium,
3219 2484 3322 2555 qui
3352 2485 3550 2542 emisit
3594 2486 3714 2555 elo-

2075 2568 2279 2638 quium
2297 2584 2473 2622 suum
2492 2572 2753 2633 terra,ut
2774 2568 3047 2627 velociter
3066 2579 3326 2629 curreret
3346 2591 3538 2632 sermo
3554 2577 3714 2648 ejus:

2077 2656 2193 2724 hic,
2226 2656 2491 2728 inquam,
2523 2656 2712 2712 imber
2740 2657 2799 2711 in
2823 2659 3112 2715 mortibus
3134 2660 3481 2731 Jerusalem,
3506 2664 3578 2719 de
3606 2665 3725 2720 imo

2078 2751 2243 2800 terra
2277 2745 2335 2799 in
2367 2745 2621 2801 sublime
2669 2746 2944 2803 surrexit.
2998 2748 3270 2816 Quoniam
3315 2752 3380 2807 de
3426 2753 3557 2809 Sion
3587 2755 3730 2810 (xiet

2085 2836 2194 2900 lex,
2235 2834 2316 2888 ait
2346 2835 2651 2906 propheta,
2688 2839 2739 2891 et
2767 2837 2991 2892 verbum
3031 2840 3258 2894 Domini
3298 2842 3374 2897 de
3427 2843 3735 2899 Jerusalem

2085 2925 2208 2996 (Isa.
2248 2940 2310 2990 ιι,
2342 2924 2418 2995 3),
2442 2930 2498 2979 et
2519 2924 2778 2981 elevatus
2798 2943 2832 2981 a
2853 2927 3073 2984 sanctis
3095 2929 3429 3001 apostolicis
3451 2931 3731 3000 nubibus,

2087 3012 2174 3069 vel
2204 3017 2271 3068 ut
2299 3030 2453 3085 aqua
2473 3013 2739 3083 efﬂuens,
2770 3015 3001 3087 copiose
3023 3017 3223 3086 currit,
3246 3036 3391 3076 aura
3419 3021 3531 3077 sibi
3563 3021 3738 3078 ﬂante

2091 3102 2347 3175 Spiritus
2380 3103 2589 3170 sancti,
2643 3104 2702 3158 in
2752 3104 2931 3161 variis
2977 3106 3162 3179 signis
3205 3113 3381 3181 atque
3418 3110 3738 3167 virtutibus

2091 3194 2245 3247 viam
2274 3191 2387 3247 sibi
2419 3192 2555 3247 ﬁdei
2587 3191 2723 3247 fecit
2752 3192 2811 3248 in
2843 3195 3199 3263 nationibus,
3235 3202 3453 3255 terrore
3484 3199 3741 3256 nominis

2096 3281 2196 3336 Dei
2232 3285 2405 3351 atque
2436 3279 2854 3336 miraculorum
2906 3283 3164 3339 tonitruo
3212 3287 3591 3356 praced'ente.
3632 3289 3744 3345 Alii

340 3374 479 3427 riret
523 3372 683 3427 nobis
721 3373 1039 3443 Scripturas
1083 3371 1256 3427 Jesus
1314 3372 1464 3443 (Luc.
1515 3389 1669 3443 xxxv,
1721 3371 1843 3443 3'2)?
1892 3353 1988 3426 Sic
2018 3353 2062 3420 C
2100 3369 2393 3433 dixerunt,
2422 3370 2763 3439 praeparavit
2790 3372 2999 3439 ﬂumen
3024 3353 3270 3429 omnium
3291 3377 3645 3446 populorum.
3681 3379 3749 3434 Et

343 3463 543 3533 itaque
576 3460 879 3532 ingressus
910 3461 1199 3515 mundum
1232 3476 1296 3516 ac
1326 3460 1573 3515 visitans
1596 3476 1751 3527 eum,
1782 3459 1993 3531 aSpicit

346 3551 522 3606 corda
552 3548 913 3615 mortalium,
945 3566 1075 3620 qua
1124 3549 1301 3605 etiam
1347 3554 1404 3604 et
1446 3548 1709 3604 thesauri
1755 3549 1826 3603 ab
1863 3548 1991 3620 ipso

349 3639 594 3694 Domino
652 3643 1067 3710 nuncupantur
1122 3639 1179 3693 in
1222 3637 1552 3710 Evangelio,
1610 3637 1690 3692 ita
1734 3637 1991 3692 dicente:

350 3731 531 3785 Bonus
551 3728 705 3784 homo
735 3728 799 3783 de
829 3730 968 3784 bona
996 3728 1254 3783 thesauro
1282 3729 1459 3783 cordis
1487 3730 1579 3783 sui
1604 3728 1825 3801 profert
1858 3728 1997 3781 bona

352 3819 560 3891 (Matth.
588 3835 690 3883 xu,
723 3818 833 3889 35).
886 3818 1014 3873 Hac
1061 3817 1242 3890 igitur
1288 3818 1441 3873 Deus
1495 3817 1683 3873 facere
1713 3833 2000 3888 praepara-

353 3909 455 3979 vit,
480 3900 607 3980 qua
639 3907 914 3977 diximus,
940 3907 1128 3963 hostis
1150 3924 1357 3980 pugna
1380 3912 1436 3962 et
1459 3906 1618 3975 belli,
1648 3906 1707 3962 in
1740 3911 2001 3978 tempore

357 3999 561 4069 utique
593 4013 695 4068 pro
742 3996 913 4051 nobis
946 3996 1222 4062 moriens,
1258 3997 1483 4051 hostem
1516 4012 1751 4069 gravem
1781 4012 1846 4051 ac
1878 4012 2001 4050 mo-

356 4086 745 4142 lestissimum
778 4085 1082 4141 inimicum
1114 4084 1414 4141 diabolum
1465 4086 1523 4141 in
1565 4085 1768 4141 inferis
1796 4085 2005 4140 trium-

361 4176 583 4249 phavit,
617 4179 675 4229 et
707 4190 1019 4245 resurgens
1040 4191 1075 4230 a
1106 4175 1374 4241 mortuis,
1406 4175 1465 4229 in
1496 4175 1699 4231 Judaa
1720 4174 1853 4230 ﬁdei
1886 4191 2005 4229 sua

283 4332 287 4337 ,
362 4262 727 4321 adversarios
759 4263 1130 4334 expugnavit.

436 4376 464 4403 ‹‹
498 4353 604 4408 Per
633 4368 809 4423 quam
842 4352 1017 4417 viam,
1043 4351 1341 4423 spargitur
1367 4351 1489 4421 lux,
1519 4352 1800 4407 dividitur
1828 4356 2009 4407 astus

366 4459 544 4515 super
570 4440 834 4496 terram?
872 4441 1012 4505 Quis
1055 4441 1266 4512 poterit
1313 4440 1543 4512 proprie
1594 4440 1741 4496 scire
1790 4446 2010 4496 morta-

365 4534 534 4594 lium,
569 4548 696 4601 qua
732 4530 808 4584 sit
848 4530 941 4584 via
973 4529 1133 4597 solis,
1170 4546 1353 4601 quam
1385 4530 1653 4585 ordinato
1684 4547 1859 4586 cursu
1893 4529 2015 4602 agit

367 4623 426 4677 in
486 4621 686 4676 dextro
739 4618 973 4674 climate
1020 4618 1171 4687 coeli,
1222 4618 1552 4690 spargentis
1598 4617 1790 4673 lucem
1839 4635 2017 4690 super

2100 3457 2342 3525 ﬂumen,
2374 3455 2639 3536 inquam,
2664 3457 2926 3513 Ecclesia
2949 3460 3314 3531 praeparavit,
3348 3469 3412 3520 ut
3441 3464 3637 3536 pluvia
3658 3482 3750 3521 co-

2101 3546 2268 3617 piosa
2316 3548 2374 3599 et
2419 3534 2614 3601 valida
2650 3545 2901 3616 Spiritus
2933 3548 3118 3603 sancti
3150 3534 3559 3622 inundaretur,
3591 3554 3748 3610 sicut

2104 3635 2163 3688 in
2195 3634 2323 3705 ipso
2354 3632 2639 3705 principio
2670 3636 2962 3691 nascentis
3002 3637 3271 3696 Ecclesia
3305 3658 3483 3715 super
3509 3648 3748 3715 aposto-

2108 3723 2197 3779 los
2228 3728 2459 3779 sanctos
2492 3740 2609 3795 qua
2640 3729 2875 3780 cateros
2895 3725 3362 3787 demonstratum
3387 3737 3495 3788 est.
3530 3734 3665 3806 (Act.
3692 3751 3758 3801 ιι,

2110 3814 2137 3866 4
2166 3818 2223 3866 et
2246 3812 2498 3885 passim).
2534 3813 2915 3887 Quodautem
2946 3814 3003 3870 in
3031 3817 3260 3874 laudem
3287 3820 3495 3879 imbris
3518 3838 3761 3895 evange-
3850 3858 3867 3873 ι

2109 3902 2207 3957 lici
2240 3901 2474 3968 dicitur,
2508 3903 2664 3973 quod
2698 3902 2912 3975 pluerit
2942 3921 3120 3977 super
3146 3913 3363 3965 terram
3395 3910 3761 3967 inhabitabi-

2113 3992 2251 4058 lem,
2285 4008 2411 4063 qua
2440 3991 2740 4047 hominem
2759 4009 2874 4048 non
2904 3993 3172 4051 haberet:
3199 4014 3315 4053 non
3333 3999 3444 4054 erit
3470 3999 3759 4070 mirabile,

2115 4082 2165 4137 si
2198 4086 2262 4135 ut
2287 4084 2476 4147 sonat,
2509 4083 2739 4135 tantum
2771 4081 3167 4153 intelligatur:
3194 4087 3294 4141 sed
3327 4087 3386 4141 in
3418 4088 3667 4155 deserto,
3703 4089 3760 4144 id

2117 4174 2207 4225 est
2236 4166 2596 4234 nationibus,
2630 4168 2956 4224 doctrinam
2990 4171 3305 4228 Dominica
3336 4175 3767 4246 praedicationis

2119 4259 2351 4330 copiose
2381 4256 2605 4311 eﬂ‘udit.
2637 4257 2702 4311 In
2735 4257 2986 4324 deserto,
3018 4259 3279 4332 inquam,
3315 4263 3416 4318 ubi
3444 4253 3627 4320 nullis
3659 4264 3769 4321 ho-

2121 4348 2349 4403 minum
2385 4346 2573 4401 fuerat
2602 4351 3018 4416 commoratus,
3041 4348 3097 4404 id
3123 4354 3232 4415 est,
3255 4352 3536 4422 quoniam
3568 4352 3769 4410 nullus

2121 4436 2539 4509 prophetarum
2561 4437 2631 4491 ad
2660 4441 2861 4508 gentes
2882 4453 2915 4492 a
2936 4437 3052 4493 Deo
3073 4444 3197 4495 erat
3217 4441 3457 4509 missus,
3481 4448 3545 4498 ut
3564 4442 3774 4515 imple-

2123 4530 2211 4581 ret
2238 4523 2393 4580 invia
2423 4530 2480 4580 et
2508 4524 2787 4593 desolata,
2819 4530 2877 4580 et
2909 4527 3247 4597 producere!
3279 4529 3490 4587 herbas
3517 4531 3773 4588 virentes

2126 4614 2444 4686 Evangelii.
2468 4614 2659 4669 Imber
2678 4618 2842 4669 terra
2873 4614 3166 4683 Ecclesia,
3190 4634 3315 4689 qua
3338 4618 3529 4675 fuerat
3549 4619 3777 4677 desola-

370 4715 557 4766 terras
587 4712 689 4765 aut
739 4709 1241 4780 quemadmodum
1294 4714 1469 4763 astus
1520 4724 1623 4779 per
1664 4707 1820 4762 vices
1868 4712 2011 4762 tem-
2048 4726 2096 4791 D
2128 4708 2186 4759 ta
2217 4721 2251 4758 ει
2282 4708 2479 4767 Deo,et
2500 4702 2698 4775 pluvia
2716 4703 3022 4761 charitatis
3040 4705 3142 4760 Dei
3170 4707 3338 4781 adipe
3364 4709 3605 4781 replevit
3625 4727 3785 4773 eam,

373 4815 603 4873 porum,
645 4799 766 4853 sive
796 4815 898 4870 per
927 4797 1053 4853 loca
1084 4799 1377 4869 regionem
1409 4797 1674 4853 omnium
1706 4796 2017 4863 dividatur,

375 4895 440 4944 ut
496 4887 635 4944 alibi
695 4886 829 4959 plus
900 4888 1102 4943 eodem
1173 4892 1433 4958 tempore
1492 4886 1727 4956 ferveat,
1788 4891 1844 4941 et
1899 4886 2023 4956 ipse

378 4977 513 5033 alibi
571 4980 894 5048 temperato
951 4975 1142 5043 calore
1173 4975 1477 5031 sentiatur.
1511 4977 1676 5043 Item,
1710 4993 1812 5047 per
1843 4991 2020 5047 quam

378 5067 531 5122 viam
575 5065 1012 5138 spargiturlux,
1045 5065 1325 5120 dividitur
1358 5069 1534 5121 astus
1566 5082 1744 5137 super
1784 5070 2021 5120 terram.

379 5156 488 5211 Via
534 5160 622 5211 est
668 5154 962 5227 Evangelii
1011 5154 1364 5226 praedicatio,
1424 5171 1525 5226 per
1553 5171 1726 5225 quam
1764 5153 1861 5208 lux
1892 5154 2026 5208 ﬁdei

384 5246 684 5318 spargitur
740 5261 917 5315 super
968 5245 1143 5299 corda
1200 5243 1600 5299 credentium.
1663 5244 1728 5297 Et
1784 5242 2027 5314 pulchre

385 5335 720 5407 spargitur,
800 5334 939 5406 quia
1012 5332 1355 5390 inﬁdelitate
1430 5336 1654 5388 mentes
1720 5332 2029 5387 hominum

387 5425 584 5488 arida,
647 5424 906 5478 ubertate
953 5422 1159 5477 divina
1208 5424 1407 5495 gratia
1456 5422 1801 5489 irrorantur,
1847 5425 1905 5476 et
1950 5421 2033 5475 ita

389 5513 670 5569 dividitur
741 5516 917 5565 astus
984 5510 1170 5566 sancti
1245 5511 1498 5583 Spiritus
1576 5527 1752 5581 super
1816 5515 2032 5565 terram

395 5603 676 5659 ﬁdelium.
700 5600 815 5671 Sic,
840 5601 1104 5671 inquam,
1129 5601 1429 5668 dividitur,
1448 5618 1580 5656 cum
1605 5600 1921 5671 unicuique
1940 5600 2035 5653 da-

392 5698 491 5747 tur
520 5692 706 5764 gratia
729 5690 1051 5744 secundum
1077 5706 1413 5746 mensuram
1445 5689 1779 5747 donationis
1804 5689 2037 5745 Domini

397 5780 579 5839 nostri
607 5780 748 5835 Jesu
797 5777 1012 5836 Christi
1056 5778 1272 5850 (Ep/aes.
1330 5797 1406 5851 ιν,
1437 5781 1514 5853 7).
1561 5780 1693 5837 Sive
1724 5779 1832 5835 hoc
1865 5780 2037 5836 modo

2131 4798 2308 4863 atque
2336 4791 2397 4846 in
2428 4791 2804 4863 pinguedine,
2838 4797 2902 4847 ut
2931 4809 2999 4849 ex
3024 4794 3288 4852 ubertate
3310 4798 3597 4854 bonorum
3621 4798 3787 4855 cale-

2134 4884 2311 4938 stium
2346 4882 2693 4953 produceret
2723 4898 2788 4937 ac
2810 4882 3093 4954 proferret
3112 4883 3327 4942 herbas
3356 4887 3609 4944 virentes
3641 4888 3782 4944 sati-

2131 4973 2184 5025 vi
2218 4970 2482 5038 seminis,
2517 4971 2841 5027 secundum
2875 4989 3061 5044 genus
3093 4991 3270 5031 suum
3302 4975 3458 5048 (Gen.
3493 4995 3533 5044 ι,
3566 4978 3676 5044 12),
3708 4974 3785 5031 si-

2136 5065 2235 5115 cut
2266 5059 2345 5115 ait
2374 5060 2433 5114 in
2467 5060 2693 5132 psalmo
2717 5076 2731 5115 :
2760 5064 2823 5117 Et
2837 5062 3052 5131 ﬂorebit
3079 5063 3146 5119 de
3172 5065 3398 5121 civitate
3426 5067 3568 5120 sicut
3593 5066 3785 5134 fenum

2136 5157 2298 5206 terra
2332 5152 2503 5218 (Psal.
2538 5165 2681 5219 Lxxl,
2716 5138 2804 5221 16)
2836 5156 2893 5207 et
2928 5150 3335 5224 multiplicatis
3379 5152 3669 5209 fructibus
3701 5152 3783 5207 fa-

2139 5244 2293 5295 ceret
2321 5239 2646 5294 secundum
2679 5239 3018 5311 parabolam
3064 5240 3315 5310 Domini,
3364 5240 3523 5297 aliud
3553 5241 3785 5314 trigesi-

2142 5347 2327 5398 mum,
2362 5328 2521 5385 aliud
2544 5329 2998 5401 sexagesimum,
3022 5330 3179 5387 aliud
3213 5330 3600 5387 centesimum
3631 5329 3786 5386 fruc-

2144 5425 2271 5474 tum
2299 5420 2511 5489 (Matth.
2542 5433 2666 5488 χιιι,
2697 5420 2809 5490 23),
2861 5423 2918 5474 et
2950 5418 3178 5475 audiret
3224 5435 3358 5474 cum
3389 5418 3791 5475 exhortatione

2147 5526 2208 5564 se
2239 5508 2674 5564 consolantem:
2722 5507 2958 5576 Latare,
3004 5508 3231 5573 sterilis,
3281 5524 3391 5580 qua
3436 5522 3549 5563 non
3600 5508 3796 5579 paris;

2146 5615 2371 5669 erumpe
2428 5607 2481 5653 et
2538 5597 2808 5668 exclama,
2840 5612 2966 5668 qua
3010 5613 3121 5652 non
3148 5598 3416 5668 parturis,
3462 5597 3594 5669 quia
3633 5597 3798 5652 multi

2148 5688 2255 5759 ﬁlii
2282 5688 2528 5752 deserta,
2560 5689 2738 5758 magis
2768 5703 2932 5759 quam
2970 5687 3087 5759 ejus
3113 5702 3236 5760 qua
3265 5685 3426 5745 habet
3454 5688 3639 5743 virum
3666 5686 3794 5760 (lsa.

2150 5794 2262 5844 LIV,
2296 5777 2369 5849 1).
