4220 6604
482 446 602 510 803

1977 438 2398 501 APPENDIX.

3769 431 3896 497 804

555 602 585 631 ‹‹
616 577 769 646 Quis
786 580 880 635 est
906 576 1117 650 pluviae
1145 578 1330 649 pater,
1381 574 1466 631 vel
1514 572 1645 647 quis
1694 573 1899 646 genuit
1935 572 2126 631 stillas
2151 574 2211 640 Α
2238 572 2331 628 sia
2357 576 2468 629 est.
2502 573 2563 629 In
2612 588 2728 644 quo
2759 571 3078 629 constituta
3107 575 3200 629 est
3244 567 3488 644 specula
3522 568 3887 642 contempla-

481 668 681 727 roris?
709 688 739 719 υ
772 666 914 733 Quis
970 670 1059 724 est
1105 665 1287 737 hujus
1333 664 1564 738 pluviae,
1626 666 1683 718 et
1711 662 1891 733 hujus
1919 660 2130 717 imbris

404 812 407 813 ν
482 756 773 814 Dominici
819 760 1022 813 auctor
1069 760 1139 825 et
1180 755 1468 821 conditor,
1520 753 1633 808 nisi
1682 750 1883 807 Deus?
1942 751 2128 815 Quam

481 846 741 921 pluviam
792 844 1184 901 voluntariam
1249 841 1574 915 segregavit
1629 839 1951 895 hiereditati
2010 856 2129 894 sua:

485 936 661 1008 (Psal.
692 951 887 992 vam.
924 936 1033 1001 10),
1067 933 1218 989 sicut
1247 932 1387 988 dicit
1409 934 1576 985 Pater
1604 931 1673 984 ad
1708 928 1959 984 Filium:
1996 929 2128 998 Fili,

478 1028 603 1097 pete
633 1042 669 1080 a
701 1040 789 1079 me
815 1031 867 1079 et
902 1022 1037 1079 dabo
1078 1022 1187 1078 tibi
1227 1024 1409 1090 gentes
1455 1020 1831 1075 haereditatem
1861 1026 2037 1085 tuam,
2079 1021 2131 1072 et

482 1114 870 1184 possessionem
899 1114 1159 1169 terminos
1190 1115 1358 1168 terrae
1388 1110 1557 1181 (Psal.
1592 1127 1654 1175 ιι,
1685 1110 1762 1179 8).
1798 1108 1924 1179 Ipse
1952 1106 2129 1162 etiam

484 1205 637 1260 Deus
660 1202 865 1276 genuit
900 1200 1091 1257 stillas
1140 1200 1324 1256 roris:
1361 1199 1496 1255 hinc
1527 1202 1586 1253 et
1630 1196 1916 1270 prepheta
1944 1196 2028 1253 ait
2055 1196 2127 1250 ad

482 1293 667 1349 Deum
693 1309 707 1347 :
739 1294 841 1348 Res
869 1293 1019 1346 enim
1047 1291 1143 1363 qui
1184 1307 1218 1346 a
1263 1294 1316 1345 te
1364 1293 1462 1359 est,
1495 1288 1705 1343 sanitas
1732 1288 1810 1343 est
1840 1287 1957 1342 illis
1998 1288 2127 1356 (Isa.

481 1399 634 1449 xxvr,
670 1381 777 1452 19).
800 1380 1050 1436 Proinde
1081 1379 1140 1435 in
1172 1378 1371 1449 ﬂuvio,
1395 1376 1913 1434 effluentissimam
1944 1374 2133 1431 afﬂui-

481 1474 664 1526 tatem
695 1467 1141 1543 largitatemque
1193 1466 1398 1524 divina:
1448 1465 1649 1538 gratiae
1685 1463 2128 1520 demonstravit.

479 1559 543 1615 In
575 1574 701 1615 rore
732 1562 927 1614 autem
958 1558 1225 1614 eamdem
1252 1555 1529 1628 gratiam,
1554 1554 1774 1611 sensim
1796 1554 2131 1609 insuescen-

478 1653 599 1706 tem
634 1647 978 1718 visceribus,
1011 1651 1068 1703 et
1098 1644 1389 1702 medullas
1434 1643 1648 1700 animas
1706 1647 2126 1715 penetrantem.

481 1737 594 1794 Alii
624 1737 918 1803 dixerunt,
944 1735 1035 1792 vel
1049 1737 1176 1806 quis
1194 1734 1391 1808 genuit
1411 1733 1593 1805 glebas
1614 1734 1780 1788 roris.
1812 1731 1927 1787 Has
1952 1730 2132 1804 igitur

483 1826 683 1899 glebas
729 1840 1216 1897 unumquemque
1259 1828 1598 1880 sanctorum
1638 1838 1756 1877 non
1802 1820 2129 1877 absurdum

486 1913 595 1970 erit
614 1913 995 1979 intellexisse,
1013 1930 1139 1986 quae
1163 1911 1378 1969 suntin
1405 1927 1542 1984 agro
1559 1910 1825 1967 Ecclesia:
1847 1926 1859 1966 :
1885 1910 2128 1982 quibus-
2164 1952 2213 2019 B

482 2018 598 2074 que
626 2001 771 2059 dicit
800 2002 1143 2074 Apostolus:
1172 2002 1279 2057 Dei
1306 2001 1656 2072 agricultura
1674 2001 1806 2055 estis
1826 2000 1873 2065 (I
1898 1999 2021 2055 Cor.
2045 2016 2129 2064 ιιι,

485 2092 561 2164 9).
596 2090 720 2148 Illic
761 2108 898 2164 ergo
929 2090 1053 2148 ista;
1084 2089 1262 2163 glebae
1293 2106 1396 2161 per
1416 2089 1774 2161 baptismum
1799 2088 1857 2143 in
1904 2088 2133 2144 Christo

485 2184 627 2237 sunt
683 2179 915 2254 genitas,
945 2180 1101 2236 sicut
1129 2179 1213 2236 ait
1241 2177 1581 2251 Apostolus:
1620 2177 1801 2233 Creati
1830 2178 1892 2233 in
1922 2177 2131 2234 Christo

480 2272 605 2327 Iesu
629 2271 692 2326 in
720 2269 971 2344 operibus
1001 2270 1156 2327 bonis
1185 2268 1400 2341 (Ephes.
1433 2284 1495 2337 11,
1531 2268 1639 2336 10).
1672 2266 1835 2322 Unde
1864 2266 1973 2322 hoc
2004 2284 2133 2322 rore

482 2359 700 2416 coalesti
757 2358 1000 2433 perfusi,
1054 2357 1303 2432 pingues
1361 2357 1421 2412 in
1490 2356 1708 2412 sanctis
1759 2356 2007 2425 fructus,
2075 2360 2132 2411 et

481 2449 693 2506 uberes
722 2448 1092 2505 exstiterunt.

556 2560 584 2587 ‹‹
606 2538 687 2594 De
717 2538 886 2610 cuius
918 2542 1080 2594 utero
1110 2551 1348 2609 egressa
1375 2540 1466 2591 est
1495 2533 1753 2608 glacies?
1788 2558 1809 2587 ι
1847 2534 2002 2590 Uteri
2034 2551 2131 2589 no-

481 2628 661 2700 mine,
694 2626 888 2684 cordis
945 2630 1235 2683 secretum
1283 2624 1648 2698 signiﬁcasse
1705 2623 1846 2679 mihi
1877 2624 2127 2679 videtur.

479 2717 605 2776 Non
623 2716 780 2777 enim
805 2715 1184 2789 probabiliter
1204 2714 1451 2787 glaciem
1480 2730 1779 2785 egressam
1806 2714 1877 2768 de
1907 2729 2006 2767 ore
2026 2711 2129 2768 Dei

476 2805 800 2881 intelligere
829 2806 1130 2874 debemus,
1155 2804 1256 2860 sed
1283 2804 1355 2860 de
1374 2803 1473 2859 illo
1500 2803 1714 2859 mentis
1738 2819 1855 2858 suis
1885 2806 2126 2873 secreto,

480 2893 917 2952 etinscrutabili
931 2893 1177 2966 judicio,
1201 2894 1428 2965 justam
1451 2909 1516 2948 ac
1540 2891 1869 2947 districtam
1901 2907 2131 2947 manas-

481 3001 545 3043 se
575 2982 946 3041 sententiam.
979 2981 1185 3055 Egredi
1210 2998 1345 3053 ergo
1372 2980 1615 3054 glaciem
1641 2980 1808 3049 dixit,
1837 2997 1938 3052 pro
1971 2995 2130 3052 egre-

474 3073 675 3130 diente
695 3070 941 3143 judicio,
976 3087 1092 3144 quo
1122 3070 1448 3127 secundum
1469 3085 1645 3125 suum
1677 3069 1973 3138 meritum,
2002 3069 2128 3138 qui-

481 3161 620 3218 dam
672 3160 984 3216 hominum
1041 3159 1451 3232 percutiuntur
1496 3159 1669 3230 plaga
1699 3157 2125 3223 obdurationis,

479 3254 538 3307 et
569 3249 745 3305 corda
773 3265 974 3304 eorum
1001 3247 1318 3303 durissimo
1340 3251 1517 3319 atque
1536 3246 1839 3302 insolubili
1869 3248 2125 3320 quodam

2237 650 2416 717 tionis
2445 661 2645 717 futura
2690 660 3072 717 credentium.
3131 660 3296 716 Unde
3347 664 3404 715 et
3450 658 3581 731 ipsa
3605 657 3890 714 virtutum

2239 750 2463 822 species
2506 750 2646 808 Sion
2696 751 3131 821 interpretatur.
3183 751 3252 805 Et
3283 754 3348 804 ut
3395 764 3705 806 nossemus
3753 765 3889 820 pro-

2239 840 2431 912 prium
2465 840 2623 895 noris
2654 840 2825 895 istius
2855 856 3089 905 nomen,
3123 839 3205 894 ait
3232 837 3577 910 psalmista:
3612 838 3882 905 Quoniam

2238 930 2357 983 illic
2386 929 2625 999 quidem,
2656 928 2880 983 scilicet
2919 928 2977 982 in
3010 934 3207 983 monte
3240 928 3402 992 Sion,
3434 927 3718 983 mandavit
3770 933 3881 984 Do-

2237 1019 2423 1073 minus
2479 1018 2938 1083 benedictionem,
2985 1026 3035 1073 et
3075 1019 3242 1073 vitam
3297 1033 3467 1087 usque
3509 1018 3571 1072 in
3611 1025 3885 1073 etei-num

2239 1108 2365 1180 (Psa
2384 1107 2422 1161 l.
2455 1123 2664 1175 cxxxu,
2688 1108 2764 1178 3).
2801 1111 2867 1162 Et
2895 1108 3161 1178 sequitur
3190 1107 3415 1161 dicente
3440 1106 3721 1162 Domino:

2313 1217 2343 1247 «
2375 1197 2443 1251 Et
2470 1195 2604 1268 gelu
2636 1197 2708 1251 de
2738 1195 2880 1251 caelo
2902 1194 3037 1267 quis
3057 1196 3297 1267 genuit?
3318 1218 3345 1245 »
3370 1200 3488 1250 Hoc
3509 1194 3691 1267 igitur
3711 1195 3884 1251 modo

2240 1285 2314 1341 de
2342 1285 2485 1341 coelo
2515 1285 2920 1341 obdurationis
2958 1284 3251 1341 sententia
3272 1284 3538 1356 sacrilegi
3570 1284 3883 1353 feriuntur,

2238 1375 2393 1446 quod
2441 1375 2645 1447 utique
2698 1374 2921 1431 malum
2958 1375 3119 1445 juste
3170 1373 3253 1430 eis
3292 1390 3326 1429 a
3355 1373 3470 1429 Deo
3500 1372 3718 1429 dicitur
3744 1389 3883 1445 pro-

2238 1463 2445 1531 creari,
2478 1468 2543 1519 ut
2573 1464 2854 1520 Pharaoni
2888 1463 3111 1519 scilicet
3135 1467 3192 1518 et
3220 1462 3441 1519 Judmis
3472 1478 3622 1535 quos
3651 1466 3891 1534 propter

2238 1553 2645 1610 inﬁdelitatem
2670 1569 2861 1619 suam,
2878 1557 2936 1609 et
2955 1553 3197 1608 nimiam
3218 1551 3669 1609 obstinationem
3692 1552 3885 1609 cordis

2238 1642 2491 1715 legimus
2530 1643 2849 1699 obduratos
2898 1641 3090 1713 (Erod.
3134 1659 3235 1709 v11,
3290 1642 3384 1708 13;
3436 1642 3594 1697 Joan.
3643 1657 3745 1708 xu,
3776 1641 3888 1709 4ος

2239 1732 2352 1787 Act.
2385 1750 2500 1804 xxx,
2532 1732 2607 1804 9).
2641 1732 2918 1804 Sequitur
2955 1732 3027 1787 de
3076 1716 3440 1804 hujuscfodi,
3493 1730 3720 1787 dicente
3768 1734 3884 1787 Do-

2240 1822 2423 1878 mino.

2313 1935 2341 1962 «
2376 1913 2438 1967 in
2470 1912 2917 1968 similitudinem
2948 1912 3162 1983 lapidis
3190 1928 3354 1983 aqua:
3377 1912 3684 1969 durantur.
3707 1932 3735 1962 »
3766 1915 3882 1967 Neo

2241 2001 2397 2057 mine
2425 2018 2733 2073 aquarum,
2760 2002 3085 2059 secundum
3108 2001 3543 2074 Scripturarum
3575 2001 3883 2058 auctorita-

2239 2096 2382 2158 tem,
2413 2092 2613 2163 populi
2647 2092 3083 2164 intclliguntur:
3117 2090 3270 2147 sicut
3297 2095 3556 2147 Joannes
3584 2090 3887 2164 apostolus

2240 2179 2355 2235 ait:
2413 2181 2577 2251 Aquae
2625 2189 2809 2237 autem
2852 2182 3042 2253 populi
3083 2185 3211 2236 sunt
3253 2181 3436 2252 (Apoc.
3487 2197 3626 2251 xvu,
3678 2180 3787 2251 15);
3826 2184 3887 2235 et

2240 2267 2419 2323 David
2467 2270 2539 2326 ad
2588 2269 2942 2325 Dominum:
2974 2270 3170 2325 Libera
3198 2285 3305 2338 me,
3355 2269 3568 2341 inquit,
3612 2269 3679 2324 de
3720 2272 3885 2341 aquis

2237 2358 2448 2429 multis,
2468 2358 2532 2414 de
2558 2377 2731 2415 manu
2759 2361 3007 2429 ﬁliorum
3034 2360 3348 2416 alienorum
3375 2360 3545 2431 (Psal.
3579 2376 3769 2425 cxuu,
3802 2358 3883 2429 7).

2241 2452 2317 2503 De
2350 2448 2441 2504 bis
2470 2465 2606 2521 ergo
2639 2449 2784 2504 mihi
2814 2449 3007 2506 dicere
3035 2449 3287 2515 videtur,
3311 2449 3412 2521 qui
3441 2448 3623 2505 nimio
3648 2447 3888 2505 oblivio-

2239 2539 2331 2593 nis
2370 2538 2471 2594 Dei
2532 2538 2741 2611 frigore
2799 2539 3205 2610 obriguerunt,
3262 2543 3320 2595 et
3376 2539 3563 2595 instar
3592 2537 3883 2608 lapidum,

2239 2626 2410 2682 solidi
2441 2630 2499 2682 et
2529 2628 2778 2682 niminm
2811 2629 2941 2684 duri
2977 2628 3165 2684 effecti
3198 2633 3357 2684 sunt.
3391 2628 3610 2685 Deinde
3641 2628 3758 2683 ait:

2316 2736 2339 2764 κ
2372 2717 2440 2771 Et
2470 2717 2806 2789 superficies
2836 2718 3031 2790 abyssi
3054 2717 3494 2789 constringitur.
3516 2739 3545 2768 ››
3565 2718 3627 2772 In
3645 2718 3883 2790 abysso,

2238 2805 2763 2878 profundissimam
2795 2808 3212 2863 obscuritatem
3247 2807 3462 2863 mentis
3492 2811 3633 2878 puto
3664 2806 3885 2862 intelli-

2236 2895 2510 2967 gendam,
2544 2912 2668 2967 qua:
2696 2897 2776 2951 ita
2803 2896 3494 2953 obtusioneinﬁdelitatis
3515 2896 3726 2952 animai
3746 2913 3889 2968 ope-

2237 2982 2423 3038 riatur
2452 2988 2508 3038 et
2531 2984 2971 3055 constringatur
2999 2984 3255 3056 quodam
3288 2982 3421 3055 gelu
3446 2982 3787 3054 impietatis,
3822 2989 3892 3038 ut

2236 3089 2372 3127 saxo
2402 3072 2615 3128 similis
2644 3074 2761 3139 fiat,
2787 3073 2867 3129 ita
2896 3077 2962 3128 ut
2983 3073 3083 3128 tali
3110 3077 3322 3137 mente,
3356 3089 3471 3127 non
3496 3072 3569 3128 sit
3600 3073 3670 3128 ad
3693 3072 3878 3128 Deum

2235 3161 2393 3217 ullus
2424 3161 2617 3217 aditus
2650 3162 2997 3234 respirandi,
3022 3162 3345 3218 secundum
3373 3160 3517 3216 illud
3549 3161 3703 3233 quod
3726 3165 3881 3232 Apo-

2234 3249 2420 3306 stolu’s
2451 3251 2520 3306 de
2550 3251 2771 3306 Judaeis
2815 3251 3219 3307 testimonium
3263 3250 3669 3322 propheticum
3713 3266 3883 3305 assu-

478 3338 633 3411 gelu,
665 3343 723 3395 et
766 3336 1147 3411 frigidissime
1178 3337 1699 3409 constringuntur:
1733 3340 1801 3392 ut
1830 3353 1946 3392 non
1992 3354 2123 3392 sen-
2156 3332 2200 3396 C
2238 3355 2425 3404 mens,
2458 3338 2689 3395 locutus
2720 3344 2829 3406 est,
2862 3340 3099 3395 dicens:
3134 3339 3291 3397 Dedit
3322 3340 3441 3395 illis
3462 3340 3600 3394 Deus
3619 3340 3886 3410 spiritum

475 3430 626 3484 tiant
654 3426 928 3484 ferventis
959 3426 1166 3482 divinae
1197 3426 1500 3482 charitatis
1528 3426 1803 3482 calorem.
1836 3426 1917 3481 De
1944 3442 2119 3498 ange-

475 3517 548 3574 lis
579 3516 939 3590 apostaticis,
974 3515 1275 3573 verissime
1306 3514 1421 3570 diei
1466 3519 1674 3588 potest,
1708 3520 1765 3570 et
1793 3515 2122 3587 specialiter

471 3606 541 3663 de
558 3607 778 3663 .Iudazis
801 3604 1250 3678 intelligendum
1279 3608 1389 3671 est,
1423 3603 1639 3676 quibus
1671 3620 1834 3675 aquae
1866 3603 2121 3675 eloquio-

473 3712 608 3755 rum
637 3693 960 3753 cmlestium
1007 3692 1264 3765 glaciatze
1296 3697 1454 3759 sunt,
1507 3697 1573 3747 ut
1613 3692 1672 3746 in
1722 3695 1948 3748 fructus
1979 3709 2118 3764 gen-

471 3782 622 3839 tium
653 3782 851 3858 gratim
871 3781 1142 3854 largitate
1171 3782 1557 3854 proﬂuerent:
1587 3782 1657 3836 de
1678 3797 1929 3852 quarum
1951 3799 2118 3838 voca-

472 3872 631 3928 tione
662 3872 887 3929 dictum
916 3876 1005 3927 est
1032 3871 1332 3943 superiore
1365 3869 1670 3941 versiculo,
1702 3875 1761 3926 et
1781 3870 1852 3925 de
1877 3871 2114 3941 quibus:

472 3964 668 4018 Posuit
689 3961 966 4017 desertum
1014 3961 1069 4017 in
1108 3968 1303 4032 stagna
1344 3975 1643 4031 aquarum,
1692 3969 1744 4015 et
1797 3964 1970 4014 terras
1998 3963 2120 4017 sine

473 4067 618 4123 aqua
648 4052 709 4106 in
737 4052 922 4106 exitus
949 4066 1243 4121 aquarum,
1275 4057 1326 4105 et
1353 4047 1665 4104 inhabitare
1688 4050 1819 4119 fecit
1865 4049 1943 4104 ibi
1987 4066 2119 4105 esu-

470 4143 672 4198 rientes
700 4139 872 4211 (Psal.
905 4156 1015 4211 CVI,
1048 4140 1276 4208 35-39),
1310 4137 1369 4193 id
1415 4143 1525 4207 est,
1572 4138 1897 4195 esurientes
1939 4140 2116 4211 justi-

470 4229 616 4285 tiam
642 4246 656 4297 ;
688 4233 739 4283 et
767 4228 1174 4285 seminaverunt
1202 4242 1384 4301 agros,
1408 4231 1459 4282 et
1482 4227 1878 4299 plantaverunt
1908 4231 2116 4295 vineas,

470 4320 520 4373 et
544 4317 802 4392 fecerunt
842 4320 1083 4390 fructum
1110 4317 1456 4385 nativitavis,
1502 4319 1551 4372 et
1583 4316 1864 4373 benedixit
1909 4334 2016 4389 eos,
2067 4328 2119 4375 et

468 4407 834 4477 multiplicati
859 4408 986 4461 sunt
1013 4406 1205 4461 nimis.
1237 4405 1346 4470 Qui
1377 4421 1512 4476 ergo
1544 4412 1739 4461 mente
1795 4406 2117 4478 spirituali-

469 4499 561 4552 ter
590 4512 747 4553 nunc
778 4495 997 4567 ubique
1026 4494 1278 4567 positam
1321 4498 1631 4551 contuetur
1660 4493 1998 4564 Ecclesiam,
2028 4497 2116 4553 vi-

470 4584 571 4639 det
598 4588 815 4640 terram
844 4583 893 4655 ej
907 4600 994 4656 us,
1046 4600 1171 4657 quae
1220 4583 1333 4639 fuit
1362 4587 1475 4640 Deo
1507 4583 1824 4656 aliquando
1864 4586 2113 4659 deserta,

472 4689 630 4731 nunc
661 4671 952 4772 prsidictis
982 4673 1258 4730 omnibus
1283 4672 1692 4745 spiritualibus
1722 4674 1906 4747 copiis
1937 4675 2114 4732 abun-
2143 4699 2194 4773 ω

472 4762 647 4818 dare:
682 4761 768 4821 sic
796 4762 995 4834 itaque
1025 4763 1332 4835 praedictas
1363 4761 1550 4818 stillas
1572 4763 1721 4819 roris
1754 4764 1823 4819 de
1853 4763 1995 4820 coelo
2024 4768 2119 4823 de-

469 4849 718 4907 fluentes
749 4851 1008 4925 suscepit
1026 4851 1303 4920 Ecclesia,
1327 4848 1385 4907 et
1404 4852 1730 4907 secundum
1751 4853 1776 4907 .l
1788 4853 2023 4909 udicum
2047 4853 2116 4909 li-

470 4939 668 5009 brum,
699 4941 855 5013 quod
876 4945 1141 5015 tempore
1162 4941 1394 4998 Gedeon
1426 4940 1591 4996 ducis
1614 4941 1831 4996 factum
1865 4942 2117 5015 legimus

469 5046 567 5086 ros
599 5030 778 5087 unius
798 5030 1039 5089 aviculae
1067 5030 1376 5104 gentisque
1409 5030 1673 5096 modica,
1696 5033 1880 5086 totam
1900 5036 2117 5089 terram

468 5118 698 5177 Christo
715 5120 1080 5195 credentum,
1103 5119 1205 5192 qui
1229 5136 1322 5176 ros
1353 5123 1462 5190 est,
1485 5119 1673 5190 gratia
1692 5118 2116 5178 benedictionis

465 5207 685 5265 infudit
712 5209 909 5281 (ludio.
940 5227 1043 5275 vn,
1104 5208 1323 5278 37-40),
1375 5211 1433 5263 et
1482 5205 1793 5279 impletum
1844 5215 1932 5265 est
1973 5210 2114 5267 illud

466 5297 837 5371 mysterium,
871 5298 1027 5371 quod
1060 5296 1375 5354 Psalmista
1403 5295 1748 5367 praedixerat
1777 5297 2008 5354 dicens:
2036 5300 2117 5355 Si-

464 5391 557 5442 cut
586 5402 675 5443 ros
703 5388 961 5444 Hermon.
988 5386 1247 5445 Hermon
1270 5385 1473 5458 utique
1505 5401 1695 5451 mons,
1721 5384 1820 5456 qui
1840 5385 2116 5459 interpre-

462 5478 623 5531 tatur
650 5476 986 5547 anathema,
1033 5475 1326 5549 signiﬁcat
1352 5473 1660 5530 altitudine
1692 5491 1800 5529 sua
1831 5477 2143 5549 populum‘

465 5561 823 5621 Judaeorum.
859 5564 1023 5623 Illius
1072 5581 1207 5639 ergo
1257 5581 1372 5635 ros,
1405 5563 1604 5635 gratiae
1635 5562 1898 5620 videlicet
1928 5571 1985 5623 et
2014 5568 2111 5623 be-

467 5649 839 5723 nedictionis,
871 5654 1174 5712 descendit
1202 5653 1260 5708 in
1297 5656 1559 5709 montem
1590 5651 1748 5707 Sion.
1781 5654 1914 5709 Sion
1945 5672 2111 5711 nam-

465 5754 580 5823 que
609 5755 782 5797 mons
810 5743 1074 5811 excelsus
1093 5742 1410 5800 virtutibus
1431 5744 1608 5811 atque
1626 5739 1903 5797 sublimis
1925 5743 2115 5802 Eccle-

2230 3431 2683 3500 compunctionis,
2715 3430 2900 3485 oculos
2932 3439 2990 3484 ut
3015 3446 3125 3484 non
3156 3429 3400 3494 videant,
3430 3432 3483 3484 et
3503 3444 3660 3484 aures
3689 3436 3747 3482 ut
3774 3444 3888 3483 non

2230 3518 2462 3573 audiant
2492 3535 2663 3590 usque
2708 3521 2766 3573 in
2799 3520 3123 3575 hodiernum
3177 3519 3328 3573 diem
3357 3519 3531 3585 (Rom.
3566 3533 3644 3579 χι,
3690 3518 3742 3570 8.
3774 3519 3883 3584 lsa,

2229 3624 2306 3677 vr,
2339 3608 2414 3677 9).
2450 3609 2514 3663 In
2548 3608 2776 3680 psalmo
2809 3626 3039 3680 quoque
3071 3608 3387 3663 centesimo
3429 3607 3880 3679 quadragesimo

2229 3697 2503 3767 septimo,
2533 3698 2603 3753 de
2633 3696 2789 3769 gelu,
2824 3698 2909 3752 vel
2931 3696 3116 3768 glacie
3136 3701 3194 3751 et
3214 3696 3510 3769 crystallo,
3542 3696 3871 3752 secundum

2223 3785 2381 3842 hunc
2410 3804 2647 3843 sensum
2680 3803 2852 3858 quem
2886 3786 3197 3841 Dominum
3231 3786 3449 3841 dixisse
3479 3785 3574 3841 hic
3596 3786 3869 3859 legimus,

2227 3876 2576 3947 prophetam
2609 3877 2850 3947 mystice
2886 3875 3161 3941 locutum,
3186 3873 3563 3931 manifestum
3594 3881 3701 3931 est.
3734 3875 3874 3930 Pos-

2228 3982 2437 4020 sumus
2468 3965 2588 4020 haec
2615 3965 2739 4019 loea
2760 3970 2817 4019 et
2838 3963 3184 4034 simpliciter
3203 3962 3543 4033 intelligere,
3569 3968 3627 4018 et
3646 3963 3777 4036 gelu
3800 3964 3876 4019 de

2228 4055 2371 4109 cmlo
2394 4054 2526 4126 quis
2547 4054 2783 4125 genuit?
2806 4052 3025 4108 Caelum
3049 4050 3405 4123 appellantes
3422 4051 3688 4123 glacialia
3709 4068 3875 4108 mon-

2226 4142 2395 4211 tium,
2446 4147 2505 4197 et
2534 4142 2897 4197 excelsorum
2927 4140 3255 4203 cacumina,
3297 4146 3354 4196 et
3385 4157 3484 4212 per
3513 4139 3875 4196 immensum

2228 4248 2441 4297 aerem,
2478 4230 2603 4285 loca
2661 4231 2804 4286 cmlo
2858 4230 3156 4297 viciniora,
3217 4229 3301 4286 vel
3360 4229 3549 4301 magis
3586 4228 3875 4300 proxima.

2229 4320 2563 4376 Secundum
2582 4319 2732 4375 hanc
2755 4337 2889 4394 ergo
2908 4320 3393 4377 consuetudinem
3414 4318 3876 4390 Scripturarum,

2230 4409 2356 4481 ipse
2400 4407 2681 4466 Dominus
2725 4410 2919 4482 inquit
2962 4410 3022 4464 in
3077 4408 3410 4481 Evangelio,
3457 4408 3705 4464 volatilia
3749 4409 3878 4462 caeli

2229 4499 2442 4567 (Matth.
2476 4516 2553 4564 v1,
2585 4501 2698 4569 26).
2729 4500 2829 4555 His
2864 4500 3188 4555 secundum
3221 4498 3475 4554 litteram
3508 4513 3665 4551 nunc
3693 4496 3875 4552 omis-

2228 4588 2333 4655 sis,
2366 4605 2434 4645 ea
2464 4588 2681 4661 potius,
2715 4606 2848 4660 qum
2895 4592 3120 4644 sacrate
3152 4605 3187 4641 a
3218 4591 3329 4642 Deo
3370 4580 3682 4657 praedicata
3711 4591 3869 4655 sunt,

2227 4677 2550 4751 intelligere
2578 4684 2636 4733 et
2664 4679 2896 4733 credere
2926 4694 3032 4733 nos
3063 4680 3310 4747 oportet.

2306 4789 2333 4818 α
2365 4766 2663 4839 Numquid
2696 4768 3048 4838 conjungere
3094 4764 3314 4821 valebis
3354 4764 3638 4819 micantes
3670 4763 3871 4819 stellas

2226 4855 2505 4927 pleiades,
2552 4860 2655 4910 aut
2703 4871 2907 4927 gyrum
2954 4854 3171 4910 arcturi
3225 4854 3441 4925 poteris
3471 4853 3805 4925 dissipare?
3841 4876 3870 4903 ››

2228 4945 2396 5000 Nunc
2426 4945 2495 4999 de
2523 4944 2647 4999 coeli
2682 4945 2883 5000 ordine
2921 4949 2979 4999 et
3007 4948 3301 4999 astrorum
3332 4943 3579 4998 circuitu
3614 4941 3875 5013 loquitur

2228 5034 2300 5088 ad
2329 5032 2460 5090 Job.
2489 5032 2754 5089 Pleiades
2782 5033 3016 5105 appelat
3059 5032 3279 5097 stellas,
3312 5031 3461 5104 quia:
3491 5033 3733 5103 junctae,
3778 5048 3871 5086 ve-

2226 5120 2315 5177 lut
2343 5126 2565 5194 septem
2598 5137 2725 5177 esse
2746 5127 3165 5177 monstrantur.
3191 5120 3291 5176 His
3312 5137 3448 5191 ergo
3480 5121 3682 5190 Grzrci,
3715 5120 3873 5190 quod

2227 5210 2423 5267 multra
2479 5209 2655 5265 simul
2686 5215 2902 5276 essent,
2949 5227 3161 5266 nomen
3210 5211 3281 5265 ab
3333 5210 3461 5281 ipsa
3493 5209 3872 5265 multitudine

2224 5303 2574 5373 posuerunt:
2607 5295 2821 5367 πληθὺς
2851 5299 2938 5355 vel
2968 5296 3179 5368 πλῆθος
3204 5300 3357 5355 enim
3385 5299 3699 5354 multitudo
3729 5298 3873 5353 dici-

2224 5396 2340 5455 tur,
2372 5394 2429 5446 et
2457 5389 2592 5444 inde
2621 5389 2942 5444 derivatum
2972 5395 3080 5455 est,
3111 5394 3175 5443 ut
3197 5388 3453 5460 pleiades
3477 5387 3870 5459 appellentur.

2221 5480 2316 5534 Ait
2345 5494 2480 5550 ergo
2511 5478 2796 5532 Dominus
2827 5479 2898 5532 ad
2946 5479 3093 5534 Job:
3131 5478 3424 5549 Numquid
3462 5482 3528 5531 ut
3558 5476 3645 5531 hi8
3688 5476 3869 5532 stellae

2214 5569 2453 5639 junctae,
2486 5573 2543 5621 et
2571 5566 2747 5621 simul
2781 5568 2918 5634 sint,
2952 5574 3054 5623 tua
3085 5568 3342 5640 potentia
3371 5567 3558 5621 facere
3588 5566 3875 5636 potuisti?

2221 5655 2645 5728 Septentrionis
2676 5672 2909 5727 quoque
2941 5658 3060 5713 sive
3085 5657 3303 5712 arcturi
3321 5654 3655 5721 circuitum,
3690 5671 3875 5726 quem

2224 5746 2371 5802 inde
2391 5744 2612 5801 sinenti
2635 5759 2775 5816 gyro
2797 5762 2898 5819 per
2919 5748 3221 5803 sinistram
3246 5744 3477 5818 plagam
3500 5745 3706 5799 mundi
3732 5745 3791 5799 in
3814 5762 3895 5811 se,
