4220 6568
307 414 427 481 805

1313 419 1829 486 COMMENTAR.
1876 426 1956 486 IN
1996 423 2138 487 JOB
2181 425 2358 488 CAP.
2406 424 2732 490 XXXVIII.

3626 436 3746 500 806

312 552 425 610 feci
445 554 836 622 recurrere,ut
855 554 1015 608 totus
1035 552 1098 607 in
1120 569 1183 608 se
1208 554 1385 609 vadat
1407 570 1642 627 semper
1655 559 1714 613 et
1739 557 1967 613 redeat:
1998 561 2057 630 Α
2086 561 2177 613 est
2206 574 2240 613 a
2260 557 2377 614 Deo
2398 557 2591 623 Patre,
2614 562 2678 614 ut
2697 563 2883 617 terras
2900 561 3195 631 inviseret,
3222 565 3321 637 qui
3344 565 3473 623 ideo
3506 567 3739 626 Lucifer

312 642 604 714 numquid
635 646 699 697 tu
733 641 950 712 poteris
980 641 1268 715 dissipare
1287 644 1315 698 ‘l
1343 643 1424 700 De
1456 644 1633 701 astris
1663 644 1813 711 coeli,
1846 646 1968 701 sive

314 730 501 803 signis
532 734 588 785 et
618 730 677 784 in
710 728 842 783 aliis
873 728 1016 785 locis
1048 729 1363 802 Scriptura
1396 730 1673 803 legimus,
1710 734 1864 789 sicut
1908 732 1968 787 in

310 821 452 877 Jesu
483 820 636 875 Nave
666 819 845 890 (Iosue
874 836 966 890 xv,
1000 821 1056 889 3)
1103 824 1160 875 et
1214 820 1531 877 Judicum:
1583 823 1741 891 Fuit,
1781 822 1973 893 inquit

309 910 578 965 terminus
608 908 916 965 Amorrha’i
973 910 1041 964 ab
1084 926 1312 966 ascensu
1359 912 1659 983 scorpionis
1702 915 1879 983 petra,
1921 914 1971 966 et

312 1000 601 1071 superiora
624 998 740 1053 loca
770 998 969 1069 (ludio.
1004 1016 1042 1067 ι,
1077 999 1188 1071 36).
1216 999 1290 1055 Ut
1318 999 1498 1071 igitur
1527 1001 1755 1055 Domini
1795 1000 1972 1055 verba

313 1089 638 1143 secundum
658 1087 940 1159 mysticos
970 1087 1601 1155 intellectusdicamus,
1627 1088 1838 1144 ccelum
1876 1088 1971 1143 in-

311 1180 702 1250 terpretemur
723 1177 1250 1250 Ecclesiam,quam
1272 1178 1542 1249 superius
1561 1178 1969 1235 Dominuster-

320 1284 396 1323 ra
428 1265 711 1322 vocabulo
743 1266 1121 1336 nuncupavit,
1163 1266 1264 1321 sed
1294 1265 1375 1321 ibi
1424 1276 1657 1340 prepter
1685 1267 1969 1340 originem

313 1371 483 1410 suam
514 1358 668 1410 terra
698 1358 787 1410 est
816 1354 1132 1426 appellata.
1166 1356 1334 1411 Nunc
1359 1372 1491 1411 vero
1521 1357 1839 1412 sublimata
1867 1373 1971 1428 per

313 1444 612 1500 Christum
628 1444 685 1499 in
702 1443 979 1517 gloriam:
1003 1445 1245 1500 :calum
1261 1445 1967 1518 rectissimeintelligitur.

315 1534 379 1589 In
409 1533 519 1589 hoc
548 1533 728 1605 igitur
758 1532 901 1589 ccelo
925 1532 1099 1589 etiam
1131 1533 1314 1589 stella
1346 1534 1628 1606 pleiades,
1660 1540 1718 1591 et
1744 1541 1971 1608 septen-

311 1621 541 1689 trionis,
578 1638 758 1677 unam
788 1621 847 1677 in
881 1639 944 1678 se
987 1640 1167 1678 sacra
1215 1622 1725 1695 interpretationis
1782 1624 1967 1680 conti-

312 1712 740 1767 nentiormam.
769 1711 897 1784 Ipse
920 1712 1075 1767 enim
1093 1712 1461 1783 septenarius
1481 1730 1763 1769 numerus
1786 1714 1967 1786 septi-

317 1799 524 1856 formis
556 1800 807 1872 Spiritus
837 1800 1057 1873 gratias
1090 1800 1149 1857 in
1182 1817 1245 1856 se
1271 1801 1696 1869 demonstrant,
1747 1820 1873 1875 qua
1906 1803 1967 1859 in

320 1888 429 1945 hoc
459 1890 702 1955 micant,
735 1890 965 1961 ipsique
995 1890 1316 1963 gratiarum
1360 1892 1603 1961 spiritus
1652 1891 1712 1946 in
1762 1893 1966 1948 eodem

318 1978 689 2034 firmamento
720 1978 847 2034 cali
877 1984 1018 2034 sunt
1046 1978 1357 2051 fulgentes.
1396 1982 1521 2035 Ista
1554 1980 1734 2052 igitur
1784 1980 1963 2036 stella

316 2082 420 2137 per
451 2064 819 2137 prophetam,
848 2070 1066 2138 septem
1102 2065 1254 2121 oculi
1284 2066 1516 2122 Domini
1570 2067 1968 2140 appellantur,

317 2170 568 2225 quorum
591 2154 893 2209 oculorum
924 2155 1143 2226 gratias
1170 2159 1343 2227 atque
1367 2156 1608 2212 virtutes
1632 2158 1812 2214 Isaias
1833 2175 1967 2229 pro-

317 2242 497 2313 pheta
527 2246 856 2309 enumerat,
882 2243 981 2298 ubi
1015 2244 1087 2299 de
1125 2242 1439 2300 Salvatoris
1473 2245 1774 2302 nativitate
1824 2247 1970 2301 vati-

318 2331 552 2387 cinatur
582 2331 811 2387 dicens:
851 2333 920 2387 El
948 2334 1249 2404 requiescet
1274 2350 1438 2405 super
1460 2350 1586 2389 eum
1611 2336 1843 2407 spiritus
1872 2336 1972 2392 Dei

322 2422 552 2491 spiritus
579 2421 891 2492 sapientiae,
916 2426 967 2477 et
988 2422 1330 2478 intellectus:
1361 2424 1595 2494 spiritus
1649 2425 1874 2480 consilii
1918 2429 1971 2479 et

318 2511 583 2565 virtutis:
611 2512 847 2579 spiritus
876 2513 1121 2567 scientia
1175 2515 1227 2565 et
1263 2513 1521 2584 pietatis:
1569 2514 1800 2584 replevit
1847 2530 1971 2568 eum

318 2600 557 2670 Spiritus
585 2600 802 2655 timoris
828 2601 928 2655 Dei
959 2618 973 2667 ;
1006 2601 1131 2669 (Isa.
1165 2618 1243 2667 x1,
1274 2604 1328 2668 2,
1356 2602 1429 2669 3).
1463 2602 1969 2667 Quemadmodum

320 2705 457 2761 ergo
481 2688 798 2761 quisquam
830 2706 945 2745 non
979 2690 1168 2761 potuit
1219 2690 1676 2748 indissociabilis
1724 2691 1969 2747 luminis

322 2777 655 2849 spiritualia
669 2783 827 2834 astra
847 2780 1224 2851 conjungere,
1250 2779 1327 2834 ita
1349 2780 1586 2836 omnino
1608 2780 1730 2836 fieri
1755 2786 1966 2853 potest,

326 2871 392 2923 ut
420 2868 505 2923 ha
538 2867 718 2923 stella
748 2869 1092 2940 gratiarum,
1130 2868 1447 2924 Ecclesium
1482 2886 1673 2926 meam
1715 2872 1968 2926 circum-

314 2956 660 3025 lustrantes,
695 2958 765 3013 ab
789 2956 964 3013 unius
995 2958 1351 3013 connexionc
1374 2958 1672 3015 insolubili
1695 2977 1967 3032 separen-

278 3096 297 3101 _-
314 3051 429 3101 tur.
462 3047 624 3111 Quod
659 3052 857 3102 autem
888 3046 992 3103 alii
1024 3048 1316 3118 dixerunt,
1351 3052 1452 3102 aut
1482 3047 1832 3105 intellexisti
1864 3066 1969 3105 ne-

312 3153 421 3192 xus
452 3135 730 3208 pleiadis:
762 3138 833 3192 ad
884 3136 1254 3209 spiritualem
1301 3136 1748 3209 intelligentiam
1790 3139 1970 3212 erigit

2080 655 2455 718 nuncupatus
2469 648 2723 721 est,quia
2734 650 2971 707 veniens
2984 652 3052 707 de
3065 652 3734 730 sublimibus,tanquam

2080 740 2215 807 post
2233 735 2561 801 biennium,
2594 742 2726 810 post
2750 738 2935 809 legem
2965 744 3021 795 et
3043 742 3357 813 prophetas
3379 750 3543 801 ortus
3563 751 3735 815 est,et

2081 840 2260 895 super
2279 841 2386 880 nos
2404 824 2625 898 positos
2646 824 2706 881 in
2730 827 3009 896 tenebris,
3032 833 3089 883 et
3112 831 3319 887 umbra
3349 833 3554 889 mortis
3578 836 3727 906 (Luc.

2082 930 2120 979 1,
2152 914 2264 983 79),
2296 913 2487 969 lucem
2520 913 2689 971 nobis
2721 916 2855 971 ﬁdei
2892 933 2957 973 ac
2990 920 3344 991 tempestiva
3376 922 3730 995 cognitionis

2080 1001 2362 1057 exhibuit.
2397 1006 2619 1075 Vesper
2647 1020 2780 1060 vero
2813 1004 2968 1061 idem
2997 1006 3181 1063 Filius
3201 1007 3457 1067 hominis
3479 1012 3733 1085 appella-

2079 1093 2197 1157 tur,
2230 1091 2413 1163 quiin
2446 1108 2614 1148 cruce
2647 1097 2906 1165 tempore
2964 1096 3257 1167 passionis
3303 1100 3598 1158 occubuit.
3653 1103 3735 1159 De

2080 1194 2196 1249 quo
2226 1179 2308 1233 ait
2337 1179 2620 1252 propheta
2651 1181 2884 1252 populis
2908 1183 3255 1240 credituris:
3287 1189 3401 1242 Iter
3452 1189 3630 1262 faciet
3678 1194 3736 1248 ei

2080 1269 2178 1337 qui
2204 1268 2449 1325 ascendit
2501 1285 2668 1340 super
2723 1270 3000 1341 Occasum,
3058 1273 3322 1329 Dominus
3380 1293 3581 1334 nomen
3638 1281 3731 1337 illi

2080 1358 2253 1427 (Psal.
2290 1374 2458 1427 LXVII,
2515 1360 2592 1429 5).
2638 1359 2747 1423 Qui
2793 1360 2997 1432 utique
3042 1361 3101 1417 in
3153 1368 3416 1437 tempore
3466 1382 3729 1442 occasus,

2079 1446 2316 1516 quando
2349 1446 2428 1502 ait
2456 1447 2527 1502 ad
2562 1447 2833 1503 Patrem:
2883 1450 2946 1504 In
3001 1466 3200 1507 manus
3248 1456 3370 1508 tuas
3418 1457 3733 1513 commendo

2078 1534 2343 1605 spiritum
2382 1552 2565 1591 meum
2620 1537 2770 1603 (Luc.
2830 1554 2996 1604 xxm,
3045 1539 3154 1610 46),
3201 1540 3396 1612 posuit
3433 1544 3729 1611 tenebras,

2079 1627 2137 1678 et
2169 1624 2328 1679 facta
2360 1628 2500 1679 sunt
2527 1625 2583 1681 in
2618 1626 2790 1682 corde
2822 1625 3145 1683 inﬁdelium
3171 1628 3531 1686 Judaorum.
3563 1631 3731 1688 Hunc

2078 1727 2214 1784 ergo
2249 1718 2396 1769 Deus
2428 1714 2618 1781 Pater,
2652 1718 2717 1769 ut
2745 1717 3040 1786 pastorem
3074 1733 3357 1790 magnum
3390 1719 3586 1775 ovium
3631 1738 3732 1778 ex-

2078 1801 2294 1857 citavit.
2329 1806 2519 1870 Hunc,
2553 1803 2817 1875 inquam,
2840 1803 3188 1877 Vesperum,
3221 1824 3287 1863 eo
3317 1809 3476 1879 quod
3507 1810 3730 1866 sacrifi-

2040 1944 2043 1967 ἓ
2078 1889 2235 1945 cium
2267 1891 2664 1963 vespertinum
2697 1891 2757 1948 in
2815 1908 3056 1965 vespera
3103 1894 3451 1953 saeclorum
3505 1899 3730 1956 missus

2075 1979 2374 2048 obtulerit,
2407 1980 2594 2037 ﬁlium
2627 1981 2886 2038 hominis
2916 1998 3093 2054 super
3121 1982 3274 2040 filios
3303 1988 3468 2042 terra
3488 2004 3729 2045 consur-

2078 2086 2213 2141 gere
2248 2069 2415 2125 fecit:
2454 2071 2678 2126 utinam
2713 2088 2828 2127 non
2859 2072 2979 2128 sint
3004 2089 3158 2141 caro,
3183 2078 3239 2130 et
3262 2079 3420 2132 terra
3439 2092 3573 2133 esca
3603 2094 3731 2134 ser-

2079 2158 2292 2228 pentis,
2328 2176 2515 2232 neque
2545 2158 2651 2214 ﬁlii
2684 2160 2870 2215 noctis
2902 2165 2957 2216 et
3011 2163 3409 2234 tenebrarum,
3458 2166 3561 2223 sed
3613 2166 3734 2224 sint

2080 2246 2181 2300 ﬁlii
2214 2245 2484 2311 Luciferi,
2516 2247 2620 2303 ﬁlii
2649 2248 2751 2304 Dei
2782 2250 2824 2321 (Ι
2871 2251 3054 2306 Thess.
3087 2267 3141 2320 ν,
3168 2252 3248 2325 5).

2153 2356 2180 2383 ‹‹
2208 2335 2509 2408 Numquid
2540 2336 2693 2392 nosti
2726 2337 2989 2394 ordinem
3022 2338 3172 2413 coeli,
3203 2344 3262 2396 et
3316 2357 3498 2415 pones
3546 2344 3729 2403 ratio-

2079 2440 2214 2479 nem
2273 2425 2401 2495 ejus
2459 2425 2517 2480 in
2579 2426 2839 2482 terra?»
2901 2427 2961 2482 Si
3037 2445 3351 2488 numerum
3429 2436 3725 2490 astrorum

2078 2512 2344 2567 omnium
2378 2517 2571 2587 potest
2599 2514 2893 2586 quispiam
2926 2516 3264 2574 mortalium
3310 2535 3504 2587 nosse,
3538 2525 3731 2595 potest

2078 2605 2136 2655 et
2166 2601 2387 2657 militia
2419 2618 2620 2657 eorum
2654 2603 2918 2658 ordinem
2948 2605 3324 2676 perscrutari.
3361 2607 3543 2667 Nemo
3591 2626 3728 2683 ergo

2077 2690 2201 2745 hac
2226 2690 2456 2762 proprie
2473 2692 2630 2746 novit
2661 2692 2771 2748 nisi
2803 2692 2968 2749 solus
3000 2691 3099 2750 ille
3130 2692 3232 2766 qui
3263 2695 3543 2751 condidit.
3596 2697 3726 2769 Spi-

2078 2779 2274 2834 rituali
2308 2784 2503 2835 autem
2538 2797 2715 2836 sensu
2748 2780 2831 2836 ita
2860 2780 3107 2854 intelligi
3142 2787 3332 2854 potest
3360 2799 3373 2839 :
3423 2782 3724 2858 Numquid

2076 2873 2163 2939 tu,
2196 2869 2327 2935 Job,
2362 2869 2529 2940 quasi
2564 2869 2827 2941 cognitor
2857 2870 3214 2937 futurorum,
3239 2871 3367 2942 jam
3398 2874 3554 2929 nosti
3607 2891 3724 2949 quo

2078 2957 2281 3012 ordine
2307 2957 2366 3011 in
2397 2957 2540 3013 calo
2570 2958 2860 3031 Ecclesia,
2895 2976 3072 3031 quam
3106 2959 3345 3017 diversa
3368 2965 3542 3035 atque
3573 2963 3727 3019 mul-

2076 3044 2307 3117 tiplices
2339 3046 2537 3117 gratia
2568 3046 2813 3119 spiritus
2835 3048 2973 3115 mei,
2992 3046 3152 3104 velut
3176 3048 3355 3105 stella
3379 3051 3729 3127 refulgeant,

2078 3136 2198 3190 sive
2219 3151 2330 3204 qua
2352 3134 2557 3209 gloria,
2580 3134 2666 3190 vel
2690 3153 2807 3208 qua
2828 3137 3029 3193 ordine
3053 3137 3418 3211 meritorum,
3463 3146 3529 3196 ut
3573 3140 3732 3197 side-

314 3224 577 3281 animum
611 3225 940 3296 conuentis,
973 3230 1038 3281 ut
1066 3225 1296 3298 atiquid
1328 3225 1710 3299 allegoricum
1742 3227 1970 3285 laboret
2079 3241 2208 3280 rum
2234 3225 2588 3281 radiantium
2609 3224 2790 3298 globi,
2834 3225 3022 3282 sancti
3056 3226 3114 3282 in
3146 3229 3569 3286 resurrectione
3609 3230 3729 3288 ful-

322 3331 637 3386 inquirere.

388 3426 416 3453 ‹‹
450 3404 748 3475 Numquid
803 3404 1083 3476 producis
1112 3404 1445 3461 Luciferum
1470 3405 1530 3461 in
1556 3410 1814 3478 tempore
1836 3423 1962 3475 suo,

315 3499 373 3547 et
391 3491 715 3565 Vesperum
749 3510 926 3564 super
950 3492 1101 3548 ﬁlios
1129 3497 1293 3549 terra
1344 3511 1695 3566 consurgere
1725 3494 1867 3550 facis
1889 3495 1918 3550 ?
1936 3520 1957 3548 ι

314 3581 492 3637 Stella
520 3586 632 3653 est,
666 3598 844 3653 quam
881 3582 1217 3639 Luciferum
1252 3582 1526 3651 dicimus,
1561 3583 1746 3638 stellis
1798 3587 1963 3638 cate-

314 3671 396 3726 ris
426 3670 657 3741 clarior,
685 3688 861 3743 quam
897 3671 1092 3727 ferunt
1123 3672 1300 3727 etiam
1360 3672 1624 3727 doctores
1670 3671 1963 3740 Ecclesia,

316 3778 494 3816 unam
522 3778 649 3817 esse
671 3761 869 3816 deillis
897 3762 1157 3833 quinque
1180 3760 1384 3831 stellis,
1411 3778 1557 3833 quas
1582 3760 1845 3834 planetas
1870 3780 1965 3817 vo-

314 3849 613 3923 cant,quia
632 3850 981 3906 dissimilem
1003 3850 1253 3906 aliarum
1281 3850 1583 3905 stellarum
1601 3868 1840 3906 cursum
1866 3850 1964 3907 ha-

315 3940 510 4006 beant,
544 3939 849 4012 multoque
878 3939 1221 3996 velociorem
1251 3944 1306 3995 et
1329 3940 1463 3996 inde
1485 3940 1749 4013 planeta,
1772 3941 1829 3996 id
1852 3944 1960 4011 est,

310 4034 614 4102 vagantes,
646 4029 765 4084 sive
795 4033 1055 4084 errantes
1089 4030 1381 4096 dicantur,
1416 4046 1483 4086 eo
1518 4030 1671 4101 quod
1705 4045 1817 4084 non
1839 4045 1959 4084 cer-

311 4122 462 4190 tum,
494 4119 596 4174 sed
629 4117 969 4173 mutabilem
1000 4135 1239 4174 cursum
1270 4118 1547 4174 habeant.
1576 4118 1741 4173 Hunc
1782 4117 1963 4190 igitur

314 4207 650 4263 Luciferum
682 4205 1088 4279 appariturum
1119 4206 1314 4275 terris,
1366 4211 1498 4280 post
1547 4206 1851 4263 biennium
1899 4207 1961 4263 in

314 4295 545 4353 Oriente
575 4298 890 4350 autumant
912 4295 1094 4350 nasci.
1125 4295 1322 4351 Aliam‘
1345 4312 1477 4351 vero
1499 4295 1752 4365 stellam,
1782 4314 1961 4369 quam

315 4390 641 4457 Vesperum
677 4383 1007 4456 appellavit,
1039 4399 1104 4438 eo
1135 4383 1290 4455 quod
1323 4384 1478 4439 circa
1506 4384 1620 4440 diei
1652 4402 1961 4457 vesperum

314 4492 420 4530 suo
478 4479 674 4529 tamen
706 4478 965 4545 tempore
997 4473 1218 4527 mundo
1244 4476 1639 4529 monstretur:
1674 4474 1847 4549 hanc,
1870 4475 1961 4530 in-

314 4563 442 4635 quit
470 4569 621 4618 Deus
651 4564 721 4619 ad
774 4562 905 4633 Job,
964 4579 1141 4633 super
1195 4561 1349 4617 ﬁlios
1401 4566 1562 4617 terra
1611 4579 1962 4635 consurgere

315 4652 455 4708 facis
485 4654 512 4707 ‘?
540 4652 648 4718 Qui
680 4668 816 4723 ergo
847 4651 1127 4723 intelligis
1158 4651 1480 4723 potentiam
1511 4651 1711 4706 omnia
1747 4653 1959 4725 guber-
1989 4674 2038 4739 D

313 4742 533 4809 nantis,
566 4746 623 4797 et
652 4742 712 4796 in
746 4746 803 4797 te
835 4741 1131 4813 operantis
1163 4757 1414 4813 agnosce
1436 4740 1753 4812 justitiam.
1800 4741 1960 4798 Hanc

313 4830 545 4886 stellam
578 4830 746 4885 multi
782 4836 994 4902 putant
1026 4831 1345 4902 Hesperum
1369 4829 1501 4885 dici.
1536 4829 1696 4885 Unde
1718 4834 1774 4885 et
1799 4830 1963 4885 ltalia

312 4920 592 4992 Hesperia
621 4920 925 4975 nominata
954 4921 1051 4987 sit,
1086 4937 1152 4975 eo
1183 4921 1340 4991 quod
1374 4918 1490 4975 illic
1530 4924 1792 4992 tempore
1851 4938 1957 4976 suo

311 5009 571 5081 primum
629 5013 889 5081 apparet.
938 5008 1285 5082 Spitualiter
1329 5012 1525 5064 autem
1577 5010 1755 5064 verba
1820 5012 1960 5065 sunt

312 5097 499 5153 Patris
527 5098 598 5153 de
628 5097 771 5153 Filio
803 5114 910 5155 suo
944 5099 1241 5154 Salvatore
1300 5102 1498 5152 nostro
1548 5096 1794 5155 dicentis
1832 5100 1954 5156 sic:

307 5187 605 5259 Numquid
639 5187 851 5243 educes
908 5188 1236 5244 Luciferum
1293 5186 1353 5240 in
1414 5190 1675 5257 tempore
1724 5204 1851 5255 suo,
1901 5192 1961 5244 et

306 5274 630 5347 Vesperum
666 5292 845 5348 super
877 5276 1029 5331 ﬁlios
1057 5280 1223 5331 terra
1251 5290 1602 5346 consurgere
1626 5276 1767 5330 facis
1791 5276 1819 5331 ?
1851 5276 1958 5332 Ubi

311 5378 369 5417 et
397 5364 684 5419 adventus
717 5364 948 5420 Domini
982 5365 1039 5419 in
1093 5380 1268 5420 cerne
1313 5362 1540 5419 venturi
1590 5364 1957 5435 signiﬁcatus

308 5458 417 5518 est,
451 5457 508 5508 et
538 5453 884 5508 resurrectio
916 5454 1043 5524 ejus
1064 5469 1132 5508 ex
1163 5453 1413 5509 mortuis
1436 5454 1706 5523 ﬁgurata,
1731 5454 1959 5509 venien-

305 5547 361 5597 te
393 5542 761 5613 plenitudine
797 5542 1075 5613 temporis
1107 5543 1308 5613 (Galat.
1342 5559 1419 5609 iv,
1448 5543 1521 5613 4).
1573 5543 1667 5596 Ait
1717 5548 1912 5599 autem
1940 5563 1953 5601 :

306 5632 449 5685 Misit
480 5632 620 5685 Deus
652 5632 695 5685 Γ
696 5632 859 5685 ilium
886 5648 1049 5685 suum
1075 5634 1284 5701 factum
1309 5648 1380 5686 ea:
1433 5631 1695 5698 muliere,
1741 5634 1956 5704 factum

303 5721 403 5776 sub
426 5722 539 5793 lege
570 5720 752 5792 (Ibid).
787 5721 850 5778 In
881 5722 990 5777 hoc
1020 5720 1201 5793 igitur
1232 5723 1497 5793 tempore
1554 5737 1661 5778 suo
1708 5722 1956 5781 eductus

1994 3300 2037 3367 C
2075 3314 2333 3384 gebunt?
2364 3318 2529 3369 Hunc
2560 3313 2752 3370 locum
2803 3314 2902 3369 alii
2953 3315 3036 3370 ita
3083 3320 3361 3373 vertunt:
3421 3320 3486 3374 Ur
3541 3322 3728 3376 omnia

2076 3418 2197 3472 qua
2224 3404 2326 3457 sub
2354 3404 2485 3459 caelo
2515 3412 2664 3469 sunt,
2693 3405 2905 3474 pariter
2932 3406 3087 3475 ﬁant.
3122 3404 3229 3460 Ubi
3280 3405 3388 3461 hoc
3419 3406 3609 3464 dicere
3638 3410 3723 3463 vi-

2075 3492 2312 3562 dentur,
2345 3492 2497 3562 quod
2531 3491 2892 3548 volubilitate
2923 3493 3041 3548 sive
3071 3496 3427 3566 temporum,
3456 3496 3575 3551 sive
3590 3497 3727 3552 stel-

2075 3577 2288 3646 larum,
2324 3596 2425 3651 per
2450 3580 2640 3652 spatia
2670 3581 2781 3636 sibi
2816 3582 3191 3639 succedentia
3222 3584 3420 3639 redeat
3447 3589 3505 3640 et
3534 3602 3726 3642 recur-

2075 3673 2183 3724 rat.
2218 3668 2614 3741 Spiritualiter
2643 3676 2838 3726 autem
2869 3672 2950 3728 ita
3006 3672 3234 3729 dictum
3265 3672 3724 3732 existimandum

2073 3762 2184 3823 est,
2210 3758 2364 3828 quod
2397 3758 2756 3829 dispensatio
2796 3776 2899 3831 per
2944 3760 3240 3817 Christum
3301 3748 3728 3820 reconciliatio;-

2073 3846 2167 3902 nis
2199 3846 2492 3913 humana,
2527 3865 2712 3919 usque
2742 3848 2801 3904 in
2838 3850 3013 3905 finem
3047 3850 3242 3906 saculi
3267 3856 3508 3919 crescat,
3532 3855 3603 3909 ad
3629 3871 3726 3910 no-

2072 3936 2261 3991 titiam
2297 3937 2563 3991 omnium
2605 3936 2930 4011 nationum,
2967 3939 3088 3995 sive
3111 3939 3251 4011 quia
3300 3942 3487 3997 sancti
3536 3946 3602 3998 ut
3648 3943 3723 4000 ad

2072 4025 2287 4081 calcem
2319 4025 2601 4081 virtutum
2633 4028 2992 4098 perveniant,
3026 4028 3283 4100 quotidie
3320 4044 3555 4088 morum
3585 4047 3724 4089 san-

2071 4115 2272 4169 ctitate
2303 4114 2630 4185 proficiant,
2662 4119 2718 4170 et
2769 4116 2898 4171 ideo
2952 4117 3062 4172 sub
3121 4115 3285 4182 coelo,
3338 4118 3396 4174 id
3448 4123 3556 4183 est,
3609 4121 3721 4176 sub

2072 4203 2404 4259 obedientia
2434 4202 2853 4260 Ecclesiastica
2878 4204 3198 4277 disciplina
3222 4210 3361 4261 sunt
3391 4208 3719 4265 constituti.

2144 4292 2500 4365 «Numquid
2533 4291 2785 4348 elevabis
2816 4293 2873 4348 in
2916 4293 3130 4350 nebula
3175 4311 3374 4351 vocem
3430 4299 3615 4368 tuam,
3665 4302 3722 4355 et

2070 4383 2327 4454 impetus
2358 4398 2647 4453 aquarum
2678 4382 2898 4455 operiet
2924 4387 2979 4438 te
3000 4383 3028 4438 ‘?
3053 4405 3080 4433 »
3139 4384 3329 4440 Primo
3353 4384 3557 4441 auditu
3612 4385 3721 4442 hoc

2070 4472 2155 4527 ita
2182 4470 2629 4543 intelligendum
2660 4476 2768 4526 est.
2796 4472 3091 4545 Numquid
3127 4472 3309 4529 habes
3338 4476 3561 4529 tantam
3611 4490 3721 4547 po-

2071 4560 2337 4627 tentiam,
2372 4562 2438 4614 ut
2483 4560 2554 4614 ad
2608 4558 2923 4632 imperium
2976 4578 3043 4617 ac
3089 4566 3300 4618 nutum
3344 4563 3512 4617 tuum
3564 4561 3721 4619 illico

2071 4649 2290 4704 imbres
2316 4648 2696 4704 infundentes
2726 4652 2783 4703 et
2812 4649 3139 4720 operientes
3170 4650 3241 4706 de
3291 4649 3429 4705 calo
3478 4652 3721 4708 descen-

2069 4738 2231 4792 dant.
2265 4736 2599 4791 Secundum
2630 4736 2897 4795 altiorem
2927 4755 3063 4795 vero
3095 4737 3566 4813 intelligentiam,
3616 4759 3721 4803 vo-

2071 4842 2218 4895 cem,
2251 4824 2462 4896 inquit,
2496 4824 2673 4892 elevo,
2707 4825 2788 4881 ait
2819 4826 3127 4896 Dominus,
3182 4829 3417 4901 quando
3466 4828 3720 4886 homini-

2070 4917 2181 4972 bus
2229 4913 2455 4970 clamo:
2494 4915 2676 4970 Venite
2704 4914 2775 4971 ad
2828 4932 2937 4983 me,
2983 4933 3168 4974 omnes
3211 4920 3309 4991 qui
3356 4919 3617 4979 latoralis
3667 4922 3720 4975 et

2067 5005 2280 5061 onerati
2315 5005 2444 5059 estis
2501 5004 2710 5076 (Matth.
2770 5022 2848 5074 x1,
2906 5007 3020 5079 28),
3078 5012 3137 5063 et
3187 5005 3423 5079 pietatis
3479 5007 3717 5073 affectu,

2068 5094 2237 5167 pulso
2268 5096 2490 5149 secreta
2511 5093 2725 5150 mentis
2757 5093 3058 5167 ipsorum:
3094 5096 3194 5153 ubi
3216 5100 3306 5152 est
3324 5093 3484 5151 velut
3498 5093 3717 5151 nebula

2068 5183 2256 5256 caligo
2290 5181 2529 5255 peccati,
2563 5186 2621 5238 et
2652 5182 2908 5240 nominis
2948 5184 3062 5241 mei
3090 5184 3258 5240 valde
3288 5183 3538 5239 obscura
3568 5181 3716 5238 obli-

2064 5275 2178 5339 vio,
2210 5277 2277 5328 ut
2306 5271 2714 5328 obedientibus
2760 5274 2883 5330 voci
2928 5290 3068 5330 mea
3100 5271 3432 5330 innumeris
3480 5270 3715 5345 populis

2066 5362 2488 5427 circumdatus,
2521 5361 2690 5433 quasi
2724 5362 2943 5434 impetu
2976 5362 3361 5419 inﬂuentibus
3385 5360 3554 5434 aquis
3585 5377 3716 5434 ope-

2066 5454 2204 5523 riar,
2231 5451 2566 5523 quibusque
2594 5448 2753 5505 velut
2780 5451 3130 5508 vestimento
3160 5450 3394 5518 induar,
3424 5452 3491 5504 ut
3519 5449 3579 5504 in
3628 5451 3715 5507 eis

2065 5543 2347 5610 habitem,
2371 5538 2525 5595 sicut
2545 5539 2827 5611 propheta
2851 5540 2966 5596 ait:
2995 5540 3151 5596 Sicut
3192 5555 3391 5611 sponsa
3416 5538 3601 5595 induit
3628 5556 3713 5597 me

2065 5635 2379 5691 vestimento
2430 5631 2563 5700 (Isa.
2623 5645 2732 5698 LXI,
2794 5629 2904 5700 10.)
2958 5629 3070 5685 Alii
3122 5629 3433 5687 dixerunt:
3493 5629 3716 5686 Vocabis

2063 5723 2265 5787 nubem
2292 5732 2435 5786 voce,
2488 5723 2542 5773 et
2579 5717 2642 5772 in
2664 5722 2900 5773 tremore
2926 5733 3087 5791 aqua
3113 5716 3315 5779 valida
3345 5717 3559 5779 obediet
3586 5717 3715 5778 tibi.
