4220 6580
441 438 559 504 807

1941 424 2359 493 APPENDIX.

3735 433 3855 497 808

442 582 615 649 Aqua
641 571 836 631 valida
864 569 1239 629 tremendum
1271 567 1479 624 divinae
1509 564 1829 624 voluntatis
1870 551 2083 637 praece-
2113 565 2168 632 Α
2197 568 2338 620 runt
2367 564 2481 621 dici
2514 581 2580 621 ac
2610 562 2751 622 solis
2783 565 3118 622 adventum.
3151 564 3269 623 Hoc
3313 564 3372 622 in
3425 562 3551 624 loco
3602 563 3879 626 aliorum~

443 672 612 741 ptum
643 667 753 730 est,
784 662 941 736 quod
972 662 1125 718 Deus
1155 658 1477 733 quemlibet
1504 660 1775 713 sanctum
1817 671 1976 720 voce,
2034 654 2092 708 id

444 760 555 828 est,
596 756 805 811 affectu
861 750 1158 817 clamoris,
1211 754 1268 805 et
1311 745 1730 804 insinuationis
1784 744 2092 812 instinctu,

446 850 514 901 ut
543 842 868 901 obediendo
899 840 1177 907 salvetur,
1212 839 1518 894 observare
1551 836 1741 907 jubet.
1790 832 2092 905 Numquid

443 938 530 1002 tu,
560 933 697 1001 Job,
719 930 937 1003 aliquid
972 928 1161 985 simile
1194 929 1380 983 facere
1409 924 1647 998 potuisti
1672 923 1701 978 Ἰ

516 1047 544 1074 ‹‹
579 1021 880 1093 Numquid
911 1019 1112 1075 mittes
1138 1016 1391 1090 fulgura,
1425 1020 1480 1071 et
1511 1015 1698 1081 ibunt,
1731 1017 1787 1068 et
1808 1015 2094 1067 reverten-

446 1114 533 1170 tia
562 1112 756 1168 dicent
782 1110 905 1166 tibi.
938 1107 1283 1164 Adsumus?
1308 1128 1336 1155 »
1368 1108 1431 1160 In
1458 1104 1553 1159 his
1576 1101 1949 1159 sermonibus
1970 1101 2092 1169 Dei,

450 1203 657 1260 adesse
678 1199 875 1256 virtuti
907 1198 1034 1268 ejus
1064 1195 1421 1251 credendum
1465 1197 1553 1249 est
1585 1207 1947 1265 quaecunque
1994 1207 2092 1245 vo-

445 1290 642 1357 luerit,
675 1288 767 1345 cui
788 1288 961 1343 etiam
996 1284 1193 1341 omnia
1225 1281 1614 1347 insensibilia,
1646 1280 1814 1352 quasi
1843 1279 2092 1335 sensibi-

442 1380 524 1437 iia
568 1383 745 1447 sunt;
798 1376 949 1432 sicut
1007 1374 1148 1430 dicit
1203 1372 1524 1445 Propheta:
1587 1372 1625 1425 A
1669 1371 1816 1443 facie
1872 1369 2097 1424 Domini

441 1473 706 1526 commota
737 1470 814 1522 est
843 1470 1011 1534 terra,
1043 1482 1077 1520 a
1121 1464 1264 1535 facie
1320 1464 1420 1517 Dei
1475 1461 1635 1517 Iacob
1691 1459 1873 1529 (Psal.
1929 1475 2089 1526 CXIII,

441 1559 518 1631 7).
553 1556 781 1614 Reverti
812 1558 1008 1610 autem
1043 1553 1277 1625 fulgura
1328 1551 1458 1606 ideo
1505 1546 1898 1622 appellantur,
1955 1548 2096 1619 quia

441 1648 541 1703 isti
576 1646 893 1702 mittuntur
931 1660 965 1699 a
1021 1647 1155 1713 Deo,
1217 1646 1283 1697 ut
1343 1638 1752 1710 pradicatione
1797 1635 2093 1708 Evangelii

443 1736 735 1793 mundum
760 1732 1120 1802 illuminent,
1149 1730 1367 1801 quibus
1390 1727 1677 1783 Dominus
1696 1727 1778 1782 ait
1801 1742 1813 1781 :
1845 1728 1942 1782 Vos
1965 1727 2094 1781 estis

443 1826 543 1881 tua:
569 1823 766 1879 mundi
820 1821 1028 1891 (Matth.
1098 1819 1207 1891 14).
1263 1818 1334 1873 Et
1390 1817 1631 1873 iterum:
1690 1817 1884 1871 Posuit
1937 1819 1987 1871 te
2034 1817 2093 1870 in

2204 654 2391 711 multo
2417 654 2585 710 aliter
2614 656 3015 729 interpretatio
3045 656 3240 723 habet,
3300 658 3400 728 qui
3454 657 3535 713 ita
3583 659 3857 715 dixerunt

2206 746 2337 813 Quis
2366 745 2510 800 dedit
2537 747 2867 800 mulieribus
2897 755 3136 803 textura?
3161 749 3509 818 sapientiam,
3567 758 3617 804 et
3666 753 3853 806 varie-

2203 839 2379 889 talum
2406 837 2703 890 scientiam
2727 839 2751 888 γ
2787 836 2845 889 Si
2881 836 3185 891 scientiam
3227 837 3596 908 varietatum,
3629 845 3687 895 et
3727 846 3850 896 tex-

2203 923 2340 978 trini
2373 924 2565 995 operis
2596 924 2946 995 sapientiam
2983 941 3016 979 a
3043 925 3161 980 Deo
3192 925 3326 980 sola:
3360 926 3637 983 mulieres
3687 947 3850 985 acce-

2205 1018 2439 1085 perunt,
2472 1015 2542 1068 de
2573 1014 2788 1085 quibus
2811 1014 3029 1069 dicitur
3049 1033 3067 1070 :
3100 1015 3207 1070 Sed
3235 1018 3495 1071 mulieres
3541 1018 3711 1075 docta:
3751 1021 3848 1075 de-

2202 1103 2421 1171 derunt,
2452 1119 2579 1173 qum
2632 1112 2898 1159 noverant
2950 1106 3011 1158 in
3069 1121 3202 1177 opus
3255 1106 3602 1161 tabernaculi
3655 1110 3845 1180 (Exod.

2202 1208 2368 1261 xxxv,
2398 1194 2526 1264 25):
2563 1192 2633 1247 de
2663 1192 2938 1264 qualibus
2969 1199 3025 1249 et
3058 1194 3343 1250 Dominus
3367 1195 3474 1250 hoc
3505 1195 3650 1263 loco,
3679 1199 3848 1270 quasi

2203 1280 2535 1351 specialiter
2560 1282 2680 1337 ait:
2714 1283 2853 1347 Quis
2884 1283 3043 1338 dedit
3076 1283 3421 1339 mulieribus
3467 1290 3705 1342 textura:
3754 1305 3848 1343 sa-

2203 1369 2504 1441 pientiam,
2537 1377 2594 1426 et
2634 1372 2981 1427 varietatum
3043 1374 3399 1429 scientiam?
3440 1374 3739 1439 Quomodo
3786 1377 3847 1432 in

2204 1461 2396 1517 Exodo
2424 1459 2675 1516 Beseleel
2704 1466 2761 1516 et
2790 1461 3031 1517 Oholiab
3064 1464 3433 1519 sacerdotum
3473 1470 3531 1520 et
3586 1466 3852 1522 taberna-

2202 1549 2319 1606 culi
2351 1550 2701 1606 vestimenta
2729 1551 2888 1606 vario
2921 1568 2986 1606 ac
3012 1552 3380 1624 polymitario
3428 1570 3601 1626 opere
3647 1562 3849 1611 texue-

2204 1644 2343 1695 runt
2389 1640 2583 1711 (Exod.
2644 1644 2893 1707 xxxv1,8
2925 1645 3093 1713 seqq.)
3148 1642 3492 1699 Noverimus
3542 1660 3676 1717 ergo
3720 1662 3849 1703 esse

2203 1729 2430 1785 animas
2454 1734 2707 1797 sanctas,
2732 1746 2860 1801 quae
2883 1729 2989 1787 hoc
3012 1748 3158 1803 opus
3180 1732 3471 1788 efﬁciendi
3499 1733 3673 1789 etiam
3692 1752 3846 1790 nunc

2201 1819 2263 1874 in
2294 1818 2541 1874 historia
2570 1835 2674 1891 per
2704 1818 3153 1891 intelligentiam
3180 1821 3423 1892 spiritus
3471 1830 3843 1896 acceperunt:

448 1915 628 1970 lucem
653 1911 924 1981 gentium,
953 1912 1016 1964 ut
1033 1911 1112 1965 sis
1142 1910 1199 1963 in
1231 1908 1463 1962 salutem
1491 1922 1667 2005 usque
1714 1904 1788 1960 ad
1832 1905 2091 1960 ultimum
2124 1940 2172 2005 Β
2202 1908 2418 1980 quibus
2444 1907 2649 1980 utique
2680 1908 2832 1963 sicut
2860 1909 3145 1980 scriptum
3186 1916 3274 1965 est
3302 1927 3315 1966 :
3349 1911 3504 1967 Dedit
3559 1918 3705 1968 Deus
3756 1932 3846 1969 sa-

446 2009 615 2057 terrae
644 2000 772 2071 (Isa.
821 2014 971 2067 xux,
993 1998 1052 2064 6)
1081 2013 1095 2050 :
1128 2000 1184 2051 et
1222 1994 1282 2050 in
1323 1994 1437 2049 ﬁne
1496 1992 1693 2048 saeculi
1742 1997 2094 2048 revertentes
2124 1992 2171 2005 "
2196 1999 2469 2070 pientiam
2498 2001 2547 2052 et
2578 1997 3033 2069 intelligentiam,
3066 1999 3329 2070 quidquid
3347 2002 3512 2056 etiam
3542 2002 3697 2072 [abre
3742 2004 3844 2058 ad-

446 2106 581 2145 cum
639 2086 928 2143 fructibus
980 2083 1418 2157 manipulorum
1462 2099 1703 2139 suorum
1753 2082 1988 2138 venient
2034 2081 2094 2135 in

445 2176 796 2235 exultatione
853 2173 1029 2245 (Psal.
1091 2191 1253 2241 cxxv,
1304 2173 1382 2243 6),
1442 2177 1499 2228 et
1545 2171 1775 2227 dicent:
1847 2172 2096 2241 Quinque

445 2269 655 2324 talenta
684 2265 828 2321 mihi
856 2262 1183 2331 tradidisti;
1229 2278 1349 2318 ecce
1394 2262 1513 2317 alia
1558 2264 1800 2334 quinque
1846 2262 2094 2317 lucratus

442 2374 566 2413 sum
596 2355 807 2429 (Matth.
830 2372 959 2410 xxv.
981 2355 1096 2423 20).
1129 2352 1259 2407 Sive
1300 2350 1536 2425 fulgura
1558 2356 1698 2406 sunt
1754 2350 2091 2422 inspiratio-

444 2463 550 2503 nes
572 2445 804 2509 divinae,
835 2443 1053 2516 quibus
1077 2441 1494 2497 illuminantur
1523 2441 1699 2496 corda
1731 2444 2092 2504 sanctorum,

444 2540 511 2592 ut
541 2536 626 2591 eis
664 2532 930 2591 accensis
962 2531 1020 2587 in
1052 2547 1249 2587 amore
1280 2530 1585 2586 eharitatis
1614 2528 1827 2585 Christi
1877 2529 2093 2584 conﬁa-

434 2630 624 2699 grent.
657 2624 787 2681 Haec
819 2627 1014 2678 autem
1077 2620 1312 2692 fulgura
1350 2618 1800 2674 illuminationis
1854 2618 1954 2673 Dei
2000 2635 2092 2673 re-

430 2718 734 2771 vertentur
766 2713 837 2768 ad
869 2712 1075 2782 Deum,
1109 2710 1210 2783 qui
1242 2726 1309 2765 ea
1339 2709 1409 2765 ad
1442 2708 1803 2764 desiderium
1848 2707 1939 2763 sui
1988 2724 2091 2763 ex-

435 2803 737 2859 citandum
768 2800 1067 2869 emiserat,
1097 2799 1333 2870 quando
1365 2815 1468 2870 per
1505 2799 1771 2853 eamdem
1811 2796 2094 2852 visitatio-

440 2909 578 2949 nem
609 2890 869 2947 divinam
900 2887 1129 2945 ardenti
1162 2886 1358 2942 animo
1388 2890 1445 2941 et
1475 2885 1714 2941 ferventi
1769 2902 1916 2957 opus
1970 2902 2090 2940 suae

437 2979 893 3037 illuminationis
932 2978 1271 3033 effecerunt.

515 3069 657 3136 Quis
689 3066 888 3141 posuit
915 3066 975 3121 in
1024 3065 1347 3121 visceribus
1398 3063 1655 3120 hominis
1714 3064 2090 3137 sapientiam,

442 3156 534 3213 vel
564 3156 698 3229 quis
729 3154 889 3209 dedit
919 3153 1074 3226 gallo
1107 3152 1554 3225 intelligentiam
1577 3152 1646 3207 Ῡ»
1715 3152 2091 3208 Manifestum

446 3251 535 3303 est
565 3244 717 3317 quod
753 3243 946 3311 homo,
982 3243 1214 3314 quando
1237 3243 1308 3297 ad
1342 3241 1655 3315 imaginem
1680 3247 1736 3297 et
1755 3241 2093 3298 similitudi-

2202 2087 2446 2142 inveniri
2472 2090 2663 2158 potest,
2696 2086 2841 2141 dedit
2881 2089 2941 2141 in
2986 2090 3149 2143 corde
3194 2105 3381 2144 eorum
3438 2090 3593 2161 (Ibid.
3629 2092 3700 2163 1).
3752 2092 3845 2148 Sic

2202 2176 2400 2247 itaque
2430 2174 2634 2247 repleti
2667 2181 2805 2231 sunt
2835 2176 3043 2248 spiritu
3079 2177 3399 2250 sapientiae,
3434 2185 3491 2235 et
3523 2179 3846 2254 intelligen-

2201 2264 2316 2335 tite,
2349 2268 2406 2321 et
2434 2265 2730 2336 sapientiae
2763 2265 2852 2321 vel
2884 2266 3161 2333 scientiae,
3192 2272 3249 2322 et
3277 2269 3435 2323 omni
3460 2270 3723 2326 doctrina
3773 2273 3843 2327 ad

2202 2355 2649 2427 excogitandum
2682 2359 2738 2409 et
2768 2355 3102 2411 faciendum
3134 2373 3306 2413 omne
3350 2376 3520 2431 opus,
3570 2361 3844 2431 quoniam

2203 2443 2646 2499 tabernaculum
2688 2443 2831 2499 illud
2865 2444 3033 2516 legis,
3068 2451 3279 2501 sanctae
3326 2446 3592 2504 Ecclesiae
3640 2450 3849 2521 imagi-

2203 2550 2336 2589 nem
2372 2534 2727 2605 praeferebat.
2761 2534 3037 2590 Dicamus
3070 2536 3140 2590 de
3171 2536 3281 2591 hac
3319 2538 3559 2594 veritate
3590 2556 3844 2609 morum,

2203 2622 2322 2678 sive
2354 2623 2698 2678 meritorum
2730 2623 2885 2678 velut
2915 2629 3137 2680 vestem
3168 2642 3299 2681 vero
3330 2626 3623 2683 Salomoni
3681 2628 3849 2684 mini-

2202 2712 2540 2780 strantium,
2574 2712 2729 2783 quod
2756 2729 2857 2784 per
2888 2714 3133 2784 ﬁguram
3166 2717 3368 2788 regina
3397 2717 3549 2773 Saba
3578 2717 3724 2773 dixit
3750 2719 3850 2775 Sa-

2201 2802 2443 2872 lomoni,
2476 2818 2609 2856 cum
2643 2801 3029 2859 admiratione
3051 2802 3300 2859 laudans
3321 2805 3671 2878 sapientiam
3694 2809 3843 2879 ejus,

2203 2896 2259 2948 et
2290 2893 2553 2959 domum,
2577 2890 2759 2957 cibos,
2780 2890 3133 2964 habitacula,
3160 2899 3215 2948 et
3239 2910 3535 2950 servorum
3560 2897 3844 2963 ordinem,

2199 2985 2389 3037 vestes
2428 2987 2481 3035 et
2513 2978 2840 3048 ministros,
2871 2984 2927 3035 et
2965 2980 3322 3053 holocausta,
3355 3002 3483 3056 quae
3530 2985 3849 3042 offerebant

2200 3069 2259 3124 in
2320 3070 2493 3124 domo
2557 3068 2781 3123 Domini
2842 3069 3209 3126 continenter
3257 3072 3357 3142 (111
3407 3074 3529 3143 Reg.
3596 3091 3651 3129 x.
3704 3076 3841 3146 1-9),

2202 3158 2352 3213 hanc
2384 3157 2711 3214 ofﬁciorum
2744 3158 3078 3213 varietatem
3112 3165 3443 3216 contextam
3476 3178 3605 3218 esse
3638 3180 3738 3235 per
3767 3164 3848 3218 di-

2203 3264 2402 3303 versas
2424 3248 2481 3302 in
2515 3251 2636 3302 toto
2669 3248 2888 3303 mundo
2921 3247 3228 3315 Ecclesias,
3248 3267 3348 3322 per
3369 3269 3515 3323 quas
3539 3251 3673 3307 alibi
3709 3270 3839 3309 cons

447 3315 714 3392 nemiDei
748 3334 935 3389 factus
967 3337 1056 3388 est
1085 3332 1238 3403 (Gen.
1273 3349 1312 3399 1,
1357 3333 1472 3402 27),
1525 3331 1873 3403 sapientiam
1916 3332 2090 3387 ratio-
2123 3315 2166 3382 α
2198 3336 2410 3409 jugati,
2459 3335 2597 3391 alibi
2656 3336 3043 3404 continentes,
3104 3315 3263 3392 alibi-
3300 3315 3588 3412 virgines:
3639 3340 3695 3395 hi
3749 3359 3851 3413 per

447 3426 539 3481 nis
561 3422 802 3496 accepit,
829 3426 893 3477 ut
915 3426 1217 3493 praestaret
1238 3421 1460 3477 caeteris
1509 3420 1928 3489 animantibus,
1964 3439 2089 3494 quae

445 3514 668 3570 ratione
694 3516 750 3567 et
779 3509 1090 3583 prudentia
1121 3514 1338 3565 carent.
1373 3508 1595 3573 Quibus
1624 3514 1821 3565 autem
1864 3510 2032 3565 bonis
2058 3528 2093 3565 a

382 3670 385 3679 γ
446 3604 558 3659 Deo
587 3601 765 3657 homo
796 3592 1047 3655 donatus
1076 3599 1189 3655 sit:
1222 3598 1497 3654 lectorem
1523 3600 1594 3654 ad
1626 3616 1723 3655 eos
1754 3599 2090 3655 transmitte

448 3692 549 3763 qui
580 3691 652 3746 de
680 3690 833 3744 bono
882 3693 1128 3756 naturae,
1179 3690 1425 3760 ejusque
1468 3688 1782 3744 virtutibus
1828 3687 2094 3760 plurima

446 3778 942 3851 conscripserunt.
972 3776 1135 3832 Gallo
1165 3777 1340 3833 etiam
1364 3776 1682 3849 gallinaceo
1703 3783 1855 3833 Deus
1886 3777 2091 3851 hujus-

451 3868 609 3925 modi
658 3883 899 3924 sensum
948 3867 1129 3935 dedit,
1175 3874 1236 3921 ut
1288 3883 1525 3922 emenso
1575 3868 1760 3922 noctis
1808 3872 2089 3940 tempore,

451 3956 621 4031 quasi
651 3954 924 4030 proximae
954 3954 1103 4013 lucis
1132 3972 1378 4023 memor,
1432 3956 1696 4011 eamdem
1730 3958 1949 4013 mundo
1998 3975 2093 4013 ca-

450 4063 596 4103 nens
627 4044 936 4103 annuntiat
964 4049 1368 4101 revertentem.
1403 4046 1736 4101 Secundum
1769 4046 2095 4120 intelligen-

450 4136 595 4192 tiam
625 4151 759 4192 vero
802 4133 1168 4207 spiritualem
1226 4135 1307 4190 ita
1350 4134 1719 4190 sentiendum
1778 4141 1902 4191 est:
1953 4152 2098 4207 quo-

454 4226 613 4282 niam
635 4225 901 4281 Christus
923 4224 1021 4279 Dei
1038 4228 1129 4280 est
1154 4224 1340 4279 virtus
1363 4224 1583 4295 Deique
1597 4224 1887 4296 sapientia
1907 4224 1946 4292 (l
1976 4225 2098 4279 Cor.

452 4333 494 4384 1,
525 4317 637 4388 2/1).
661 4315 826 4370 Hunc
851 4314 1019 4369 Pater
1040 4313 1099 4368 in
1120 4313 1440 4369 visceribus
1461 4313 1719 4369 hominis
1760 4314 1990 4385 posuit:
2017 4314 2101 4369 sic

454 4406 611 4461 enim
632 4404 732 4461 Dei
754 4403 1042 4475 sapientia
1070 4402 1169 4475 qui
1194 4407 1285 4458 est
1305 4401 1486 4457 Filius
1506 4402 1655 4473 ejus,
1680 4402 1782 4467 ait,
1806 4419 1939 4457 cum
1966 4419 2101 4458 eum

451 4495 659 4550 Petrus
692 4492 902 4548 Filium
956 4492 1050 4547 Dei
1102 4492 1406 4547 confessus
1454 4491 1682 4558 fuisset,
1743 4491 1983 4547 dicens:
2034 4492 2105 4546 Tu

453 4599 506 4639 es
539 4583 793 4639 Christus
842 4582 1017 4637 Filius
1053 4582 1151 4636 Dei
1196 4582 1328 4636 vivi.
1364 4585 1486 4637 Non
1534 4582 1643 4635 tibi
1699 4582 1959 4636 revelavit
2004 4580 2107 4637 hoc

2201 3426 2622 3497 eleemosynas.
2651 3423 2729 3479 illi
2758 3442 2859 3496 per
2883 3425 3291 3481 alienationem
3320 3428 3582 3483 omnium
3612 3430 3851 3484 faculta-

2202 3521 2372 3571 tuum
2400 3532 2413 3569 :
2445 3513 2528 3568 illi
2560 3531 2662 3586 per
2695 3530 2951 3583 crucem,
2982 3520 3038 3569 et
3069 3515 3574 3573 mortiﬁcationem
3599 3523 3849 3573 terrena-

2202 3622 2332 3660 rum
2366 3603 2779 3675 cupiditatum,
2808 3602 2888 3656 illi
2941 3621 3045 3677 per
3073 3605 3377 3660 scientiam
3412 3606 3841 3679 Scripturarum

2202 3692 2634 3764 multiplicibus
2673 3692 2861 3746 sancti
2890 3691 3145 3763 Spiritus
3177 3693 3398 3764 gratiis,
3424 3695 3580 3750 velut
3600 3696 3847 3752 diversis

2201 3782 2499 3839 coloribus
2529 3780 2742 3835 Christi
2777 3796 2989 3851 corpus
3022 3788 3322 3848 exornant,
3356 3782 3588 3856 sibique
3617 3790 3842 3840 aeternae

2204 3872 2400 3946 gloria:
2459 3874 2515 3924 et
2570 3867 3030 3923 immortalitatis
3087 3869 3433 3924 vestimenta
3508 3874 3849 3929 conﬁciunt.

2204 3962 2528 4017 Contexunt
2557 3958 2729 4012 etiam
2763 3956 3013 4027 perfecto
3058 3956 3352 4012 intellectu
3387 3958 3561 4014 ﬁdem
3595 3962 3850 4017 Trinita-

2205 4051 2304 4118 tis,
2336 4046 2493 4102 velut
2523 4049 2787 4117 spartum
2822 4043 3029 4116 triplex
3058 4046 3212 4116 quod
3247 4062 3361 4101 non
3388 4048 3502 4103 cito
3533 4050 3852 4120 rumpitur.

2208 4133 2560 4207 Hujusmodi
2617 4133 2965 4189 vestimenta
3020 4134 3145 4189 istae
3194 4135 3528 4206 spirituales
3577 4136 3856 4194 mulieres

2210 4227 2545 4298 operantur,
2579 4223 2633 4277 id
2670 4227 2777 4293 est,
2812 4223 2931 4277 sive
2953 4228 3165 4277 sancta:
3198 4226 3425 4290 animae,
3448 4224 3566 4280 sive
3589 4225 3858 4282 Ecclesiae

2212 4331 2315 4387 per
2344 4313 2571 4368 diversa
2601 4313 2903 4384 regionum
2938 4313 3128 4384 spatia
3158 4314 3506 4369 constitutae.

2286 4427 2311 4452 ((
2344 4402 2485 4468 Quis
2516 4403 2812 4457 enarrabit
2842 4401 3120 4457 cmlorum
3153 4404 3463 4470 rationem,
3512 4410 3568 4458 et
3616 4420 3859 4459 concen-

2212 4498 2339 4548 tum
2368 4491 2495 4547 οωΙί
2526 4492 2660 4564 quis
2710 4492 2964 4547 dormire
2998 4492 3214 4547 faciet?
3241 4511 3268 4542 ιι
3305 4496 3535 4547 Certum
3569 4497 3677 4563 est,
3717 4493 3860 4563 quia

2216 4581 2417 4638 nullus
2448 4580 2723 4637 caelorum
2769 4581 3077 4651 rationem,
3136 4580 3223 4635 vel
3265 4580 3568 4636 stellarum
3618 4599 3859 4637 cursum

458 4687 588 4727 caro
616 4674 667 4727 et
711 4672 958 4742 sanguis,
1014 4670 1108 4726 sed
1154 4674 1322 4725 Pater
1368 4686 1524 4725 meus
1576 4671 1675 4741 qui
1722 4673 1801 4725 est
1844 4672 1905 4725 in
1958 4672 2106 4726 caelis
2134 4686 2181 4751 D
2215 4671 2426 4744 poterit
2456 4676 2559 4726 aut
2587 4687 2854 4726 sermone
2885 4684 3145 4733 narrare,
3176 4676 3278 4723 aut
3309 4674 3501 4725 mente
3533 4671 3858 4742 concipere.

458 4758 683 4834 (Matth.
716 4776 828 4827 xvr,
860 4760 1077 4832 16,17).
1112 4760 1177 4814 Et
1206 4759 1505 4832 apostolus
1532 4777 1545 4815 :
1580 4759 1714 4815 Cum
1736 4764 1921 4815 autem
1949 4776 2101 4815 eom-

447 4850 666 4923 placuit
691 4850 761 4917 ei,
794 4850 890 4921 qui
916 4865 1004 4904 me
1030 4852 1341 4923 segregavit
1370 4865 1440 4904 ea:
1491 4852 1642 4905 utero
1696 4851 1890 4904 matris
1938 4865 2101 4918 meae,

455 4944 507 4996 et
535 4940 744 4995 vocavit
761 4940 823 4993 in
869 4940 1052 5008 gratia
1107 4954 1229 5004 sua,
1263 4947 1324 4993 ut
1363 4939 1635 4994 reuelaret
1690 4940 1893 4994 Filium
1940 4956 2105 4994 suum

461 5026 868 5100 inme(Galat.
922 5045 960 5094 1,
1013 5028 1099 5095 15,
1153 5028 1260 5099 16).
1321 5025 1555 5083 Gallum
1604 5043 1737 5082 vero
1791 5032 1934 5099 puto
1977 5043 2107 5083 esse

460 5132 950 5189 unumquemque
991 5120 1349 5187 sanctorum,
1385 5115 1485 5187 qui
1518 5116 1575 5170 in
1628 5121 1795 5172 nocte
1833 5123 1890 5171 et
1945 5121 2106 5171 tene-

458 5208 584 5264 bris
614 5207 792 5279 hujus
825 5204 1053 5273 mundi,
1086 5204 1383 5276 accipiunt
1412 5204 1611 5271 ﬁdem,
1633 5204 2108 5278 intelligentiam,

462 5302 519 5354 et
546 5295 781 5352 virtutis
812 5295 1205 5350 constantiam
1239 5293 1530 5349 clamandi
1565 5294 1633 5348 ad
1669 5294 1875 5361 Deum,
1922 5296 1987 5347 ut
2018 5295 2109 5347 in-

458 5385 641 5460 spiret
660 5385 784 5456 jam
820 5383 945 5440 dies
976 5399 1329 5455 permanens
1362 5389 1420 5438 et
1447 5387 1830 5439 amoveantur
1887 5382 2109 5436 umbrae

457 5476 588 5529 vitae
624 5473 948 5546 praesentis,
982 5489 1117 5528 cum
1150 5472 1379 5545 urgenti
1408 5478 1465 5527 et
1523 5470 1809 5543 frequenti
1838 5470 2112 5526 ‘clamore

462 5577 704 5634 precum
734 5577 975 5616 suarum
1007 5561 1300 5616 dicentes:
1363 5561 1562 5614 Emitte
1617 5560 1797 5613 lucem
1858 5567 2029 5625 tuam,
2061 5564 2112 5614 et

462 5651 757 5727 veritatem
786 5657 937 5705 tuam
966 5650 1134 5721 (Psat.
1167 5667 1304 5717 xm,
1337 5649 1414 5719 3).
1448 5648 1611 5712 Quod
1642 5652 1701 5702 et
1730 5647 1800 5702 de
1855 5647 2112 5719 prophe-

464 5738 543 5796 tis
574 5735 896 5809 intelligere
924 5755 1264 5811 possumus,
1295 5737 1398 5812 qui
1428 5736 1692 5795 certatim
1726 5736 2109 5793 annuntiave-

2214 4761 2376 4825 Quod
2408 4764 2641 4814 autem:
2709 4759 3068 4813 Concentum
3120 4757 3246 4812 coeli
3300 4759 3433 4829 quis
3470 4756 3724 4813 dormire
3778 4761 3862 4813 fa-

2214 4849 2367 4904 ciet?
2399 4848 2600 4902 multis
2631 4847 3061 4918 Scripturarum
3097 4846 3239 4902 locis
3269 4846 3508 4903 laudare
3539 4852 3718 4903 Deum
3751 4848 3864 4903 ele-

2216 4941 2413 4992 menta
2441 4935 2740 5001 dicuntur,
2775 4952 2877 5008 pro
2909 4952 2973 4989 eo
2997 4937 3150 5006 quod
3184 4937 3242 4991 in
3275 4936 3507 4992 illorum
3540 4938 3869 5007 dispositio-

2216 5042 2290 5081 ne
2319 5042 2385 5081 ac
2433 5023 2875 5097 pulchritudine
2934 5025 3107 5093 Deus,
3147 5025 3235 5080 vel
3272 5027 3343 5081 ab
3375 5026 3735 5093 hominibus,
3775 5027 3864 5082 vel

2218 5116 2290 5171 ab
2320 5114 2544 5186 angelis
2578 5113 2941 5185 prmdicetur.
2976 5115 3036 5168 Id
3068 5118 3175 5180 est,
3211 5116 3349 5186 quia
3373 5115 3637 5171 homines
3659 5116 3716 5170 in
3740 5116 3870 5187 ejus

2218 5202 2496 5259 laudibus
2528 5203 2728 5269 vitam,
2784 5208 3115 5257 exercentes
3147 5205 3425 5274 dormire,
3460 5205 3513 5259 id
3545 5212 3652 5269 est,
3705 5206 3870 5275 quie-

2220 5309 2380 5348 scere
2432 5292 2647 5347 faciet?
2677 5298 2784 5346 Pro
2815 5291 2925 5345 hoc
2958 5293 3153 5363 itaque
3203 5293 3444 5358 honore,
3491 5293 3590 5365 qui
3639 5294 3711 5349 ab
3764 5294 3871 5347 Ee-

2220 5381 2408 5437 clesim
2441 5381 2887 5451 congregatione
2918 5381 3305 5451 persolvitur:
3343 5385 3475 5454 quis
3505 5382 3654 5437 alius
3694 5400 3871 5454 quam

2220 5470 2346 5541 ipse
2369 5470 2629 5540 requiem
2653 5468 2813 5523 dabit
2836 5486 2899 5523 ac
2935 5470 3298 5541 refrigerium
3325 5473 3379 5526 in
3406 5472 3875 5542 sempiternum?

2222 5559 2505 5612 Dormitio
2535 5559 2689 5612 enim
2726 5556 3040 5627 aliquando
3072 5561 3128 5613 in
3163 5560 3479 5632 Scripturis
3513 5561 3741 5630 requies
3779 5561 3872 5612 in-

2222 5647 2529 5718 telligitur,
2567 5651 2631 5701 ut
2664 5646 2843 5701 Isaias
2870 5649 3151 5720 propheta
3183 5650 3282 5721 ait,
3339 5651 3569 5705 Iustitia
3612 5650 3875 5704 dormivit

2222 5751 2284 5790 in
2328 5752 2391 5791 ea
2420 5737 2549 5807 (Isa.
2591 5752 2631 5803 1,
2680 5736 2810 5804 21):
2864 5737 2922 5792 id
2974 5744 3081 5810 est,
3140 5740 3199 5793 in
3256 5736 3585 5795 Jerusalem
3629 5738 3873 5812 aequitas
