4220 6572
294 406 415 475 809

1296 414 1813 477 COMMENTAR.
1858 413 1936 475 IN
1977 412 2138 481 30B.
2185 415 2355 477 CAP.
2404 416 2730 478 XXXVIII.

3583 415 3709 478 810.

288 545 535 618 justitize
567 544 867 618 requievit,
899 561 1057 603 nunc
1104 550 1302 605 autem
1338 547 1666 605 homicidas.
1699 548 1769 603 Et
1798 563 1939 603 san-
1966 548 2024 615 Α
2054 545 2196 605 locis
2211 548 2641 620 Scripturarum
2665 552 2898 621 propter
2916 548 3196 606 saevitiam
3219 552 3275 605 et
3295 548 3697 607 fortitudinem

297 640 428 693 ctus
459 635 722 707 quidam,
752 651 931 707 super
959 652 1132 707 quem
1182 635 1479 709 signatum
1524 637 1715 693 fuerat
1740 635 1941 692 lumen

296 724 502 781 vultus
544 723 793 792 Domini,
825 724 907 780 ait
950 723 1013 779 in
1054 723 1300 795 psalmo,
1330 728 1393 782 In
1437 742 1572 798 pace
1602 727 1662 781 in
1701 726 1942 797 idipsum

297 816 587 884 dormiam,
618 821 669 869 et
714 815 1055 884 requiescam
1104 814 1279 886 (Psal.
1328 832 1406 883 ιν,
1435 815 1513 885 9).
1548 815 1690 871 Item
1738 814 1798 870 in
1829 814 1941 870 alio

297 904 447 972 loco,
478 902 539 958 Si
564 903 871 969 dormiatis,
901 902 1114 974 inquit,
1146 905 1291 959 inter
1319 904 1527 960 medios
1564 904 1733 959 clero:
1764 904 1939 975 (Psal.

299 1011 470 1064 van,
504 993 612 1061 12),
643 992 701 1047 id
733 996 842 1060 est,
873 990 1027 1047 inter
1054 996 1241 1053 sortes
1271 993 1520 1049 duorum
1545 994 1942 1049 Testamento-

296 1100 429 1139 rum
459 1080 864 1154 requiescatis.
896 1081 966 1136 Et
995 1086 1342 1139 concentum
1364 1082 1492 1139 cmli
1526 1082 1657 1154 quis
1690 1080 1944 1138 dormire

296 1172 513 1229 faciet?
542 1172 792 1227 Sanctos
824 1170 1061 1242 angelos
1094 1170 1519 1243 intelligamus,
1552 1172 1652 1243 qui
1682 1188 1787 1243 pro
1816 1170 1946 1243 ipsa

297 1260 658 1318 habitatione
687 1260 816 1316 οωιί
847 1260 1058 1316 cmlum
1113 1260 1249 1316 dicti
1277 1265 1417 1316 sunt
1467 1278 1569 1332 per
1598 1260 1944 1334 prophetam

296 1351 406 1408 hoc
452 1351 645 1418 modo,
697 1350 902 1405 Caelum
948 1350 1070 1404 caeli
1126 1351 1354 1406 Domino
1402 1350 1573 1422 (Psal.
1625 1366 1784 1416 cxm,
1834 1350 1941 1415 16).

296 1440 486 1511 Hujus
535 1439 714 1512 igitur
759 1438 887 1496 coeli
935 1442 1304 1507 concentum,
1356 1438 1440 1495 ait
1470 1439 1775 1505 Dominus,
1810 1438 1944 1513 quis

297 1529 555 1585 dormire
583 1528 777 1595 faciet,
807 1529 866 1584 id
896 1532 1004 1600 est,
1037 1529 1173 1601 quis
1203 1528 1315 1584 erit
1344 1528 1440 1585 ille
1472 1528 1579 1601 qui‘
1621 1545 1721 1584 eos
1752 1544 1787 1583 a
1815 1545 1943 1600 per-

297 1617 495 1690 petuis
536 1616 832 1688 laudibus,
866 1617 1085 1690 quibus
1134 1634 1227 1674 me
1275 1618 1649 1689 benedicunt,
1681 1621 1944 1685 sanctus,

299 1710 561 1776 sanctus,
594 1710 832 1764 sanctus
860 1706 1162 1776 Dominus,
1189 1706 1618 1764 incessabiliter
1641 1707 1948 1763 concinen-

297 1799 388 1853 tes
436 1797 564 1867 (lea.
594 1813 672 1864 vr,
701 1796 778 1867 3),
812 1800 878 1853 ut
923 1801 1143 1865 essent,
1184 1800 1243 1852 et
1291 1796 1461 1870 quasi
1510 1796 1948 1853 obdermientes

299 1885 487 1959 possit
515 1885 781 1943 inhibere
800 1886 829 1940 ‘l
855 1885 996 1951 Quis
1016 1885 1280 1942 narrabit
1306 1884 1588 1942 ccclorum
1618 1885 1905 1942 rationem
1920 1885 1948 1941 ‘t

300 1977 368 2031 Et
414 1975 602 2037 sancti
657 1973 939 2032 caelorum
988 1974 1226 2031 nomine
1271 1974 1473 2031 crebro
1524 1974 1824 2043 dicuntur,
1875 1975 1948 2031 de

300 2064 518 2137 quibus
565 2064 892 2122 secundum
940 2064 1220 2137 mysticos
1277 2062 1614 2123 intellectus
1660 2064 1949 2138 propheta

296 2152 671 2223 vaticinatur,
689 2151 921 2209 dicens:
939 2154 1078 2210 Gali
1094 2161 1363 2213 enarrem
1386 2155 1625 2225 gloriam
1648 2156 1750 2211 Dei
1770 2154 1944 2226 (Psal.

298 2259 459 2308 xvm,
496 2242 574 2313 2).
619 2241 840 2298 Horum
891 2241 1070 2315 igitur
1115 2241 1481 2312 donationes,
1535 2260 1684 2315 quas
1732 2242 1951 2299 habent

299 2331 625 2388 secundum
656 2330 759 2387 Dei
785 2330 1035 2403 gratiam
1062 2330 1432 2400 differentes;
1466 2331 1599 2403 quis
1620 2332 1834 2405 poterit
1859 2332 1950 2389 vel

298 2419 491 2493 ipsam
519 2419 655 2476 ﬁdei
684 2419 950 2492 ipsorum
982 2437 1218 2477 narrare
1248 2421 1534 2477 rationem
1556 2420 1584 2475 ‘l

372 2560 401 2603 α
435 2552 676 2618 Quando
724 2552 1084 2608 fundabatur
1128 2551 1322 2625 pulvis
1350 2553 1410 2608 in
1459 2555 1634 2624 terra,
1668 2556 1726 2607 et
1772 2550 1951 2626 glebae

300 2641 870 2714 compingebantur‘l
919 2664 948 2691 »
997 2641 1193 2697 Pulvis
1241 2642 1311 2697 de
1359 2659 1474 2714 quo
1524 2641 1809 2698 Dominus
1848 2642 1949 2710 ait,

302 2731 568 2804 gentium
619 2730 1025 2787 infidelitatem
1074 2731 1311 2804 signat:
1347 2731 1538 2805 pulvis
1583 2732 1786 2802 utique
1837 2732 1951 2787 ari-

301 2820 433 2887 dus,
473 2823 530 2875 et
559 2818 786 2874 solutus
817 2819 1199 2875 fundamento
1228 2820 1289 2875 in
1319 2819 1579 2876 Ecclesia
1630 2820 1952 2893 apostolico

302 2908 678 2977 admiscetur,
737 2914 807 2965 ut
861 2926 965 2981 per
1019 2910 1196 2965 ﬁdem
1254 2914 1313 2965 et
1359 2908 1783 2983 colligationes,
1834 2910 1955 2965 sive

303 2997 678 3071 compagines
709 2997 1032 3065 charitatis,
1062 2997 1482 3071 conglutinatio
1504 2999 1564 3053 in
1596 2997 1824 3054 Christo
1851 2999 1952 3054 fm-

301 3087 437 3143 dere
468 3087 702 3143 unionis
732 3091 791 3143 et
838 3086 1019 3159 pacis,
1052 3086 1114 3142 in
1162 3092 1546 3159 augmentum
1577 3087 1680 3142 Dei
1710 3087 1869 3144 velut
1892 3087 1954 3143 in

298 3180 516 3233 terram
563 3175 812 3232 solidam
860 3177 1174 3231 crescendo
1220 3176 1507 3248 proﬁciat.
1555 3176 1719 3232 Unde
1772 3177 1953 3250 glebas

301 3265 425 3339 agri
458 3265 765 3333 Dominici,
798 3265 1010 3320 effectae
1052 3265 1365 3338 frugiferae,
1398 3266 1459 3320 in
1506 3282 1694 3321 unum
1739 3282 1951 3337 corpus
1982 3290 2026 3360 α

302 3354 569 3411 Ecclesiae
627 3353 928 3409 charitatis
987 3353 1198 3425 c0pula
1242 3355 1719 3426 compinguntur.
1778 3355 1954 3411 Caelo-

302 3461 435 3501 rum
477 3459 711 3515 quoque
759 3440 1147 3514 appellatione
1196 3443 1509 3513 Scriptura:
1543 3448 1756 3499 sanctas
1803 3448 1955 3499 recte

303 3533 580 3589 dicuntur
612 3548 625 3586 :
659 3548 726 3588 eo
757 3532 912 3603 quod
944 3532 1255 3587 desursum
1281 3531 1399 3587 sint
1419 3530 1759 3587 hominibus
1789 3533 1952 3587 attri-

303 3623 459 3678 buta:
511 3621 631 3676 sive
678 3620 816 3693 quia
865 3619 1122 3676 cmlestia
1174 3618 1232 3674 in
1266 3637 1327 3675 se
1374 3620 1713 3675 contineant
1759 3637 1955 3676 sacra-

307 3714 523 3766 menta.
548 3710 765 3765 Horum
785 3708 966 3781 igitur
986 3707 1289 3777 caelorum,
1314 3709 1374 3764 id
1400 3713 1489 3764 est
1518 3709 1955 3781 Scripturarum

308 3799 615 3866 rationem,
648 3814 776 3870 quas
809 3799 877 3854 de
908 3798 1322 3868 mysteriorum
1345 3798 1803 3854 obscuritatibus
1824 3816 1958 3871 opa-

309 3893 448 3944 catze
487 3890 644 3958 sunt,
680 3891 736 3943 et
786 3887 1108 3960 profundae,
1142 3888 1273 3959 quis
1322 3887 1530 3959 poterit
1581 3887 1778 3943 animo
1832 3904 1958 3960 per-

310 3977 583 4046 scrutari,
615 3977 704 4032 vel
735 3975 967 4049 eloquio
1012 3976 1289 4047 proferre,
1322 3982 1424 4031 aut
1454 3976 1586 4048 quis
1624 3993 1829 4032 eorum
1861 3994 1957 4032 va-

309 4066 512 4121 ticinia
556 4082 785 4121 cessare
831 4064 1146 4137 praecipiet.
1196 4066 1436 4136 Antiqui
1488 4066 1835 4137 interpretes
1877 4066 1961 4121 ita

309 4154 585 4211 dixerunt
616 4171 629 4210 :
664 4156 794 4222 Qui:
822 4155 945 4209 caeli
986 4170 1210 4226 organa
1257 4156 1319 4209 in
1365 4158 1571 4210 terram
1617 4156 1962 4210 declinavit?

308 4242 368 4298 id
416 4245 524 4312 est,
558 4241 693 4311 quis
737 4246 828 4297 est
874 4240 976 4313 qui
1028 4240 1307 4295 cmlorum
1357 4240 1724 4297 laudantium
1773 4241 1958 4297 Deum

308 4336 538 4399 cantus,
564 4348 754 4403 usque
785 4332 857 4386 ad
888 4329 1199 4385 hominum
1223 4329 1520 4386 inclinavit
1550 4330 1845 4400 notitiam,
1871 4337 1956 4399 ut,

308 4420 636 4477 imitatione
678 4419 870 4476 laudis
901 4419 1051 4490 ejus,
1085 4417 1227 4474 socii
1277 4417 1618 4491 angelorum
1649 4419 1801 4474 effici
1832 4436 1960 4475 me-

311 4516 570 4567 reantur.

2051 637 2133 693 ita
2163 636 2519 693 nominatur.
2543 638 2622 694 De
2643 637 2751 693 hoc
2784 638 2964 710 igitur
2988 637 3271 694 Dominus
3292 639 3392 707 ait,
3418 641 3571 711 quod
3595 656 3696 695 ne-

2052 725 2197 781 mini
2228 743 2436 782 nocere
2457 726 2661 799 possit,
2687 725 2801 783 nisi
2821 744 2852 780 a
2883 732 2995 781 Deo
3021 726 3306 799 acceperit
3327 730 3693 799 potestatem.

2050 815 2218 871 Justo
2249 833 2384 888 ergo
2408 816 2629 887 judicio
2655 818 2783 887 ejus
2814 817 3146 884 traduntur,
3172 816 3312 888 quia
3340 816 3435 872 ille
3458 818 3697 873 omnino

2049 904 2201 960 vires
2247 922 2361 961 non
2405 904 2583 961 habet
2629 904 2992 969 dominandi,
3026 904 3139 959 nisi
3172 906 3295 977 ipse
3345 907 3696 978 permiserit.

2052 994 2353 1066 Numquid
2398 993 2591 1066 capies
2624 992 2815 1049 lezenae
2866 996 3145 1065 praedam,
3178 995 3235 1049 id
3269 999 3375 1063 est,
3411 995 3565 1051 sicut
3594 1013 3699 1068 ego

2053 1099 2181 1138 eam
2215 1099 2420 1155 capere
2464 1082 2823 1155 permittam.
2856 1082 3001 1137 Puto
3033 1089 3227 1139 autem
3279 1083 3387 1139 hoc
3418 1083 3544 1140 loco
3574 1085 3704 1142 ideo

2055 1169 2282 1227 catulos
2331 1171 2536 1239 dictos,
2588 1170 2727 1242 quia
2774 1169 3015 1226 lezenam
3069 1173 3488 1241 nominaverat,
3551 1191 3719 1247 quos

2054 1276 2275 1316 veneno
2308 1259 2543 1315 malitiae
2576 1277 2714 1327 sum,
2749 1259 2871 1315 sive
2899 1261 3193 1332 nequitiae,
3223 1262 3382 1316 velut
3409 1262 3555 1318 lacte
3588 1280 3699 1318 nu-

2052 1350 2255 1406 trierat
2282 1349 2355 1404 ad
2396 1348 2661 1405 homines
2711 1348 3104 1421 perimendos.
3142 1351 3215 1405 De
3264 1366 3516 1422 quorum
3550 1369 3706 1408 mor-

2055 1438 2236 1505 tibus,
2277 1437 2778 1509 nequissimorum
2833 1436 3151 1509 spirituum
3183 1438 3390 1495 anima:
3437 1440 3708 1496 reficiun-

2055 1531 2171 1595 tur,
2222 1531 2279 1584 et
2326 1528 2397 1583 de
2438 1526 2533 1582 his
2563 1527 2622 1582 in
2674 1525 2902 1600 psalmo
2951 1527 3077 1582 ait:
3114 1526 3297 1583 Catuli
3340 1529 3557 1584 leonum
3603 1546 3708 1583 ru-

2055 1620 2281 1686 gientes,
2313 1624 2373 1671 ut
2400 1618 2622 1689 rapiant
2649 1624 2699 1671 et
2725 1620 2980 1687 quaerant
3000 1634 3033 1671 a
3063 1618 3167 1672 Deo
3197 1633 3377 1672 escam
3396 1619 3508 1672 sibi
3528 1618 3704 1686 (Psal.

2056 1722 2177 1772 cm,
2202 1706 2314 1777 21).
2365 1705 2463 1761 llis
2504 1705 2685 1779 igitur
2732 1704 3023 1773 leonibus,
3057 1709 3114 1761 et
3160 1705 3511 1761 draconibus
3542 1723 3707 1762 escas

2057 1795 2196 1851 dare
2226 1799 2378 1851 Deus
2411 1794 2626 1850 dicitur
2660 1812 2672 1852 :
2708 1795 2941 1867 quando
2972 1793 3104 1850 illos
3134 1812 3281 1867 quos
3320 1800 3615 1868 expetunt,
3647 1796 3706 1851 in

2059 1887 2407 1956 potestatem
2437 1882 2754 1955 accipiunt.

2132 2041 2154 2068 ι
2188 2018 2430 2084 Quando
2474 2019 2693 2076 cubant
2738 2017 2797 2073 in
2846 2019 3035 2074 antris
3078 2020 3205 2076 suis
3253 2020 3337 2093 (in
3384 2020 3571 2088 silvis,
3604 2023 3711 2078 alii

2056 2108 2336 2179 dixerunt)
2365 2111 2423 2163 et
2450 2107 2512 2162 in
2544 2106 2838 2179 specubus
2886 2108 3288 2165 insidiantur?
3314 2131 3343 2160 »
3374 2112 3557 2168 Antra
3583 2112 3707 2168 sive

2057 2196 2350 2269 speluncae
2381 2201 2523 2251 sunt
2552 2196 2727 2251 corda
2766 2196 3072 2253 hominum
3123 2198 3441 2270 impiorum
3472 2219 3490 2255 :
3522 2200 3581 2255 in
3614 2201 3708 2257 his

2059 2284 2323 2341 latibulis
2353 2285 2581 2350 sedent,
2613 2284 2734 2341 sive
2763 2286 2981 2341 cubant
3008 2287 3068 2341 in
3102 2287 3357 2357 insidiis,
3391 2293 3455 2345 ut
3483 2288 3709 2346 interﬁ-

2059 2374 2217 2429 ciant
2243 2373 2613 2430 innocentem
2645 2375 2816 2446 (Psal.
2850 2392 2906 2445 x,
2939 2377 3015 2447 3).

2132 2530 2161 2559 ‹‹
2212 2508 2355 2576 Quis
2402 2511 2692 2581 prmparat
2745 2524 2914 2564 corvo
2972 2524 3169 2565 escam
3224 2527 3417 2578 suam,
3477 2515 3712 2585 quando

2059 2597 2207 2672 pulli
2247 2598 2377 2670 ejus
2423 2596 2679 2653 clamant
2724 2597 2797 2653 ad
2844 2597 3029 2653 Deum
3064 2615 3076 2653 :
3108 2604 3409 2671 vagantes,
3441 2618 3506 2657 eo
3556 2604 3713 2675 quod

2060 2705 2178 2745 non
2208 2687 2464 2742 habeant
2495 2685 2655 2741 cibos
2676 2685 2704 2739 ?
2734 2706 2763 2735 ››
2795 2686 3065 2742 Arbitror
3095 2688 3249 2759 quod
3281 2692 3339 2743 et
3381 2688 3476 2743 hic
3506 2706 3715 2745 corvus

2062 2775 2455 2832 adversariam
2487 2778 2715 2847 partem
2749 2774 3061 2847 significet,
3095 2776 3247 2830 sicut
3300 2780 3358 2831 et
3386 2777 3530 2849 pulli
3560 2780 3710 2849 ejus,

2062 2874 2128 2921 ut
2190 2863 2689 2938 quemadmodum
2740 2864 3011 2936 superius
3057 2864 3322 2933 lemnam,
3382 2872 3438 2922 et
3487 2867 3714 2923 catulos

2063 2956 2194 3025 ejus
2223 2952 2619 3011 intelleximus
2648 2952 2969 3017 diabolum,
2992 2958 3050 3009 et
3078 2955 3313 3009 turbam
3346 2956 3709 3028 perditorum

2063 3045 2215 3115 ejus,
2248 3044 2329 3099 ita
2356 3047 2414 3099 et
2441 3041 2536 3098 hic
2583 3058 2820 3098 corvum
2869 3044 3141 3099 eumdem
3190 3062 3322 3100 cum
3355 3045 3534 3119 pullis
3583 3047 3713 3118 ejus

2063 3131 2486 3204 intelligamus.
2511 3131 2673 3197 Quod
2698 3148 2835 3203 ergo
2866 3132 3079 3188 dicitur
3097 3140 3399 3207 vagantes,
3425 3135 3718 3192 indicatur

2065 3221 2176 3277 hoc
2197 3222 2391 3287 verbo,
2419 3220 2572 3292 quod
2605 3220 2774 3291 quasi
2800 3221 3118 3292 quamdam
3153 3223 3323 3277 famis
3358 3225 3579 3279 rabiem
3613 3242 3715 3296 pa-

2069 3311 2290 3366 tiantur
2319 3310 2472 3365 circa
2500 3308 2809 3364 hominum
2848 3327 3055 3382 genus,
3084 3315 3147 3364 ut
3177 3313 3562 3383 perditionem
3586 3332 3718 3385 por-

2062 3399 2241 3454 tionis
2283 3398 2432 3469 ejus,
2465 3396 2623 3453 velut
2673 3397 2871 3454 cibum
2904 3403 3161 3465 sumant,
3204 3404 3260 3454 et
3290 3401 3418 3457 ideo
3454 3407 3717 3475 satagere

2063 3475 2340 3543 videntur
2369 3485 2530 3541 omni
2579 3485 2883 3557 instantia,
2918 3488 3100 3542 donec
3131 3489 3201 3543 ad
3253 3490 3523 3545 enectum
3554 3496 3715 3546 voto-

2064 3593 2198 3631 rum
2229 3590 2470 3631 suorum
2504 3576 2860 3645 perveniant,
2890 3576 3044 3631 sicut
3066 3576 3399 3632 audivimus
3430 3578 3717 3650 Spiritum

2067 3669 2361 3732 sanctum,
2398 3680 2500 3735 per
2530 3662 2900 3719 Salomouem
2949 3664 3236 3719 dicentem
3274 3682 3285 3719 :
3323 3666 3549 3722 Oculum
3578 3669 3719 3722 irri-

2065 3754 2282 3810 dentem
2317 3758 2560 3826 patrem,
2594 3756 2646 3807 et
2689 3755 3144 3808 contumeliosum
3187 3757 3456 3810 senectuti
3502 3759 3716 3822 matris,

2066 3841 2323 3914 eﬁodiaat
2348 3857 2473 3896 eum
2513 3841 2663 3895 corvi
2709 3843 2777 3895 de
2804 3842 3167 3913 convallibus,
3200 3851 3249 3897 et
3299 3844 3548 3899 decorem
3595 3862 3723 3900 eum

2063 3932 2211 4004 pulli
2259 3931 2576 4001 aquilarum
2627 3931 2808 4002 (Prov.
2844 3948 2975 3993 xxx,
3030 3932 3139 4001 l7).
3185 3932 3507 3987 Possumus
3537 3938 3595 3989 et
3640 3935 3723 3989 ita

2070 4018 2306 4087 sentire,
2341 4022 2408 4072 ut
2438 4034 2696 4084 corvum,
2730 4018 2787 4074 id
2819 4024 2927 4087 est,
2962 4018 3282 4083 diabolum,
3314 4026 3372 4075 et
3401 4038 3605 4076 omnes
3637 4039 3724 4077 so-

2070 4108 2189 4164 cios
2220 4108 2347 4178 ejus
2393 4107 2689 4178 quondam
2723 4111 2917 4178 patres
2967 4108 3369 4171 habuerimus,
3400 4126 3532 4165 cum
3563 4127 3721 4166 erro-

2070 4197 2233 4252 ribus
2265 4212 2465 4252 eorum
2497 4194 2987 4250 assimiliaremur
3006 4200 3062 4250 et
3089 4196 3267 4261 vitiis,
3292 4204 3349 4252 et
3381 4198 3513 4254 inde
3543 4201 3720 4255 etiam

2070 4290 2128 4342 et
2156 4283 2453 4359 pullorum
2506 4284 2740 4340 nomine
2774 4283 3131 4341 dicebamur.
3164 4286 3275 4340 Sed
3326 4286 3722 4358 relinquentes

2072 4391 2193 4441 eos,
2244 4374 2399 4448 quod
2457 4379 2515 4431 et
2571 4391 2787 4445 sponsa
2842 4374 3103 4440 docetur,
3168 4378 3232 4429 ut
3289 4376 3463 4430 faciat
3520 4393 3534 4432 :
3592 4394 3721 4449 quas

2071 4480 2289 4536 sponsa
2320 4480 2426 4519 nos
2457 4480 2688 4533 sumus,
2712 4462 2802 4518 cui
2834 4462 3049 4517 dicitur
3081 4481 3093 4519 :
3130 4464 3289 4529 Audi,
3322 4462 3474 4535 ﬁlia,
3509 4467 3721 4531 etridc,

2070 4559 2121 4609 et
2176 4555 2391 4609 inclina
2464 4569 2661 4607 aurem
2734 4555 2906 4615 tuam,
2966 4554 3014 4606 et
3071 4553 3384 4609 obliviscere
3454 4557 3725 4627 populum

386 4667 415 4695 ‹‹
444 4643 745 4717 Numquid
776 4644 969 4717 capies
1016 4643 1206 4699 lamna:
1259 4642 1536 4714 praadam,
1590 4645 1650 4698 et
1699 4642 1958 4696 animam
1991 4659 2040 4729 Β
2070 4646 2248 4706 tuum,
2278 4651 2329 4698 et
2357 4641 2582 4697 domum
2610 4643 2787 4729 patris
2816 4642 2903 4695 tui
2941 4643 3112 4712 (Psat.
3145 4660 3294 4710 XLIV,
3333 4645 3443 4713 tt),
3478 4649 3535 4699 et
3564 4645 3723 4700 invo-

312 4733 641 4791 catulorum
668 4734 795 4804 ejus
815 4732 1089 4805 implebis
1111 4733 1138 4787 ‘l
1168 4753 1196 4781 »
1231 4733 1311 4786 Ex
1335 4732 1423 4786 nis
1446 4748 1573 4802 quae
1595 4747 1698 4801 per
1726 4747 1961 4786 omnem

310 4828 532 4879 textum
563 4823 853 4883 sermonis
902 4822 1080 4893 hujus
1135 4824 1459 4883 enumerat,
1494 4837 1594 4875 sex
1650 4823 1791 4875 sunt
1819 4836 1963 4890 qua-

312 4912 616 4982 drupedia,
648 4916 708 4968 et
744 4916 999 4982 quatuor
1044 4909 1322 4966 volatilia.
1357 4910 1426 4964 Et
1454 4908 1512 4963 in
1562 4908 1672 4963 hoc
1703 4906 1964 4980 decalogi

312 5001 564 5073 perfecto
590 5016 835 5056 numero
864 4999 1047 5056 videri
1074 5003 1265 5071 potest
1294 4999 1449 5070 quod
1472 5013 1707 5053 omnem
1735 5002 1963 5053 creatu-

314 5106 440 5146 ram
468 5088 718 5162 intelligi
746 5089 995 5145 voluerit
1040 5094 1212 5155 Deus,
1247 5105 1373 5159 qum
1426 5104 1529 5159 per
1575 5103 1709 5141 eum
1762 5091 1964 5159 utpote

314 5196 418 5252 per
466 5182 761 5236 auctorem
809 5179 1053 5252 regitur.
1110 5177 1384 5234 Decimus
1428 5181 1625 5231 autem
1678 5192 1962 5231 numerus

315 5269 609 5341 perfectus
630 5266 757 5336 est';
792 5268 929 5340 quia
957 5285 1061 5340 per
1090 5268 1287 5339 ipsum
1310 5266 1597 5332 iterando,
1629 5263 1822 5320 omnis
1852 5281 1961 5318 nu-

316 5375 516 5414 merus
545 5357 603 5412 in
632 5356 936 5412 infinitum
968 5356 1413 5428 multiplicatur.
1448 5355 1593 5425 Ergo
1615 5354 1788 5423 juxta
1815 5352 1964 5410 litte-

317 5466 392 5503 ra:
425 5446 819 5520 superﬁciem,
850 5444 960 5501 hoc
987 5445 1071 5500 ait
1101 5462 1113 5501 :
1146 5446 1275 5518 Ego,
1296 5444 1396 5516 qui
1434 5443 1631 5498 omnia
1652 5443 1814 5512 justa
1842 5442 1962 5498 dis-

317 5537 660 5610 pensatione
689 5551 957 5607 procuro,
990 5535 1144 5590 circa
1170 5539 1227 5589 te
1258 5538 1508 5600 tantum,
1543 5550 1575 5588 0
1604 5532 1734 5601 Job,
1764 5531 1965 5588 videor

317 5629 598 5698 injustus.
628 5627 803 5681 Juxta
823 5622 1186 5694 spiritualem
1227 5622 1611 5687 intellectum,
1634 5620 1816 5676 leaena
1845 5621 1964 5678 sive

319 5718 497 5775 etiam
510 5716 599 5773 leo
616 5712 886 5772 diabolus
906 5717 997 5769 est
1015 5710 1459 5785 intelligendus,
1474 5711 1574 5786 qui
1595 5716 1653 5768 et
1676 5710 1736 5766 in
1758 5710 1963 5768 multis

638 5844 904 5904 PATROL.
948 5841 1171 5904 XXVI.

2073 4735 2275 4788 cantes
2305 4746 2462 4787 nunc
2492 4724 2827 4799 Dominum,
2859 4734 3051 4801 potest
3082 4731 3207 4786 fieri
3252 4738 3316 4788 ut
3347 4734 3591 4806 pristino
3622 4736 3725 4789 ad-

2073 4820 2190 4875 huc
2221 4817 2458 4874 nomine
2504 4816 2869 4889 appellamur
2901 4835 2914 4872 :
2951 4820 3103 4874 sicut
3150 4822 3441 4893 PrOpheta
3489 4825 3590 4887 ait,
3624 4825 3723 4877 ubi

2073 4906 2144 4962 de
2176 4911 2288 4961 Deo
2319 4904 2581 4976 loquitur
2612 4922 2623 4959 :
2660 4906 2767 4973 Qui
2811 4905 2901 4959 dat
2940 4908 3207 4978 jumentis
3232 4925 3407 4963 escam
3458 4912 3722 4980 ipsorum,

2073 5004 2121 5053 et
2146 4996 2316 5068 pullis
2344 5010 2629 5050 corvorum
2657 4997 3038 5050 invocanti/ms
3074 5014 3197 5051 eum
3228 4998 3398 5068 (Psal.
3427 5014 3611 5064 CXLVI,
3641 5000 3719 5067 9).

2072 5087 2143 5141 Et
2199 5101 2328 5141 reor
2383 5084 2537 5155 quod
2590 5083 2719 5139 ideo
2771 5084 3020 5157 pristino
3071 5086 3307 5140 nomine
3355 5102 3720 5151 censeamur,

2072 5180 2139 5229 ut
2195 5171 2530 5229 noverimus
2591 5174 2731 5245 quid
2789 5173 3028 5240 fuimus,
3086 5179 3143 5229 et
3201 5174 3339 5246 quid
3399 5190 3555 5230 nunc
3618 5192 3722 5246 per

2072 5261 2286 5319 Christi
2336 5261 2588 5334 gratiam
2641 5262 2849 5317 simus.
2888 5263 2950 5317 Et
2981 5261 3118 5316 inde
3164 5262 3273 5316 hoc
3322 5261 3513 5333 ipsum
3549 5279 3717 5337 mag-

2072 5368 2217 5408 num
2266 5351 2483 5407 bonum
2532 5349 2941 5424 intelligentes,
2976 5350 3163 5421 magis
3211 5350 3325 5404 Deo
3379 5351 3597 5421 gratias
3628 5369 3719 5407 re-

2072 5441 2351 5507 feramus,
2412 5439 2673 5496 dicentes
2726 5457 2861 5495 cum
2933 5438 3204 5511 Apostolo
3265 5457 3277 5494 :
3341 5439 3555 5494 Gratias
3616 5442 3719 5497 Deo

2073 5531 2253 5597 Patri,
2314 5529 2407 5602 qui
2463 5532 2613 5585 eruit
2670 5547 2769 5586 nos
2820 5530 2885 5583 de
2936 5533 3201 5601 potestate
3246 5530 3616 5597 tenebrarum,
3670 5544 3721 5587 et

2070 5620 2357 5675 transtulit
2384 5620 2443 5674 in
2488 5636 2719 5689 regnum
2747 5618 2884 5674 Filii
2928 5618 3208 5671 claritatis
3256 5633 3373 5673 sum
3423 5618 3643 5691 (Coloss.
3679 5639 3719 5686 ι,

2074 5710 2183 5785 13).
2218 5713 2339 5766 Mos
2369 5712 2564 5765 autem
2613 5714 2825 5763 sancta:
2874 5706 3185 5779 Scriptura:
3233 5705 3576 5778 hujusmodi
3608 5716 3715 5779 est,

3329 5835 3407 5894 26
