4220 6570
573 411 688 477 811

581 646 903 708 recenseat,
961 642 1116 698 sicut
1167 643 1373 698 beatus
1433 643 1612 701 Isaias
1684 643 1967 716 propheta
2023 642 2102 698 ait
2158 643 2230 698 de

581 739 743 790 Deo:
788 732 1110 790 Benedicent
1157 748 1242 788 me
1287 734 1471 788 bestiae
1519 734 1642 804 agri
1687 735 1811 804 (Isa.
1845 751 2002 800 XLIII,
2032 734 2144 800 20),
2176 739 2230 787 et

583 822 885 896 apostolus
941 821 1252 878 Matthazus
1311 822 1525 878 dicitur
1603 824 1951 895 publicanus
1999 823 2222 893 (Matth.

581 930 637 981 x,
668 914 745 985 ‘2).
777 912 1095 967 Videamus
1135 912 1292 967 hunc
1323 911 1538 978 locum,
1570 912 1618 968 si
1651 917 1706 968 et
1756 913 1814 968 in
1848 914 2060 968 bonam
2093 929 2224 984 par-

581 1007 700 1058 tem
757 1018 1040 1075 exponere
1098 1003 1414 1073 possimus,
1477 1008 1540 1057 ut
1610 1003 1786 1058 istum
1845 1018 2104 1069 corvum,
2169 1006 2226 1057 et

581 1092 880 1148 Christum
938 1091 1406 1163 interpretemur.
1463 1091 1623 1148 Sicut
1671 1092 1827 1148 enim
1893 1092 2221 1148 secundum

582 1181 1018 1253 Scripturarum
1076 1181 1584 1248 consuetudinem,
1645 1186 1905 1237 montem
1971 1181 2222 1236 dicimus

576 1271 893 1327 Dominum
925 1275 1213 1337 nostrum,
1245 1276 1302 1326 et
1330 1269 1629 1326 diabolum
1661 1271 1934 1328 similiter
1963 1269 2219 1343 appella-

575 1377 706 1415 mus
743 1376 755 1414 :
789 1364 1014 1430 petram
1048 1376 1280 1431 quoque
1311 1377 1376 1415 ac
1416 1359 1690 1430 lapidem,
1723 1361 1990 1416 arborem
2020 1360 2218 1427 etiam,

571 1455 626 1505 et
655 1449 917 1521 gladium
945 1448 1197 1504 dicimus
1223 1466 1235 1504 :
1272 1449 1354 1504 ita
1385 1453 1440 1504 et
1470 1465 1704 1504 corvum
1735 1449 1998 1505 fortassis
2029 1449 2219 1504 dicere

567 1554 905 1610 possumus.
938 1538 1083 1592 Nam
1128 1543 1183 1592 et
1231 1555 1449 1610 sponsa
1502 1538 1775 1604 Ecclesia,
1808 1538 1961 1592 inter
2013 1543 2220 1593 czetera

566 1627 855 1700 praeconia
911 1626 1104 1681 laudis
1163 1627 1233 1681 de
1288 1626 1537 1689 Christo,
1595 1627 1674 1682 ita
1729 1627 1810 1682 ait
1860 1627 1920 1681 in
1981 1626 2217 1682 Cantico

565 1717 928 1771 canticorum
989 1733 1002 1770 :
1066 1715 1254 1770 Crines
1311 1717 1427 1787 ejus
1484 1719 1545 1770 ut
1601 1716 1812 1785 abietis,
1863 1717 2020 1784 nigri
2076 1718 2218 1770 sicut

564 1822 753 1861 corvus
797 1805 977 1875 (Cant.
1034 1821 1088 1870 ν,
1142 1805 1230 1874 11)
1280 1822 1292 1860 :
1348 1805 1448 1860 sed
1499 1805 1732 1875 quando
1783 1805 2012 1861 diabblo
2063 1804 2216 1860 corvi

2071 411 2494 478 APPENDIX.

577 554 646 610 ut
676 543 927 624 pristina
955 549 1260 624 culparum
1291 551 1531 610 nomina
1553 551 1610 610 in
1645 553 1864 612 sanctis
1891 553 2228 627 frequenter
2254 551 2312 617 Α

3866 426 3985 488 812

2906 551 3135 609 CAPUT
3171 550 3410 611 XXXIX.

2417 661 2443 694 α
2472 640 2771 713 Numquid
2804 641 2954 698 nosti
2987 647 3220 715 tempus
3271 647 3475 716 partus
3523 643 3743 704 ibicum
3777 647 3836 707 in
3885 667 3984 724 pe-

2337 729 2466 797 tris,
2497 729 2586 785 vel
2639 730 2996 802 paturientes
3044 749 3240 788 cervas
3291 734 3664 792 observasti?
3716 758 3743 791 ι
3799 739 3985 799 Ibices

2337 818 2447 891 ipsi
2480 823 2639 887 sunt,
2672 837 2817 891 quos
2851 821 3031 877 Οτι·ωοὶ
3065 821 3437 894 tragelaphos
3466 831 3696 897 vocant,
3730 829 3985 889 admisto

2336 908 2571 963 nomine
2619 909 2764 965 hirci
2813 914 2870 965 et
2921 911 3093 979 cervi,
3150 928 3216 967 eo
3270 913 3424 984 quod
3476 931 3711 973 necesse
3760 925 3869 987 est,
3924 927 3986 977 ut

2335 997 2525 1053 simile
2555 997 2666 1053 sibi
2700 998 2922 1071 aliquid
2954 999 3074 1054 hac
3103 1001 3384 1058 animalia
3414 1002 3688 1074 habeant,
3711 1012 3766 1062 et
3797 1025 3980 1068 unum

2333 1086 2543 1142 horum
2575 1091 2716 1159 puto
2749 1088 2808 1145 in
2840 1089 3092 1145 Canticis
3143 1091 3503 1148 canticorum
3553 1094 3851 1154 damulam
3881 1117 3978 1156 vo-

2331 1175 2449 1231 cari
2505 1177 2686 1245 (Cant.
2747 1195 2808 1244 II,
2868 1179 2979 1249 71),
3041 1196 3166 1251 quae
3225 1179 3568 1253 aliquando,
3635 1190 3691 1240 et
3747 1203 3975 1258 caprea,

2331 1266 2658 1321 secundum
2688 1265 2875 1338 legem
2906 1269 3333 1324 mactabantur.
3369 1269 3434 1326 Et
3481 1272 3540 1326 in
3571 1275 3805 1330 Cantico
3839 1293 3975 1333 can-

2327 1353 2578 1410 ticorum
2627 1355 2828 1414 crebro
2885 1356 3064 1412 simul
3124 1364 3425 1429 ponuntur
3473 1362 3636 1430 (Ibid.
3693 1366 3748 1432 7,
3809 1365 3865 1434 9,
3911 1369 3975 1421 17

2327 1445 2517 1514 seqq.),
2578 1451 2631 1499 et
2663 1445 2884 1500 munda
2937 1446 3329 1518 appellantur,
3379 1452 3656 1521 quoniam
3735 1461 3976 1512 cornuta

2328 1538 2547 1598 essent,
2607 1538 2662 1588 et
2721 1535 3104 1602 ruminarent,
3166 1537 3566 1611 ungulamque
3630 1541 3970 1600 dividerent.

2326 1622 2508 1677 Istius
2541 1622 2709 1678 ibicis
2742 1629 2882 1679 sunt
2914 1629 2970 1680 et
3017 1624 3132 1681 alia
3162 1627 3444 1684 animalia
3492 1631 3661 1700 quasi
3710 1633 3973 1702 ejusdem

2327 1711 2576 1782 generis,
2613 1717 2676 1768 ut
2723 1719 2830 1780 est,
2864 1731 3190 1782 corvorum,
3223 1716 3376 1772 sicut
3423 1717 3483 1772 in
3518 1719 3665 1791 Lege
3715 1721 3927 1776 dicitur
3959 1740 3971 1777 :

2324 1802 2399 1855 Et
2447 1817 2632 1856 omnes
2690 1805 2903 1858 cervini
2959 1807 3180 1875 generis
3235 1823 3360 1861 aves
3414 1824 3524 1863 non
3575 1811 3975 1867 manducabitis

565 1910 778 1950 nomen
809 1897 1102 1965 aptamus,
1136 1893 1389 1948 dicimus
1420 1909 1553 1948 eum
1587 1893 1822 1965 nigrum
1865 1894 2213 1950 criminibus
2242 1923 2291 1989 B
2327 1890 2517 1960 (ιευίι.
2581 1908 2658 1958 xx,
2709 1893 2812 1962 15).
2866 1892 2993 1948 Haec
3046 1910 3181 1966 ergo
3235 1895 3533 1968 animalia,
3585 1897 3672 1953 vel
3722 1901 3976 1957 maxime

563 1989 740 2055 atque
767 1987 1008 2052 tetrum,
1041 1986 1096 2038 et
1125 1983 1223 2054 qui
1253 1982 1310 2037 in
1331 1983 1588 2038 tenebris
1617 1984 2016 2054 nequitiarum
2047 2000 2205 2039 com-

561 2075 838 2128 moretur.
873 2072 1115 2138 Quando
1161 2089 1294 2128 vero
1335 2088 1399 2127 eo
1450 2071 1686 2128 nomine
1731 2071 2083 2129 Salvatorem
2125 2073 2204 2128 si-

557 2161 820 2231 gniﬁcari
875 2161 1151 2230 dicimus,
1211 2162 1620 2233 mysteriorum
1672 2161 1901 2218 arcanis
1959 2179 2092 2218 eum
2145 2164 2204 2218 in

555 2250 870 2324 Scripturis
903 2251 1028 2307 suis
1075 2250 1562 2306 obscurissimum
1613 2267 1740 2306 esse
1791 2251 2097 2308 sentimus.
2133 2251 2206 2307 Ut

555 2357 690 2396 cum
745 2340 1001 2396 sciamus
1047 2339 1348 2396 diabolum
1397 2340 1456 2395 in
1505 2341 1820 2412 Scripturis
1871 2346 2202 2414 serpentem

552 2427 865 2500 nominari,
889 2429 1021 2501 quis
1051 2430 1291 2484 auderet
1320 2429 1391 2484 de
1417 2429 1658 2486 Domino
1689 2429 1771 2485 ita
1801 2431 2054 2499 credere,
2087 2430 2200 2486 nisi

547 2517 676 2592 ipse
706 2519 763 2573 in
797 2535 859 2574 se
909 2519 1196 2590 serpentis
1228 2515 1677 2574 similitudinem
1727 2518 1918 2574 verbis
1949 2519 2200 2591 propriis

550 2608 952 2679 expressisset,
1011 2608 1210 2662 dicens
1273 2625 1285 2663 :
1335 2608 1490 2664 Sicut
1532 2609 1734 2671 Mei/ses
1772 2612 2037 2684 exultavit
2082 2625 2198 2664 ser-

543 2702 760 2768 pentem
788 2700 849 2752 in
897 2697 1123 2762 deserto,
1157 2698 1234 2752 ita
1279 2699 1520 2752 exaltari
1549 2706 1753 2768 oportet
1789 2699 1970 2769 ﬁlium
2019 2698 2196 2754 homi-

546 2788 638 2841 nis
668 2786 845 2858 (Joan.
901 2803 963 2852 II,
1000 2787 1087 2854 14)
1141 2802 1152 2842 :
1207 2791 1264 2840 et
1317 2785 1638 2856 discipulos
1693 2785 1839 2842 tales
1889 2787 2198 2842 admonuit

551 2892 680 2931 esse
727 2875 928 2930 dicens
979 2893 992 2930 ε
1043 2876 1220 2930 Estote
1272 2876 1440 2929 astuti
1468 2883 1528 2929 ut
1569 2884 1848 2946 serpentes
1897 2877 2106 2945 (Matth.
2136 2894 2192 2943 x,

551 2966 661 3031 16).
695 2964 764 3019 Et
795 2979 1057 3034 serpens,
1091 2963 1146 3017 id
1179 2968 1287 3029 est,
1321 2962 1591 3018 diabolus
1642 2963 1987 3020 maledictus
2017 2982 2051 3021 a
2080 2966 2194 3022 Deo

547 3057 656 3119 est,
691 3067 756 3108 eo
797 3053 952 3123 quod
1002 3053 1176 3107 Evam
1223 3051 1456 3107 seduxit
1486 3053 1704 3108 astutia
1754 3054 1904 3124 (Gen.
1939 3071 2023 3122 III,
2059 3056 2144 3126 14)
2179 3072 2192 3110 :

550 3147 607 3198 et
636 3139 903 3197 Christus
950 3139 1295 3196 maledictus
1345 3140 1600 3197 dicitur:
1655 3142 1794 3212 quia
1847 3141 2195 3198 maledictus

551 3229 744 3285 omnis
788 3229 888 3302 qui
919 3229 1130 3301 pendet
1160 3229 1217 3284 in
1266 3228 1424 3301 ligno
1457 3230 1655 3301 (Galat.
1693 3247 1776 3297 III,
1810 3232 1919 3301 13).
1953 3231 2194 3287 Maledi-

2322 1979 2381 2034 in
2413 1979 2568 2036 saxis
2610 1981 2972 2048 nutriuntur,
3005 1988 3061 2038 et
3094 1983 3152 2037 in
3205 1987 3469 2041 cavernis
3501 1991 3818 2058 petrarum.
3853 1989 3972 2044 Ibi-

2315 2085 2449 2124 cum
2481 2073 2717 2141 tempus
2743 2072 2978 2142 quando
3009 2072 3247 2143 pariunt
3275 2074 3449 2144 nosti,
3475 2075 3558 2132 ait
3588 2077 3867 2133 Dominus
3893 2080 3970 2134 ad

2311 2158 2423 2214 Job
2469 2174 2482 2212 :
2534 2157 2621 2214 vel
2681 2160 2914 2231 quando
2972 2177 3150 2216 cerva:
3207 2165 3540 2233 parturiunt
3596 2166 3968 2223 observasti?

2313 2245 2538 2310 Quanta
2567 2246 2680 2302 alia
2710 2252 2846 2303 sunt
2879 2249 2935 2304 in
2957 2251 3272 2322 Scripturis
3297 2252 3484 2324 magis
3513 2254 3766 2311 obscura
3785 2260 3963 2328 atque

2313 2335 2384 2390 ab
2416 2335 2724 2391 hominum
2757 2337 2968 2393 notitia
3018 2338 3187 2409 longe
3219 2347 3464 2407 remota,
3497 2343 3568 2397 de
3617 2344 3832 2415 quibus
3863 2346 3967 2401 ali-

2312 2440 2428 2496 qua
2485 2424 2543 2479 in
2594 2425 2701 2480 hoc
2749 2424 2896 2482 libro
2936 2427 3060 2498 ipse
3114 2428 3400 2486 Dominus
3446 2431 3675 2488 videtur
3721 2433 3962 2502 dixisse,

2311 2529 2490 2584 quam
2521 2519 2662 2570 sunt
2691 2533 2816 2586 qua:
2850 2517 2920 2572 ad
2947 2518 3054 2573 Job
3089 2535 3244 2574 nunc
3277 2519 3537 2592 loquitur
3567 2540 3580 2578 :
3619 2524 3774 2594 quod
3803 2524 3961 2580 enim

2308 2601 2524 2658 laboris
2555 2609 2641 2658 est
2676 2622 2846 2660 nosse
2887 2611 3120 2679 tempus
3152 2616 3540 2678 cervarum,et
3572 2611 3791 2668 ibicum
3823 2630 3962 2685 par-

2306 2691 2652 2747 turientium
2673 2692 2700 2747 ?
2733 2698 2835 2748 aut
2862 2696 3017 2751 unde
3047 2701 3166 2752 tam
3184 2696 3540 2755 latebrosum
3563 2706 3652 2755 est
3683 2700 3960 2758 humana:

2310 2780 2548 2848 notitiae,
2579 2787 2645 2837 ut
2686 2783 2872 2854 possit
2920 2789 3153 2858 tempus
3201 2786 3412 2843 horum
3464 2789 3809 2846 animalium
3860 2809 3963 2863 pa-

2308 2870 2586 2925 rientium
2637 2873 2871 2942 penitus
2928 2875 3215 2946 ignorare,
3267 2878 3588 2948 pressertim
3657 2896 3790 2935 cum
3839 2880 3965 2937 hinc

2307 2958 2436 3030 ipsa
2468 2959 2748 3016 animalia
2778 2979 2924 3033 pene
2953 2963 3010 3018 in
3040 2965 3232 3020 medio
3263 2965 3572 3023 hominum
3600 2985 3964 3025 commoren-

2307 3053 2422 3102 tur.
2459 3047 2724 3118 Proinde,
2759 3067 2830 3105 ne
2862 3052 2938 3106 sit
2966 3054 3122 3124 apud
3172 3055 3461 3126 quosdam
3493 3055 3586 3112 hic
3617 3074 3810 3114 sermo
3843 3059 3960 3114 Do-

2307 3136 2452 3191 mini
2483 3135 2638 3204 vilis,
2671 3144 2728 3194 et
2767 3140 2912 3194 forte
2941 3141 3013 3196 ab
3065 3143 3150 3197 eis
3182 3145 3514 3215 superﬂuus
3569 3147 3958 3216 existimetur,

2309 3226 2485 3282 altius
2532 3228 2686 3299 quod
2734 3229 2877 3284 dixit
2920 3231 3268 3288 intuendum
3315 3239 3423 3302 est,
3468 3239 3534 3289 ut
3579 3236 3845 3292 dicamus
3893 3235 3957 3292 in

552 3323 711 3378 etum
760 3319 975 3392 quippe
1024 3319 1281 3374 hominis
1329 3319 1387 3374 in
1439 3336 1500 3376 se
1546 3319 1942 3391 suscipiendo,
1976 3321 2034 3376 id
2084 3326 2194 3388 est,
2227 3298 2272 3364 ο
2309 3317 2605 3388 mysteriis
2635 3319 2744 3373 sub
2779 3320 3012 3376 nomine
3043 3321 3252 3377 horum
3283 3322 3647 3394 animalium,
3684 3327 3958 3399 praeﬁgu-

552 3427 681 3467 eam
737 3425 862 3481 qua:
913 3423 981 3464 ex
1042 3407 1331 3463 sententia
1373 3408 1472 3462 Dei
1520 3414 1755 3464 venerat
1808 3414 2102 3479 mortem,.
2134 3416 2200 3465 ut

551 3498 930 3555 maledictum
962 3497 1270 3568 suspendit
1306 3497 1365 3551 in
1417 3496 1595 3569 ligno,
1630 3501 1687 3551 et
1732 3497 1867 3553 inde
1916 3503 2003 3553 est
2039 3499 2194 3568 quod

550 3604 653 3660 pro
686 3587 855 3642 nobis
897 3585 1162 3640 Christus
1209 3585 1398 3641 factus
1428 3591 1516 3641 est
1565 3584 1940 3642 maledictum
1985 3587 2193 3659 (Ibid).

545 3676 677 3731 Haic
708 3674 973 3747 exempla
1002 3673 1374 3746 protulimus,
1402 3680 1464 3728 ut
1495 3675 1760 3729 ﬁrmetur
1775 3691 1984 3730 sensus
2014 3693 2194 3748 supra

544 3763 807 3836 prolatus
839 3781 852 3820 :
893 3763 1200 3834 sequentia
1249 3763 1570 3819 videamus.
1607 3764 1769 3819 Nunc
1817 3763 1998 3835 igitur
2025 3764 2190 3822 Chri-

543 3858 632 3909 sto
664 3869 831 3909 corvo
862 3851 1187 3925 ﬁguraliter
1228 3851 1404 3918 dicto,
1437 3857 1600 3922 pater
1651 3857 1938 3924 praeparat
1969 3869 2186 3923 escam,

540 3959 674 3999 cum
705 3941 756 3998 ei
796 3958 864 3998 ex
910 3942 1183 4014 gentibus
1231 3946 1510 3996 convocat
1555 3940 1902 4008 credituros,
1934 3941 2086 3998 sicut
2118 3944 2188 3999 de

536 4034 739 4090 eodem
788 4037 950 4104 patre
1001 4031 1281 4103 propheta
1329 4031 1408 4085 ait
1457 4029 1702 4086 dicens:
1745 4033 1857 4100 Qui
1902 4035 2190 4088 suscitavit

532 4125 601 4178 ab
661 4122 882 4179 Oriente
945 4123 1178 4193 justum,
1237 4122 1445 4177 vocavit
1501 4137 1647 4189 eum,
1706 4129 1767 4175 ut
1840 4125 2179 4191 sequeretur.

530 4212 691 4269 Dabit
742 4214 800 4266 in
847 4215 1142 4281 conspectu
1187 4209 1305 4280 ejus
1361 4216 1566 4277 gentes,
1618 4217 1668 4263 et
1715 4225 1866 4280 reges
1916 4210 2181 4265 obtinebit

529 4305 655 4370 (Isa.
688 4318 801 4366 xLI,
833 4301 910 4372 2).
945 4299 1046 4354 His
1077 4298 1259 4370 igitur
1287 4299 1359 4354 ad
1392 4298 1566 4352 ﬁdem
1615 4299 1853 4364 vocatis,
1893 4297 2178 4354 Dominus

527 4391 793 4447 Christus
823 4387 982 4446 velut
1029 4404 1161 4443 esca
1191 4387 1406 4459 gaudio
1460 4387 1866 4442 exsultationis
1897 4387 2172 4444 reﬁcitur.

524 4480 712 4550 Hujus
743 4477 966 4550 populi,
998 4477 1056 4531 id
1090 4481 1196 4544 est,
1221 4474 1519 4547 discipuli,
1550 4480 1606 4531 et
1635 4492 1840 4531 omnes
1871 4476 2174 4533 credentes

523 4568 780 4625 clamant
807 4567 880 4621 ad
912 4566 1096 4622 Deum
1130 4566 1188 4620 in
1237 4565 1515 4631 oratione,
1549 4580 1761 4636 panem
1813 4565 2171 4622 substantia-

2310 3409 2467 3460 ratos
2495 3407 2790 3478 apostolos
2822 3413 2878 3462 et
2907 3408 3257 3480 apostolicos
3286 3411 3462 3481 viros,
3493 3418 3549 3468 et
3575 3430 3776 3469 omnes
3808 3432 3956 3487 prae-

2307 3493 2592 3551 dicatores
2630 3497 2890 3553 veritatis
2926 3515 2938 3554 :
2973 3498 3073 3569 qui
3123 3499 3182 3554 in
3214 3500 3556 3557 fortitudine
3587 3503 3721 3557 ﬁdei
3769 3508 3825 3558 et
3851 3521 3957 3575 pa-

2304 3583 2528 3650 tientia,
2586 3585 2742 3640 velut
2797 3585 2855 3640 in
2912 3587 3093 3658 petris
3171 3606 3271 3660 per
3341 3590 3619 3661 spiritum
3679 3592 3956 3647 imbuen-

2302 3675 2420 3728 tem
2471 3690 2590 3743 eos,
2642 3675 2881 3730 verbum
2950 3676 3246 3749 Evangelii
3297 3680 3550 3749 perfecte
3600 3680 3656 3734 in
3733 3697 3794 3736 se
3846 3683 3960 3736 for-

2303 3766 2528 3818 matum
2606 3764 2951 3834 parturiant,
3018 3765 3106 3820 vel
3179 3782 3313 3821 cum
3391 3767 3691 3826 doloribus
3761 3787 3957 3842 perse-

2299 3850 2602 3906 cutionum
2659 3852 3004 3923 parturiant.
3067 3853 3128 3908 In
3162 3859 3325 3924 petra
3355 3857 3721 3926 parturiebat
3751 3863 3807 3914 et
3853 3858 3957 3916 ille

2298 3939 2398 4010 qui
2448 3939 2594 3994 dixit
2643 3956 2655 3992 :
2706 3942 2843 3996 Nam
2890 3943 2954 3996 in
3005 3942 3213 3997 Christo
3257 3959 3362 4013 per
3427 3945 3797 4014 Evangetium
3846 3965 3955 4016 ego

2294 4043 2385 4082 vos
2435 4030 2604 4095 genui
2651 4030 2704 4099 (1
2730 4030 2848 4084 Cor.
2885 4046 2960 4097 Iv,
2996 4030 3105 4100 15).
3138 4030 3255 4086 Hoc
3285 4031 3466 4103 igitur
3513 4038 3745 4105 tempus
3796 4037 3957 4092 futu-

2293 4133 2426 4170 rum
2458 4115 2754 4186 constitui,
2787 4122 2844 4172 et
2869 4118 3100 4174 animas
3151 4121 3583 4192 praedictorum,
3617 4122 3773 4178 velut
3822 4142 3951 4181 cer-

2289 4221 2410 4274 vas,
2445 4221 2570 4274 quae
2618 4205 2688 4260 de
2736 4205 2945 4264 timore
2998 4225 3126 4265 meo
3158 4210 3518 4283 concipiunt,
3552 4216 3617 4267 ut
3667 4212 3950 4284 spiritum

2289 4292 2497 4348 salutis
2546 4294 2778 4364 pariant
2833 4314 3008 4369 super
3054 4303 3292 4371 terram,
3341 4305 3404 4355 tu
3454 4301 3719 4367 forsitan,
3771 4307 3946 4374 quasi

2287 4383 2722 4442 obstetricantis
2783 4386 2992 4456 ofﬁcio,
3037 4387 3494 4461 diligentissima
3546 4389 3946 4448 sollicitudine

2285 4471 2630 4541 observasti,
2661 4475 2810 4531 dans
2857 4475 2941 4531 eis
3001 4493 3086 4546 os,
3149 4483 3208 4532 et
3255 4478 3604 4550 sapientiam
3657 4480 3727 4534 de
3778 4485 3946 4536 utero

2284 4559 2500 4616 mentis
2533 4577 2670 4626 sua),
2706 4562 2904 4618 minus
2936 4563 3183 4620 fortasse
3215 4565 3490 4636 solidum,
3524 4567 3611 4622 vel
3644 4566 3942 4640 integrum

517 4655 635 4712 lem
684 4654 945 4727 quotidie
991 4653 1356 4725 postulantes
1405 4653 1608 4724 (Matth.
1667 4671 1746 4721 v1,
1798 4653 1906 4723 11),
1956 4659 2012 4710 et
2061 4653 2170 4712 hoc
2203 4669 2251 4734 Β
2282 4648 2524 4703 verbum
2557 4650 3007 4720 praedicationis.
3042 4651 3202 4708 velut
3254 4654 3438 4709 fetum
3483 4654 3542 4710 in
3575 4655 3728 4712 hanc
3759 4657 3942 4712 eﬂ'un-

517 4745 716 4818 ipsum
744 4748 1021 4816 vagantes
1050 4743 1288 4813 faciunt,
1323 4744 1462 4814 quia
1506 4741 1794 4814 peregrini
1825 4747 1882 4797 et
1911 4743 2171 4815 hOSpites

515 4839 655 4892 sunt
685 4849 862 4906 super
907 4837 1123 4890 terram
1173 4834 1358 4902 (Hebr.
1391 4849 1470 4899 x1,
1520 4832 1629 4902 13),
1664 4831 1763 4886 ubi
1815 4832 2012 4886 sedem
2055 4832 2166 4888 sibi

510 4925 745 4981 ﬁrmam
776 4928 835 4978 et
877 4921 1147 4978 stabilem
1195 4939 1310 4977 non
1342 4921 1791 4987 constituerunt,
1827 4921 1928 4976 sed
1961 4921 2166 4979 dicunt

508 5031 643 5069 cum
695 5011 990 5085 Apostolo,
1041 5011 1328 5066 Instabiles
1397 5026 1587 5064 sumus
1643 5010 1687 5080 (Ι
1750 5008 1869 5064 Cor.
1924 5027 2001 5072 Iv,
2053 5011 2160 5081 11).

504 5103 592 5162 Illi
623 5102 806 5176 igitur
826 5101 1045 5156 habent
1066 5100 1304 5172 quidem
1323 5098 1484 5154 cibos
1511 5099 1949 5171 Scripturarum
1975 5115 1988 5152 :
2015 5117 2160 5170 qua-

501 5209 634 5249 rum
669 5190 1068 5248 consolatione
1095 5193 1437 5261 pascuntur,
1467 5189 1568 5243 sed
1600 5188 1724 5260 spei
1747 5191 1802 5242 et
1825 5188 1956 5242 ﬁdei
1990 5187 2157 5245 cibus

499 5286 606 5349 est,
670 5298 785 5336 non
845 5278 1126 5335 alimonia
1191 5277 1271 5332 rei
1335 5277 1565 5348 proprie
1615 5274 2034 5348 permanentis.
2088 5277 2154 5331 Et

496 5369 712 5427 idcirco
743 5368 803 5424 in
835 5368 944 5423 hoc
996 5367 1215 5422 mundo
1258 5365 1456 5438 vagari
1505 5366 1780 5420 dicuntur
1814 5383 1826 5419 ε
1863 5365 2045 5419 donec
2076 5365 2147 5420 ad

493 5457 968 5514 immobilitatem
1002 5457 1320 5528 quamdam
1353 5455 1548 5510 sazculi
1572 5454 1753 5508 futuri
1787 5453 2142 5524 perveniant.

491 5547 638 5601 Nam
672 5551 728 5601 et
758 5548 828 5601 ad
857 5547 1012 5601 hunc
1058 5545 1422 5601 intellectum
1473 5542 1838 5614 spiritualem
1873 5541 2139 5613 pertinet,

489 5636 647 5706 quod
676 5637 826 5690 corvi
857 5634 952 5690 isti
985 5652 1112 5690 rore
1143 5636 1302 5706 pasci
1344 5634 1639 5702 dicuntur,
1673 5631 1827 5686 sicut
1860 5631 2136 5704 philologi

489 5740 552 5783 se
582 5723 840 5783 referunt
864 5724 1193 5796 indagasse.

2284 4737 2487 4792 dercnt
2517 4737 2730 4794 lucem.

2352 4849 2379 4874 ‹‹
2442 4827 2842 4884 Dinumerasti-
2913 4845 3146 4885 menses
3223 4838 3538 4905 conceptus
3595 4852 3818 4901 eorum,
3877 4841 3935 4891 et

2281 4913 2439 4968 scisti
2502 4919 2736 4985 tempus
2794 4920 2997 4986 partus
3046 4919 3296 4973 earum?
3350 4941 3377 4968 ››
3425 4919 3632 4976 Vivum
3689 4923 3927 4977 verbum

2276 5001 2398 5067 Dei,
2457 5008 2514 5058 et
2585 5002 2868 5074 validum,
2930 5011 3243 5076 penetrans
3303 5025 3490 5080 usque
3562 5011 3620 5065 in
3698 5009 3932 5066 divisio-

2276 5107 2409 5146 nem
2481 5092 2688 5146 animae
2749 5110 2815 5148 ac
2861 5094 3124 5165 spiritus,
3177 5113 3527 5171 compagum
3577 5117 3812 5171 quoque
3861 5117 3926 5155 ac

2273 5180 2686 5250 medullarum,
2723 5182 2779 5236 in
2822 5183 2928 5238 hoc
2960 5184 3248 5255 spirituali
3300 5194 3581 5261 conceptu
3633 5190 3926 5260 profectus

2269 5270 2557 5342 quosdam
2589 5270 3105 5339 incrementorum,
3129 5273 3284 5330 velut
3316 5293 3417 5347 per
3439 5293 3671 5332 menses
3703 5282 3927 5348 tempo-

2262 5376 2394 5414 rum
2417 5359 2476 5413 in
2503 5360 2768 5414 cordium
2794 5359 3052 5416 sinibum
3073 5370 3366 5434 operatur,
3386 5371 3448 5420 ut
3475 5367 3618 5437 ipsis
3641 5364 3926 5437 apostolis

2257 5449 2516 5520 primum
2592 5449 2883 5519 apparuit,
2948 5451 3046 5520 qui
3108 5453 3166 5506 in
3245 5454 3412 5509 initio
3471 5454 3922 5526 praedicationis.

2255 5538 2424 5608 quasi
2458 5537 2638 5608 parvi,
2669 5543 2726 5592 et
2758 5538 2968 5594 modici
3002 5541 3105 5596 visi
3140 5550 3296 5614 sunt,
3327 5545 3426 5598 sed
3478 5545 3758 5614 paulatim
3792 5545 3923 5598 cor"

2253 5627 2564 5681 roborante
2603 5643 2701 5681 eos
2757 5628 2988 5699 spiritu,
3022 5633 3262 5688 verbum
3321 5634 3377 5687 in
3411 5633 3494 5688 eis
3547 5635 3918 5688 demonstia‘

2249 5724 2370 5771 tum
2404 5722 2512 5783 est,
2548 5733 2732 5789 usque
2765 5719 2836 5774 ad
2883 5736 3226 5778 mensuram
3257 5723 3438 5794 plena:
3473 5725 3671 5794 gratiae
3703 5739 3917 5795 perve—
