4220 6568
279 433 396 500 813
1315 432 1833 506 COMMENTAR.
1873 434 1954 502 IN
1994 436 2159 504 JOB.
2206 438 2375 502 CAP.
2422 438 2697 503 XXXIX.
3564 434 3687 499 8M

286 570 465 629 uisse.
497 572 662 638 Quod
694 570 849 629 velut
874 574 1045 645 partu
1074 573 1331 643 edentes,
1363 579 1551 631 totum
1583 580 1759 649 atque
1797 590 1925 648 per-
1955 570 2013 643 Α
2041 573 2133 631 vel
2190 574 2682 646 perseverantiam
2730 571 3014 641 ﬁdelium,
3069 572 3431 644 adjutorium
3478 571 3687 629 divine

286 660 502 718 fectum
529 679 595 719 ac
622 661 863 735 plenum
895 660 1106 718 divinis
1137 664 1628 736 promissionibus
1668 666 1925 722 scriben-
2036 663 2238 737 gratiae
2296 662 2642 736 suppliciter
2696 661 3099 733 implorantes.
3176 663 3377 729 Aliter,
3456 662 3687 734 rugitus

286 754 395 822 tes,
428 751 671 808 diversis
699 750 972 808 Ecclesiis
1000 752 1330 809 ediderunt.
1364 754 1716 825 Hujusmodi
1749 754 1931 827 igitur
2037 753 2333 823 emittunt,
2376 752 2516 824 quia
2543 751 2646 824 qui
2685 751 2885 822 adjicit
2940 752 3263 818 scientiam,
3320 751 3524 822 adjicit
3579 752 3690 806 dom

287 845 623 913 conceptus,
654 845 711 896 et
740 845 944 914 partus
973 846 1258 914 tempore,
1310 843 1410 914 qui
1459 844 1568 899 hoc
1608 845 1781 900 modo
1811 842 1930 915 spi-
2039 841 2256 898 lorem:
2290 847 2534 914 gemunt
2563 841 2750 897 sancti
2780 841 3103 913 cogitantes
3135 845 3357 912 quanta
3387 844 3525 896 sunt
3544 841 3692 912 peri-

289 930 486 986 rituali
539 935 705 986 utero
737 930 928 988 cordis
959 931 1133 999 ﬁunt,
1168 932 1321 988 unde
1351 937 1407 988 et
1434 936 1518 1001 tu,
1551 933 1661 988 Job
1711 932 1792 987 ait
1824 934 1934 988 Do-
2042 930 2177 989 cula
2204 930 2386 1002 hujus
2415 930 2565 1001 vitae,
2596 929 2685 985 vel
2713 946 2890 1002 quam
2921 929 3092 1003 longe
3122 935 3263 987 sunt
3312 947 3346 987 a
3373 929 3687 986 virtutibus

290 1019 510 1088 minus,
541 1035 889 1092 cognoscere
919 1019 1210 1092 potuisti?
1260 1037 1632 1094 quorumque
1670 1026 1937 1093 tempora
2044 1035 2194 1091 quas
2225 1018 2550 1090 requirunt.

290 1113 428 1165 sunt
456 1112 517 1163 in
548 1108 857 1181 Evangelio
890 1109 1295 1180 praeﬁnitionis
1332 1126 1473 1165 meae
1525 1108 1769 1166 consilio
1800 1125 1936 1166 con-

290 1197 513 1254 stituta.
549 1197 657 1254 Ubi
689 1213 825 1270 ergo
858 1197 1079 1254 dictum
1110 1203 1221 1267 est,
1255 1203 1312 1255 et
1344 1200 1510 1255 scisti
1541 1204 1775 1272 tempus
1806 1215 1938 1271 par-

292 1291 389 1343 tus
418 1301 620 1344 eorum
651 1302 665 1341 :
699 1286 1115 1355 alii-dixerunt,
1174 1296 1225 1343 et
1281 1288 1489 1345 dolores
1546 1305 1738 1345 eorum
1769 1288 1941 1343 solvi-

291 1378 381 1433 sti.
440 1375 676 1432 Dolores
733 1380 875 1431 sunt
931 1375 1345 1434 insectationes
1400 1382 1458 1433 et
1505 1378 1939 1444 tribulationes,

293 1483 419 1537 quea
453 1464 932 1538 praedicatoribus
988 1464 1343 1537 inferuntur,
1403 1483 1438 1522 a
1484 1466 1703 1539 quibus
1729 1465 1942 1523 dolori-

294 1555 406 1611 bus
434 1552 534 1610 isti
554 1557 694 1609 tunc
734 1553 1140 1623 absolvuntur,
1193 1556 1428 1628 quando
1478 1555 1706 1612 invitati
1745 1556 1817 1611 ad
1852 1572 1943 1612 re-

294 1643 492 1717 quiem
524 1643 908 1700 absolvuntur
935 1660 968 1699 a
994 1660 1252 1717 corpore.
1283 1645 1411 1701 Sive
1442 1650 1583 1700 tunc
1625 1644 1944 1701 absolvun-

293 1738 392 1789 tur
420 1750 455 1789 a
483 1732 785 1790 doloribus
814 1734 1311 1805 persecutionum,
1345 1735 1581 1805 quando
1613 1734 1673 1789 in
1709 1750 1812 1806 spe
1843 1749 1945 1807 po-

296 1822 413 1891 siti,
439 1838 544 1895 pro
565 1820 735 1878 malis
766 1822 1153 1895 praesentibus
1178 1822 1250 1878 ad
1299 1822 1755 1895 promissionem
1786 1827 1948 1878 aiter-

297 1928 384 1967 na
415 1911 908 1968 remunerationis
936 1911 1252 1984 aspiciunt.

368 2024 397 2051 ‹‹
434 2002 818 2058 Incurvantur
847 2001 917 2056 ad
949 2000 1152 2073 fetum,
1186 2005 1244 2058 et
1296 2001 1572 2074 pariunt:
1623 2005 1679 2057 et
1714 2001 1948 2074 rugitus

297 2088 596 2145 emittunt.
628 2110 657 2139 »
688 2088 1027 2144 Doctrinam
1069 2088 1319 2147 lacteam
1367 2089 1734 2163 propinando
1764 2088 1949 2147 incre-

299 2177 454 2232 dulis
484 2181 542 2233 et
570 2177 825 2232 inﬁrmis
879 2177 1035 2234 sicut
1093 2179 1175 2233 ait
1228 2178 1583 2250 Apostolus:
1645 2180 1757 2235 Lac
1792 2179 1948 2235 vobis

294 2270 488 2338 potum
514 2264 659 2334 dedi,
691 2281 1000 2321 nonescam
1040 2267 1089 2337 (Ι
1136 2267 1257 2322 Cor.
1313 2283 1399 2335 ιιι,
1450 2267 1547 2337 2);
1600 2268 1674 2323 ab
1698 2267 1801 2323 illa
1829 2266 1951 2324 cel-

300 2354 560 2411 situdine
626 2353 926 2426 sapientiae
993 2355 1065 2410 ad
1132 2354 1453 2412 humiliora
1538 2357 1952 2429 praedicatores

301 2443 737 2517 quodammodo
770 2442 1158 2499 humiliantur
1215 2448 1393 2515 atque
1449 2444 1838 2510 descendunt,
1892 2451 1957 2500 ut

300 2534 388 2590 vir
418 2534 519 2589 fiat
548 2527 867 2606 parvulus:
900 2538 958 2588 et
987 2532 1082 2589 his
1111 2532 1210 2605 qui
1260 2533 1387 2589 sine
1437 2533 1565 2606 lege
1614 2539 1774 2602 sunt,
1824 2538 1956 2589 tan-

304 2639 483 2695 quam
514 2627 569 2678 et
600 2621 724 2695 ipse
755 2621 833 2677 sit
866 2620 995 2677 sine
1021 2620 1167 2693 lege.
1202 2622 1272 2676 Et
1301 2622 1444 2677 dum
1469 2638 1567 2677 eos
1588 2627 1874 2678 conantur
1895 2623 1955 2677 in

304 2712 533 2769 Christo
567 2711 818 2768 formare
846 2714 903 2767 et
930 2727 1154 2783 parere,
1188 2711 1417 2783 rugitus
1464 2710 1764 2777 emittunt,
1814 2712 1957 2767 dum

309 2802 381 2857 ab
403 2799 659 2856 inimicis
680 2799 899 2856 Christi
920 2816 1100 2873 supra
1130 2800 1372 2855 modum
1395 2816 1460 2856 ac
1482 2817 1664 2873 supra
1681 2801 1957 2856 virtutem

312 2906 479 2946 suam
502 2893 839 2963 gravantur,
862 2888 944 2946 ita
978 2894 1041 2945 ut
1068 2889 1279 2945 taedeat
1307 2904 1406 2945 eos
1455 2888 1631 2945 etiam
1673 2890 1861 2945 vivere
1890 2891 1963 2960 (ll

313 2983 436 3037 Cor.
471 2994 511 3044 l,
542 2979 619 3049 8).
652 2983 732 3034 be
780 2977 1054 3051 qualibus
1094 2979 1271 3034 etiam
1321 2978 1463 3033 dicit
1507 2978 1861 3051 Apostolus:
1895 2981 1962 3034 Et

315 3085 463 3124 nunc
490 3070 630 3140 ﬂens
658 3067 776 3123 dico
809 3070 1063 3123 inimicos
1100 3068 1280 3125 crucis
1329 3067 1533 3124 Christi
1574 3068 1840 3141 (Philipp.
1871 3085 1957 3137 ιιι,

318 3158 425 3229 18).
458 3158 588 3213 Sive
620 3172 690 3213 ex
736 3157 946 3213 aﬁ‘ectu
994 3157 1304 3214 charitatis
1352 3156 1697 3228 hujusmodi
1728 3157 1961 3230 rugitus

313 3247 612 3317 emittunt,
645 3246 799 3301 sicut
833 3246 917 3301 ait
944 3244 1102 3301 idem
1149 3245 1502 3317 Apostolus:
1531 3247 1777 3302 Tristitia
1813 3246 1958 3302 mihi

308 3344 389 3392 est
410 3351 615 3402 magna
641 3340 696 3390 et
744 3337 1038 3390 continuus
1092 3333 1246 3390 dolor
1294 3336 1455 3391 cordi
1508 3351 1626 3391 meo
1664 3335 1838 3404 (Rom.
1875 3352 1950 3403 ιχ,

306 3425 383 3495 2).
446 3424 589 3479 Item
650 3424 762 3479 ait:
822 3428 908 3480 Ea:
948 3424 1129 3479 multa
1186 3423 1546 3479 tribulatione
1590 3432 1643 3479 et
1692 3425 1957 3494 angustia

306 3512 485 3569 cordis
527 3514 727 3584 scripsi
786 3513 932 3567 vobis
974 3528 1074 3583 per
1129 3512 1329 3567 multas
1379 3512 1657 3585 lacrymas
1695 3513 1771 3583 (Il
1826 3511 1952 3567 Cor.

308 3618 370 3670 ιι,
406 3601 481 3672 4).
514 3600 796 3667 Qualibus
827 3600 1031 3657 dolens
1063 3617 1132 3656 ex
1161 3600 1469 3657 charitatis
1524 3600 1845 3657 visceribus
1866 3600 1955 3656 di-

307 3690 421 3745 cit:
455 3691 643 3745 Filioli
671 3692 797 3758 mei,
832 3705 957 3761 quos
986 3692 1189 3745 iterum
1233 3692 1506 3761 parturio,
1556 3691 1726 3745 donec
1752 3694 1955 3762 forme-

310 3788 402 3834 tur
431 3778 674 3835 Christus
736 3782 797 3834 in
826 3780 972 3835 vobis
1027 3778 1227 3849 (Galat.
1287 3797 1362 3845 IV,
1437 3780 1516 3851 9).
1578 3781 1723 3835 Item
1782 3779 1864 3834 ait
1895 3778 1955 3833 in

310 3868 550 3924 Actibus
608 3867 1028 3941 apostolorum,
1080 3868 1180 3924 ubi
1236 3885 1470 3925 omnem
1528 3868 1956 3925 fraternitatem

312 3955 613 4013 collectam
644 3956 1000 4030 alloquitur:
1068 3959 1318 4029 Vigilate,
1378 3960 1655 4015 memoria
1713 3959 1957 4014 retinen-

315 4054 408 4112 tes,
442 4048 705 4118 quoniam
730 4063 829 4118 per
855 4048 1165 4103 triennium
1194 4057 1346 4103 nocte
1375 4052 1427 4104 et
1485 4048 1582 4104 die
1619 4062 1729 4104 non
1758 4046 1961 4103 cessavi

312 4150 437 4190 cum
482 4136 750 4206 lacrymis
776 4151 995 4191 monere
1044 4153 1489 4208 unumquemque
1544 4146 1777 4193 vestrum
1824 4136 1956 4208 (Act.

313 4242 406 4295 xx,
440 4224 554 4294 31).
591 4225 660 4279 Et
690 4224 904 4279 iterum
937 4224 1053 4279 ait:
1088 4227 1201 4296 Ipsi
1236 4227 1390 4280 scitis
1418 4227 1659 4297 qualiter
1686 4228 1963 4282 vobiscum

308 4328 410 4385 per
460 4328 618 4368 omne
679 4316 892 4385 tempus
958 4315 1186 4385 fuerim,
1253 4318 1498 4370 serviens
1552 4317 1781 4372 Domino
1838 4331 1965 4371 cum

313 4403 467 4459 omni
495 4402 810 4457 humilitate
862 4407 917 4458 et
974 4404 1235 4474 lucrymis
1293 4404 1464 4474 (Ibid.
1529 4405 1615 4470 18,
1676 4406 1784 4477 19).
1835 4405 1964 4459 Haec

314 4490 496 4564 igitur
523 4490 738 4547 idcirco
768 4491 922 4547 dicta
952 4497 1109 4563 sunt,
1140 4497 1205 4547 ut
1260 4495 1516 4549 sciamus
1573 4495 1853 4565 quoniam
1892 4494 1963 4549 ad

318 4580 573 4652 gemitus
603 4585 662 4637 et
690 4581 921 4653 rugitus
955 4582 1283 4654 pertineant
1316 4582 1637 4650 tribulatio,
1671 4582 1965 4654 angustia,

319 4668 589 4743 lacrymas
618 4674 677 4726 et
696 4670 861 4726 dolor
891 4670 1205 4727 continuus
1235 4671 1427 4726 cordis
1459 4677 1819 4728 sanctorum.
1856 4670 1965 4725 Ali-
1999 4692 2046 4757 D

320 4760 826 4817 terincurvantur
854 4761 925 4815 ad
958 4761 1164 4826 fetum,
1224 4767 1281 4816 et
1334 4761 1590 4833 pariunt,
1652 4768 1710 4816 et
1740 4760 1968 4829 rugitus

328 4848 646 4906 emittunt:
680 4847 777 4903 ubi
824 4850 1236 4920 praadicatores
1259 4850 1523 4905 veritatis
1565 4851 1806 4905 verbum
1840 4849 1971 4905 ﬁdei

328 4927 609 5010 eruperint
638 4937 893 4994 editione
922 4937 1137 5009 eloquii
1188 4940 1519 5010 praedicare,
1571 4939 1723 4995 illico
1768 4940 1841 4994 ab
1872 4940 1973 4994 ad-

327 5025 601 5083 versariis
631 5026 1040 5096 incruvantur,
1074 5028 1133 5082 id
1192 5033 1300 5095 est,
1359 5029 1642 5084 custodiis
1675 5045 1975 5084 carcerum

330 5114 724 5172 humiliantur
766 5122 941 5188 atque
998 5117 1377 5185 verberibus;
1434 5119 1535 5174 sed
1593 5118 1733 5189 quia
1784 5135 1887 5173 nec
1919 5119 1979 5173 in

329 5203 581 5261 vinculis
609 5205 853 5261 verbum
884 5205 987 5261 Dei
1020 5212 1109 5262 est
1138 5204 1441 5278 alligatum
1473 5221 1485 5262 :
1531 5205 1648 5261 illic
1682 5206 1981 5261 nihilomi-

334 5312 448 5351 nus
472 5295 531 5349 id
566 5293 800 5366 populis
832 5296 1090 5366 pariunt,
1126 5312 1242 5367 quo
1267 5302 1325 5351 et
1350 5296 1459 5368 ipsi
1494 5296 1552 5351 in
1584 5296 1812 5351 Christo
1846 5313 1981 5351 nas-

337 5390 592 5441 cuntur:
654 5383 816 5438 Sicut
868 5383 971 5453 ait,
1032 5390 1100 5439 ut
1164 5386 1441 5451 diximus,
1501 5385 1559 5439 in
1592 5392 1981 5457 regeneratus,

2120 1175 2149 1203 «
2184 1152 2546 1225 Separantur
2574 1150 2679 1207 ﬁlii
2705 1168 2928 1220 earum,
2954 1158 3010 1209 et
3040 1157 3290 1226 pergunt
3319 1156 3389 1210 ad
3412 1159 3646 1227 pastum
3676 1172 3689 1210 :

2049 1240 2449 1315 egrediuntur,
2482 1246 2539 1297 et
2569 1258 2685 1296 non
2717 1247 3091 1298 revertuntur
3121 1244 3191 1298 ad
3224 1260 3342 1300 cas.
3369 1265 3397 1294 »
3432 1245 3695 1300 Parturi-

2048 1331 2209 1387 tione
2238 1329 2581 1403 apostolica,
2634 1330 2740 1385 ﬁlii
2785 1348 2935 1403 quos
2982 1331 3172 1387 sancti
3222 1333 3280 1387 in
3332 1333 3562 1389 Christo
3593 1352 3693 1406 ge-

2051 1420 2309 1486 nuerint,
2355 1420 2476 1476 sive
2506 1437 2540 1475 a
2570 1419 2835 1493 pristinis
2865 1421 3161 1476 erroribus
3186 1421 3332 1489 suis,
3367 1421 3487 1479 sive
3516 1423 3695 1479 etiam

2053 1528 2087 1566 a
2116 1509 2451 1566 carnalibus
2472 1510 2749 1583 Operibus
2780 1515 3161 1582 separantur:
3195 1510 3255 1565 in
3289 1512 3507 1583 quibus
3537 1529 3696 1567 nunc

2052 1600 2427 1665 erubescunt,
2460 1603 2526 1655 ut
2548 1600 2677 1671 jam
2709 1616 2827 1654 non
2858 1598 2970 1655 sibi
3026 1598 3239 1666 vivant,
3302 1601 3401 1656 sed
3449 1600 3702 1668 Christo,

2054 1688 2156 1762 qui
2188 1705 2291 1762 pro
2340 1688 2425 1745 eis
2473 1693 2742 1744 mortuus
2793 1693 2903 1755 est,
2962 1695 3019 1744 et
3078 1690 3412 1745 resurrexit.
3446 1690 3705 1761 Pergunt

2055 1781 2127 1836 ad
2161 1783 2432 1851 pastum:
2467 1778 2525 1834 id
2559 1783 2668 1849 est,
2716 1795 2820 1851 per
2849 1767 3155 1834 scientiam
3184 1778 3582 1851 profundioris
3616 1780 3705 1834 in-

2055 1867 2391 1941 telligentiae
2457 1868 2719 1939 quotidie
2792 1868 3025 1924 excitati
3075 1868 3454 1924 conversione
3529 1869 3705 1939 proﬁ-

1976 1952 2238 2028 Bciunt,
2280 1956 2564 2021 dicentes,
2635 1955 2915 2013 animalia
2977 1957 3165 2012 sancti
3229 1957 3346 2012 veri
3415 1957 3709 2029 pastoris:

2055 2049 2322 2104 Dominus
2352 2047 2492 2118 regit
2510 2062 2616 2116 me,
2650 2054 2701 2101 et
2736 2047 2886 2101 nihil
2933 2046 3076 2102 mihi
3131 2046 3315 2103 deerit
3344 2047 3513 2119 (Psal.
3546 2064 3710 2114 χχιιι,

2060 2138 2237 2207 1):et
2265 2141 2492 2206 caetera,
2524 2153 2652 2207 quae
2703 2140 3036 2208 sequuntur
3088 2135 3149 2191 in
3196 2136 3423 2209 psalmo
3465 2136 3709 2204 eodem;

2059 2226 2143 2282 sic
2171 2225 2437 2296 inquam,
2487 2228 2746 2296 pergunt
2793 2223 2981 2281 sancti
3031 2224 3135 2279 ﬁlii
3182 2223 3710 2296 evangelizantium

2062 2330 2264 2386 pacem
2294 2313 2468 2383 (Rom.
2501 2330 2558 2379 x,
2618 2312 2725 2383 15),
2784 2312 2939 2368 sicut
2985 2313 3107 2383 jam
3166 2312 3305 2379 dixi,
3340 2314 3396 2368 id
3457 2318 3564 2381 est,
3598 2330 3718 2369 cre-

2063 2407 2237 2460 scunt
2266 2406 2440 2474 atque
2472 2401 2802 2474 proﬁciunt.
2837 2402 2922 2456 Ad
2954 2401 3135 2457 istum
3167 2408 3406 2473 pastum
3455 2402 3715 2468 Domini,

2064 2496 2121 2549 et
2142 2491 2214 2546 ad
2241 2490 2392 2545 hanc
2423 2489 2767 2546 alimoniam
2798 2495 3134 2545 sanctarum
3169 2491 3524 2557 animarum,
3556 2497 3615 2546 et
3642 2492 3717 2545 ad

2063 2578 2209 2636 tales
2242 2577 2483 2634 delicias
2540 2578 2901 2650 spirituales,
2956 2578 3337 2650 egrediuntur
3392 2581 3595 2651 utique
3644 2581 3717 2634 ab

2064 2667 2316 2724 infantia
2347 2684 2579 2723 morum
2610 2667 2868 2738 quotidie
2918 2668 3307 2739 proﬁcientes,
3354 2668 3719 2739 proﬁciscen—

2066 2762 2154 2814 tes
2185 2757 2467 2812 virtutum
2501 2755 2707 2811 merito
2738 2756 2797 2810 in
2850 2756 3041 2811 virum
3099 2757 3445 2828 perfectum.
3499 2758 3569 2811 Et
3598 2774 3717 2812 non

2069 2850 2440 2903 revertuntur
2485 2846 2557 2900 ad
2603 2862 2722 2901 eas.
2768 2846 2892 2900 Non
2952 2850 3341 2913 revertuntur,
3405 2850 3471 2900 ut
3501 2845 3718 2902 iterum

2070 2951 2309 2991 necesse
2341 2935 2417 2989 sit
2445 2951 2544 2990 eos
2577 2935 2791 3004 doceri,
2827 2951 2955 3005 quas
3005 2935 3124 2989 sint
3172 2933 3463 2990 elementa
3496 2933 3719 2990 exordii

2070 3041 2411 3081 sermonum
2444 3023 2564 3079 Dei.
2598 3023 2722 3081 Non
2757 3027 3127 3079 revertuntur
3172 3024 3243 3079 ad
3292 3042 3360 3079 ea
3406 3042 3532 3097 qua:
3565 3028 3717 3079 retro

2070 3118 2228 3185 sunt,
2254 3114 2354 3170 sed
2387 3113 2460 3168 ad
2491 3129 2559 3169 ea
2588 3130 2716 3184 quae
2751 3112 2807 3168 in
2829 3118 2961 3168 ante
2987 3120 3126 3169 sunt
3146 3130 3207 3169 se
3224 3114 3563 3169 extendunt.
3590 3114 3715 3169 Non

2069 3206 2461 3269 revertuntur,
2527 3207 2591 3256 ut
2646 3202 2909 3273 quidam,
2973 3202 3189 3273 quibus
3234 3202 3314 3256 ait
3358 3202 3714 3274 Apostolus:

1984 3318 2027 3386 α
2069 3293 2257 3348 Filioli
2312 3293 2440 3358 mei,
2500 3307 2630 3361 quos
2667 3300 2891 3386 atteram
2939 3292 3202 3361 periurio
3258 3292 3427 3346 donec
3465 3292 3716 3347 Christus

2062 3384 2334 3453 formetur
2362 3382 2423 3435 in
2454 3379 2602 3434 vobis
2630 3378 2829 3448 (Calai.
2884 3396 2964 3445 ιν,
3012 3381 3139 3449 19):
3200 3380 3301 3433 sed
3353 3380 3547 3449 potius
3579 3381 3717 3434 sub-

2063 3474 2206 3525 eunt
2234 3470 2453 3541 gradus
2474 3468 2908 3535 ascensionum,
2964 3467 3336 3523 inambulant
3383 3469 3454 3523 de
3482 3467 3716 3522 virtuti-

2066 3563 2179 3614 bus
2208 3558 2268 3612 in
2300 3556 2595 3612 virtutem.
2629 3556 2981 3628 Hujusmodi
3012 3574 3149 3630 ergo
3180 3556 3285 3611 filii
3316 3574 3431 3611 non
3465 3560 3715 3628 possunt

2064 3647 2287 3717 audire,
2332 3651 2396 3701 ut
2447 3644 2684 3713 Galatae,
2741 3663 2941 3702 vocem
2992 3646 3347 3718 increpantis
3407 3646 3710 3718 Apostoli:

2073 3738 2265 3793 Vellem
2293 3734 2578 3807 csse'apud
2622 3753 2733 3803 vos,
2764 3743 2821 3792 et
2846 3740 3065 3791 mutare
3120 3752 3299 3791 vocem
3346 3753 3523 3791 meam
3548 3736 3712 3808 (Ibid.

2062 3828 2176 3900 20).
2209 3826 2314 3880 Hic
2371 3842 2508 3896 ergo
2558 3841 2751 3881 sermo
2811 3826 2909 3880 Dei
2968 3826 3076 3881 sub
3135 3828 3323 3898 ﬁgura
3348 3841 3714 3898 caprearum,

2067 3922 2125 3973 et
2154 3916 2396 3980 ibicum,
2431 3914 2710 3969 describit
2748 3914 3063 3987 apostolos,
3117 3916 3271 3969 sicut
3312 3915 3439 3985 jam
3489 3914 3628 3981 dixi,
3661 3922 3717 3970 et

2068 4004 2419 4078 apostolicos
2449 4004 2604 4058 viros
2630 4021 2642 4070 ;
2678 4007 2852 4075 atque
2883 4020 3087 4058 omnes
3116 4005 3379 4058 doctores
3426 4002 3717 4072 Ecclesiae,

2069 4112 2172 4166 per
2220 4109 2471 4164 quorum
2519 4092 2849 4147 doctrinam
2910 4091 3165 4146 Ecclesia
3209 4091 3543 4162 Spirituales
3604 4092 3718 4147 sibi

2071 4183 2223 4239 ﬁlios
2276 4183 2534 4254 generat.
2590 4181 2656 4236 Et
2688 4197 3055 4253 unaquaeque
3085 4179 3283 4235 anima
3309 4180 3379 4234 de
3410 4180 3583 4235 verbo
3620 4181 3717 4235 Dei

2071 4271 2427 4343 concipiens,
2456 4270 2606 4341 parit
2636 4270 2786 4325 ﬁlios
2840 4273 3122 4324 bonorum
3168 4286 3432 4340 operum,
3466 4286 3595 4339 quae
3626 4274 3719 4323 ta-

2074 4379 2207 4417 men
2239 4378 2415 4416 cersz
2448 4359 2525 4415 sit
2554 4358 2786 4426 similis,
2813 4366 2868 4414 et
2910 4357 3069 4421 ibici,
3122 4358 3256 4412 utin
3295 4357 3596 4413 montibus
3623 4358 3725 4412 ha-

2074 4451 2238 4517 bitet,
2272 4454 2326 4504 et
2356 4449 2415 4503 in
2464 4450 2644 4520 petris
2676 4448 2916 4513 nutriat,
2970 4448 3249 4518 veloxque
3281 4446 3376 4513 sit,
3427 4451 3483 4500 et
3513 4446 3724 4500 alacris

2076 4542 2148 4595 ad
2182 4539 2529 4594 currendum
2559 4538 2713 4593 viam
2746 4537 2996 4592 Domini.
3032 4538 3344 4608 Serpentes
3392 4552 3625 4607 quoque
3656 4537 3727 4591 de

2078 4635 2231 4685 terra
2262 4644 2372 4683 sua
2401 4627 2629 4693 educat,
2664 4633 2722 4682 et
2746 4627 2899 4681 vivat
2930 4625 3111 4681 multo
3170 4632 3450 4697 tempore,
3484 4624 3731 4680 audiens

2080 4716 2466 4790 prophetam:
2499 4716 2846 4786 Adjicieniur
2888 4717 2993 4771 tibi
3039 4717 3177 4770 anni
3219 4719 3347 4771 vita:
3401 4724 3511 4770 tua?
3542 4721 3727 4788 (Prov.

2082 4824 2162 4872 ιιι,
2196 4804 2306 4874 11).
2341 4803 2584 4859 Talibus
2617 4805 2799 4861 cervis
2847 4812 2985 4860 sunt
3035 4810 3264 4860 montes
3313 4804 3546 4872 excelsi,
3580 4822 3730 4875 quos

2084 4893 2318 4951 Domini
2346 4910 2454 4948 vox
2485 4893 2728 4966 perﬁcit,
2760 4899 2817 4949 et
2846 4912 3098 4966 quorum
3130 4895 3307 4966 pedes
3357 4894 3416 4948 in
3455 4910 3730 4948 consum-

2089 4984 2345 5039 matione
2377 4982 2677 5054 perducet.

2165 5140 2186 5166 α
2225 5115 2367 5180 Quis
2397 5115 2623 5172 dimisit
2652 5134 2939 5189 onagrum
2971 5116 3246 5185 liberum,
3278 5120 3336 5170 et
3355 5115 3586 5170 vincula
3608 5116 3738 5185 ejus

2091 5207 2225 5277 quis
2255 5204 2476 5260 solvit?
2509 5228 2537 5254 ››
2571 5208 2633 5260 In
2667 5224 2835 5262 cerva
2886 5211 2943 5260 et
2976 5206 3125 5261 ibice
3173 5203 3445 5275 superius
3491 5204 3742 5275 ﬁguram

2092 5293 2359 5351 Ecclesia:
2419 5310 2548 5349 esse
2605 5295 3080 5349 monstravimus.
3142 5295 3306 5349 Nunc
3348 5310 3483 5348 vero
3542 5294 3750 5363 onagri

2096 5384 2353 5450 nomine,
2386 5384 2743 5440 arbitramur
2775 5384 3057 5455 populum
3086 5384 3422 5439 Judaeorum
3456 5399 3626 5454 posse
3660 5383 3747 5437 in-

341 5478 581 5530 sanctus
608 5471 962 5543 Apostolus:
1023 5478 1090 5529 In
1150 5473 1359 5530 Christo
1404 5477 1533 5531 Iesu
1587 5492 1685 5545 per
1732 5479 1986 5545 Evange-
2096 5473 2303 5545 telligi,
2338 5490 2511 5544 quem
2547 5478 2698 5528 Deus
2730 5474 2802 5527 ob
2832 5473 3302 5528 incredulitatem
3344 5474 3471 5542 ejus
3502 5470 3747 5527 dimise-

343 5565 483 5620 lium
511 5578 608 5631 ego
640 5578 733 5616 vos
761 5563 930 5630 graui
983 5563 1032 5629 (I
1086 5560 1204 5617 Cor.
1268 5580 1343 5633 ιν,
1404 5567 1528 5633 15);
1597 5564 1875 5635 Deinceps
1914 5563 1987 5618 ad

347 5659 530 5708 Deum
561 5651 620 5705 in
652 5650 1022 5705 orationibus
1053 5651 1284 5722 rugitus
1313 5652 1786 5725 deprecationum
1818 5653 1994 5708 emit-

343 5746 497 5810 tunt,
528 5738 614 5796 vel
645 5754 750 5812 pro
782 5739 1255 5811 persecutoribus
1297 5740 1424 5797 suis
1471 5741 1655 5798 Deum
1700 5751 1990 5814 rogantes,

2100 5564 2193 5628 rit,
2228 5564 2379 5617 sicut
2410 5561 2528 5618 ait:
2578 5564 2642 5618 El
2694 5562 2907 5616 dimisit
2956 5579 3046 5616 eos
3099 5564 3403 5616 secundum
3459 5562 3746 5617 desideria

2099 5651 2275 5707 contis
2333 5668 2524 5707 eorum
2577 5652 2753 5724 (Psal.
2817 5668 2979 5715 Lxxx,
3044 5652 3151 5722 13).
3212 5652 3377 5714 Quod
3442 5652 3499 5706 in
3544 5651 3748 5707 multis

2105 5741 2237 5798 aliis
2264 5741 2408 5798 locis
2462 5740 2894 5813 Scripturarum
2952 5739 3105 5797 Deus
3163 5739 3272 5797 hoc
3321 5743 3586 5799 tutorum
3627 5758 3758 5800 esse
