4220 6572
564 405 685 469 815

2063 412 2481 479 APPENDIX.
2499 507 2517 521 ν

3853 419 3978 482 816

569 544 844 601 testatur.
875 542 1176 616 Cujusque
1201 541 1439 601 vincula
1492 546 1782 617 praecepta
1831 561 1961 603 esse
2005 544 2220 619 legalia
2244 546 2303 621 Α
2329 548 2427 619 qui
2453 546 2745 604 inhabitet.
2775 545 2950 614 (Psal.
2986 562 3176 613 vam,
3206 545 3318 619 26).
3353 545 3617 606 Solitudo
3636 547 3839 624 itaque
3859 551 3976 608 fac-

569 650 689 691 non
719 634 974 692 absurde
1000 633 1311 692 sentimus.
1343 634 1491 690 Nam
1512 636 1787 691 eumdem
1809 639 2216 692 contumacem

568 723 858 797 populum
906 727 965 780 et
1006 723 1305 792 rebellem,
1354 724 1638 796 propheta
1685 725 1766 779 ita
1819 725 2111 797 objurgat,
2159 730 2217 782 et

568 814 855 887 increpat,
887 813 1128 870 dicens:
1194 815 1363 869 Vacca
1419 814 1703 869 lasciviens
1748 815 1939 879 Israel,
1998 817 2213 885 confre-

567 903 705 973 gisti
741 906 961 976 jugum,
1010 902 1208 973 rupisli
1252 904 1474 958 vincula
1525 902 1678 975 (Osee
1739 920 1817 969 ιν,
1886 905 1993 974 16).
2042 907 2212 960 Hunc

561 992 747 1067 igitur
766 992 935 1064 quasi
957 1009 1264 1065 onagrum,
1294 992 1668 1047 immundum
1694 992 1961 1048 videlicet
1989 992 2210 1050 animal

564 1099 630 1138 ac
661 1083 872 1139 eﬂ‘rene
902 1082 1139 1154 reliquit
1162 1081 1467 1148 Dominus,
1499 1084 1564 1136 ut
1592 1082 1665 1137 ab
1693 1098 1760 1137 eo
1796 1082 1943 1153 jugo
1976 1082 2209 1154 imperii

565 1172 681 1242 sui,
713 1172 849 1245 quia
877 1188 1108 1243 semper
1135 1170 1352 1225 restitit
1390 1171 1643 1239 obedire,
1698 1188 1733 1225 a
1776 1171 2030 1227 vinculis
2061 1189 2205 1244 prte-

560 1267 860 1335 ceptorum
892 1259 1105 1317 diaboli
1139 1259 1482 1330 solveretur,
1514 1263 1568 1314 et
1602 1260 1928 1315 secundum
1958 1262 2204 1332 Aposto-

558 1352 682 1407 lum
714 1368 917 1407 servus
950 1350 1189 1422 peccati,
1231 1349 1379 1405 liber
1426 1352 1582 1407 esset
1622 1350 1864 1420 justitize
1915 1351 2091 1423 (Rom.
2122 1369 2202 1419 v1,

555 1442 670 1513 20),
729 1441 813 1495 sic
870 1439 1028 1497 enim
1083 1440 1210 1513 ipse
1268 1439 1550 1495 Dominus
1606 1440 1678 1495 de
1734 1438 1957 1495 Judaeis
2015 1440 2097 1495 ait
2143 1440 2202 1494 in

557 1530 828 1587 Psalmo:
878 1530 1296 1602 Disrumpamus
1338 1530 1561 1586 vincula
1609 1546 1818 1595 eorum,
1857 1537 1910 1584 et
1933 1531 2203 1601 projicia-

552 1637 681 1677 mus
708 1637 741 1675 a
767 1621 924 1676 nobis
960 1621 1161 1690 jugum
1192 1620 1437 1689 ipsorum
1483 1619 1655 1691 (Psal.
1718 1636 1781 1682 ιι,
1817 1619 1908 1689 3);
1941 1617 2041 1673 ubi
2073 1618 2202 1690 ipsa

547 1710 807 1767 Trinitas
835 1708 935 1765 Dei
967 1708 1076 1764 hoc
1107 1708 1323 1763 dixisse
1351 1708 1599 1763 videtur.
1634 1707 1781 1765 Nam
1812 1708 2200 1779 quemadmo-

551 1799 693 1855 dum
726 1798 785 1853 in
817 1795 1026 1853 Genesi
1057 1796 1115 1851 in
1150 1796 1374 1855 factura
1401 1795 1662 1854 hominis
1708 1795 2015 1868 pluraliter
2053 1796 2199 1851 dixit

547 1888 702 1944 Deus
730 1904 743 1943 :
773 1888 1064 1941 Faciamus
1090 1886 1365 1941 hominem
1401 1885 1472 1940 ad
1499 1887 1801 1955 imaginem
1841 1894 1892 1941 et
1923 1884 2197 1941 similitu-

547 1977 738 2032 dinem
756 1983 1000 2031 nostram
1032 1973 1182 2038 (Gen.
1217 1992 1255 2043 ι,
1287 1975 1377 2045 26)
1405 1992 1417 2031 :
1449 1974 1531 2030 ita
1560 1979 1617 2030 et
1663 1974 1758 2030 hic
1805 1974 2037 2030 locutus
2066 1979 2193 2031 est:

543 2067 934 2137 Dirumpamus
980 2064 1202 2121 vincula
1249 2079 1462 2128 eorum,
1514 2072 1567 2119 et
1611 2063 1978 2136 projiciamus
2024 2081 2060 2118 a
2101 2080 2197 2119 no-

545 2154 628 2210 bis
638 2156 841 2226 jugum
881 2155 1125 2225 ipsorum
1156 2153 1330 2224 (Psal.
1364 2170 1428 2218 ιι,
1462 2154 1537 2221 3).
1572 2154 1754 2217 Quem
1786 2151 1981 2208 locum
2012 2154 2193 2209 Actus

544 2242 943 2319 apostolorum
991 2241 1075 2298 ita
1122 2258 1184 2297 se
1232 2241 1449 2297 habere
1498 2242 1807 2297 manifeste
1854 2240 2188 2297 declarant:

541 2333 643 2389 ubi
675 2331 923 2405 apostoli
978 2331 1051 2386 ad
1108 2331 1293 2387 Deum
1347 2330 1720 2387 elevaverunt
1769 2348 1970 2387 vocem
2015 2348 2189 2387 suam

540 2425 719 2494 atque
749 2420 1056 2476 dixerunt:
1117 2422 1362 2491 Domine,
1422 2424 1483 2475 tu
1535 2423 1633 2493 qui
1683 2420 1873 2493 fecisti
1919 2422 2117 2475 caelum
2141 2424 2193 2475 et

539 2519 766 2582 terram,
796 2526 976 2577 mare,
1010 2518 1063 2565 et
1091 2513 1283 2565 omnia
1312 2526 1431 2582 qua:
1462 2512 1520 2565 in
1548 2512 1627 2566 eis
1658 2515 1803 2579 sunt,
1838 2513 1934 2583 qui
1979 2510 2190 2582 Spiritu

534 2604 724 2657 sancto
747 2615 850 2671 per
875 2615 931 2655 os
955 2600 1137 2670 patris
1165 2601 1340 2655 nostri
1393 2601 1569 2655 David
1619 2602 1785 2672 pueri
1837 2602 1924 2654 tui
1951 2600 2151 2655 dixisti
2170 2620 2189 2654 :

537 2693 721 2761 Quare
763 2692 1109 2761 fremuerunt
1156 2697 1359 2760 gentes,
1420 2698 1473 2744 ct
1523 2691 1718 2761 populi
1767 2690 2022 2745 meditati
2061 2698 2193 2746 sunt

532 2779 784 2836 inania?
821 2780 1140 2835 Astiterunt
1186 2794 1336 2849 reges
1385 2786 1565 2851 terra;
1599 2782 1649 2833 et
1690 2780 1967 2851 principes
1996 2794 2187 2834 conve-

531 2872 736 2924 nerunt
763 2869 829 2922 in
881 2884 1077 2935 unum,
1133 2868 1398 2923 adversus
1454 2869 1770 2933 Dominum,
1830 2876 1883 2923 et
1934 2868 2188 2924 adversus

538 2957 823 3013 Christum
842 2958 963 3026 ejus
990 2957 1125 3027 (Act.
1160 2973 1236 3022 IV,
1268 2957 1483 3026 24-27).
1517 2957 1602 3011 Ob
1633 2956 1740 3012 hoc
1767 2956 1949 3029 igitur
1995 2956 2185 3013 scelus

534 3046 693 3121 quod
751 3046 813 3100 in
871 3044 1101 3101 Christo
1158 3044 1299 3100 Filio
1353 3043 1452 3101 Dei
1509 3045 1892 3101 commissum
1953 3050 2061 3113 est,
2103 3046 2186 3101 ait

534 3138 726 3206 Pater,
761 3133 863 3209 qui
894 3139 954 3188 in
985 3133 1203 3205 Spiritu
1236 3150 1342 3188 suo
1372 3133 1481 3189 hoc
1513 3134 1775 3189 futurum
1816 3134 2182 3206 praedixerat,

538 3225 783 3281 dicens:
815 3224 1213 3295 Dirumpamus
1267 3224 1488 3279 vincula
1547 3240 1760 3295 eorum,
1821 3231 1873 3279 et
1920 3225 2183 3298 projicia-

2324 640 2422 693 tus
2453 641 2542 693 est
2571 636 2823 709 populus
2848 635 2968 703 ille,
2999 640 3058 692 et
3098 652 3350 706 eramus,
3404 638 3544 710 quia
3594 638 3793 697 ablata
3820 639 3969 715 lege,

2322 726 2651 798 prophetia,
2683 724 3026 782 sacerdotio:
3060 724 3348 782 sacriﬁcio
3376 743 3612 797 quoque
3642 744 3709 783 ac
3752 730 3970 786 benefi-

2322 815 2429 871 ciis
2459 815 2692 883 divinis,
2747 813 2944 886 gratia:
3000 814 3180 870 etiam
3237 815 3598 887 protectione
3654 816 3861 889 privati
3899 837 3968 877 ac

2320 904 2586 960 destituti
2617 909 2775 959 sunt.

2396 1017 2417 1041 ι
2454 994 2520 1048 Et
2543 991 2920 1048 tabernacula
2946 993 3076 1063 ejus
3108 992 3167 1048 in
3223 996 3379 1048 terra
3436 993 3778 1066 salsuginis.
3813 1018 3836 1048 ι
3890 998 3965 1055 Ut

2318 1082 2445 1138 sine
2501 1081 2624 1138 ulla
2669 1099 2772 1153 spe
2821 1080 3231 1153 promissionis
3290 1082 3394 1138 Dei
3455 1084 3675 1141 sterilis
3726 1086 3960 1159 viveret,

2316 1176 2373 1227 et
2428 1172 2829 1227 infructuosus
2890 1176 3109 1226 terram
3173 1170 3494 1243 salsuginis
3540 1173 3757 1230 dicitur
3799 1193 3959 1233 acce-

2315 1261 2515 1333 pisse:
2548 1261 2651 1316 ubi
2698 1264 2907 1332 praeter
2953 1260 3408 1317 amaritudinem
3454 1278 3572 1333 qua
3612 1263 3797 1321 Deum
3826 1282 3958 1337 pro-

2311 1355 2544 1406 vocaret
2573 1350 2646 1405 ad
2677 1349 3066 1415 iracundiam,
3097 1348 3243 1405 nihil
3271 1348 3534 1406 haberet.
3566 1351 3658 1408 Sic
3706 1370 3960 1427 namque

2312 1438 2451 1494 alibi
2478 1440 2549 1495 de
2578 1440 2692 1495 Deo
2751 1439 2893 1495 dicit
2948 1438 3268 1511 propheta:
3328 1441 3571 1498 Posuisti
3621 1446 3860 1513 ﬂumina
3899 1448 3957 1502 in

2309 1527 2603 1595 desertum,
2637 1536 2688 1583 et
2713 1531 2895 1584 exitus
2942 1545 3218 1601 aquarum
3263 1530 3328 1584 in
3371 1532 3543 1587 sitim.
3578 1532 3797 1591 Terram
3830 1536 3956 1606 fru-

2308 1619 2561 1688 cti/eram
2589 1620 2651 1672 in
2694 1617 3035 1689 salsuginem
3080 1635 3114 1673 a
3161 1618 3389 1675 malitia
3435 1622 3867 1680 inhabitantium
3898 1628 3955 1682 in

2308 1724 2374 1763 ea
2397 1705 2576 1778 (Psal.
2608 1723 2718 1774 ενι,
2752 1708 2842 1774 33,
2874 1707 2988 1777 34).

2383 1817 2410 1844 ‹‹
2438 1795 2769 1851 Contemnit
2815 1795 3259 1852 multitudinem
3310 1797 3583 1867 civitatis,
3638 1800 3953 1861 clamorem

2306 1886 2593 1941 exactoris
2619 1903 2736 1941 non
2788 1885 2970 1940 audit.
3008 1907 3035 1934 »
3058 1885 3316 1942 Ecclesia
3370 1892 3458 1943 est
3513 1888 3636 1945 haec
3678 1891 3950 1961 civitatis,

2306 1992 2434 2046 quae
2452 1979 2682 2031 constat
2710 1992 2779 2030 ex
2809 1973 3191 2031 multitudine
3220 1975 3740 2037 innumerabilium
3772 1998 3953 2055 popu-

2304 2064 2520 2127 lorum,
2564 2065 2636 2120 de
2696 2081 2813 2136 qua
2872 2063 3154 2119 Dominus
3211 2065 3329 2122 ait:
3390 2067 3509 2123 Non
3560 2078 3732 2140 potest
3757 2074 3951 2128 civitas

2301 2153 2568 2211 abscondi
2588 2156 2645 2209 in
2665 2162 2845 2215 monte
2862 2155 3053 2225 posita
3074 2154 3291 2225 (Matth.
3331 2173 3386 2224 ν,
3422 2157 3530 2228 14).
3564 2161 3722 2215 Hanc
3770 2162 3952 2233 igitur

2303 2242 2555 2314 quisque
2583 2243 2825 2300 Judaaus
2855 2242 3207 2314 despiciens,
3231 2246 3580 2317 respuendo,
3606 2250 3945 2316 contemnit,

2302 2330 2618 2388 clamorem
2650 2332 2830 2388 etiam
2860 2331 3177 2403 cujuslibet
3205 2334 3657 2406 evangelizantis
3703 2339 3948 2395 verbum

2300 2419 2426 2489 Dei,
2460 2426 2521 2477 et
2568 2421 2855 2493 exigentis
2904 2420 3301 2478 obedientiam
3332 2424 3489 2489 ﬁdei,
3521 2441 3637 2482 non
3668 2427 3852 2495 audit,
3886 2429 3947 2485 id

2299 2514 2407 2577 est,
2439 2510 2675 2566 obedire
2707 2510 3006 2566 detrectat.
3039 2510 3125 2566 0b
3168 2510 3277 2567 hoc
3324 2511 3504 2584 igitur
3555 2514 3949 2574 incrassatum

2299 2603 2389 2654 est
2416 2614 2518 2654 cor
2545 2614 2771 2667 eorum,
2814 2603 2873 2654 et
2898 2598 3100 2655 oculos
3143 2616 3283 2656 suos
3331 2600 3687 2669 clauserunt,
3733 2610 3799 2661 ut
3827 2622 3946 2663 non

2295 2688 2530 2744 videant
2558 2687 2766 2757 oculis,
2798 2694 2856 2743 et
2900 2688 3144 2744 auribus
3188 2705 3305 2745 non
3362 2690 3623 2757 audiant,
3675 2697 3734 2749 et
3771 2698 3946 2752 corde

2296 2776 2647 2848 intelligant.

2369 2889 2396 2915 ‹‹
2430 2866 2840 2938 Circumspicit
2869 2870 3098 2923 montes
3147 2884 3372 2939 pascua:
3422 2887 3562 2937 sua),
3611 2876 3672 2927 et
3693 2872 3944 2932 virentia

2296 2972 2541 3027 quaeque
2571 2955 2876 3028 perquirit.
2904 2978 2931 3005 »
2952 2959 3195 3024 Montes,
3227 2959 3512 3030 superbos
3542 2976 3806 3034 quosque
3831 2963 3942 3019 do-

2295 3048 2503 3116 ctores,
2539 3045 2761 3101 scribas
2806 3045 3094 3116 videlicet,
3144 3050 3203 3101 et
3243 3046 3566 3105 Pharisaeos
3613 3048 3761 3123 legis
3791 3068 3936 3120 suae,

2293 3134 2462 3205 quasi
2495 3134 2845 3205 suspiciens,
2877 3135 3079 3207 eisque
3109 3134 3392 3192 honorem
3422 3137 3705 3206 deferens,
3729 3141 3934 3197 adula-

2290 3223 2469 3278 tionis
2517 3224 2743 3280 ambitu
2789 3224 3095 3280 circumit:
3145 3225 3217 3280 ab
3261 3224 3344 3281 eis
3392 3226 3595 3297 procul
3642 3229 3842 3297 dubio,
3872 3231 3935 3286 in

539 3331 663 3370 mus
691 3331 726 3369 a
752 3315 909 3370 nobis
924 3314 1132 3384 jugum
1160 3315 1420 3384 ipsorum.
1456 3313 1742 3369 Processit
1796 3314 2016 3387 grande
2054 3330 2184 3386 pec-
2216 3295 2260 3363 Ο
2299 3313 2516 3386 quibus
2546 3316 2637 3369 est
2682 3314 2947 3370 doctrina
2992 3313 3321 3381 hominum,
3371 3334 3487 3372 non
3535 3320 3831 3388 recedens,
3873 3320 3936 3376 in

541 3408 739 3460 catum
762 3421 829 3460 ac
850 3404 1193 3470 nefandum,
1213 3420 1328 3476 quo
1360 3402 1718 3459 Salvatorem
1750 3402 2188 3473 cruciﬁxerunt,

542 3499 610 3550 ut
629 3493 837 3549 merito
852 3493 922 3548 ab
936 3492 1021 3549 eis
1038 3492 1700 3565 vinculaprmceptorum
1727 3493 1828 3548 Dei
1850 3493 2187 3565 disrumpe-

541 3587 768 3651 rentur,
790 3585 849 3638 et
867 3582 949 3637 ita
967 3581 1113 3654 legis
1126 3582 1343 3655 jugum
1369 3582 1775 3653 projiceretur.
1806 3583 1968 3647 Quod
1992 3587 2188 3638 autem

535 3673 773 3745 jugum,
796 3673 854 3727 et
880 3670 1116 3726 vincula
1142 3687 1345 3726 eorum
1377 3671 1532 3726 dicta
1556 3676 1718 3740 sunt,
1748 3688 1883 3726 cum
1933 3672 2032 3727 Dei
2064 3672 2189 3727 fue-

537 3760 662 3816 rint
689 3759 887 3832 potius
913 3775 1090 3830 quam
1120 3759 1479 3827 Judzeorum,
1506 3760 1723 3832 quibus
1743 3759 1932 3831 legem
1956 3776 2021 3816 ac
2042 3777 2187 3832 pra:-

536 3852 707 3922 cepta
734 3849 975 3905 dederat
1024 3848 1478 3905 mandatorum:
1529 3848 1640 3905 hoc
1688 3849 1941 3904 maxime
1989 3849 2187 3922 requi-

533 3938 806 4010 rendum,
831 3938 987 4011 quod
1017 3937 1100 3993 ita
1130 3937 1374 4007 dictum,
1409 3938 1548 4009 quia
1593 3938 1781 3994 Judaei
1826 3937 2014 4011 legem
2058 3957 2185 3995 car-

531 4027 743 4085 naliter
770 4026 1185 4099 intelligentes,
1217 4043 1394 4099 quam
1426 4044 1494 4083 ex
1523 4026 1799 4100 cperibus
1850 4043 1911 4083 se
1942 4027 2185 4103 implere

532 4117 915 4183 arbitrantur,
973 4117 1143 4189 quasi
1202 4133 1371 4172 suam
1430 4118 1759 4185 effecerant,
1832 4118 1984 4173 sicut
2040 4119 2183 4174 dicit

526 4206 878 4279 Apostolus:
913 4206 1085 4261 Israel
1140 4222 1265 4261 vero
1317 4210 1532 4261 sectans
1590 4208 1763 4275 legem
1811 4208 2065 4278 justitiae,
2119 4224 2182 4262 ιη

526 4294 701 4365 legem
740 4297 974 4366 iustitiae
1000 4312 1117 4351 non
1144 4296 1392 4366 pervenit
1445 4297 1616 4366 (Rom.
1670 4311 1748 4365 Ix,
1780 4297 1891 4363 31).
1943 4296 2182 4360 Quare?

519 4383 670 4449 Quia
697 4400 813 4440 non
841 4400 911 4440 ex
940 4383 1074 4450 ﬁde,
1106 4384 1205 4438 sed
1239 4399 1307 4437 ex
1337 4383 1635 4455 operibus.
1670 4384 1738 4439 Et
1781 4384 1910 4439 ideo
1960 4384 2029 4439 de
2064 4384 2175 4439 eis-

521 4473 657 4528 dem
688 4473 979 4545 sequitur,
1030 4472 1267 4527 dicens:
1320 4474 1631 4544 lgnorantes
1674 4474 1822 4528 enim
1863 4474 1962 4528 Dei
2001 4475 2175 4544 justi-

519 4561 681 4628 tiam,
708 4569 759 4616 et
788 4576 950 4615 suam
1004 4570 1314 4632 quaerentes
1364 4566 1619 4632 statuere,
1660 4562 1900 4633 justitim
1932 4562 2031 4616 Dei
2057 4578 2171 4617 non

2298 3403 2516 3474 quibus
2537 3402 2713 3459 etiam
2737 3403 3039 3460 montibus
3060 3403 3161 3459 ubi
3181 3421 3243 3460 se
3264 3421 3485 3476 pascua
3513 3406 3765 3465 carnalis
3787 3408 3936 3483 legis

2296 3492 2511 3549 habere
2542 3491 2888 3565 gloriantur,
2920 3492 3166 3549 virentia
3200 3510 3443 3566 qumque
3473 3498 3777 3568 perquirit,
3810 3516 3940 3570 quae
4048 3560 4061 3569 ί

2296 3582 2369 3637 ad
2416 3581 2655 3663 delicias
2720 3582 2923 3654 utique
2986 3581 3199 3650 carnis,
3268 3587 3326 3638 et
3383 3584 3636 3642 Sabbata
3695 3586 3946 3644 delicata

2296 3671 2613 3744 pertinent,
2681 3679 2738 3727 et
2803 3688 2929 3743 qua:
3007 3670 3169 3726 velut
3227 3671 3569 3730 virescentis
3634 3677 3945 3748 superficie

2296 3759 2443 3833 legis
2506 3760 2793 3830 historiis,
2861 3758 3089 3815 nullum
3156 3759 3413 3817 fructum
3472 3762 3729 3821 habeant
3790 3766 3943 3839 ﬁgu-

2294 3865 2429 3905 raru
2438 3866 2497 3905 m
2506 3892 2518 3904 .

2368 3937 2725 4009 «Numquid
2779 3936 2933 3992 volet
2986 3935 3322 3994 rhinoceros
3380 3939 3595 3996 servire
3647 3943 3776 4005 tibi,
3836 3951 3946 4001 aut

2294 4026 2622 4082 morabitur
2651 4025 2724 4080 ad
2758 4040 3015 4097 praesepe
3043 4028 3212 4080 tuum
3232 4027 3260 4079 ‘l
3293 4047 3321 4075 ››
3348 4026 3495 4093 Sive,
3558 4033 3623 4083 ut
3653 4030 3751 4086 alii
3785 4033 3943 4089 dixe-

2292 4120 2466 4171 runt:
2517 4113 2813 4185 Numquid
2862 4112 3015 4168 volet
3074 4129 3416 4171 monoceros
3465 4117 3678 4172 servire
3716 4119 3877 4175 tibi?
3910 4145 3939 4171 ›ι

2290 4205 2371 4260 Ex
2427 4203 2656 4258 diversa
2702 4202 2958 4258 editione
3017 4203 3493 4261 transferentium
3552 4207 3935 4275 advertimus,

2289 4292 2443 4365 quod
2486 4292 2683 4363 ipsum
2739 4291 2816 4347 sit
2857 4292 3195 4349 rhinoceros
3257 4295 3413 4367 quod
3468 4312 3829 4365 monoceros,
3879 4306 3941 4355 et

2287 4382 2488 4437 Latine
2546 4381 2915 4454 intelligatur
2971 4383 3294 4454 unicornis,
3355 4385 3477 4440 sive
3529 4402 3708 4457 super
3761 4404 3938 4445 nares

2286 4487 2465 4528 cornu
2487 4470 2733 4527 habens.
2759 4473 2909 4529 Sunt
2951 4488 3088 4544 ergo
3129 4473 3539 4543 hujuscemodi
3586 4475 3719 4531 ferte
3749 4475 3807 4530 in
3841 4493 3935 4532 so-

2284 4559 2531 4617 litudine
2562 4561 2837 4628 Orientis,
2889 4566 2946 4617 et
2995 4562 3068 4617 ab
3117 4560 3457 4616 hominibus
3506 4580 3933 4636 nonnunquam

516 4656 644 4704 sunt
672 4649 905 4721 subjecti
935 4650 1111 4722 (Rom.
1141 4667 1195 4705 x.
1225 4651 1302 4720 3).
1362 4650 1524 4714 Quod
1590 4655 1786 4706 autem
1843 4650 1943 4717 ait,
1996 4667 2162 4707 suam
2199 4668 2249 4735 Β
2280 4650 2573 4716 videntur,
2623 4651 2745 4707 sive
2797 4651 3128 4723 capiuntur.
3174 4650 3278 4704 Hic
3336 4650 3517 4721 igitur
3568 4668 3931 4722 monoceros,

514 4736 775 4794 volentes
804 4741 1060 4795 statuere
1080 4738 1398 4809 justitiam,
1431 4756 1548 4795 non
1579 4738 1717 4811 quia
1772 4738 1863 4796 lex
1914 4740 1987 4795 ab
2016 4740 2166 4813 ipsis
2276 4739 2479 4812 populi
2510 4739 2749 4812 gentilis
2778 4737 3096 4811 imaginem
3147 4738 3502 4811 prmﬁgurat,
3550 4742 3722 4812 cujus
3750 4743 3926 4800 etiam

513 4826 591 4883 sit
622 4826 960 4897 constituta,
993 4827 1101 4883 hoc
1132 4828 1232 4899 ait,
1266 4828 1365 4883 scd
1416 4828 1475 4883 in
1505 4828 1631 4900 lege
1662 4844 1788 4900 qua:
1820 4844 1889 4884 ex
1926 4828 2043 4884 Deo
2075 4834 2164 4885 cst

509 4932 680 4973 suam
712 4916 1154 4985 constituerant,
1199 4917 1434 4989 quando
1481 4918 1746 4972 eamdem
1797 4917 1985 4989 legem
2034 4917 2161 4973 suis

502 5005 731 5063 viribus
760 5022 823 5063 se
854 5006 1098 5080 implere
1130 5023 1303 5078 posse
1332 5006 1667 5071 credebant,
1699 5010 1756 5061 et
1800 5004 2018 5062 idcirco
2067 5023 2157 5063 se-

511 5096 772 5152 cundum
801 5095 960 5153 hunc
998 5113 1240 5153 sensum
1271 5095 1609 5151 Judzeorum
1640 5094 1876 5151 vincula
1898 5095 2155 5152 disrum-

502 5186 761 5258 pendaa
809 5187 926 5242 Deo
982 5186 1280 5250 dicuntur,
1338 5188 1396 5241 et
1457 5185 1887 5257 projiciendum
1936 5186 2153 5258 jugum

496 5275 787 5348 ipsorum.

569 5388 597 5414 «
629 5364 734 5421 Cui
764 5365 926 5420 dedit
979 5364 1034 5419 in
1086 5363 1405 5420 solitudine
1452 5364 1717 5419 domum.
1755 5383 1783 5411 »
1814 5361 2022 5418 Justus
2051 5363 2149 5419 de-

502 5454 741 5511 stitutos
770 5454 831 5510 in
862 5454 1198 5523 solitudine,
1247 5452 1520 5509 videlicet
1566 5452 1922 5523 protectione
1953 5453 2149 5509 defen~

499 5542 685 5598 sionis
714 5559 853 5598 mete
883 5543 1148 5598 habitare
1180 5542 1306 5611 feci,
1339 5542 1493 5597 sicut
1542 5541 1719 5596 etiam
1769 5541 2147 5611 postmodum

2274 4828 2554 4900 superbia
2581 4828 2947 4900 signiﬁcatur
2996 4828 3055 4882 in
3105 4844 3325 4883 cornu:
3385 4828 3541 4884 sicut
3568 4831 3923 4902 quibusdam

2272 4917 2697 4988 peccatoribus,
2730 4921 2787 4972 et
2827 4916 3096 4988 superbis
3142 4933 3176 4971 a
3226 4916 3342 4972 Deo
3392 4917 3607 4974 dicitur
3654 4936 3758 4991 per
3787 4921 3923 4976 Pro-

2268 5004 2544 5077 phetam:
2578 5006 2715 5061 Dixi
2759 5007 2992 5077 iniquis,
3045 5005 3223 5060 Nolite
3269 5005 3460 5078 inique
3508 5024 3710 5077 agere;
3751 5012 3805 5064 et
3832 5009 3926 5065 de-

2266 5094 2666 5165 linquentibus,
2724 5095 2897 5150 nolite
2951 5094 3200 5150 exaltare
3253 5111 3448 5152 cornu.
3508 5098 3691 5153 Nolite
3743 5098 3923 5153 extol-

2265 5184 2378 5239 lere
2408 5185 2469 5238 in
2497 5184 2674 5239 altum
2703 5199 2876 5239 cornu
2922 5186 3202 5239 vestrum:
3250 5187 3382 5256 quia
3435 5194 3718 5241 veternosa
3762 5195 3922 5257 atque

2262 5275 2493 5345 antiqua
2553 5275 2615 5328 in
2670 5273 2776 5339 his,
2833 5289 2969 5344 quos
3016 5274 3156 5328 Dcus
3213 5276 3486 5345 increpat,
3543 5275 3799 5346 superbia
3841 5281 3926 5331 est

2260 5365 2439 5431 (Psal.
2473 5379 2654 5429 Lxxw,
2686 5364 2742 5431 5,
2773 5364 2828 5432 6,
2862 5363 2939 5434 7).
2990 5364 3324 5419 Secundum
3373 5362 3549 5419 aliam
3582 5363 3917 5430 editionem,

2258 5470 2318 5508 1n
2353 5452 2464 5507 hoc
2494 5452 2693 5507 eodem
2728 5451 2853 5507 loco
2884 5451 3098 5523 psalmi
3130 5452 3381 5525 legimus
3411 5469 3424 5506 :
3457 5454 3636 5508 Nolite
3662 5456 3917 5510 exaltare

2257 5545 2317 5595 in
2382 5542 2655 5596 excelsum
2709 5557 2881 5595 cornu
2928 5552 3192 5605 vestrum,
3252 5542 3525 5611 loquentes
3584 5544 3643 5595 in
3706 5546 3915 5597 cervice

498 5645 597 5687 ore
626 5630 962 5702 prophetico
997 5632 1226 5688 locutus
1256 5647 1389 5687 sum
1420 5629 1653 5684 dicens:
1713 5630 1837 5684 Fiat
1878 5629 2146 5686 habitatio
2253 5632 2439 5685 veteri.
2476 5631 2537 5685 In
2572 5628 2775 5684 multis
2807 5646 3040 5701 quoque
3073 5630 3203 5684 aliis
3231 5630 3689 5701 Scripturarum,
3720 5647 3902 5688 cornu

492 5736 685 5781 eorum
713 5720 964 5785 deserta;
1019 5726 1071 5779 et
1122 5724 1184 5776 in
1236 5718 1612 5779 tabernaculis
1665 5734 1859 5775 eorum
1914 5735 2026 5775 non
2071 5723 2144 5778 sit
2252 5723 2610 5792 nuncupata,
2642 5716 2895 5789 legimus
2944 5718 3282 5792 superbiam
3310 5718 3645 5775 nominari:
3685 5719 3819 5778 licet
3847 5727 3907 5778 et
