4220 6576
363 465 480 526 817

1382 469 1906 546 ΟΟΜΜΕΝΤΑΒῇ
1945 473 2024 534 IN
2068 471 2233 534 JOB.
2281 473 2450 534 CAP.
2496 470 2766 532 XXXIX.

3662 466 3785 527 8L8

361 600 423 654 in
451 600 665 655 bonam
697 603 919 672 partem
950 615 1130 656 cornu
1161 602 1346 658 soleat
1389 603 1528 672 dici,
1561 608 1624 660 ut
1671 610 1760 661 est
1812 603 1957 662 illud
1993 622 2006 660 :
2038 607 2088 673 Α
2123 603 2600 677 prophetaturus,
2633 605 2835 658 contra
2863 596 3189 654 Jerusalem
3222 596 3608 669 peccatricem
3637 615 3774 670 pro-

361 690 640 744 Exaltabil
689 705 856 744 cornu
897 687 1107 745 Christi
1133 693 1221 747 sui
1251 691 1422 763 (Psal.
1455 710 1686 760 CXLVIII,
1725 693 1832 762 14).
1865 698 2013 750 Nam

362 782 420 832 et
459 779 583 850 ipse
634 778 918 834 Dominus
965 779 1230 836 Christus
1279 787 1515 854 propter
1559 783 1855 856 singulare
1900 784 2011 838 im-

362 867 591 937 perium
642 884 837 936 suum,
871 867 1189 940 aliquando
1230 874 1286 925 et
1317 871 1614 926 unicornis
1645 872 1877 927 dicitur.
1909 879 2010 928 Le-

359 955 557 1028 gimus
589 971 820 1028 quoque
853 974 1072 1014 cornua
1099 963 1156 1014 et
1185 975 1367 1030 regna
1395 961 1530 1030 dici,
1565 965 1628 1015 ut
1655 961 1714 1016 in
1746 962 2004 1018 Daniele.

356 1049 413 1099 et
444 1045 791 1118 Apocalypsi
843 1048 1196 1126 continetur.
1229 1049 1333 1104 Hic
1379 1066 1744 1116 monoceros,
1776 1052 1874 1122 qui
1906 1068 2009 1122 per

351 1134 707 1205 sapientiam
760 1125 1122 1194 mundialem
1177 1141 1406 1194 tumore
1453 1139 1739 1211 superbiae
1781 1145 1905 1195 erat
1946 1139 2005 1194 in

351 1223 605 1279 sublime
655 1229 982 1297 porrectus,
1031 1228 1321 1300 numquid
1369 1227 1475 1283 tibi
1525 1229 1891 1299 subjicietur,
1925 1229 2006 1286 ait

346 1312 634 1369 Dominus
683 1315 755 1370 ad
795 1315 925 1382 Job,
957 1319 1022 1370 ut
1051 1333 1153 1388 per
1183 1317 1358 1372 ﬁdem
1391 1316 1451 1372 in
1482 1317 1790 1373 sanctitate
1819 1323 1877 1374 et
1897 1319 2000 1389 ju-

348 1402 515 1458 stitia
543 1403 824 1472 serviens,
849 1405 1191 1460 obedientiaa
1218 1405 1368 1461 colla
1398 1406 1728 1473 submittat,
1752 1411 1810 1462 et
1839 1424 2002 1462 man-

347 1494 554 1546 suetus
585 1491 826 1547 effectus
857 1497 1031 1564 atque
1062 1493 1328 1562 humilis,
1355 1496 1425 1550 ad
1458 1495 1828 1551 Dominicum
1859 1513 1999 1568 prae-

348 1597 485 1652 sepe
516 1586 798 1650 recurrat,
831 1599 897 1638 ac
926 1582 1118 1639 verbis
1148 1584 1247 1639 Dei
1280 1584 1655 1656 hominisque
1687 1587 1994 1659 assumpti,

346 1670 530 1725 sacris
581 1670 816 1726 cibariis
869 1675 1181 1728 saturetur.
1215 1673 1364 1742 Sive,
1397 1675 1686 1746 numquid
1717 1675 1996 1745 subjicie-

340 1761 459 1827 tur,
484 1761 550 1813 ut
578 1759 636 1813 in
666 1759 933 1815 Ecclesia
964 1777 1105 1816 meae
1136 1761 1393 1819 claustro
1428 1763 1673 1831 habitet,
1700 1764 1853 1834 quod
1887 1763 1996 1819 erit

340 1846 637 1904 viantibus
669 1849 988 1918 stabulum,
1027 1855 1204 1922 atque
1236 1852 1373 1906 huic
1404 1851 1615 1907 saeculo
1647 1851 1991 1908 renuntian-

340 1935 498 1992 tibus
520 1936 776 1993 salutare
797 1939 1130 2010 perfugium
1153 1958 1165 1995 :
1185 1940 1286 1996 ubi
1307 1940 1702 2013 spiritualium
1726 1941 1990 1997 ciborum

337 2021 652 2095 alimoniis,
675 2023 1166 2097 institutionibus,
1189 2032 1246 2082 et
1277 2028 1612 2084 cmlestibus
1644 2029 1989 2101 pinguescat

334 2109 605 2182 eloquiis,
646 2116 704 2167 et
755 2113 1071 2184 impleatur
1118 2116 1178 2170 in
1228 2116 1347 2185 illo,
1396 2119 1550 2189 quod
1581 2117 1690 2173 erit
1719 2135 1824 2190 per
1852 2136 1986 2191 pro-

336 2198 575 2269 phetam
606 2206 810 2272 postea
839 2202 1272 2274 praedicendum
1309 2221 1321 2260 :
1373 2207 1615 2279 Agnovit
1655 2207 1748 2264 bos
1777 2225 1986 2280 posses-

331 2303 515 2344 sorem
567 2306 749 2359 suum,
783 2295 834 2346 et
881 2295 1072 2348 asinus
1119 2309 1361 2366 praesepe
1399 2296 1611 2352 domini
1635 2299 1729 2352 sui
1757 2298 1884 2369 (Isa.
1919 2316 1982 2368 ιι,

333 2378 408 2448 3).
473 2382 537 2432 In
596 2387 967 2438 monocerote
1023 2382 1240 2455 quippe
1297 2383 1392 2439 hic
1449 2385 1772 2453 nominato,
1832 2387 1986 2442 sicut

334 2465 394 2520 in
454 2467 740 2540 propheta
806 2487 909 2542 per
972 2472 1229 2542 asinum,
1285 2473 1630 2531 immundus
1697 2480 1753 2531 et
1815 2476 1986 2532 incir-

335 2557 633 2614 cumcisus
692 2559 1060 2632 signiﬁcatus
1120 2566 1210 2619 est
1258 2563 1511 2636 populus
1565 2566 1829 2621 omnium
1880 2584 1984 2623 na-

335 2644 586 2702 tionum.

408 2756 437 2784 ‹‹
469 2735 768 2808 Numquid
821 2738 1089 2813 alligabis
1144 2741 1511 2800 rhinocerota
1567 2745 1638 2799 ad
1696 2747 1983 2802 arandum

330 2822 456 2880 loro
486 2829 608 2899 tuo,
641 2832 742 2882 aut
770 2830 1099 2902 confringet
1129 2831 1329 2902 glebas
1367 2833 1608 2888 vallium
1659 2839 1791 2906 post
1840 2840 1915 2890 te.
1953 2855 1982 2886 »

333 2914 546 2971 Lorum
590 2916 698 2973 hoc
738 2917 862 2974 loco
893 2919 1111 2976 dictam
1142 2921 1334 2993 ipsam
1366 2922 1710 2978 charitatem
1742 2924 1980 2995 Christi,

332 3019 459 3075 quae
490 3009 578 3061 est
606 3005 759 3063 inter
787 3025 992 3065 omnes
1032 3009 1277 3066 virtutes
1308 3011 1621 3084 praecipua,
1658 3011 1985 3084 intelligere

329 3093 634 3163 debemus,
687 3097 758 3152 de
816 3114 930 3169 qua
986 3099 1057 3154 ad
1118 3099 1428 3172 diligentes
1485 3105 1659 3171 atque
1718 3108 1984 3158 amantes

327 3181 537 3252 Deum,
567 3184 648 3240 ait
675 3187 1015 3259 Apostolus,
1049 3187 1301 3258 (Σαραίαιὶ
1346 3191 1408 3243 in
1455 3190 1721 3246 charitate
1763 3191 1977 3263 (Ephes.

325 3287 411 3335 III,
446 3272 536 3342 17)
570 3289 583 3329 :
623 3275 796 3346 cujus
823 3275 1073 3332 vinculis
1103 3276 1488 3350 colligandos,
1521 3279 1810 3352 propheta
1839 3279 1980 3336 olim

2125 693 2335 765 phetim
2411 711 2530 748 sua
2603 688 3016 762 hujuscemodi
3099 685 3342 742 titulum
3421 688 3772 758 praposuit,

2125 783 2325 838 dicens
2363 801 2375 838 :
2427 783 2574 837 Onus
2623 781 2786 836 vallis
2842 777 3065 832 visionis
3106 777 3230 847 (lsa.
3265 792 3403 846 χχιι,
3439 777 3512 848 1).
3545 775 3779 832 Talium

2126 872 2306 944 igitur
2322 871 2562 927 vallium
2582 869 2781 942 glebas
2804 881 3144 922 monoceros
3163 865 3776 936 comminuit,quando

2124 960 2418 1016 humiliati
2452 959 2711 1030 corporis
2740 961 2956 1012 terram
2989 955 3245 1022 edomat,
3277 959 3335 1010 et
3378 954 3770 1026 suscipiendis

2122 1051 2447 1105 ccelestium
2500 1052 2918 1121 prisceptorum
2968 1045 3294 1101 seminibus
3348 1061 3416 1100 ac
3455 1044 3767 1100 reddendis

2118 1139 2407 1194 fructibus
2456 1142 2744 1211 praeparat
2774 1152 2786 1191 :
2840 1135 3074 1207 quando
3117 1150 3253 1190 cum
3283 1133 3562 1205 Apostolo
3593 1133 3767 1189 casti-

2116 1232 2215 1299 gat
2244 1245 2455 1300 corpus
2486 1244 2682 1294 suum,
2709 1230 2765 1280 et
2792 1224 2852 1279 in
2883 1223 3224 1279 servitutem
3249 1222 3496 1294 redigit:
3531 1223 3765 1294 quando

2114 1333 2348 1372 omnem
2401 1315 2816 1372 hebetudinem
2863 1313 3138 1368 obstinati
3191 1311 3403 1382 cordis,
3438 1311 3766 1382 duramque

2113 1404 2497 1460 stoliditatem
2547 1422 2581 1460 a
2627 1420 2689 1459 se
2736 1403 2962 1458 auferre
3016 1401 3337 1470 contendit,
3372 1400 3526 1470 quod
3565 1403 3763 1456 tamen

2111 1494 2337 1549 efficere
2406 1509 2782 1566 nequaquam
2845 1490 3074 1564 poterit,
3134 1490 3215 1546 ait
3280 1488 3585 1557 Dominus,
3647 1489 3763 1543 nisi

2109 1586 2392 1638 rectorem
2444 1587 2503 1637 et
2550 1582 3000 1653 gubernatorem
3048 1596 3223 1634 suum
3282 1577 3619 1634 obedienter
3667 1594 3763 1633 me

2106 1670 2282 1726 fuerit
2331 1675 2588 1727 secutus.
2646 1670 2808 1725 Unde
2857 1669 2938 1724 ait
2986 1668 3269 1723 Dominus
3325 1667 3397 1722 ad
3445 1667 3602 1722 Job:
3655 1671 3760 1722 aut

2105 1759 2433 1832 confringet
2482 1758 2682 1830 glebas
2729 1757 2972 1814 vallium
3011 1761 3145 1829 post
3174 1762 3251 1824 te,
3283 1755 3436 1818 sicut
3465 1756 3755 1811 habemus

2101 1850 2163 1906 in
2211 1849 2440 1920 psalmo
2475 1866 2488 1904 :
2540 1849 2782 1906 Adhaesit
2820 1850 3010 1903 anima
3038 1863 3162 1902 mea
3186 1849 3304 1918 post
3334 1850 3386 1901 te
3413 1846 3585 1915 (Psal.
3621 1862 3749 1914 LXII,

2099 1939 2176 2010 9).
2208 1939 2278 1993 Et
2305 1937 2594 2010 propheta
2622 1938 2692 1994 de
2721 1937 3065 2009 hujusmodi
3091 1953 3104 1990 :
3127 1938 3252 1992 Post
3282 1943 3334 1991 te
3363 1931 3747 2002 ambulabunt,

2097 2027 2311 2098 inquit,
2362 2028 2530 2082 vincti
2583 2026 2928 2098 compedibus
2984 2028 3108 2098 (Isa.
3153 2041 3278 2093 XLV,
3322 2025 3456 2096 14):
3513 2023 3614 2078 ubi
3645 2023 3745 2078 ad-

2097 2115 2405 2172 miratione
2453 2115 2664 2188 dignos
2706 2116 2872 2171 video
2919 2115 3066 2170 tales
3116 2115 3315 2185 pedes,
3357 2112 3458 2184 qui
3507 2113 3741 2184 quando

2095 2205 2284 2277 magis
2314 2205 2626 2277 compediti
2657 2206 2892 2273 fuerint,
2923 2208 3087 2260 tanto
3115 2202 3371 2258 velocius
3402 2201 3530 2258 sine
3559 2201 3739 2257 offen-

2094 2294 2256 2350 sione
2286 2295 2685 2366 egrediuntur.

2167 2405 2196 2434 «
2226 2383 2523 2455 Numquid
2571 2383 2848 2438 fiduciam
2888 2382 3133 2439 habebis
3163 2381 3224 2436 in
3255 2398 3470 2454 magna
3498 2381 3736 2437 fortitu-

2094 2473 2230 2528 dine
2250 2473 2399 2544 ejus,
2423 2478 2480 2528 et
2499 2472 2872 2544 derelinques
2899 2473 2951 2528 ei
2980 2471 3208 2528 labores
3230 2476 3362 2528 tuos
3382 2471 3409 2527 ?
3433 2471 3732 2543 Numquid

2093 2563 2292 2618 credes
2349 2561 2456 2630 illi,
2516 2562 2794 2634 quoniam
2850 2567 3170 2619 sementem
3235 2561 3440 2617 reddat
3493 2561 3622 2626 tibi,
3682 2565 3740 2617 et

2094 2667 2290 2708 aream
2319 2654 2483 2707 tuam
2513 2651 2868 2725 congreget?
2891 2671 2917 2704 ι
2955 2652 3073 2724 Ego
3102 2650 3388 2706 Dominus
3418 2651 3551 2706 novi
3580 2650 3740 2706 forti-

2091 2741 2360 2798 tudinem
2388 2741 2670 2798 claritatis
2716 2743 2867 2812 ejus,
2900 2744 2958 2796 et
3008 2739 3300 2812 patientiae
3355 2756 3422 2795 ac
3468 2737 3736 2810 longani-

2093 2831 2336 2900 mitatis,
2371 2835 2427 2886 et
2455 2831 2671 2888 idcirco
2701 2829 2985 2903 dereliqui
3028 2829 3079 2885 ei
3124 2829 3197 2884 ad
3241 2827 3593 2886 imitandum
3644 2845 3738 2884 me

2094 2936 2298 2975 omnes
2346 2919 2575 2976 labores
2623 2920 3079 2992 dispensationis
3127 2935 3287 2987 meze,
3341 2935 3487 2990 quos
3535 2919 3595 2973 in
3645 2934 3740 2973 me

2094 3010 2380 3065 credendo
2428 3009 2731 3082 intelliget,
2767 3009 2907 3080 quia
2949 3025 3053 3080 pro
3095 3007 3196 3064 illo
3227 3006 3484 3063 sustinui
3514 3006 3739 3080 alapas,

2092 3098 2332 3153 verbera
2353 3113 2419 3152 ac
2445 3102 2619 3169 sputa
2639 3099 2988 3170 suscipiens,
3014 3097 3204 3153 eidem
3232 3095 3491 3151 laboravi
3523 3113 3537 3151 :
3569 3095 3739 3166 eique

2094 3187 2165 3242 ad
2221 3185 2396 3242 ccelos
2444 3187 2710 3243 revolans
2752 3186 3018 3258 exempla
3055 3187 3326 3242 laborum
3357 3201 3423 3240 ac
3453 3184 3740 3242 virtutum

2094 3275 2326 3347 reliqui,
2353 3276 2447 3331 cui
2478 3292 2606 3347 quae
2638 3277 2858 3332 credidi
2889 3281 3064 3347 atque
3094 3274 3384 3346 commisi,
3413 3273 3740 3345 opitulante

327 3361 692 3432 praedixerat,
743 3363 943 3420 dicens
1001 3366 1073 3420 ad
1127 3371 1358 3422 Deum:
1413 3368 1588 3424 Labor
1635 3371 1876 3440 Egypti,
1929 3353 2054 3424 etC
2093 3364 2204 3419 sibi
2252 3365 2442 3436 gratia
2487 3382 2637 3434 mea,
2693 3366 2900 3420 reddat
2946 3363 3254 3435 multiplex
3305 3379 3528 3434 semen,
3574 3367 3632 3418 et
3677 3363 3739 3420 in

323 3451 622 3517 negotiatio
679 3453 986 3524 ίῈιΙιίορίέΒ,
1035 3458 1086 3509 et
1143 3455 1370 3511 Sabaim
1423 3457 1536 3511 viri
1589 3458 1856 3512 sublimes
1911 3459 1981 3513 ad

324 3542 375 3593 te
404 3542 742 3611 transibunt,
772 3546 823 3598 et
858 3545 943 3598 tui
982 3552 1163 3616 erant,
1198 3554 1250 3600 et
1291 3548 1416 3616 post
1464 3553 1518 3601 te
1568 3545 1930 3601 ambulabunt
1959 3566 1979 3603 :

320 3629 498 3682 vincti
553 3633 784 3686 manicis
833 3637 1063 3704 pergent
1119 3634 1246 3705 (Isa.
1304 3652 1440 3706 XLV,
1502 3635 1611 3707 14).
1673 3639 1740 3691 Et
1796 3637 1976 3692 David

322 3719 823 3786 quemadmodum
873 3722 1178 3779 charitatis
1225 3723 1326 3779 Dei
1369 3724 1618 3780 vinculis
1659 3741 1762 3797 per
1800 3725 1974 3781 mini-

321 3810 477 3862 stros
530 3809 688 3864 verbi
749 3809 850 3866 Dei
906 3811 1200 3868 vinciendi
1259 3819 1456 3869 essent
1512 3816 1835 3883 credentes,
1893 3815 1974 3872 ita

321 3893 604 3967 loquitur,
664 3898 911 3956 dicens:
966 3901 1044 3956 Ad
1098 3903 1405 3974 alligandos
1462 3920 1615 3973 reges
1671 3921 1860 3960 eorum
1913 3906 1973 3961 in

2091 3469 2227 3508 area
2258 3452 2522 3508 Ecclesiae
2570 3470 2710 3508 meae
2753 3469 2990 3525 germen
3024 3451 3408 3519 tricesimum,
3440 3452 3741 3522 sexagesi-

2089 3557 2285 3612 mum,
2354 3541 2860 3613 centesimumque
2934 3540 3249 3596 fructificet
3313 3539 3528 3612 (Matth.
3599 3557 3733 3609 Xlll,

2085 3631 2197 3701 23),
2231 3635 2287 3685 et
2337 3646 2532 3686 aream
2579 3635 2744 3686 tuam
2793 3634 3105 3702 congreget
3133 3631 3286 3701 (Luc.
3319 3646 3404 3698 III,
3441 3629 3550 3701 17),
3583 3627 3738 3683 sicut
3806 3703 3808 3706 ν

2086 3718 2355 3790 apostoli,
2409 3724 2466 3776 et
2519 3725 2654 3792 post
2710 3719 3005 3792 apostolos
3064 3718 3236 3775 multi
3295 3718 3479 3776 fecere
3535 3717 3734 3775 docto-

2085 3826 2238 3864 rum.

2153 3923 2181 3950 ‹‹
2215 3903 2416 3956 Penna
2462 3899 2832 3970 struthionis,
2866 3899 3079 3956 similis
3117 3902 3206 3955 est
3253 3898 3461 3970 pennis
3505 3897 3732 3955 herodii

317 3984 556 4041 vinculis
583 3989 785 4058 ferreis
810 3989 982 4061 (Psal.
1007 4006 1190 4060 cxux,
1213 3993 1288 4064 8).
1314 3994 1575 4058 Quorum
1601 3993 1969 4051 vinculorum
2080 3993 2138 4044 8t
2168 3989 2482 4060 aCinitI‘is.
2506 4011 2534 4040 >>
2574 3991 2953 4046 Herodiorum
2984 4005 3199 4061 genera
3226 3988 3341 4043 tria
3368 4004 3497 4045 esse
3526 3987 3732 4044 dicun-

315 4073 675 4143 nominibus,
710 4077 1018 4134 charitatis
1061 4079 1280 4136 Christi
1332 4081 1737 4138 fortitudinem
1785 4083 1970 4140 voluit
2076 4083 2395 4144 tur,unum
2418 4078 2628 4134 horum
2652 4078 2850 4134 album
2873 4094 3001 4134 esse
3022 4077 3209 4133 00101'8
3235 4077 3476 4148 quidam
3509 4077 3723 4148 ferunt,

312 4163 738 4234 demonstrare,
772 4182 899 4236 quae
950 4167 1127 4223 etiam
1180 4170 1346 4225 fortis
1389 4175 1446 4225 et
1495 4176 1702 4243 potens
1741 4172 1800 4228 in
1842 4191 1964 4229 ma-
2076 4166 2233 4222 aliud
2284 4183 2416 4223 vero
2455 4169 2623 4240 quasi
2656 4168 2820 4240 gruis
2851 4167 3207 4239 quibusdam
3239 4165 3485 4221 diversis
3513 4164 3722 4220 colori-

311 4251 461 4306 nicis
515 4253 738 4324 ferreis,
775 4255 846 4309 ad
893 4271 1153 4312 amorem
1185 4259 1415 4314 Domini
1460 4261 1830 4334 constringit.
1864 4263 1964 4318 Hic
2073 4256 2185 4311 bus
2231 4256 2479 4324 varium,
2509 4258 2748 4312 tertium
2796 4271 3030 4327 quoque
3073 4271 3260 4326 genus
3290 4254 3527 4326 nigrum
3557 4254 3721 4308 at‘lir-

308 4355 444 4412 ergo
488 4341 849 4410 rhinoceros,
881 4343 940 4398 id
993 4349 1101 4414 est,
1132 4347 1386 4418 populus
1437 4351 1732 4420 quondam
1784 4351 1959 4407 incir-
2071 4349 2254 4415 ment,
2300 4347 2455 4417 quod
2511 4347 2586 4402 sit
2634 4363 2749 4402 non
2799 4345 2988 4402 solum
3036 4345 3220 4415 velox,
3271 4349 3327 4399 et
3374 4359 3593 4402 saevum
3641 4343 3716 4398 ad

307 4430 625 4498 cumcisus,
650 4433 933 4505 praeputio
965 4433 1186 4491 scilicet
1215 4437 1538 4493 carnalium
1569 4439 1956 4513 voluptatum,

2102 4435 2324 4490 raedam
2350 4452 2363 4490 :
2414 4453 2614 4492 verum
2637 4437 2812 4491 etiam
2839 4436 2896 4490 in
2920 4433 3074 4490 coitu
3098 4433 3708 4506 impatientissimum,

306 4523 362 4573 et
390 4519 729 4577 infidelitate
772 4522 1135 4592 immundus,
1171 4524 1279 4580 hoc
1308 4525 1430 4581 loro
1460 4527 1760 4584 charitatis
1791 4530 1956 4586 Chri-
2065 4526 2360 4580 intentum
2391 4532 2456 4582 ut
2485 4527 2544 4581 in
2576 4532 2836 4598 tempore
2868 4526 3056 4581 coitus
3085 4542 3153 4581 ex
3183 4523 3370 4580 oculis
3397 4523 3526 4594 ejus
3573 4540 3709 4579 san—

307 4607 380 4662 sti
415 4609 734 4667 fortissimo
766 4611 1060 4685 alligatus,
1093 4613 1176 4670 ita
1208 4618 1273 4670 ut
1301 4615 1464 4671 nulla
1502 4633 1636 4672 eum
1691 4623 1955 4676 creatura
2063 4614 2196 4686 guis
2227 4615 2467 4670 ebulliat
2495 4633 2508 4671 ε
2542 4616 2828 4670 Herodius
2859 4615 2918 4669 in
2950 4615 3177 4686 psalmo
3200 4613 3516 4669 centBSimO
3538 4613 3707 4669 tertio

305 4713 573 4796 separare
603 4700 791 4770 possit
820 4718 854 4756 a
883 4702 1110 4758 Christo
1143 4717 1156 4758 :
1205 4705 1439 4760 conﬁcit
1467 4704 1528 4760 in
1561 4723 1798 4778 corpore
1829 4709 1948 4782 gle-
1981 4730 2028 4796 D
2059 4702 2143 4758 ita
2171 4704 2508 4760 nominatur
2541 4721 2554 4759 :
2589 4706 2812 4760 Herodii
2839 4703 3030 4760 domus
3057 4704 3174 4773 dua:
3201 4707 3278 4760 est
3307 4719 3498 4759 eorum
3527 4704 3702 4773 (Psal.

301 4785 407 4841 bas
459 4788 830 4857 convallium,
873 4791 1151 4848 duritiam
1202 4793 1421 4850 scilicet
1467 4801 1860 4867 peccatorum,
1892 4803 1950 4854 et
1981 4785 2022 4796 ”
2059 4811 2178 4861 cm,
2213 4795 2322 4865 17),
2357 4811 2490 4849 cum
2523 4795 2592 4850 de
2623 4793 2800 4866 lignis
2832 4793 3062 4849 Domini
3113 4793 3397 4866 propheta
3445 4793 3702 4865 tropicos

299 4875 437 4930 colit
467 4876 523 4931 in
557 4894 795 4950 corpore
825 4896 930 4936 suo
962 4886 1177 4938 terram
1208 4883 1594 4956 Dominicum,
1616 4889 1938 4942 secundum
2055 4886 2332 4958 loquitur.
2363 4885 2425 4940 In
2458 4884 2905 4940 Deuteronomio
2938 4900 3169 4956 quoque
3213 4889 3269 4938 et
3315 4884 3374 4938 in
3426 4883 3700 4952 Levitico,

294 4965 658 5035 Apostolum,
707 4968 806 5039 qui
859 4969 984 5024 ait:
1041 4972 1159 5026 Non
1210 4974 1334 5028 estis
1380 4977 1547 5030 vestri
1593 4977 1641 5047 (Ι
1688 4979 1814 5032 Cor.
1865 4994 1938 5043 vn,
2053 4977 2153 5032 ubi
2185 4993 2256 5031 ne
2287 4992 2419 5031 aves
2451 4975 2768 5030 immunda}
2801 4975 2859 5029 in
2891 4974 3088 5029 cibum
3128 4977 3441 5029 sumantur
3469 4973 3696 5042 Moyses

296 5052 404 5124 19).
456 5055 522 5108 Et
571 5055 698 5111 ideo
747 5055 842 5112 hic
898 5058 1230 5131 specialiter
1259 5063 1488 5119 Domini
1538 5070 1625 5118 est
1673 5068 1844 5129 terra,
1879 5067 1937 5122 in
2048 5065 2338 5137 prohibet,
2399 5070 2456 5119 et
2511 5065 2631 5120 hinc
2687 5064 2958 5119 similiter
3013 5063 3269 5135 ponitur.
3329 5061 3690 5131 Accipitrum

293 5157 410 5211 qua
431 5143 788 5213 primitusﬁt
808 5147 1073 5204 omnium
1097 5154 1462 5220 peccatorum
1484 5153 1650 5223 quasi
1674 5155 1935 5225 veprium
2045 5155 2222 5210 etiam
2271 5155 2496 5227 aliquot
2540 5161 2680 5211 sunt
2732 5158 2950 5219 formae,
2997 5154 3082 5209 vel
3132 5168 3363 5225 genera.
3397 5150 3500 5203 His
3552 5165 3687 5219 ergo

290 5232 713 5305 spinarumque
770 5237 1060 5308 purgatio.
1111 5239 1332 5294 Deinde
1388 5247 1577 5297 aratro
1636 5244 1846 5311 crucis,
1881 5249 1937 5300 et
2044 5245 2443 5316 rapacissimis
2495 5245 2720 5318 avibus,
2752 5250 2962 5301 venatu
3002 5249 3059 5298 et
3095 5243 3290 5315 praeda
3333 5238 3684 5306 viventibus,

289 5321 438 5376 ferro
475 5323 782 5378 Dominicae
824 5326 1138 5396 passionis,
1171 5329 1390 5384 duritia
1421 5331 1611 5387 cordis
1643 5333 1932 5403 atteritur,
2041 5334 2101 5389 in
2135 5337 2342 5406 pennis
2372 5337 2622 5391 struthio
2652 5343 3042 5408 comparatur,
3075 5336 3227 5389 sicut
3279 5334 3336 5386 et
3382 5328 3478 5383 alii
3527 5328 3686 5383 dixe-

286 5411 343 5463 et
372 5410 824 5483 confringantur
869 5413 1111 5471 vallium
1157 5417 1350 5488 glebae.
1386 5419 1639 5475 Vallium
1675 5423 1928 5491 nomine,
2040 5429 2178 5479 runt
2211 5443 2224 5480 :
2277 5448 2303 5475 «
2336 5426 2597 5481 Struthio
2630 5426 2824 5496 mista,
2859 5432 2915 5480 et
2945 5424 3051 5479 alis
3085 5417 3420 5476 herodionis
3450 5422 3507 5473 et
3537 5417 3682 5472 acci-

283 5497 627 5555 humiliatos
657 5501 907 5571 peccatis
936 5501 1226 5577 homines,
1257 5511 1432 5579 atque
1463 5509 1521 5563 in
1555 5509 1673 5564 ima
1703 5511 1933 5583 depres-
2040 5514 2229 5586 pitris.
2262 5539 2284 5566 ι
2323 5515 2508 5587 Igitur
2537 5515 2928 5570 struthionem
2959 5512 3284 5566 secundum
3315 5507 3681 5580 spiritualem

285 5603 382 5643 sos
412 5588 731 5661 significari
759 5589 1049 5658 existimo,
1082 5593 1232 5649 sicut
1260 5595 1547 5654 habemus
1578 5599 1635 5653 in
1671 5601 1926 5669 psalmo:
2040 5603 2486 5676 intelligentiam
2537 5620 2863 5675 sensusque
2909 5601 3156 5666 divinos,
3198 5597 3517 5656 Ecclesium
3565 5616 3684 5655 non

283 5678 547 5734 Ascensus
611 5681 672 5734 in
735 5679 894 5736 corde
957 5697 1055 5737 suo
1111 5682 1376 5755 disposuit
1442 5690 1501 5743 in
1565 5689 1708 5744 valle
1769 5692 1931 5760 ﬂetus
2041 5693 2297 5750 absurde
2326 5693 2634 5761 sentimus,
2674 5710 2800 5764 qum
2831 5708 2933 5764 per
2961 5689 3256 5745 lavacrum
3288 5689 3684 5762 regeneratio-

272 5766 457 5854 (Psal.
487 5785 717 5844 Lxxxm,
747 5769 828 5849 6).
860 5769 1024 5831 Unde
1057 5775 1116 5832 et
1143 5773 1326 5834 Isaias
1356 5792 1491 5835 cum
1534 5778 1930 5855 increpatione
2043 5782 2160 5856 nis,
2192 5786 2252 5843 et
2297 5783 2540 5842 verbum
2591 5782 2814 5840 munda
2854 5782 2914 5838 in
2954 5779 3182 5838 Christo
3213 5780 3417 5839 effecta
3443 5786 3551 5853 est,
3585 5782 3687 5856 qui
