4220 6582
529 455 646 518 819

2021 444 2440 528 ΑΡΡΕΝΒΙΧ.

3815 456 3938 518 82θ

518 589 771 645 cimilem
797 589 1034 660 quidem
1067 605 1319 660 pennam
1349 585 1524 645 habet
1555 589 1762 661 pennis
1793 589 2011 654 avium,
2041 605 2164 659 qua:
2195 589 2251 656 Α
2279 591 2399 643 tam
2433 586 2680 660 gloriam
2711 586 2772 641 in
2804 589 3086 641 aternum
3117 584 3349 655 pariant
3377 601 3558 658 pcenaa
3592 590 3933 658 praesentes,

519 679 794 734 sarnibus
843 684 1159 733 vescuntur
1206 683 1262 732 et
1301 679 1609 750 sanguine.
1642 679 1750 734 Sed
1783 678 1894 734 illa
1926 679 2168 749 remigio

519 769 744 824 alarum
803 768 861 822 in
911 767 1019 823 hoc
1069 785 1198 822 acre
1245 767 1403 822 velut
1448 768 1506 822 in
1549 767 1751 839 pelago
1782 769 1837 822 id
1873 772 2075 839 agunt,
2108 773 2172 821 ut

519 858 590 911 de
621 857 843 912 caeteris
894 858 1098 911 avibus
1150 858 1405 927 prmdam
1437 857 1690 928 capiant.
1726 858 1888 912 Unde
1921 859 2030 911 sub
2063 857 2171 910 hac

523 947 712 1016 ﬁgura
777 946 998 1000 inimici
1083 946 1263 1001 nostri
1333 946 1670 1017 spirituales
1740 945 2168 1016 intelliguntur.

522 1035 782 1089 Struthio
831 1051 963 1090 vero
1012 1034 1182 1106 longe
1230 1034 1506 1089 dissimili
1555 1036 1728 1090 modo
1777 1035 1983 1106 pennis
2047 1035 2171 1090 suis

526 1125 712 1177 utitur
744 1141 756 1178 :
811 1141 874 1178 eo
930 1125 1082 1194 quod
1129 1141 1224 1178 eas
1262 1123 1420 1179 velut
1469 1141 1570 1196 per
1601 1125 1796 1191 ﬁdem,
1831 1129 1888 1178 et
1919 1124 2172 1194 speciem

527 1215 778 1267 duorum
828 1217 1314 1268 testamentorum
1365 1213 1776 1284 gubernaculis
1823 1215 2022 1268 vivens
2065 1213 2175 1267 ha-

528 1305 810 1360 bitantem
869 1303 1157 1357 extendat.
1216 1307 1346 1357 Haec
1405 1302 1555 1373 avis,
1615 1304 1696 1358 ait
1753 1303 2034 1358 Dominus
2103 1303 2173 1357 ad

535 1394 693 1447 Job:

610 1502 631 1529 α
664 1483 904 1547 Quando
936 1482 1247 1552 dereliquit
1275 1499 1378 1536 ova
1412 1499 1519 1537 sua
1549 1481 1607 1536 in
1640 1486 1814 1549 terra,
1838 1486 1901 1536 tu
1936 1482 2178 1537 forsitan

532 1572 590 1625 in
625 1573 859 1644 pulvere
881 1570 1183 1626 calefacies
1207 1571 1316 1625 ea?
1337 1591 1361 1619 η
1392 1571 1509 1625 Ova
1535 1570 1652 1625 sive
1677 1570 1847 1640 ﬁlios,
1871 1574 1936 1624 ut
1964 1570 2023 1624 in
2047 1570 2180 1626 sub-

534 1661 919 1732 sequentibus
966 1660 1199 1728 dicitur,
1233 1676 1440 1714 novam
1501 1665 1827 1714 creaturam
1889 1664 2064 1730 atque
2120 1659 2180 1714 in

537 1752 768 1805 Christo
801 1753 1160 1820 generatam,
1185 1753 1242 1802 et
1262 1748 1568 1803 candidam
1603 1748 1937 1820 progeniem
1971 1752 2181 1803 sanctae

537 1839 804 1893 Ecclesiae
835 1837 1160 1907 intelligere
1191 1836 1492 1891 debemus.
1515 1837 1623 1891 Sed
1656 1836 1714 1890 in
1747 1837 1868 1892 ovis
1899 1836 2028 1893 illos
2055 1853 2184 1892 esse

2281 677 2645 748 professione
2667 674 2926 730 veritatis
2945 679 3210 746 acceptae.
3230 674 3296 728 Et
3316 673 3445 730 ideo
3463 675 3619 746 quod
3641 675 3934 747 sequitur,

2283 789 2311 814 «
2350 767 2566 820 frustra
2596 764 2901 830 laboravit,
2935 762 3094 818 nullo
3126 763 3334 818 timore
3367 768 3626 835 cogente,
3661 785 3689 814 »
3736 763 3932 821 Eccle-

2284 855 2434 909 siam
2467 855 2679 926 signat,
2715 870 2839 924 quae
2872 853 3024 910 ﬁlios
3055 869 3194 908 suos
3223 853 3293 907 ad
3326 853 3706 908 tentationem
3737 859 3794 909 et
3826 872 3933 910 saa-

2285 943 2399 998 culi
2450 944 2629 1014 hujus
2680 941 2978 997 molestias
3031 947 3338 1013 praeparat,
3372 958 3616 1013 sperans
3666 943 3870 1015 utique
3900 962 3936 999 a

2283 1036 2398 1086 Deo
2452 1049 2555 1103 pro
2607 1031 2700 1088 his
2750 1031 2922 1086 malis
2973 1030 3365 1103 temporariis,
3399 1030 3655 1086 ﬁliorum
3689 1049 3934 1088 suorum

2284 1120 2554 1193 gloriam,
2589 1127 2646 1176 et
2680 1120 3134 1192 incorruptionis
3167 1119 3591 1175 beatitudinem
3623 1122 3935 1193 sempiter-

2287 1225 2446 1264 nam.
2481 1209 2682 1279 Aliter,
2735 1211 2834 1265 sed
2891 1209 2999 1264 etsi
3052 1207 3336 1264 doluisset
3387 1225 3490 1280 pro
3543 1208 3680 1264 ﬁliis
3732 1225 3936 1264 conse-

2287 1299 2488 1365 cratis,
2547 1298 2764 1354 frustra
2820 1297 3126 1364 doluisset,
3184 1297 3321 1369 quia
3377 1313 3494 1352 non
3551 1297 3806 1353 habebat
3860 1299 3934 1352 ti-

2289 1387 2484 1441 mendi
2517 1403 2747 1453 causas,
2781 1387 3016 1458 quando
3043 1401 3142 1442 eos
3176 1385 3447 1458 perdidit,
3473 1386 3577 1441 sed
3608 1386 3934 1458 acquisivit.

2361 1498 2388 1524 ‹‹
2423 1475 2676 1530 Privavit
2717 1476 2872 1531 enim
2923 1492 3052 1531 eam
3083 1480 3237 1531 Deus
3285 1474 3592 1546 sapientia,
3626 1492 3730 1531 nec
3777 1477 3938 1531 dedit

2288 1563 2374 1618 illi
2404 1563 2875 1635 intelligentiam.
2914 1587 2941 1613 »
2993 1563 3288 1636 Sapientia
3335 1568 3510 1635 atque
3550 1563 3939 1637 intelligentia

2292 1653 2499 1707 mundi
2530 1653 2710 1724 hujus
2742 1654 2964 1725 privata
3001 1657 3089 1709 est
3136 1671 3170 1708 a
3218 1658 3331 1708 Deo
3362 1652 3661 1720 Ecclesia;
3713 1671 3848 1710 nam
3879 1661 3937 1710 et

2291 1741 2602 1814 Apostolus
2647 1743 2756 1797 hoc
2796 1743 2918 1798 ﬁeri
2949 1742 3234 1814 praecipit,
3267 1742 3467 1798 dicens
3503 1759 3516 1797 :
3572 1744 3683 1812 Qui
3710 1745 3822 1798 vult
3850 1761 3940 1799 sa-

2290 1833 2448 1902 piens
2476 1847 2610 1900 esse,
2643 1832 2846 1887 stultus
2876 1834 2996 1901 ﬁat,
3026 1835 3088 1886 ut
3114 1834 3190 1887 sit
3218 1832 3438 1902 sapiens
3462 1848 3480 1884 :
3509 1833 3640 1901 quia
3666 1835 3940 1903 sapientia

541 1927 898 1993 noverimus,
934 1927 1034 1996 qui
1083 1925 1348 1980 doctrina
1398 1925 1756 1996 quotidiana,
1809 1925 1976 1996 quasi
2032 1927 2184 1982 fetus
2218 1962 2266 2026 B
2297 1921 2698 2026 Ιξιέίαξηξηῑιηάί
2747 1921 2985 1975 Stultitia
3035 1925 3113 1976 est
3160 1919 3307 1992 αραά
3358 1921 3528 1975 Deum
3586 1921 3632 1992 (1
3682 1921 3801 1978 εον.
3854 1939 3938 1986 ιιι,

543 2017 784 2088 quidam
816 2014 1081 2069 Ecclesiae
1114 2014 1319 2068 matris
1349 2015 1710 2081 nutriuntur,
1744 2019 1810 2069 ut
1838 2016 2190 2086 quandoque

545 2107 616 2158 de
639 2103 937 2158 initiorum
963 2102 1294 2173 frugalitate
1322 2107 1378 2157 et
1405 2102 1843 2173 imperfectione
1873 2105 2189 2174 proceden-

545 2193 733 2256 tes,ad
755 2191 1028 2246 ultimum
1047 2197 1195 2246 testa
1209 2191 2003 2258 virtutum,velutidistinctis
2015 2197 2192 2264 atque

550 2283 814 2337 formatis
864 2282 1263 2336 membrorum
1315 2281 1717 2351 compagibus,
1752 2281 2021 2345 existant,
2055 2300 2186 2337 cum

550 2389 618 2426 ex
649 2371 903 2426 tenebris
933 2370 1206 2424 vitiorum
1239 2369 1346 2424 hoc
1388 2370 1557 2424 modo
1590 2370 1724 2424 facti
1759 2371 1974 2426 fuerint
2003 2372 2101 2426 lux
2131 2374 2191 2427 in

551 2459 1192 2530 Domino,proﬁcientes
1215 2459 1472 2529 quotidie
1490 2460 1558 2512 ad
1583 2464 1818 2514 aetatum
1845 2477 2192 2532 morumque

553 2551 924 2606 soliditatem.
955 2547 1208 2602 Audiant
1231 2549 1569 2619 prophetam
1593 2549 1663 2602 de
1697 2548 1838 2619 ipsis
1861 2549 2149 2606 dicentem
2176 2569 2188 2606 :

548 2642 673 2696 Dies
697 2639 1124 2713 formabuntur,
1148 2641 1199 2691 et
1224 2653 1379 2692 nemo
1409 2639 1468 2691 in
1494 2638 1572 2691 eis
1594 2639 1760 2707 (Psal.
1785 2655 2054 2708 cxxxvm,
2082 2642 2192 2708 16),

548 2729 606 2784 id
640 2734 746 2793 est,
772 2726 1003 2782 nullum
1037 2726 1095 2780 in
1128 2727 1211 2780 eis
1240 2726 1446 2780 vitium
1471 2726 1829 2792 dominatur,
1854 2744 1968 2799 quo
1999 2729 2194 2801 impu-

549 2822 764 2884 gnante
792 2817 1120 2870 vincantur.
1157 2814 1331 2869 Filios
1359 2831 1494 2868 vero
1525 2813 1926 2886 intelligamus
1949 2818 2074 2886 jam
2108 2835 2196 2874 so-

548 2907 649 2962 lito
673 2906 1052 2966 robustiores,
1069 2905 1181 2958 ﬁde
1205 2919 1271 2957 ac
1294 2904 1607 2957 virtutibus
1630 2905 2005 2976 compositos,
2020 2909 2195 2978 atque

549 2997 831 3049 formatos
881 3010 984 3064 per
1033 2993 1396 3046 incrementa
1437 2992 1742 3062 virtutum,
1776 2998 2059 3065 tanquam
2091 3013 2195 3068 per

547 3099 837 3138 annorum
869 3081 1078 3136 seriem
1123 3081 1249 3150 jam
1289 3081 1358 3134 de
1389 3081 1548 3135 omni
1580 3081 1919 3136 infirmitate
1948 3083 2072 3138 vitae
2103 3084 2191 3139 in-

547 3171 880 3242 composita:
908 3170 1052 3223 nihil
1077 3171 1375 3224 habentes.
1407 3169 1474 3223 Hi
1503 3169 1701 3240 igitur,
1727 3170 1878 3225 sicut
1899 3171 1980 3226 ait
2009 3173 2195 3227 Domi-

543 3278 676 3330 nus,
729 3261 788 3313 in
839 3264 992 3314 terra
1049 3259 1120 3314 ab
1182 3257 1438 3312 Ecclesia
1492 3258 1922 3329 relinquuntur,
1957 3263 2191 3332 quando

2307 2011 2391 2074 t8,
2427 2010 2534 2080 19).

2377 2122 2396 2148 σι
2433 2099 2577 2154 Cum
2630 2103 2864 2171 tempus
2920 2098 3112 2168 fuerit,
3145 2100 3205 2154 in
3249 2100 3433 2157 altum
3465 2100 3590 2157 alas
3619 2100 3809 2172 erigit,
3841 2102 3938 2156 de-

2300 2189 2451 2243 ridet
2477 2204 2693 2260 equum
2727 2193 2784 2242 et
2815 2203 3186 2244 ascensorem
3215 2191 3365 2260 ejus.
3398 2211 3425 2242 »
3460 2190 3604 2246 Cum
3637 2189 3941 2262 ingruerit,

2302 2278 2402 2344 ait,
2439 2278 2738 2333 molestior
2792 2282 2848 2331 et
2904 2277 3154 2333 nimium
3203 2281 3411 2335 acerba
3463 2278 3699 2334 afﬂictio
3753 2295 3945 2352 perse-

2303 2365 2557 2437 quentis,
2590 2365 2670 2420 ibi
2725 2366 2914 2435 major
2965 2367 3036 2420 ad
3088 2367 3272 2422 Deum
3303 2367 3374 2422 de
3424 2367 3737 2422 afflictione
3775 2367 3944 2425 obse-

2302 2456 2522 2510 crantis
2570 2455 2833 2520 affectus,
2879 2455 3020 2510 dum
3070 2456 3503 2526 quodammodo
3553 2455 3854 2524 excitatur,
3888 2460 3947 2511 et

2301 2543 2651 2599 humiliatus
2672 2544 2915 2616 erigitur
2937 2543 3257 2600 intentione
3278 2545 3729 2617 vigilantissima
3747 2547 3948 2617 depre-

2303 2634 2474 2689 candi
2497 2633 2555 2688 in
2586 2632 2878 2688 excelsum
2905 2632 3080 2688 alacri
3112 2633 3448 2704 nisu,ﬁdem
3477 2651 3644 2690 suam
3671 2639 3727 2689 et
3755 2651 3944 2705 spem,

2303 2723 2459 2780 velut
2480 2739 2701 2794 pennas
2733 2723 2792 2776 in
2824 2722 3113 2793 adjutorio
3145 2723 3342 2794 gratiis
3377 2724 3475 2780 Dei
3507 2722 3685 2779 fultas
3717 2723 3944 2790 suffert,

2302 2817 2360 2869 et
2411 2829 2545 2868 cum
2599 2811 2806 2866 talium
2855 2811 3080 2888 alarum
3129 2816 3456 2868 sustentata
3505 2811 3678 2868 fuerit
3707 2811 3943 2882 auxilio,

2301 2918 2541 2974 gressus
2569 2901 2823 2972 profecto
2855 2901 2984 2970 ejus
3017 2900 3327 2956 velociores
3356 2901 3689 2956 efﬁciuntur
3718 2906 3776 2957 et
3806 2917 3945 2956 con-

2303 2991 2400 3046 citi
2428 3006 2441 3046 :
2465 2989 2546 3044 ita
2565 2994 2628 3044 ut
2653 2989 3028 3060 insequentes
3051 3007 3112 3045 se
3144 2990 3405 3046 derideat
3430 2991 3723 3056 inimicos,
3747 2991 3803 3045 id
3831 2996 3947 3056 est,

2302 3096 2521 3150 equum
2553 3082 2610 3133 et
2638 3079 2916 3149 equitem,
2944 3080 3098 3149 quod
3125 3083 3216 3135 est
3235 3078 3532 3135 diabolum
3560 3085 3616 3134 et
3646 3079 3947 3134 hominem

2302 3168 2641 3222 ministrum
2672 3167 2916 3232 inimici,
2947 3167 3043 3238 qui
3075 3167 3133 3221 in
3167 3169 3583 3240 perpetrandas
3609 3173 3813 3223 contra
3842 3169 3949 3222 Ec-

2302 3256 2538 3312 clesiam
2573 3257 3023 3328 persecutiones,
3058 3257 3221 3312 sedet
3249 3258 3307 3311 in
3341 3256 3600 3328 quolibet
3632 3273 3780 3328 equo
3814 3274 3947 3324 suo,

543 3349 1009 3421 persecutionem
1059 3348 1130 3402 ab
1183 3347 1402 3418 impiis,
1444 3351 1502 3402 et
1547 3353 1775 3403 terrena
1823 3350 2188 3420 sapientibus
2219 3333 2261 3399 (ἶ
2302 3346 2360 3401 in
2393 3346 2563 3401 corde
2594 3344 2862 3400 Videlicet
2886 3345 3142 3400 hominis
3173 3345 3600 3418 persequentis.

539 3439 862 3511 patiuntur.
896 3437 1241 3506 Relinquere
1288 3437 1443 3491 enim
1497 3453 1592 3491 eos
1643 3437 1898 3493 Ecclesia
1947 3439 2179 3511 dicitur,

539 3531 679 3583 dum
731 3527 1175 3583 adversantibus
1223 3543 1340 3580 non
1390 3525 1657 3582 resistit:
1709 3543 1856 3598 quos
1900 3528 2184 3584 Dominus

537 3618 760 3671 fervore
793 3617 924 3670 ﬁdei
957 3620 1013 3670 et
1044 3615 1320 3684 patientia
1348 3615 1548 3680 duros,
1583 3619 1757 3685 atque
1798 3616 1856 3670 in
1902 3617 2002 3672 illo
2051 3617 2186 3690 igne

537 3721 713 3776 quem
737 3705 900 3758 misit
921 3704 977 3757 in
999 3708 1236 3766 terram,
1260 3708 1316 3759 et
1339 3703 1396 3757 in
1422 3705 1718 3774 pulverem
1743 3704 1965 3777 fragilis
1994 3707 2186 3762 carnis

540 3810 742 3849 eorum
777 3792 1126 3847 fortissimos
1158 3792 1313 3846 facit.

619 3903 646 3934 α
677 3882 1052 3938 Obliviscitur
1101 3883 1250 3951 quod
1285 3897 1386 3953 pes
1419 3882 1716 3938 conculcet
1747 3900 1834 3948 ea,
1869 3887 1970 3939 aut
2000 3883 2190 3938 bestia

545 3974 668 4045 agri
702 3975 1036 4028 conterat.»
1095 3970 1467 4026 Obliviscitur
1510 3971 1766 4027 Ecclesia
1809 3976 1976 4028 natos
2027 3989 2186 4039 suos,

546 4064 686 4117 dum
709 4063 791 4116 eis
815 4078 1222 4132 pressurarum
1252 4059 1569 4129 molestias,
1595 4061 1956 4116 adversarios
1978 4063 2190 4118 inferre

548 4168 663 4206 non
697 4150 986 4222 prohibet.
1023 4149 1137 4204 Hoc
1169 4148 1293 4205 loco
1325 4149 1711 4205 ditferentiam
1759 4155 1897 4220 puto
1929 4167 2057 4206 esse
2089 4151 2190 4205 tri-

545 4241 915 4295 bulationum
945 4243 1179 4311 propter
1203 4238 1348 4292 illud
1377 4239 1531 4308 quod
1556 4239 1720 4304 dixit,
1747 4257 1847 4311 pes
1869 4241 2191 4307 conculcet,

548 4335 604 4385 et
632 4329 775 4384 illud
808 4329 963 4399 quod
997 4329 1095 4398 ait,
1129 4333 1186 4382 et
1218 4328 1413 4382 bestiae
1447 4328 1571 4398 agri
1611 4332 1930 4384 conterunt.
1966 4329 2035 4384 Et
2087 4329 2196 4384 hoc

551 4421 627 4476 sit
657 4418 927 4474 contritio
959 4417 1300 4482 bestiarum,
1331 4418 1564 4486 quando
1596 4423 1792 4487 aperte
1823 4422 2038 4485 truces,
2063 4419 2193 4473 saevi

551 4514 610 4562 et
631 4507 998 4562 immanitate
1024 4522 1250 4559 morum
1269 4505 1611 4560 crudelitate
1629 4506 1850 4561 similes
1874 4507 2198 4562 bestiarum

555 4598 854 4651 Christum
907 4596 1249 4649 conﬁtentes
1281 4611 1467 4664 usque
1497 4595 1568 4650 ad
1602 4596 1962 4650 atrocitatem
1995 4596 2200 4651 mortis

558 4687 846 4755 afﬂigunt.
882 4690 990 4738 Pes
1020 4701 1149 4738 vero
1196 4684 1653 4738 conculcationis
1685 4683 1761 4738 sit
1791 4685 2201 4754 hujuscemodi
2233 4707 2278 4771 D

557 4774 880 4843 tribulatio,
913 4774 1146 4844 quando
1185 4773 1532 4844 opprobriis,
1566 4780 1622 4828 et
1654 4773 1831 4830 nimio
1863 4778 2201 4846 contemptu

561 4865 903 4936 iniquorum
937 4863 1120 4917 sancti
1155 4879 1576 4934 usquequaque
1609 4863 2017 4930 humiliantur,
2051 4863 2208 4918 velut

565 4955 822 5028 quadam
855 4952 1291 5008 conculcatione
1321 4952 1570 5024 protriti.

640 5071 668 5097 ‹‹
708 5046 956 5100 Duratur
1007 5044 1075 5098 ad
1127 5043 1276 5097 ﬁlios
1327 5059 1486 5109 suos,
1521 5043 1689 5114 quasi
1737 5061 1851 5098 non
1902 5043 2021 5098 sint
2069 5043 2208 5099 sui:

570 5143 787 5199 frustra
819 5133 1121 5197 laboravit,
1149 5132 1304 5187 nullo
1336 5132 1543 5187 timore
1572 5137 1828 5204 cogente.
1858 5156 1884 5181 »
1918 5134 2216 5188 Praesenti-

573 5235 686 5289 bus
708 5227 962 5282 ﬁliorum
994 5240 1233 5279 suorum
1263 5221 1760 5288 tribulationibus,
1786 5221 2040 5278 Ecclesia
2068 5223 2218 5277 dura

575 5328 631 5379 et
662 5320 842 5390 impia
870 5318 1118 5383 videtur,
1144 5313 1420 5384 quoniam
1449 5330 1562 5367 non
1595 5311 1944 5383 ingemiscit,
1969 5316 2025 5366 et
2057 5311 2219 5382 plan-

575 5414 659 5486 git
689 5408 996 5481 angustias
1027 5405 1447 5473 interitumquc
1477 5406 1769 5456 natorum.
1795 5401 1857 5454 In
1883 5401 2051 5469 cujus
2075 5401 2218 5472 ﬁgu-

576 5519 700 5556 ram
751 5505 955 5554 sancta
1005 5501 1188 5550 mater
1218 5493 1678 5548 Machabaeorum
1730 5504 1907 5560 super
1961 5487 2215 5544 ﬁliorum

573 5606 817 5645 suorum
868 5587 1220 5643 cruciatibus
1272 5581 1600 5637 exsultabat
1651 5578 1720 5650 (II
1764 5579 1929 5631 Mach.
1965 5594 2081 5642 vm,
2115 5579 2216 5634 30-

571 5679 682 5747 41),
701 5677 928 5732 videbat
949 5677 1164 5748 quippe
1188 5676 1244 5728 in
1269 5673 1497 5745 spiritu,
1513 5669 1664 5725 sicut
1685 5671 1741 5723 et
1762 5667 1854 5722 hic
1877 5671 2080 5723 sancta
2100 5685 2218 5725 ma-

565 5771 653 5830 ter
675 5765 928 5829 Ecclesia
958 5781 1059 5839 per
1079 5765 1252 5820 ﬁdem
1278 5760 1537 5836 quotidie
1565 5756 2012 5833 contemplatur,
2035 5775 2217 5832 quan-

2367 3435 2723 3505 «Numquid
2792 3435 3075 3504 praebebis
3143 3450 3291 3506 equo
3361 3435 3785 3502 fortitudinem,
3844 3441 3946 3491 aut

2293 3524 2688 3578 circumdabis
2720 3522 2865 3578 collo
2898 3525 3028 3594 ejus
3060 3522 3401 3580 hinnitum?
3439 3546 3464 3572 ››
3517 3524 3682 3580 Hunc
3723 3541 3944 3596 equum

2295 3613 2688 3667 adversariam
2743 3615 3091 3683 potestatem
3140 3613 3391 3668 arbitror
3446 3630 3618 3684 posse
3671 3612 3940 3685 intelligi,

2297 3701 2396 3773 qui
2446 3701 2521 3756 sit
2566 3700 2837 3773 pallidus,
2873 3705 2936 3754 ut
2966 3701 3023 3755 in
3055 3701 3405 3772 Apocalypsi
3433 3703 3732 3770 scribitur,
3765 3718 3941 3773 quem

2297 3790 2564 3861 sequitur
2595 3806 2752 3844 mors
2782 3793 2839 3842 et
2873 3789 3133 3843 infernus
3164 3789 3347 3859 (Apoc.
3379 3806 3458 3854 vr,
3489 3791 3564 3857 8).
3624 3791 3694 3846 Et
3741 3790 3842 3862 qui
3880 3791 3943 3845 in

2296 3878 2572 3934 Zacharia
2629 3876 2911 3949 propheta
2966 3876 3182 3930 dicitur
3234 3877 3453 3932 rubeus
3507 3879 3688 3948 (Zach.
3741 3897 3814 3946 IV,
3863 3882 3944 3946 2).

2302 3968 2587 4022 mortibus
2636 3964 2902 4020 videlicet
2932 3963 3266 4031 hominum,
3297 3969 3355 4020 et
3383 3981 3588 4022 cruore
3619 3984 3948 4039 respersus.

2301 4057 2550 4110 Proinde
2581 4055 2721 4108 dum
2756 4052 3116 4125 permittitur
3147 4053 3389 4125 praeberi
3420 4054 3471 4109 ei
3503 4072 3536 4109 a
3565 4055 3700 4123 Deo,
3734 4056 3955 4112 dicitur

2303 4145 2612 4209 fortitudo,
2681 4149 2740 4199 et
2817 4142 3170 4198 circumdari
3238 4142 3384 4199 collo
3454 4145 3581 4214 ejus
3647 4144 3952 4214 hinnitus,

2307 4240 2368 4288 ut
2416 4250 2517 4304 per
2570 4232 2930 4303 patientiam,
2964 4236 3021 4287 et
3067 4232 3388 4288 bonitatem
3440 4233 3562 4300 Dei,
3594 4233 3956 4290 thesaurizet

2305 4323 2414 4378 sibi
2448 4323 2593 4377 iram
2627 4323 2683 4376 in
2724 4321 2817 4376 die
2870 4323 2966 4376 ira:
3021 4325 3078 4377 et
3128 4322 3497 4378 revelationis
3537 4323 3686 4394 justi
3729 4323 3952 4393 judicis

2307 4412 2427 4467 Dei.
2461 4412 2529 4465 Et
2557 4411 2773 4466 ideirco
2805 4411 2864 4466 in
2896 4411 3041 4467 collo
3085 4413 3213 4482 ejus
3268 4412 3635 4485 signiﬁcatur
3684 4413 3954 4468 hinnitus

2308 4500 2614 4573 superbire,
2650 4518 2764 4572 quo
2812 4505 3035 4557 tumeat
3081 4505 3284 4556 contra
3329 4503 3538 4568 Deum,
3570 4505 3627 4557 et
3675 4501 3955 4573 blasphe-

2311 4590 2489 4644 miam
2532 4590 2823 4662 loquatur.

2383 4703 2410 4728 «
2448 4680 2740 4750 Numquid
2768 4677 3080 4735 suscitabis
3102 4694 3235 4732 eum
3257 4677 3426 4748 quasi
3455 4678 3710 4736 locustae
3734 4680 3758 4735 ?
3782 4702 3809 4730 »
3841 4680 3957 4735 Mo-

2312 4787 2371 4824 re
2403 4768 2784 4837 locustarum,
2809 4767 3174 4823 adversarius
3201 4770 3399 4822 noster
3418 4767 3634 4824 dicitur
3660 4769 3956 4838 suscitari,

2317 4857 2549 4928 quando
2581 4858 2650 4912 de
2683 4857 2822 4911 locis
2855 4855 2978 4911 suis
3008 4856 3080 4910 ad
3113 4855 3447 4926 partiendas
3476 4857 3760 4929 regiones,
3784 4861 3960 4928 atque

2317 4947 2630 5001 vastandas
2654 4947 2852 5018 praeire
2875 4944 3276 5010 dicitur,sicut
3295 4945 3375 4999 ait
3395 4946 3465 5001 de
3483 4946 3597 5002 Deo
3616 4947 3956 5002 Psalmista:

2321 5037 2494 5100 Dicit,
2526 5040 2576 5090 et
2609 5038 2754 5090 venit
2783 5036 2988 5090 locusta
3019 5034 3190 5106 (Psal.
3223 5050 3332 5104 Civ,
3363 5035 3474 5102 34).
3509 5036 3618 5090 Sed
3651 5035 3802 5090 hanc
3832 5053 3964 5091 sus-

2324 5126 2684 5186 citationem,
2717 5124 3058 5179 instantiam
3105 5123 3395 5178 efﬁciendi
3428 5124 3620 5196 operis
3651 5141 3778 5180 esse
3809 5125 3964 5180 arbi-

2324 5221 2464 5269 tror.
2504 5215 2658 5270 Unde
2689 5215 2902 5268 dicitur
2931 5214 3002 5268 ad
3038 5211 3392 5268 Pharaonem
3431 5229 3443 5267 :
3487 5217 3552 5268 In
3585 5214 3687 5268 hoc
3716 5216 3892 5284 ipsum
3915 5219 3971 5270 te

2325 5306 2586 5369 excitavi,
2641 5307 2699 5358 ut
2763 5303 3044 5358 ostendam
3101 5303 3162 5356 in
3227 5309 3276 5357 te
3341 5304 3598 5358 virtutem
3659 5321 3853 5370 meam,
3914 5309 3970 5359 et

2326 5397 2686 5449 annuntz’ctur
2732 5408 2928 5448 nomen
2957 5407 3141 5446 meum
3185 5392 3244 5446 in
3291 5393 3552 5448 universa
3581 5394 3733 5448 terra
3761 5393 3964 5464 (Exod.

2327 5503 2403 5551 Ix,
2442 5485 2546 5555 16).

2400 5596 2427 5625 ‹‹
2459 5571 2652 5628 Gloria
2684 5570 2912 5627 narium
2949 5571 3078 5641 ejus
3109 5574 3314 5627 terror.
3349 5593 3374 5622 η
3428 5571 3555 5627 Sive
3587 5576 3650 5626 ut
3679 5570 3776 5626 alii
3809 5571 3967 5627 dixe-

2325 5669 2463 5719 runt
2497 5679 2508 5716 :
2567 5663 2747 5718 Gloria
2790 5665 3014 5732 pectora
3061 5662 3176 5734 ejus
3207 5661 3462 5718 audacia.
3496 5660 3567 5716 Ut
3598 5661 3872 5718 inimicus
3903 5661 3962 5718 in

2325 5754 2524 5830 fugam
2570 5755 2755 5810 vertat
2803 5751 3203 5833 adversarium
3233 5766 3434 5831 suum,
3464 5749 3710 5836 militem
3741 5749 3970 5856 scilicet
