4220 6632
393 453 508 512 821
1413 453 1932 516 COMMENTAR.
1979 456 2057 517 ΙΝ
2097 455 2264 517 JOB.
2309 455 2480 516 CAP.
2527 455 2810 517 XXXIX.
3689 460 3806 520 822

396 583 632 655 Christi,
664 582 792 656 ipso
823 581 997 639 etiam
1046 581 1310 639 anhelitu
1357 586 1536 640 terret
1584 602 1599 641 :
1650 585 1745 641 hic
1779 589 1869 642 est
1897 586 2041 643 odor
2065 587 2121 656 Α
2150 585 2467 643 criminum
2495 585 2629 659 igne
2651 586 3226 659 conﬂagrans,atque
3246 585 3305 640 in
3329 585 3630 644 hominem
3653 588 3810 646 furo-

397 673 624 745 mortis,
657 671 750 728 hic
781 675 870 729 est
899 671 1142 744 spiritus
1170 672 1523 730 furibundus
1547 675 1826 748 angelans
1855 675 1914 731 in
1939 675 2040 732 ho-
2153 692 2214 732 re
2241 675 2470 732 invidia
2499 677 2846 742 fremens,ut
2863 675 2990 747 jam
3022 676 3253 732 sorbeat
3283 674 3573 732 illecebris
3605 693 3808 748 pecca-

397 763 574 818 minis
631 777 854 831 necem,
912 765 1235 818 retrorsum
1291 764 1552 836 respicit,
1586 765 1685 836 qui
1726 765 1938 822 iterum
1969 767 2040 822 ad
2150 768 2422 834 torem,et
2442 766 2782 822 devoratum
2813 765 2873 820 in
2906 782 3115 838 corpus
3137 764 3376 837 perditae
3408 767 3802 839 congregatio-

395 855 631 922 peccata
678 849 1053 917 convertitur,
1096 849 1214 906 sive
1264 849 1742 908 tribulationibus
1773 853 1944 921 cedit,
1979 857 2043 908 ut
2150 855 2242 910 nis
2273 871 2391 911 sua
2415 855 2749 923 transferat,
2783 869 2897 925 quo
2931 870 3169 926 corpore
3211 852 3498 926 propheta
3545 854 3691 910 dixit
3738 871 3799 912 se

397 940 455 995 in
486 939 794 1012 Evangelio
815 939 1102 995 Dominus
1134 955 1237 1011 per
1267 939 1601 1012 parabolam
1635 941 1927 997 edisserit.
2150 944 2294 999 forte
2325 944 2782 1015 absorbendum,
2817 943 2928 998 nisi
2963 943 3244 998 Dominus
3273 947 3428 999 esset
3459 943 3519 998 in
3560 959 3659 1012 eo;
3718 943 3799 999 ita

465 1050 494 1079 «
525 1030 764 1085 Terram
799 1029 1020 1102 ungula
1049 1029 1215 1086 fodit.
1238 1050 1266 1080 »
1302 1029 1452 1096 Sive,
1487 1033 1552 1084 ut
1585 1029 1682 1084 alii
1714 1030 1988 1087 dixerunt
2022 1073 2035 1088 .
2145 1031 2462 1104 inquiens:
2497 1033 2622 1088 Nisi
2653 1033 2912 1088 Dominus
2955 1036 3093 1088 esset
3140 1034 3199 1087 in
3240 1034 3417 1104 nobis,
3462 1035 3602 1104 forte
3647 1034 3796 1088 vivos

386 1117 598 1190 fodiens
627 1120 690 1173 in
718 1135 906 1191 campo
937 1119 1211 1189 luxuriat,
1243 1117 1301 1173 id
1333 1121 1423 1174 est
1455 1117 1716 1174 carnales
1746 1119 2036 1186 homines,
2146 1121 2552 1177 absorbuissent
2616 1137 2714 1177 nos
2773 1121 2945 1192 (Psal.
3005 1137 3237 1189 CXXXIII,
3295 1121 3432 1193 2,3).
3493 1121 3600 1176 Hic
3657 1134 3792 1193 ergo

386 1211 444 1264 et
469 1211 702 1264 terrena
746 1207 1042 1280 sapientes
1073 1207 1395 1275 conculcet,
1428 1213 1486 1263 et
1517 1207 1777 1279 proterit,
1812 1212 1870 1264 et
1899 1225 2033 1265 cum
2143 1210 2474 1265 contrarius
2505 1214 2700 1266 noster
2729 1209 2856 1282 ipse
2877 1213 2986 1276 est,
3011 1209 3105 1264 cui
3139 1211 3289 1265 Deus
3320 1209 3552 1266 locutus
3581 1210 3790 1278 est,di-

384 1314 483 1353 eos
541 1296 960 1367 humiliaverit,
992 1296 1223 1368 sibique
1254 1295 1602 1366 subdiderit,
1653 1297 1790 1353 facit
1837 1314 1936 1354 eos
1967 1315 2036 1354 ea
2143 1313 2326 1353 cens:
2365 1301 2592 1354 Terram
2618 1298 2976 1354 manducabis
3006 1299 3257 1354 omnibus
3284 1299 3476 1354 diebus
3505 1301 3630 1355 vita
3683 1302 3792 1354 tua

379 1385 729 1442 contritione
759 1386 1058 1456 contritos,
1094 1383 1286 1457 qualis
1328 1388 1417 1441 est
1468 1385 1758 1453 contritio,
1794 1388 1850 1442 et
1882 1386 2032 1442 infe-
2143 1387 2295 1458 (Gen.
2329 1404 2414 1453 III,
2448 1388 2557 1457 14).
2591 1387 2660 1442 Et
2689 1387 2902 1443 idcirco
2932 1386 3056 1460 ipse
3087 1392 3144 1443 et
3174 1386 3315 1443 socii
3354 1388 3504 1458 ejus,
3555 1391 3622 1444 ut
3669 1388 3787 1444 ini-

380 1473 571 1530 licitas
597 1475 657 1530 in
690 1475 801 1531 viis
831 1474 1139 1530 hominum
1169 1473 1588 1546 impiorum.ln
1619 1473 2031 1542 hujuscemodi
2141 1475 2276 1531 mici
2310 1476 2560 1545 Domini,
2581 1479 2799 1532 terram
2828 1475 3072 1549 lingent.

377 1561 886 1636 igiturlatitudine
908 1563 1366 1631 vitiorum,velut
1390 1563 1449 1618 in
1472 1580 1678 1637 campo
1702 1563 2026 1633 luxurians,
2210 1585 2237 1614 ‹‹
2271 1563 2385 1621 Nec
2418 1568 2646 1636 reputat
2673 1565 2826 1620 tuba
2876 1581 3086 1621 sonare
3132 1564 3484 1637 clangorem.
3523 1585 3544 1614 η
3581 1564 3642 1620 Id
3675 1569 3783 1637 est,

377 1652 525 1707 fodit
553 1653 625 1708 ad
657 1653 1060 1710 subtrahenda
1083 1653 1424 1709 hominibus
1446 1654 1830 1710 fundamenta
1850 1654 2032 1710 Virtu-
2137 1652 2557 1726 prophetarum
2580 1657 2639 1710 et
2667 1652 3068 1726 apostolorum
3100 1653 3558 1726 increpationem
3581 1653 3783 1711 audire

375 1745 604 1809 tum,ut
635 1743 695 1799 in
726 1743 958 1799 ruinam
991 1743 1279 1800 subducta
1301 1742 1591 1800 soliditate
1617 1745 2023 1816 procumbant.
2135 1741 2440 1812 detrectat,
2477 1743 2692 1815 quibus
2723 1742 2941 1798 dicitur
2970 1760 2983 1798 :
3017 1743 3169 1799 Sicut
3205 1743 3334 1798 tuba
3379 1733 3570 1800 exalia
3597 1759 3781 1800 vocem

339 1890 342 1896 ,
448 1854 476 1882 ‹‹
506 1832 770 1889 Exsultat
800 1834 1133 1890 audacter.»
1166 1833 1394 1889 Gaudet
1417 1834 1708 1906 superbus
1740 1850 2020 1906 prasum-
2132 1835 2288 1888 tuam
2320 1834 2443 1902 (Isa.
2481 1850 2634 1901 LVIII,
2670 1833 2754 1906 1):
2781 1833 2882 1889 sed
2913 1831 3102 1905 magis
3133 1832 3395 1900 saviens,
3429 1833 3586 1889 unde
3604 1849 3778 1890 verus

373 1921 591 1992 ptionis
622 1922 884 1991 audacia,
918 1923 1302 1996 quoadusque
1332 1922 1656 1995 perniciose
1685 1928 1886 1980 contra
1914 1923 2018 1979 ho-
2049 1963 2098 2030 B
2131 1920 2355 1977 Pharao
2387 1920 2526 1977 dicit
2577 1939 2590 1977 :
2639 1921 2968 1992 Persequens
3006 1919 3481 1990 comprehendam,
3529 1919 3775 1992 departi-

373 2010 561 2030 mg“-
2136 2009 2221 2030 ιη
2857 2011 2910 2030 m
2974 2013 3019 2030 Α
3307 2011 3358 2030 ,Α
3400 2009 3490 2030 ιε,
3523 2009 3664 2030 .___._
3706 2010 3766 2030 λ,

371 2010 563 2066 mines
596 2015 840 2084 pugnat.
2049 2009 2098 2030 "
2129 2009 2224 2065 bar
2267 2010 2447 2082 spolia
2503 2009 2702 2078 (Exod.
2734 2028 2826 2078 xv,
2857 2011 2933 2082 9),
2967 2013 3023 2065 et
3049 2014 3270 2066 catera.
3305 2011 3366 2065 In
3399 2009 3492 2064 his
3523 2009 3666 2065 locis
3699 2010 3770 2065 de

440 2121 469 2148 ‹‹
502 2101 566 2155 In
599 2116 910 2156 occursum
941 2101 1131 2174 pergit
1159 2102 1422 2158 armatis.
1457 2123 1486 2152 »
1517 2103 1651 2167 Qua
1682 2102 1803 2159 sint
1852 2118 2017 2158 arma
2127 2099 2343 2171 quibus
2392 2099 2670 2167 diximus,
2721 2098 2818 2154 alii
2868 2097 3295 2154 transtulerunt
3326 2113 3339 2153 :
3375 2098 3548 2170 Super
3587 2101 3769 2171 ipsum

367 2191 706 2245 sanctorum
759 2193 960 2246 contra
1002 2189 1330 2258 spiritualia
1379 2191 1670 2262 nequitia,
1702 2192 2014 2264 Apostolus
2123 2190 2271 2244 enim
2303 2188 2500 2257 gaudet
2538 2203 2701 2245 arcus
2746 2191 2796 2242 et
2846 2187 3090 2256 gladius,
3123 2188 3334 2254 lancea,
3364 2187 3546 2256 hasta,
3576 2191 3628 2242 et
3655 2193 3768 2243 tre-

367 2276 676 2346 diligenter
713 2282 947 2335 enarrat
994 2281 1209 2352 (Ep/tes.
1261 2297 1338 2350 VI,
1388 2281 1597 2352 13-18).
1651 2281 1863 2338 Contra
1905 2283 2012 2341 hos
2120 2294 2271 2334 more
2299 2287 2352 2334 et
2380 2277 2670 2334 iracundia
2701 2279 2896 2332 evertit
2926 2280 3131 2332 terram
3157 2294 3176 2332 :
3206 2291 3308 2334 nec
3354 2277 3550 2344 credit,
3603 2275 3770 2333 donec

363 2365 546 2437 igitur
573 2367 917 2439 hujusmodi
950 2369 1132 2424 armis
1161 2369 1425 2438 indutus,
1457 2369 1519 2425 in
1550 2385 1860 2428 occursum
1881 2389 2009 2444 per-
2119 2369 2427 2438 elanguerit
2458 2367 2685 2424 buccina
2711 2385 2730 2423 :
2761 2367 2861 2423 ubi
2892 2367 3164 2423 eumdem
3212 2381 3452 2422 sensum
3497 2365 3765 2423 existimo

361 2470 497 2526 gere
527 2457 758 2527 dicitur,
793 2459 1029 2530 quando
1060 2475 1253 2516 arcem
1285 2459 1500 2516 mentis
1529 2476 1863 2534 expugnare
1885 2479 2010 2518 mo-
2117 2458 2424 2526 contineri,
2457 2458 2778 2514 secundum
2814 2471 2987 2529 quem
3021 2473 3130 2513 nos
3159 2456 3635 2528 exposuimus.In
3669 2473 3766 2512 ar-

359 2544 532 2618 liens,
567 2547 875 2604 adversum
927 2565 1164 2604 murum
1213 2550 1520 2620 Virtutum,
1553 2550 1763 2607 arietes
1811 2552 2011 2622 abjicit
2117 2564 2211 2614 cu,
2244 2551 2300 2604 et
2329 2547 2542 2619 gladio,
2575 2551 2634 2603 et
2664 2547 2886 2603 cateris
2926 2545 3106 2602 armis
3137 2545 3382 2614 inimici,
3415 2562 3618 2602 omnes
3657 2547 3759 2602 ad-

357 2634 655 2705 vitiorum,
724 2642 782 2693 et
857 2638 929 2693 ad
1009 2639 1357 2694 tentandum
1420 2639 1758 2707 Dominum,
1826 2658 2008 2698 ausus
2113 2636 2480 2694 inventiones
2511 2637 2635 2706 ejus
2669 2635 3060 2707 intelligenda
3094 2639 3254 2704 sunt,
3286 2651 3413 2706 qua
3444 2635 3504 2690 in
3531 2651 3596 2691 eo
3623 2651 3760 2707 gau-

358 2722 470 2779 fuit
499 2725 558 2781 in
590 2743 900 2783 occursum
934 2727 1063 2799 ejus
1093 2727 1287 2784 venire
1316 2728 1376 2783 in
1405 2745 1620 2801 eremo,
1654 2734 1711 2785 et
1752 2747 1856 2802 per
1885 2733 2004 2788 sin-
2113 2727 2290 2783 deant
2318 2742 2452 2782 cum
2483 2725 2576 2782 his
2607 2725 2818 2797 modis,
2853 2724 3021 2797 quasi
3053 2724 3234 2780 armis
3266 2723 3627 2780 interﬁciunt
3657 2724 3759 2781 ho~

357 2813 528 2885 gulas
562 2815 823 2873 civitates
870 2816 1154 2888 apostolis
1203 2817 1502 2874 Christum
1550 2820 2005 2891 pradicantibus
2112 2815 2352 2873 minem.

360 2905 722 2974 occurrebat,
765 2907 1002 2977 quando
1034 2906 1119 2962 eis
1169 2908 1590 2964 commotiones
1648 2909 2002 2966 seditionum
2183 2929 2211 2956 «
2271 2905 2381 2962 Ubi
2437 2905 2689 2962 audierit
2742 2903 3074 2975 buccinam,
3129 2903 3292 2972 dicit,
3344 2901 3486 2959 vah!
3548 2902 3756 2959 Procul

356 2993 557 3064 pepuli
589 2995 938 3062 suscitabat,
963 2996 1115 3052 sicut
1145 2996 1320 3054 etiam
1353 2997 1410 3052 in
1445 2998 1688 3054 Actibus
1718 3000 2004 3072 apostolo-
2111 2996 2390 3052 odoratur
2417 2994 2660 3064 bellum,
2693 2993 3155 3050 exhortationem
3185 2994 3426 3060 ducum,
3458 2995 3516 3048 et
3563 2992 3754 3049 ulula-

305 3123 314 3134 .
355 3097 488 3137 rum
536 3082 812 3155 legimus.
871 3083 1033 3140 Unde
1083 3088 1140 3140 et
1186 3086 1258 3141 ad
1311 3086 1597 3157 quosdam
1628 3086 1841 3143 Paulus
1873 3087 1998 3144 ait:
2109 3089 2236 3140 tum
2266 3083 2860 3149 exercitus.»Quando
2883 3082 3758 3154 audierit,inquit,adversarius

350 3170 561 3227 Ostium
589 3173 732 3228 mihi
759 3182 1012 3245 apertum
1059 3183 1138 3229 est
1179 3191 1464 3244 magnum,
1519 3179 1569 3230 et
1617 3176 1861 3245 evidens,
1911 3179 2002 3234 sed
2109 3177 2308 3230 noster
2337 3173 2437 3230 Dei
2466 3174 2799 3241 buccinam,
2823 3171 2881 3228 id
2913 3175 3024 3242 est,
3047 3187 3530 3244 unumquemque
3559 3173 3757 3227 docto-

346 3260 651 3318 adversarii
677 3264 844 3318 multi
873 3263 921 3334 (Ι
949 3263 1069 3318 Cor.
1103 3280 1218 3331 XVI,
1252 3265 1328 3336 9).
1361 3268 1429 3319 Et
1459 3263 1664 3320 multis
1695 3265 1825 3320 aliis
1855 3266 1998 3323 locis
2108 3280 2231 3319 rem
2266 3262 2530 3319 Ecclesia
2560 3263 2967 3318 adhortantem
2999 3260 3430 3317 commilitones
3477 3277 3638 3333 suos,
3671 3277 3758 3317 se-

344 3349 415 3405 de
445 3351 553 3406 hac
585 3352 1020 3407 adversantium
1052 3352 1496 3424 impugnatione
1519 3370 1634 3410 non
1665 3357 1992 3427 tacet,quas
2023 3341 2067 3410 C
2104 3353 2363 3408 cundum
2397 3355 2751 3424 praceptum
2781 3350 3105 3422 imperiale,
3140 3353 3315 3421 atque
3354 3349 3639 3422 divinum,
3691 3354 3757 3407 ut

339 3438 609 3496 diabolus
639 3440 1011 3497 immittebat.
2097 3445 2301 3497 contra
2332 3440 2732 3497 adversarium
2763 3456 2939 3495 suum
2975 3443 3131 3494 stent
3159 3439 3338 3494 fortes
3379 3439 3438 3493 in
3481 3439 3680 3510 pralio
3736 3456 3750 3498 :

408 3551 436 3578 «
469 3530 804 3586 Contemnit
833 3546 1128 3602 pavorem,
1161 3547 1267 3587 nec
1313 3531 1468 3586 cedit
1511 3531 1725 3604 gladio.
1765 3553 1786 3581 ιι
1822 3533 1985 3596 Quod
2095 3529 2354 3602 stupenti
2385 3530 2584 3585 animo
2615 3535 2674 3584 et
2702 3527 3028 3596 scrutabili,
3063 3527 3423 3598 auribusque
3457 3527 3747 3600 attonitis,

326 3617 402 3672 ad
444 3617 780 3690 imperium,
813 3623 870 3675 et
900 3620 1324 3676 invocationem
1359 3620 1482 3689 Dei,
1517 3619 1786 3676 diabolus
1835 3622 1983 3676 etfu-
2095 3620 2176 3676 ait
2207 3637 2220 3676 :
2254 3619 2413 3675 Vahl
2470 3623 2752 3692 tanquam
2785 3617 2835 3674 si
2865 3618 3083 3674 diceret
3115 3636 3129 3674 :
3191 3618 3339 3681 Quid
3388 3616 3603 3673 audio?
3636 3617 3746 3673 hac

323 3710 512 3776 getur,
546 3709 924 3764 manifestum
952 3713 1072 3779 est;
1103 3710 1204 3766 sed
1238 3710 1288 3765 si
1318 3710 1388 3766 ad
1423 3709 1878 3777 contumaciam,
1929 3715 1984 3765 et
2092 3711 2406 3782 quisquam
2438 3708 2743 3782 praesumit
2771 3707 3033 3778 audacia,
3069 3712 3133 3762 ut
3162 3711 3363 3762 contra
3389 3723 3480 3762 me
3533 3705 3743 3762 saltem

320 3794 684 3858 voluntatem
717 3796 879 3854 illius
913 3797 1372 3870 iniquissimam,
1409 3816 1474 3854 ac
1505 3801 1828 3871 procaciter
1869 3800 1980 3855 im-
2090 3799 2304 3871 cogitet
2336 3798 2490 3854 bella
2520 3796 2911 3854 constituere?
2942 3796 3047 3852 Ubi
3071 3812 3206 3869 ergo
3227 3796 3453 3852 dictum
3475 3794 3737 3863 est,Vahl

320 3883 819 3954 pudentissimam
854 3889 1254 3956 attendamus,
1287 3888 1616 3962 intrepidus
1648 3905 1763 3944 non
1793 3893 1976 3945 terre-
2089 3887 2189 3943 alii
2221 3889 2491 3944 dixerunt
2511 3886 2840 3958 Euge,quod
2865 3887 3210 3953 secundum,
3237 3891 3302 3941 ut
3323 3884 3741 3957 consequentia

322 3975 438 4042 tur,
473 3991 588 4031 non
621 3975 914 4033 erubescit
944 3977 1175 4034 etiamsi
1208 3977 1403 4052 gladio
1436 3978 1573 4034 ferri
1605 3979 1706 4035 Dei
1739 3979 1978 4036 territus
2087 3976 2197 4032 loci
2231 3978 2426 4045 fuerit,
2461 3977 2580 4033 sive
2608 3977 2666 4031 in
2699 3977 2940 4045 bonum,
2976 3975 3095 4032 sive
3120 3975 3178 4030 in
3211 3976 3434 4032 malum
3485 3975 3736 4046 capitur,

324 4062 522 4131 fuerit,
554 4068 612 4120 et
640 4065 897 4138 fugatus,
930 4071 987 4124 et
1016 4069 1327 4124 revertitur
1355 4068 1590 4136 iterum,
1626 4085 1731 4124 nec
1772 4069 1974 4125 confu-
2086 4072 2144 4122 et
2191 4067 2251 4122 in
2304 4067 2586 4123 Psalterio
2642 4083 2655 4121 :
2703 4065 3124 4136 Con/undantur
3151 4073 3206 4119 et
3233 4071 3605 4135 revereantur,
3638 4066 3737 4135 qui

321 4153 482 4208 tatus
513 4153 796 4209 abscedit.
2081 4156 2274 4212 dicunt
2303 4156 2464 4226 mihi,
2511 4157 2678 4226 Euge,
2729 4170 2861 4225 euge
2911 4154 3079 4225 (Psal.
3112 4169 3305 4224 XXXIX,
3339 4153 3448 4224 16).
3480 4152 3732 4208 Proinde

399 4260 421 4289 α
455 4241 642 4313 Super
670 4242 865 4314 ipsum
899 4245 1132 4301 sonabit
1171 4245 1466 4318 pbaretro,
1498 4247 1751 4303 vibrabit
1781 4247 1971 4316 hasta,
2082 4245 2140 4299 in
2173 4244 2282 4300 hoc
2313 4245 2436 4300 loco
2466 4243 2766 4300 irridentis
2798 4241 3518 4308 animo,etsubsannantis
3540 4241 3728 4311 vultu,

316 4332 375 4384 et
406 4328 663 4402 clypeus.
693 4352 721 4380 »
752 4331 867 4388 Cur
889 4331 1067 4388 habet
1086 4333 1422 4405 pharetram
1444 4336 1756 4392 inimicus?
1788 4337 1860 4392 Ut
1888 4337 1972 4392 vi-
2081 4351 2227 4408 euge
2257 4333 2751 4390 dicitur.Subtilis
2773 4331 2927 4388 enim
2949 4337 3006 4387 et
3029 4331 3516 4404 vigilantissimus
3536 4331 3731 4387 inimi-

315 4419 528 4476 delicet
565 4421 836 4478 sedentes
885 4422 944 4477 in
993 4439 1062 4478 ea
1110 4423 1318 4492 Judai,
1377 4424 1644 4497 gentiles,
1694 4425 1968 4492 haretici,
2080 4441 2206 4492 cus,
2239 4429 2296 4481 et
2341 4423 2590 4479 nimium
2642 4422 2908 4489 callidus,
2961 4422 3060 4494 qui
3110 4420 3565 4477 sollicitudinem
3597 4437 3726 4493 per-

312 4507 371 4562 in
406 4510 622 4581 quibus
682 4516 821 4566 sunt
871 4511 1096 4584 sagitta
1145 4513 1374 4581 mortis,
1434 4530 1699 4570 errorum
1749 4515 1972 4571 scilicet
2080 4515 2254 4570 dendi
2305 4530 2538 4570 omnem
2587 4517 2802 4569 terram
2854 4512 3050 4579 habet,
3083 4499 3216 4566 cum
3251 4511 3499 4567 senserit
3529 4511 3728 4583 aliqua

311 4596 552 4653 lethalia
581 4600 877 4671 dogmata,
893 4601 1171 4674 sagittent
1193 4601 1251 4656 in
1285 4602 1532 4657 obscuro
1565 4607 1751 4659 rectos
1773 4605 1964 4660 corde.
2076 4603 2263 4675 initia,
2296 4605 2415 4660 sive
2445 4604 2615 4675 signa
2646 4603 2911 4675 quadam
2945 4601 3003 4656 in
3037 4601 3294 4666 homine,
3349 4601 3642 4672 quomodo
3673 4601 3726 4656 ei

311 4685 497 4742 Habet
542 4687 775 4744 hastam
825 4691 983 4746 unde
1030 4691 1378 4747 criminibus
1427 4691 1767 4763 caterisque
1809 4694 1965 4749 vitiis
1996 4716 2044 4783 D
2075 4693 2322 4765 ejusque
2351 4693 2510 4748 vitiis
2545 4692 2941 4754 resistendum
2975 4691 3071 4758 sit,
3104 4690 3265 4746 velut
3294 4691 3726 4764 sagina,adver-

311 4776 607 4832 confodiat
657 4782 1012 4848 peccatores,
1064 4781 1334 4853 sagittas,
1386 4781 1720 4838 subtiliores
1773 4782 1962 4851 dolos,
1996 4776 2036 4783 ”
2074 4787 2271 4837 santcs
2303 4781 2412 4837 sibi
2444 4781 2760 4852 praevenire
2783 4781 3084 4836 contendit
3116 4797 3128 4836 :
3163 4798 3236 4836 ne
3261 4785 3499 4853 sumpta
3519 4785 3724 4838 contra

311 4861 566 4933 hastam,
618 4865 831 4922 delicta
882 4869 1134 4924 trabalia
1192 4873 1366 4942 atque
1415 4871 1734 4928 mortifera.
1779 4872 1964 4928 Habet
2072 4870 2372 4926 diabolum
2404 4870 2732 4926 sanctitatis
2774 4886 2940 4924 arma
2985 4870 3344 4926 delendant:
3383 4886 3453 4925 ne
3485 4887 3724 4926 venera-

311 4951 600 5024 clypeum,
634 4972 748 5028 quo
780 4956 1016 5013 malitia
1047 4957 1430 5031 plenitudine,
1466 4964 1655 5016 totum
1706 4961 1959 5017 militum
2070 4961 2229 5016 tione
2250 4959 2408 5032 digni
2432 4960 2594 5027 ﬁant,
2616 4976 2747 5014 cum
2772 4959 2890 5014 Rex
2912 4964 3163 5014 aternus
3185 4960 3499 5014 advenerit.
3523 4959 3722 5014 Ulula-

311 5058 554 5098 suorum
581 5049 830 5117 occupat
858 5051 1082 5118 pectus,
1117 5064 1230 5120 quo
1264 5064 1334 5104 ne
1366 5048 1497 5104 telis
1528 5050 1834 5106 verborum
1860 5051 1960 5107 Dei
2071 5054 2166 5105 tus
2191 5065 2344 5119 vero,
2377 5049 2496 5104 sive
2524 5050 2759 5115 sonitus,
2794 5054 2857 5103 ut
2888 5048 2985 5103 alii
3019 5045 3599 5117 dixerunt,exercitus
3621 5061 3721 5100 ve-

310 5138 803 5205 compungantur,
835 5137 1054 5191 excutit
1082 5152 1169 5204 ea,
1204 5137 1538 5205 frustratur,
1572 5139 1962 5210 expalmatzex
2071 5138 2116 5193 ri
2143 5137 2516 5210 imperatoris
2549 5136 2644 5192 ille
2675 5142 2783 5203 est,
2818 5137 3051 5208 quando
3082 5152 3145 5192 se
3176 5135 3420 5190 invicem
3452 5150 3568 5189 uno
3599 5133 3721 5206 spi-

309 5238 423 5293 quo
454 5239 604 5294 equo
629 5224 1048 5297 transfigurato
1097 5225 1156 5280 in
1207 5230 1480 5298 angelum
1532 5225 1680 5282 lucis
1724 5228 1796 5298 (II
1838 5228 1958 5284 Cor.
2071 5228 2210 5298 ritu,
2243 5243 2477 5298 unaque
2508 5226 2812 5291 charitate,
2835 5230 2891 5280 et
2920 5226 3032 5280 ﬁde
3063 5225 3452 5294 cohortantes,
3487 5223 3721 5294 conspi-

308 5311 834 5383 XI,1/I),splendore
865 5315 1120 5384 quodam
1152 5315 1421 5382 terribili,
1452 5315 1686 5371 vibrant
1717 5317 1886 5372 basta
1907 5321 1964 5390 et
2071 5317 2289 5372 ratisin
2309 5333 2492 5372 unum
2512 5315 2743 5372 timoris
2758 5313 3725 5384 Dominiviribus,alloquuntur,ut

310 5399 571 5472 clypeus,
591 5404 648 5456 et
678 5401 969 5458 mendacii
1001 5402 1233 5476 eloquio
1265 5405 1523 5477 abrupta
1554 5405 1959 5461 hareticorum
2073 5408 2254 5463 donec
2289 5409 2545 5462 transeat
2575 5405 3002 5477 iniquitas,sint
3035 5407 3468 5476 perseverantes
3491 5402 3550 5456 in
3573 5419 3717 5474 pra-

312 5494 588 5545 resonant
619 5491 1022 5561 pravitates,et
1050 5492 1144 5549 hic
1167 5499 1402 5566 propter
1432 5493 1858 5550 indesinentem
1883 5495 1964 5549 in-
2073 5496 2181 5564 lio;
2215 5497 2354 5568 quia
2386 5494 2668 5551 charitate
2699 5495 2853 5566 regis
2885 5493 2975 5548 sui
3008 5494 3201 5548 infusa
3232 5492 3291 5547 in
3322 5507 3384 5546 se
3416 5507 3516 5563 per
3544 5491 3720 5564 Spiri-

313 5579 641 5635 tensionem
674 5595 969 5651 usumque
999 5580 1338 5638 blandiendi
1365 5584 1590 5639 vibrare
1621 5584 1916 5639 dicuntur.
2069 5588 2198 5642 tum
2233 5590 2528 5653 sanctum,
2561 5584 2659 5656 qui
2683 5584 2856 5639 datus
2887 5586 2974 5638 est
3003 5581 3105 5650 eis,
3137 5598 3240 5653 pro
3271 5580 3550 5638 alterutro
3580 5587 3720 5642 sunt

391 5691 420 5719 «
454 5669 703 5725 Fervens
751 5672 809 5724 et
855 5669 1111 5726 fremens
1161 5671 1357 5728 sorbet
1385 5676 1618 5729 terram.
1652 5695 1680 5724 »
1716 5674 1964 5731 Fervens
2073 5677 2339 5732 membra
2367 5673 2632 5731 sollicita.

317 5762 408 5822 est
435 5756 596 5818 vitiis
627 5756 922 5836 diabolus,
943 5757 1222 5822 inimicus
1251 5766 1678 5839 sanctorum,et
1699 5764 1965 5824 omnium
2152 5787 2175 5821 ι
2223 5763 2520 5844 Numquid
2571 5761 2882 5823 suscitabis
2929 5777 3064 5825 eum
3113 5763 3284 5838 quasi
3331 5764 3631 5829 locustae?
3685 5792 3716 5849 η
