4220 6586
517 444 633 504 823
2016 434 2181 500 ΑΡΡ]

2292 435 2438 500 DIX.
3804 432 3927 503 824

515 575 700 639 Quem
730 574 802 629 de
831 571 957 630 loco
988 575 1059 630 ad
1090 571 1285 632 locum
1314 570 1606 631 transilire
1637 571 1767 643 feci,
1798 577 1855 629 et
1899 572 1971 629 de
2017 582 2162 645 prae-
2191 570 2250 638 Α
2276 576 2548 645 nocentes,
2593 579 2660 629 ut
2680 600 2685 605 -
2704 571 2867 629 edant
2910 587 3103 628 carnes
3151 584 3301 627 mea:
3346 572 3517 642 (Psal.
3567 588 3720 643 xxvi,
3750 573 3802 641 1,
3841 574 3923 643 2).

519 661 695 732 senti,
739 662 964 719 scilicet
1008 664 1214 720 mundi
1269 662 1671 729 delectatione,
1704 663 1775 718 ad
1808 662 2166 718 desiderium
2273 660 2523 718 Proinde
2552 662 2832 734 quoniam
2864 661 2925 717 in
2956 662 3064 717 hac
3094 659 3285 717 salute
3314 660 3557 729 luminis
3586 660 3686 717 Dei
3716 677 3921 735 spero:

518 752 702 809 futuri
735 753 929 809 saeculi
960 753 1343 820 inflammavi,
1375 752 1459 809 sic
1490 752 1693 825 utique
1721 752 2039 807 suscitatus
2078 754 2168 805 est
2275 749 2336 804 Si
2363 753 2660 807 consistant
2710 752 2979 808 adversus
3026 767 3115 805 me
3159 754 3365 819 castra,
3415 764 3528 807 non
3574 751 3792 807 timebit
3829 768 3926 809 oor

519 843 591 897 de
622 858 862 915 corpore
892 844 1282 910 inﬁdelitatis,
1315 842 1470 899 velut
1502 842 1609 909 sol,
1644 858 1777 897 cum
1810 840 1968 896 calor
1996 840 2164 896 adve-

519 932 627 987 nit.
661 936 780 988 Has
806 938 1001 988 autem
1033 934 1387 988 mutationes
1436 949 1551 987 non
1592 930 1855 986 locorum
1886 946 2016 986 esse
2042 945 2170 985 cor-

523 1021 817 1093 poralium
848 1022 1347 1090 noverimus,uam
1369 1020 1613 1076 affectus
1639 1024 1781 1076 sunt
1808 1019 2165 1075 animorum.

596 1133 624 1159 ‹‹
659 1110 856 1166 Gloria
886 1111 1115 1165 narium
1147 1110 1277 1181 ejus
1315 1114 1521 1165 terror.
1578 1126 1604 1160 ι»
1656 1108 1731 1164 Ut
1774 1111 1989 1165 terreat
2037 1124 2167 1181 pec-

525 1204 771 1270 catores,
804 1199 934 1255 odio
965 1200 1187 1255 habens
1237 1199 1388 1270 quod
1443 1202 1601 1269 sunt,
1652 1202 1710 1254 et
1755 1197 1956 1255 dicens
1985 1197 2069 1254 eis
2100 1198 2170 1253 de

525 1289 642 1345 Deo
674 1307 688 1343 ι
721 1290 847 1344 Nisi
874 1290 1119 1343 conversi
1143 1290 1387 1360 fueritis,
1418 1287 1666 1357 gladium
1710 1303 1871 1343 suum
1918 1288 2173 1344 vibrabit

527 1378 696 1450 (Psat.
728 1394 827 1444 vn,
855 1378 965 1449 13),
998 1382 1055 1432 et
1093 1383 1299 1433 caetera
1349 1393 1363 1433 :
1418 1377 1489 1432 de
1536 1376 1721 1449 gloria
1764 1377 1995 1432 narium
2044 1378 2173 1448 ejus

527 1470 635 1532 est,
675 1465 920 1538 spiritus
967 1466 1123 1521 enim
1175 1465 1270 1521 Dei
1320 1470 1409 1521 est
1455 1466 1513 1520 in
1558 1465 1803 1521 naribus
1836 1467 1983 1537 ejus,
2017 1465 2174 1537 quod

527 1558 585 1609 et
614 1558 855 1609 sanctus
885 1554 995 1608 Job
1024 1553 1167 1608 dixit
1199 1569 1213 1609 :
1248 1552 1499 1624 Spiritus
1547 1555 1646 1608 Dei
1695 1558 1784 1608 est
1829 1553 1889 1608 in
1934 1553 2177 1608 naribus

530 1643 699 1698 meis.
734 1644 851 1699 [ioc
889 1646 1209 1715 unguento,
1262 1641 1471 1714 spiritu
1521 1641 1725 1713 utique
1773 1641 1890 1714 Dei,
1941 1642 2179 1715 perfusa

530 1736 620 1787 est
648 1731 926 1801 Ecclesia,
961 1731 1114 1786 sicut
1141 1730 1346 1786 scribit
1372 1730 1628 1785 Joannes
1659 1730 2068 1802 apostoluszEt
2087 1748 2180 1788 vos

530 1823 841 1875 unctionem
864 1818 1071 1874 habetis
1111 1836 1143 1873 a
1195 1824 1379 1873 sancto
1409 1819 1459 1890 (1
1484 1820 1640 1874 Joan.
1673 1836 1738 1887 ιι,
1767 1819 1878 1887 20).
1932 1819 2177 1875 Proinde

2274 855 2479 894 meum.
2510 842 2586 895 Et
2612 842 2975 911 siconsurgat
3021 842 3081 894 in
3130 856 3215 895 me
3258 842 3548 912 praelium,
3578 854 3690 897 non
3737 840 3925 897 cedam

2275 927 2467 1000 gladio
2496 928 2659 999 (Ibid.
2690 929 2767 1000 2),
2804 944 2918 1000 quo
2951 931 3199 984 mortem
3246 928 3496 985 libenter
3541 945 3647 1001 pro
3694 930 3924 988 Christo

2278 1016 2476 1071 subire
2506 1021 2735 1090 exopto.

2349 1126 2379 1154 «
2411 1106 2596 1178 Super
2625 1106 2823 1178 ipsum
2869 1106 3103 1163 sonabit
3151 1106 3444 1178 pharetra,
3474 1106 3727 1163 vibrabit
3754 1108 3929 1165 hasta

2280 1197 2339 1249 et
2361 1193 2657 1267 clypeus.»
2690 1196 2879 1268 Super
2906 1195 3247 1252 exteriorem
3277 1200 3335 1251 et
3365 1211 3709 1269 corporeum
3734 1198 3929 1254 homi-

2281 1300 2436 1353 nem,
2464 1284 2536 1340 de
2566 1301 2683 1356 quo
2711 1285 2793 1340 ait
2823 1284 3104 1357 propheta
3136 1300 3151 1340 :
3182 1286 3250 1340 Et
3278 1285 3469 1341 subtus
3493 1302 3582 1342 me
3607 1289 3929 1344 conturbata

2282 1378 2363 1430 est
2390 1374 2655 1430 hebetudo
2709 1390 2833 1430 mea
2879 1375 3098 1445 (Jerem.
3148 1390 3303 1443 xxxi,
3352 1376 3490 1447 20):
3524 1376 3695 1447 quasi
3733 1384 3928 1432 arcem

2285 1462 2544 1519 animam
2576 1462 2891 1531 credimus,
2941 1463 3040 1518 ubi
3098 1462 3511 1535 unusquisque
3565 1469 3927 1520 sanctorum.

2287 1554 2487 1622 utpote
2538 1551 2599 1607 in
2657 1552 2934 1608 interiore
2992 1551 3231 1607 homine
3274 1568 3380 1608 suo
3427 1556 3711 1624 tanquam
3776 1554 3931 1609 intra

2286 1640 2619 1713 pharetram
2677 1641 2850 1696 habet
2905 1640 3150 1713 sagittas
3200 1639 3563 1713 eloquiorum
3614 1641 3739 1708 Dei,
3783 1658 3932 1714 quas

2288 1730 2360 1785 ad
2392 1730 2711 1785 cavendum
2742 1731 2982 1802 profert,
3015 1730 3134 1786 sive
3165 1731 3305 1785 dum
3337 1746 3436 1787 eas
3463 1731 3755 1804 frequenti
3800 1748 3932 1788 cor-

2287 1818 2571 1889 reptione,
2597 1816 2771 1874 veluti
2803 1818 2919 1874 tela
2947 1819 3268 1891 pungentis
3295 1819 3491 1875 educit
3535 1819 3597 1875 in
3646 1821 3929 1889 medium,

531 1909 627 1963 hic
658 1910 729 1963 de
760 1923 874 1980 quo
904 1906 1339 1979 loquimur,hoc
1371 1907 1497 1962 loco
1529 1908 1598 1961 de
1630 1908 1781 1964 bono
1813 1908 2098 1981 ﬂagrabat
2117 1909 2174 1966 in
2205 1936 2256 2005 Β
2288 1922 2677 1978 percussurus
2707 1906 2912 1979 utique
2931 1924 3133 1963 earum
3154 1909 3369 1964 ictibus
3388 1925 3488 1965 eos
3510 1909 3611 1981 qui
3634 1910 3843 1966 merito
3861 1911 3932 1966 ad

532 1996 811 2053 interiore
842 2013 1020 2052 sensu
1051 1996 1310 2051 hominis
1339 1997 1430 2051 sui
1465 2014 1479 2052 :
1510 1997 1569 2051 in
1603 2013 1719 2068 quo
1751 2014 1929 2053 sensu
1970 2016 2176 2056 secun-

534 2087 677 2141 dum
707 2084 1023 2155 voluntatis
1050 2085 1521 2155 arbitrium,aliis
1550 2086 1693 2141 odor
1719 2088 1925 2143 mortis
1948 2088 2006 2143 in
2031 2105 2182 2145 mor-

534 2181 675 2242 tem,
736 2174 866 2230 aliis
924 2176 1067 2230 odor
1118 2174 1247 2229 vitae
1305 2175 1364 2229 in
1423 2175 1599 2230 vitam
1650 2176 1730 2247 (II
1785 2177 1905 2233 Cor.
1954 2195 2018 2245 ιι,
2069 2179 2179 2250 16),

536 2264 814 2334 quoniam
845 2264 1038 2320 refuso
1069 2280 1247 2336 super
1263 2263 1647 2338 Christumﬁd
1681 2268 1967 2338 est,myro
1996 2268 2132 2323 ﬁdei
2162 2271 2178 2303 ί

539 2370 574 2409 a
600 2356 802 2409 sancta
828 2352 1089 2408 Ecclesia
1118 2336 1374 2424 repldtus
1405 2357 1495 2407 est
1528 2336 2025 2412 mundusmmnes
2047 2357 2185 2413 tide-

532 2442 680 2497 lium
725 2441 945 2514 populi,
979 2442 1180 2497 eodem
1230 2457 1394 2497 sacro
1446 2441 1762 2498 chrismate
1806 2444 1967 2500 uncti
2021 2450 2180 2501 sunt.

533 2534 780 2602 Propter
809 2530 961 2602 quod
987 2534 1042 2585 et
1072 2531 1268 2602 ipsum
1300 2535 1694 2602 unguentum,
1720 2533 1876 2603 quod
1907 2538 2042 2590 ante
2065 2535 2187 2590 Sal-

532 2619 753 2676 vatoris
782 2620 1054 2675 notitiam
1084 2620 1237 2674 intra
1267 2618 1547 2675 alabastri
1592 2621 1715 2676 vasi
1767 2624 2072 2695 angustias
2101 2631 2184 2681 te-

534 2710 805 2776 nebatur,
837 2709 1033 2781 pistici
1065 2725 1279 2764 nomen
1310 2709 1563 2765 inditum
1595 2714 1722 2765 erat
1752 2712 1947 2780 (Joan.
1981 2730 2079 2779 xu,
2108 2716 2184 2786 3),

546 2803 612 2853 ut
666 2798 1002 2855 noverimus
1060 2798 1434 2853 credentibus
1491 2798 1760 2870 populos,
1811 2800 1965 2857 sicut
2019 2803 2186 2873 dixit,

545 2885 861 2943 chrismate
904 2892 1295 2942 consecratos.
1356 2885 1473 2940 Hac
1532 2886 1711 2954 igitur
1766 2887 1952 2959 gloria
1994 2892 2190 2949 odoris

541 2974 742 3046 hujus,
776 2975 947 3048 quasi
976 2979 1196 3031 terrore
1225 2973 1617 3046 generationis
1655 2976 2027 3045 perfunditur
2057 2998 2188 3036 sen-

540 3080 643 3119 sus
673 3064 936 3118 interior.

613 3175 641 3202 «
676 3154 917 3208 Terram
948 3152 1169 3225 ungula
1200 3153 1366 3208 fodit.
1399 3154 1641 3212 Exsulat
1690 3158 1983 3225 audacter,
2032 3164 2086 3214 et
2126 3159 2186 3214 in

537 3259 848 3299 occursum
880 3243 1069 3314 pergit
1100 3243 1398 3298 armatis.»
1429 3245 1727 3317 Quidquid
1767 3248 1826 3302 in
1859 3264 1920 3303 se
1950 3249 2185 3320 potissi-

2290 1995 2537 2051 salutem
2569 1996 2816 2051 debeant
2838 1996 3153 2052 vulnerari.
3190 1998 3377 2069 Super
3416 1998 3633 2069 ipsum,
3668 1999 3934 2071 inquam,

2289 2084 2654 2156 eloquiorum
2689 2085 2787 2141 Dei
2818 2090 3054 2141 resonat
3082 2084 3375 2158 pharetra,
3427 2089 3581 2159 quod
3627 2092 3825 2144 tamen
3872 2090 3937 2144 in

2291 2173 2679 2229 commotione
2708 2174 2787 2230 sit
2816 2173 3195 2230 ambulantis.
3248 2175 3355 2230 Ubi
3403 2175 3750 2249 intelligitur
3780 2177 3936 2248 quod

2290 2264 2342 2318 is
2374 2267 2524 2319 recte
2553 2262 2766 2334 psallat
2793 2268 2851 2319 et
2879 2264 3157 2337 corripiat
3186 2264 3614 2338 delinquentes,
3662 2268 3830 2337 cujus
3875 2268 3937 2322 in

2293 2353 2583 2408 anteriora
2638 2353 2901 2424 quotidie
2951 2353 3245 2424 profectus
3301 2357 3391 2409 est
3448 2348 3805 2422 sanctitatis;
3852 2354 3939 2411 sic

2293 2441 2451 2497 enim
2482 2440 2814 2513 Apostolus,
2848 2457 3101 2513 magnus
3129 2447 3190 2497 et
3219 2446 3425 2513 potens
3457 2456 3645 2514 equus
3687 2444 3939 2513 Domini,

2295 2531 2378 2586 ait
2409 2547 2422 2584 :
2460 2532 2637 2586 Unum
2661 2535 2849 2585 autem
2875 2529 3097 2602 quidem
3125 2544 3251 2603 quae
3269 2534 3414 2588 retro
3433 2536 3566 2587 sunt
3586 2531 3935 2604 obtiviscens,

2294 2620 2365 2674 ad
2410 2634 2472 2674 ea
2518 2635 2643 2675 vero
2689 2635 2809 2690 quae
2857 2622 2917 2675 in
2961 2626 3096 2676 ante
3142 2629 3272 2676 sunt
3319 2620 3610 2677 extendens
3657 2620 3934 2695 (Philipp.

2297 2724 2383 2776 III,
2436 2710 2545 2779 13).
2594 2708 2727 2764 Sive
2768 2714 2835 2764 ut
2878 2709 3112 2765 brevius
3154 2714 3213 2764 et
3259 2708 3631 2767 manifestius
3679 2711 3868 2767 dicam
3920 2728 3935 2766 :

2298 2798 2575 2853 Pharetra
2593 2797 2712 2855 haec
2740 2798 2904 2854 locus
2926 2803 3017 2855 est
3036 2799 3317 2867 cordis,in
3339 2816 3455 2872 quo
3475 2814 3817 2857 sermonum
3841 2802 3939 2858 Dei

2296 2886 2525 2957 sagittaa
2553 2886 2797 2941 conditae
2827 2891 2969 2942 sunt
2993 2891 3052 2942 et
3078 2887 3364 2959 reposita.
3418 2890 3488 2946 Et
3531 2888 3833 2962 signauter
3860 2889 3942 2945 ait

2297 2975 2584 3031 Dominus
2615 2991 2793 3045 super
2820 2975 3040 3047 ipsum,
3070 2976 3129 3031 id
3160 2980 3252 3032 est
3279 2992 3521 3048 equum,
3554 2992 3763 3034 sonare
3787 2978 3940 3035 hanc

2299 3063 2655 3136 pharetram,
2688 3065 2844 3135 quod
2892 3069 2981 3120 est
3026 3081 3205 3137 super
3248 3067 3593 3123 exteriorem
3640 3067 3937 3124 hominem

2297 3155 2446 3223 ejus,
2496 3153 2770 3224 pharetra
2816 3154 3009 3210 cordis
3063 3153 3224 3210 illius
3281 3155 3493 3211 referta
3545 3154 3764 3213 divinis
3817 3157 3938 3214 elo-

2299 3242 2475 3315 quiis,
2506 3246 2731 3313 regnat,
2765 3243 2929 3313 dum,
2959 3246 3023 3298 ut
3051 3242 3300 3299 bellator
3326 3244 3558 3300 Domini
3588 3246 3648 3301 et
3676 3246 3839 3302 tortis
3878 3248 3939 3303 in

537 3349 702 3388 mum
732 3307 908 3386 habet
933 3307 1015 3386 ad
1036 3331 1378 3387 substantia:
1410 3307 1922 3408 perseverantiam,
1950 3307 2034 3393 .eo
2065 3338 2184 3393 uti-
2216 3307 2260 3374 (ἶ
2300 3307 2495 3404 praalio
2524 3307 2694 3403 (Isset.
2716 3307 2727 3313 ν
2749 3307 2925 3398 mn,
2941 3332 3015 3403 8),
3048 3332 3405 3405 evangelizat
3432 3334 3675 3390 verbum
3724 3335 3940 3392 virtute

534 3438 647 3493 que
703 3420 854 3476 bono
910 3421 1143 3476 virtutis
1189 3427 1405 3476 terram
1456 3424 1674 3479 scindit
1724 3429 1781 3480 et
1835 3431 2179 3483 commovet.

532 3511 663 3566 Non
688 3510 845 3566 enim
888 3510 1110 3582 patitur
1157 3515 1222 3564 ut
1271 3509 1463 3566 solum
1515 3514 1821 3582 gradiatur
1866 3514 2182 3584 incultum,

531 3601 632 3655 sed
665 3599 863 3654 studet
895 3604 959 3653 ut
999 3615 1137 3670 ager
1182 3598 1283 3653 fiat
1329 3600 1574 3673 frugifer
1617 3608 1673 3657 et
1714 3602 1968 3675 epimus.
2022 3604 2183 3661 Unde

532 3692 589 3743 et
618 3691 754 3742 ante
787 3687 966 3742 Deum
999 3687 1274 3743 audacter
1302 3690 1576 3759 exsultat,
1629 3694 1695 3746 ut
1737 3692 1938 3747 audiat
1980 3694 2052 3748 de
2097 3711 2180 3764 se,

532 3775 688 3831 sicut
715 3776 786 3830 de
834 3776 1061 3831 steteris
1113 3776 1273 3832 dici:
1313 3780 1591 3834 Venientes
1633 3788 1813 3834 autem
1859 3783 2077 3837 venient
2121 3784 2181 3837 in

532 3865 917 3935 exsultatione,
948 3865 1198 3921 tollentes
1224 3868 1535 3939 manipulos
1554 3884 1678 3923 suos
1707 3868 1881 3939 (Psal.
1915 3887 2077 3943 cxxv,
2104 3873 2179 3943 6).

534 3955 795 4026 Itemque
824 3956 1062 4011 audiat:
1098 3956 1256 4011 Serve
1287 3957 1437 4023 bone,
1472 3958 1603 4028 quia
1629 3974 1797 4029 super
1835 3976 2015 4030 pauca
2062 3963 2177 4032 fui-

537 4046 613 4100 sti
654 4044 854 4115 ﬁdelis,
885 4062 1062 4116 supra
1091 4046 1267 4100 multa
1310 4050 1362 4100 te
1411 4048 1740 4101 constituam
1788 4048 1995 4120 (Matth.
2046 4067 2178 4117 xxv,

535 4135 626 4204 21,
667 4134 778 4205 23).
824 4133 888 4188 In
933 4151 1243 4188 occursum
1303 4136 1494 4206 pergit
1546 4135 1812 4203 armatis,
1867 4142 2181 4210 antequam

537 4222 671 4278 telis
718 4222 993 4279 vitiorum
1025 4223 1145 4278 sive
1186 4222 1656 4297 persecutionum
1697 4242 1731 4280 a
1776 4226 2184 4297 spiritualibus

542 4311 814 4367 hostibus
853 4314 1156 4383 obruatur,
1203 4311 1265 4366 in
1328 4312 1448 4366 acie
1502 4296 1787 4368 virtutum
1836 4315 2184 4387 consistens,

539 4400 830 4456 irruentes
859 4401 919 4455 in
953 4418 1015 4456 se
1042 4400 1322 4476 praevenit
1370 4400 1663 4468 inimicos,
1716 4418 1788 4459 ne
1828 4403 2025 4477 aliquo
2068 4404 2186 4461 ictu

542 4490 1027 4561 concupiscentiae
1075 4490 1162 4545 vel
1217 4490 1392 4545 etiam
1446 4491 1784 4547 difﬁdentiae
1828 4492 2186 4552 vulneretur.

545 4579 640 4634 Sic
671 4595 929 4649 namque
957 4578 1017 4633 in
1048 4594 1356 4633 occursum
1388 4580 1579 4652 pergit
1606 4585 1808 4636 contra
1849 4580 2050 4639 hostes
2095 4601 2187 4639 ar-

2293 3420 2497 3476 multa.
2558 3421 2744 3492 Super
2790 3420 2945 3476 hunc
2995 3438 3215 3494 equum
3268 3422 3657 3480 nihilominus
3677 3424 3941 3482 vibratur

2293 3508 2463 3565 hasta
2492 3512 2549 3564 et
2578 3508 2836 3581 clypeus.
2870 3509 3050 3565 Hasta
3080 3515 3170 3567 est
3197 3510 3448 3583 vigilans
3499 3512 3682 3568 animi
3727 3512 3933 3583 virtus,

2293 3598 2413 3654 sive
2470 3599 2822 3668 constantia,
2880 3615 3008 3671 qua;
3081 3599 3347 3672 increpat
3402 3606 3759 3673 peccatores,
3817 3602 3937 3660 sive

2295 3687 2430 3743 vitia
2487 3687 2548 3742 in
2607 3703 2668 3744 se
2725 3688 3113 3745 confodienda
3165 3689 3497 3745 mortiﬁcat.
3531 3690 3781 3764 Clypeus
3805 3708 3939 3749 vero

2293 3782 2526 3833 scutum
2559 3778 2692 3832 tidei
2723 3782 2830 3844 est,
2884 3777 2942 3831 in
2990 3794 3107 3848 quo
3163 3777 3361 3833 omnia
3415 3777 3537 3834 tela
3591 3779 3939 3852 nequissimi

2293 3868 2465 3939 ignea
2517 3867 2703 3939 possit
2758 3866 3128 3938 exstinguere
3177 3866 3399 3938 (Ephes.
3442 3885 3523 3939 v1,
3573 3869 3687 3941 16).
3719 3871 3788 3926 Et
3818 3870 3941 3928 haec

2294 3961 2529 4029 propter
2558 3956 2984 4011 indesinentem
3017 3971 3191 4010 usum
3243 3955 3522 4022 bellandi,
3572 3959 3805 4015 vibrare
3851 3961 3942 4015 di-

2293 4051 2529 4111 cuntur,
2563 4060 2695 4116 quae
2726 4044 2844 4099 sint
2873 4043 3076 4115 utique
3099 4042 3161 4099 in
3192 4045 3605 4101 exercitatione
3646 4063 3945 4119 praepara-

2292 4139 2372 4189 ta.
2407 4134 2554 4188 Nam
2586 4133 2656 4188 de
2677 4131 2894 4187 talibus
2923 4132 3103 4188 armis
3126 4132 3488 4206 fulgentibus
3507 4134 3590 4190 ita
3619 4135 3943 4212 diciturzln

2295 4224 2473 4277 lucem
2502 4221 2685 4289 iacula
2713 4225 2810 4276 tua
2833 4222 3011 4292 ibunt,
3058 4223 3119 4279 in
3160 4223 3506 4293 splendorem
3551 4228 3945 4284 coruscationis

2294 4326 2565 4367 annorum
2594 4318 2810 4366 tuorum
2841 4311 3065 4381 (Hahae.
3097 4329 3182 4383 In,
3216 4313 3292 4381 4).

2370 4422 2399 4450 ‹‹
2431 4401 2679 4456 Fervens
2704 4404 2761 4456 et
2791 4400 3046 4457 fremens
3093 4402 3291 4459 sorbet
3339 4402 3578 4460 terram.
3612 4427 3640 4455 »
3693 4406 3941 4465 Fervens

2298 4490 2413 4545 ﬁde
2444 4490 2502 4544 in
2533 4490 2741 4561 spiritu
2773 4494 2831 4545 et
2865 4490 3119 4546 fremens
3149 4493 3216 4546 ut
3242 4489 3527 4560 Salvator,
3560 4493 3662 4564 qui
3707 4497 3941 4566 quando

2297 4581 2357 4635 in
2386 4579 2544 4635 vitiis
2575 4584 2877 4635 mortuum
2925 4578 3309 4651 spiritualiter
3352 4580 3621 4653 suscitat,
3652 4583 3850 4639 fremit
3876 4586 3939 4641 in

547 4668 663 4723 mis
709 4668 983 4722 vitiorum
1035 4667 1607 4740 insectationumque
1654 4670 1932 4726 munitos.
1968 4670 2264 4736 Secun-D
2296 4670 2508 4742 spiritu
2566 4669 2752 4738 (Joan.
2797 4686 2877 4735 xi,
2933 4668 3045 4740 33).
3104 4667 3191 4723 Ita
3237 4666 3352 4735 hic,
3410 4668 3675 4741 inquam,
3734 4674 3943 4730 fremet

547 4759 690 4813 dum
739 4755 896 4811 hunc
943 4772 1181 4812 sensum
1227 4764 1468 4813 sanctus
1513 4758 1691 4813 David
1721 4759 1848 4815 ait:
1881 4761 2190 4833 Persequar

544 4847 798 4903 inimicos
822 4862 990 4913 meos,
1020 4850 1071 4903 et
1098 4848 1548 4919 comprehendam
1573 4864 1662 4903 eos
1693 4848 1860 4919 (Psal.
1902 4867 2039 4921 xvu,
2072 4854 2185 4923 38),

544 4942 601 4994 et
628 4941 853 4993 caetera.

616 5051 644 5078 «
678 5026 1009 5083 Contemnit
1036 5043 1331 5100 pavorem,
1357 5043 1463 5082 nec
1492 5026 1647 5082 cedit
1683 5026 1896 5100 gladio.
1932 5051 1962 5080 »
1993 5032 2188 5094 Quan-

543 5117 780 5174 taslibet
809 5118 891 5173 ait
919 5118 1113 5172 minas
1142 5133 1278 5172 cum
1311 5116 1518 5189 grandi
1565 5121 1805 5188 terrore,
1855 5119 1936 5175 ita
1961 5125 2026 5175 ut
2053 5137 2188 5176 cum

542 5224 814 5281 pavorem
862 5208 1122 5262 incutere
1169 5206 1415 5278 cupiunt
1454 5205 1698 5273 inimici,
1731 5206 2009 5279 loquatur
2038 5227 2051 5265 :
2085 5211 2187 5265 Do-

541 5301 728 5354 minus
776 5298 1116 5353 illuminatio
1161 5312 1285 5350 mea
1331 5304 1382 5350 et
1435 5296 1588 5349 salus
1627 5312 1768 5363 mea,
1817 5313 1977 5367 quem
2026 5301 2187 5355 time-

544 5390 641 5444 bo?
670 5390 932 5445 Dominus
962 5389 1224 5454 defensor
1258 5387 1384 5440 vita:
1412 5399 1551 5441 mea:
1596 5403 1615 5439 :
1665 5403 1701 5440 a
1731 5388 1954 5440 nemine
1993 5388 2189 5456 formi-

539 5478 675 5533 dabo
742 5478 1169 5546 adversantium,
1245 5475 1374 5529 dum
1455 5476 1782 5545 appmpiant
1859 5491 2025 5546 super
2099 5494 2187 5534 me

610 5601 878 5675 177Vitiose
908 5603 1192 5657 hactenus
1221 5599 1522 5675 obtinebat
1548 5600 1715 5656 Μίνω
1754 5599 1902 5669 ﬁdei,
1932 5617 2034 5672 pro
2066 5619 2180 5675 quo

538 5674 684 5730 nihil
715 5674 1116 5746 dubitabin'ius
1144 5688 1322 5746 myro,
1357 5672 1412 5726 id
1465 5676 1555 5746 est
1597 5677 1917 5746 unguento,
1979 5672 2181 5746 rescri-

536 5746 691 5807 bere.
740 5745 874 5805 Vid.
923 5745 1152 5819 Prolog.
1205 5740 1445 5803 Hieron.
1498 5741 1560 5801 in
1607 5740 1789 5801 libros
1837 5743 2095 5823 Samuel,
2122 5753 2180 5810 et

2298 4764 2502 4815 contra
2529 4758 2803 4814 inimicos
2832 4775 2984 4825 suos,
3016 4756 3135 4814 sive
3164 4756 3328 4829 vitia,
3356 4756 3474 4815 sive
3503 4760 3680 4816 etiam
3707 4766 3941 4834 apertos

2294 4852 2698 4920 persecutores
2749 4865 2764 4903 :
2818 4852 2876 4904 et
2923 4846 3007 4902 ita
3062 4845 3260 4902 sorbet
3300 4850 3518 4905 terram
3573 4867 3765 4923 suam,
3797 4852 3939 4909 dum

2299 4953 2428 4993 eam
2460 4937 2532 4992 de
2560 4936 2777 4993 carnali
2807 4936 3241 4992 conversatione
3286 4935 3348 4991 in
3397 4937 3765 5009 spiritualem
3808 4956 3943 4999 con-

2294 5026 2486 5082 vertit.
2519 5025 2614 5081 Sic
2643 5027 2841 5097 itaque
2868 5025 3144 5092 fremens,
3177 5024 3407 5097 sibique
3437 5025 3779 5098 plurimum,
3803 5045 3939 5087 cum

2298 5115 2699 5188 indignatione
2728 5117 3008 5182 irascens,
3057 5113 3253 5170 sorbet
3303 5129 3452 5183 eam,
3504 5116 3658 5172 sicut
3704 5119 3844 5185 dixi,
3876 5125 3941 5176 ut

2296 5204 2460 5261 illam
2490 5206 2550 5260 in
2581 5204 2825 5277 spiritus
2850 5204 2941 5260 sui
2972 5203 3397 5260 aii‘ectationem
3425 5206 3805 5278 transmittat,
3838 5210 3942 5264 ubi

2292 5300 2389 5351 est
2417 5295 2515 5351 ille
2544 5294 2920 5349 absconditus
2951 5293 3142 5349 cordis
3172 5293 3348 5349 homo
3379 5293 3438 5349 in
3477 5294 3942 5369 incorruptibili-

2297 5389 2434 5451 tate,
2468 5384 2649 5456 quieti
2680 5388 2737 5439 et
2762 5381 3013 5439 modesti
3043 5383 3308 5455 spiritus,
3333 5383 3433 5456 qui
3463 5390 3552 5440 est
3580 5385 3639 5440 in
3671 5401 3942 5460 conspec-

2294 5480 2356 5530 tu
2396 5475 2490 5529 Dei
2522 5473 2801 5545 locuples.

2293 5598 2544 5681 Malach.
2591 5598 2679 5681 in.
2710 5598 2846 5669 ﬁne,
2880 5598 2993 5681 .ubi
3028 5600 3498 5681 pretiosissimum
3532 5600 3663 5677 ﬁdei
3713 5619 3937 5681 myrum

2290 5671 2554 5729 nominat
2582 5686 2595 5727 :
2631 5673 2689 5728 et
2718 5685 2846 5745 quae
2876 5671 2958 5730 ibi
2987 5671 3386 5734 observamus.
