4220 6576
307 473 311 478 ·
341 445 458 508 895

1344 448 1863 514 COMMENTAR.
1907 454 1986 515 ΙΝ
2030 450 2194 518 JOB.
2239 452 2412 515 CAP.
2455 451 2715 514 XXXIX.

3635 449 3756 512 826

418 601 447 630 ‹‹
479 579 595 636 Nec
625 582 856 652 reputat
882 579 1035 636 tubae
1083 597 1290 638 sonare
1336 584 1693 656 clangorem.
1724 606 1753 638 ι
1803 586 1989 642 Tanta
2015 588 2072 655 Α
2099 587 2288 643 vivere
2331 586 2595 655 desistat,
2629 589 2686 641 et
2734 585 2833 656 qui
2863 581 3075 640 veteris
3124 577 3382 637 hominis
3412 581 3648 639 exuvias
3693 583 3754 639 in

347 668 529 725 animi
558 670 771 724 virtute
799 669 1085 738 induitur,
1118 676 1182 726 ut
1229 672 1456 730 nullum
1485 678 1765 731 terrorem
1797 676 1991 732 adver-

347 758 637 814 sariorum
692 758 984 828 formidet,
1036 761 1268 832 quando
1317 764 1389 818 ad
1447 779 1681 820 omnem
1732 765 1989 821 sonitum

348 847 718 905 inimicorum
746 849 1186 919 provocantium
1219 851 1294 906 sit
1324 859 1582 922 paratus.

409 959 437 986 «
490 937 600 992 Ubi
656 937 906 994 audierit
960 940 1290 1007 buccinam,
1346 942 1507 1007 dicit,
1556 944 1732 1014 Euge.
1787 943 1988 1000 Procul

345 1027 621 1083 odoratur
650 1027 892 1094 bellum,
923 1029 1385 1086 exhortationem
1436 1033 1674 1099 ducum,
1707 1037 1764 1088 et
1795 1033 1990 1088 ulula-

345 1120 469 1171 tum
502 1117 808 1174 exercitus.
843 1140 872 1167 »
904 1119 1010 1182 Qui
1043 1135 1173 1174 cum
1206 1120 1456 1176 audierit
1486 1121 1604 1176 alta
1646 1138 1782 1177 voce
1816 1123 1992 1177 Evan-

344 1205 564 1277 gelium
618 1206 940 1278 preedicari,
987 1209 1202 1278 gaudet
1242 1214 1299 1264 et
1338 1209 1609 1281 exsultat,
1642 1211 1797 1282 quod
1845 1213 1992 1282 Euge

345 1295 658 1366 signiﬁcat.
713 1296 990 1351 Omnium
1038 1299 1482 1369 praepositorum
1546 1301 1616 1355 de
1679 1301 1991 1370 Scripturis

349 1383 665 1440 Dominicis
705 1385 1162 1442 fortissimorum
1213 1388 1469 1443 virorum
1519 1390 1782 1461 exempla
1814 1393 1991 1462 proﬁ-

347 1471 616 1542 tentium,
651 1473 829 1529 totius
878 1491 1110 1546 quoque
1150 1475 1415 1532 Ecclesia:
1459 1480 1990 1550 congregationem,

349 1577 476 1630 quae
506 1561 792 1617 exercitus
821 1561 923 1617 Dei
969 1563 1202 1630 dicitur,
1238 1565 1577 1621 unanimem
1612 1572 1786 1638 atque
1819 1570 1993 1625 unius

349 1648 484 1704 ﬁdei
532 1667 742 1704 sonum
795 1668 929 1706 cum
983 1652 1250 1720 audierit,
1285 1653 1450 1720 dicit,
1480 1657 1659 1724 Euge,
1689 1662 1746 1711 et
1794 1656 1992 1713 laetum

348 1754 483 1793 cum
533 1739 936 1796 exhortatione
986 1742 1226 1810 ducum,
1261 1744 1436 1798 etiam
1487 1744 1778 1800 ululatum
1828 1749 1994 1804 audit

349 1828 656 1884 exercitus.
692 1828 957 1886 Ululatus
989 1836 1183 1887 autem
1215 1833 1324 1888 hoc
1345 1832 1469 1889 loco
1499 1834 1595 1889 ille
1628 1835 1993 1907 signiﬁcatus

347 1920 457 1981 est,
483 1919 722 1987 quando
774 1919 1086 1976 bellatores
1145 1922 1201 1975 in
1234 1921 1354 1976 acie
1406 1928 1628 1980 stantes
1660 1926 1990 1997 pugnaturi,
2024 1957 2072 2021 B

347 2021 412 2060 se
443 2006 688 2061 invicem
744 2007 1140 2065 cohortantur.
1179 2011 1288 2066 Sed
1321 2011 1462 2067 dicit
1493 2012 1704 2084 aliquis
1738 2032 1750 2070 :
1781 2018 1993 2081 Quem-

349 2095 669 2150 admodum
715 2095 839 2150 ﬁeri
883 2101 1075 2168 potest
1122 2104 1188 2154 ut
1231 2117 1348 2154 una
1399 2102 1718 2173 eademque
1751 2121 1842 2160 res
1894 2122 1996 2176 per

348 2181 597 2253 ﬁguram
630 2200 785 2238 nunc
828 2184 887 2238 in
938 2186 1151 2240 bonam
1202 2192 1447 2258 partem,
1482 2207 1638 2246 nunc
1668 2191 1726 2246 in
1777 2193 1992 2248 malam

347 2270 717 2342 intelligitur,
749 2272 902 2328 sicut
932 2273 1028 2328 hic
1058 2291 1165 2330 nos
1200 2275 1466 2344 fecimus,
1495 2283 1561 2333 ut
1588 2279 1745 2335 hunc
1775 2297 1992 2353 equum

347 2376 450 2430 per
492 2358 829 2432 allegoriam
870 2362 1147 2430 diximus,
1199 2369 1256 2418 et
1303 2365 1362 2419 in
1399 2366 1629 2421 malum
1661 2373 1718 2422 et
1774 2369 1993 2425 bonum

349 2465 520 2520 posse
550 2451 786 2505 sentire.
819 2451 900 2505 Ad
948 2451 1056 2508 hoc
1105 2455 1448 2525 respondeo,
1482 2455 1582 2510 ubi
1630 2457 1756 2512 sine
1786 2458 1995 2530 epitasi

349 2537 584 2608 aliquod
646 2555 855 2594 nomen
914 2541 1151 2611 ponitur
1204 2542 1261 2596 in
1320 2543 1660 2615 Scripturis,
1718 2551 1784 2602 ut
1832 2552 1992 2618 puta,

349 2642 520 2682 mons
550 2631 803 2696 tantum,
839 2632 894 2684 et
945 2647 1060 2685 non
1108 2631 1343 2686 additur
1386 2632 1435 2686 ei
1467 2637 1530 2686 ut
1577 2634 1807 2690 dicatur
1843 2653 1997 2691 mons

349 2714 484 2770 Sion
532 2717 703 2786 (Psal.
751 2734 946 2783 LXXIII,
990 2719 1067 2788 2),
1103 2724 1200 2774 aut
1245 2737 1400 2776 mons
1446 2726 1727 2794 corruptus
1773 2724 1990 2794 (Jerem.

350 2819 421 2871 ιλ,
453 2804 566 2873 25),
600 2821 716 2859 non
750 2805 823 2859 ab
874 2823 934 2860 re
964 2807 1255 2874 existimo,
1289 2808 1429 2879 quin
1481 2811 1762 2881 expositio
1795 2813 1865 2867 de
1894 2831 1994 2869 ea—

348 2893 479 2947 dem
511 2908 571 2947 re
619 2893 678 2948 in
712 2898 1022 2966 utramque
1073 2901 1296 2967 partem
1342 2898 1420 2952 sit
1467 2899 1668 2955 libera.
1704 2900 1810 2955 Ubi
1861 2919 1993 2957 vero

297 2997 304 3004 '
347 2997 482 3036 cum
535 2981 764 3052 epitasi,
817 2988 880 3038 ut
933 2985 1013 3040 leo
1061 2985 1125 3040 de
1174 2988 1318 3041 tribu
1365 2987 1506 3042 Juda
1578 2989 1760 3060 (Apoc.
1809 3007 1864 3062 v,
1914 2992 1989 3062 ‘5),

346 3074 448 3125 aut
494 3076 648 3126 certe
695 3073 839 3128 sedet
887 3075 946 3128 in
989 3075 1209 3130 insidiis
1259 3078 1398 3131 sicut
1445 3079 1524 3132 leo
1573 3078 1743 3144 (Psal.
1772 3097 1834 3150 'x,
1887 3082 1988 3148 9):

344 3159 426 3214 ibi
456 3164 559 3215 aut
589 3160 877 3233 Christus,
911 3162 1036 3218 sine
1068 3164 1187 3218 ulla
1217 3166 1588 3221 cunctatione
1618 3167 1992 3241 intelligitur,

346 3254 448 3304 aut
465 3249 732 3306 diabolus
755 3252 1123 3308 adversarius
1147 3259 1363 3310 noster.
1382 3256 1465 3321 Et,
1483 3256 1529 3310 si
1552 3255 1760 3326 placet,
1784 3259 1990 3314 demus

347 3337 586 3408 aliquod
639 3339 995 3412 exemplum,
1048 3343 1146 3396 ubi
1195 3343 1266 3398 de
1315 3344 1520 3398 arbore
1577 3345 1635 3399 in
1681 3348 1989 3418 Evangelio
2020 3326 2064 3394 α

351 3428 636 3484 Dominus
683 3429 765 3483 ait
813 3429 1132 3501 discipulos
1181 3449 1366 3486 suos:
1409 3435 1472 3488 Si
1515 3433 1817 3490 habueritis
1871 3440 1994 3506 qui-

350 3515 473 3570 dem
499 3517 664 3586 ﬁdem
691 3519 830 3572 sicut
857 3534 1100 3586 granum
1144 3521 1374 3590 sinapis,
1405 3521 1599 3577 dicetis
1631 3522 1757 3578 huic
1784 3527 1992 3592 arbori,

348 3605 642 3660 Eradicare
670 3608 719 3660 et
767 3610 1177 3679 transptantare
1223 3612 1282 3664 in
1317 3612 1483 3675 mari,
1515 3614 1565 3665 et
1615 3613 1822 3668 obediet
1846 3615 1995 3671 vobis

349 3694 556 3762 (Matth.
601 3712 736 3759 XVII,
794 3698 902 3766 19).
938 3697 1042 3752 Ubi
1098 3698 1334 3770 quidam
1380 3699 1810 3770 intellexerunt,
1858 3705 1995 3775 quia

349 3783 494 3840 ﬁdes
532 3785 893 3842 credentium
925 3787 1178 3845 eradicet
1224 3789 1551 3860 inimicum,
1585 3795 1760 3863 atque
1790 3793 1997 3850 evellat

348 3873 417 3928 de
447 3877 598 3929 terra
639 3875 927 3946 Ecclesiae,
959 3881 1112 3934 terra
1155 3879 1377 3935 scilicet
1405 3879 1617 3935 Judaeae
1649 3887 1823 3954 atque
1855 3899 1994 3940 con-

345 3961 636 4031 fessionis,
652 3970 706 4020 et
735 3966 793 4019 in
814 3983 974 4022 mare
996 3968 1366 4040 populorum,
1388 3969 1696 4026 hominum
1728 3972 1994 4030 videlicet

344 4050 686 4123 impiorum,
743 4057 1110 4126 transferat;
1172 4063 1228 4113 et
1285 4058 1369 4112 illi
1432 4059 1570 4114 mali
1629 4060 1873 4132 spiritus
1931 4064 1989 4119 in

348 4141 656 4213 Evangelia
687 4143 794 4198 hoc
825 4144 1018 4214 ipsum
1052 4146 1382 4218 signiﬁcare
1421 4154 1692 4220 possunt,
1723 4150 1825 4221 qui
1856 4168 1990 4208 cum

347 4229 688 4287 hominibus
735 4232 1080 4306 immundis,
1127 4246 1184 4290 et
1228 4237 1634 4308 peccatoribus
1682 4257 1990 4311 porcorum

349 4317 584 4374 nomine
615 4319 909 4394 indicatis,
945 4323 1005 4377 in
1036 4341 1196 4380 mare
1225 4325 1568 4397 pracipitati
1599 4334 1738 4384 sunt
1768 4331 1988 4401 (Matth.

345 4424 444 4475 v11,
475 4410 508 4462 3
551 4454 566 4477 ,
596 4411 709 4481 32).
742 4409 850 4466 Ubi
899 4429 1030 4468 vero
1063 4414 1330 4469 eamdem
1375 4415 1644 4472 arborem
1674 4421 1990 4476 Dominum

346 4496 664 4570 signiﬁcari
712 4500 1041 4568 voluerunt,
1085 4503 1165 4559 ita
1215 4503 1579 4576 interpretati
1634 4513 1793 4578 sunt,
1836 4513 1991 4582 quod

347 4589 758 4658 praedicatione
813 4591 1230 4663 apostolorum,
1299 4592 1398 4665 qui
1456 4593 1702 4666 gratiam
1770 4597 1985 4655 Christi

346 4681 403 4732 et
427 4678 702 4734 virtutem
734 4680 868 4736 ﬁdei
912 4686 1315 4754 susceperunt,
1348 4685 1521 4739 arbor
1568 4684 1834 4742 Christus
1883 4691 1990 4744 Do-
2018 4703 2066 4770 D

345 4767 542 4824 minus
569 4769 896 4825 eradicatur
923 4772 1356 4842 quodammodo
1378 4773 1448 4828 de
1480 4773 1580 4830 illa
1594 4779 1765 4847 gente
1792 4775 1986 4833 Judae-

2102 676 2396 748 baptismo
2446 675 2799 748 deposuerit,
2864 672 3260 750 plumescens,
3315 672 3756 742 quodammodo

2099 770 2371 821 renovata
2402 765 2478 820 sit
2527 765 2678 821 sicut
2709 763 2916 835 aliquae
2960 763 3240 832 juventus
3287 760 3416 831 ejus
3446 762 3622 831 (Psat.
3653 778 3752 832 CII,

2098 855 2192 924 5);
2229 854 2481 910 maxime
2524 870 2658 909 cum
2692 851 3141 925 promissionem
3191 850 3416 907 habens
3445 852 3752 922 praesentis

2098 944 2227 997 vitae
2259 947 2315 998 et
2346 944 2552 998 futurae
2585 945 2630 1013 (ξι
2659 944 2790 998 Tim.
2826 959 2899 1012 ιν,
2933 941 3008 1009 8),
3033 957 3160 1010 quae
3191 939 3252 994 in
3284 938 3393 995 alis
3423 939 3754 1011 signiﬁcata

2100 1036 2207 1099 est,
2241 1033 2312 1088 ad
2344 1037 2634 1095 austrum,
2669 1032 2824 1086 unde
2872 1029 3029 1086 calor
3073 1029 3208 1084 ﬁdei
3240 1034 3347 1097 est,
3382 1046 3444 1085 se
3496 1030 3752 1096 verterit,

2102 1121 2257 1175 unde
2289 1120 2588 1176 Christum
2620 1119 2851 1176 venisse
2871 1119 3169 1190 cognovit:
3192 1119 3348 1190 quod
3381 1123 3437 1173 et
3465 1118 3753 1190 propheta

2101 1209 2184 1263 ita
2212 1209 2544 1265 faciendum
2591 1210 2937 1281 praedixerat
2987 1208 3188 1264 dicens
3222 1224 3235 1263 :
3268 1209 3408 1264 Deus
3452 1208 3520 1264 ab
3563 1209 3757 1263 Austro

2100 1300 2296 1369 veniet,
2344 1303 2396 1354 et
2441 1303 2664 1354 sanctus
2714 1299 2780 1354 de
2825 1303 3008 1354 monte
3050 1297 3305 1352 umbrosa
3350 1305 3403 1353 et
3453 1297 3755 1368 caliginoso

2101 1388 2322 1459 (llabac.
2348 1405 2430 1458 III,
2461 1389 2536 1460 3).
2562 1386 2850 1444 Bethleem
2895 1402 3150 1458 namque
3193 1385 3482 1442 civitatem
3519 1386 3754 1442 Domini

2102 1476 2572 1547 respicientibus,
2600 1474 2924 1530 Jerusalem
2973 1474 3034 1528 in
3065 1474 3326 1541 meridie,
3361 1474 3518 1544 quod
3571 1480 3661 1529 est
3691 1474 3751 1528 in

2101 1566 2336 1634 Austro,
2368 1565 2621 1636 positam
2653 1564 2896 1620 scimus.
2930 1564 2995 1618 Et
3019 1563 3343 1618 secundum
3375 1562 3627 1634 tropicos
3659 1563 3752 1617 in-

2101 1652 2366 1710 tellectus
2396 1653 2554 1709 hunc
2585 1653 2840 1709 calidum
2870 1657 3130 1715 ventum,
3154 1656 3219 1707 ut
3247 1655 3510 1707 aromata
3539 1651 3754 1722 gratia-

2103 1758 2232 1796 rum
2285 1743 2566 1813 ferveant,
2615 1759 2871 1814 sponsus
2919 1741 3151 1812 invitat,
3207 1741 3455 1796 dicens:
3491 1743 3757 1808 Exsurge,

2101 1832 2320 1902 Apuito,
2352 1839 2402 1886 et
2430 1835 2574 1899 veni,
2606 1833 2819 1902 Auster,
2847 1833 3026 1902 rer/la
3057 1835 3281 1885 hortum
3317 1846 3523 1900 meum,
3554 1839 3604 1885 et
3627 1845 3757 1902 per-

2100 1920 2176 1988 ﬂa
2222 1925 2472 1976 aromata
2520 1938 2647 1976 mea
2697 1921 2874 1992 (Cant.
2908 1937 2986 1988 IV,
3022 1920 3129 1991 16).
3183 1919 3291 1974 Ubi
3344 1935 3481 1991 ergo
3531 1919 3757 1974 dictum

2105 2014 2214 2074 est,
2237 2011 2572 2081 expandens
2595 2011 2719 2065 alas
2742 2026 2881 2065 suas
2904 2010 2976 2064 ad
3009 2013 3314 2075 Austrum,
3341 2007 3438 2063 alii
3463 2007 3757 2076 dixerunt,

2103 2101 2371 2169 expansis
2412 2101 2608 2171 pennis
2658 2099 2980 2163 immobilis,
3023 2102 3075 2152 et
3122 2098 3420 2168 respiciens
3468 2098 3753 2152 Austrum.

2104 2187 2490 2243 Intentionem
2523 2205 2659 2260 ergo
2689 2186 3129 2259 perseverantiae
3171 2186 3309 2242 dicit
3338 2186 3487 2256 ejus,
3521 2186 3621 2257 qui
3654 2202 3757 2256 per

2104 2274 2356 2331 calorem
2434 2277 2686 2332 duorum
2763 2278 3272 2332 Testamentorum
3342 2274 3758 2346 gubernaculis

2103 2363 2323 2434 vivens,
2366 2364 2740 2436 splendorem
2789 2370 3019 2420 aeternas
3064 2363 3448 2420 beatitudinis
3496 2367 3754 2420 contem-

2103 2451 2319 2523 platur.

2177 2582 2206 2609 «ς
2239 2560 2535 2631 Numquid
2557 2561 2630 2616 ad
2661 2566 3017 2633 praeceptum
3048 2565 3218 2616 tuum
3240 2558 3560 2616 elevabitur
3589 2561 3755 2632 aqui-

2103 2646 2206 2702 la?
2240 2671 2266 2696 »
2297 2649 2626 2720 Aliquando
2658 2650 2716 2704 in
2747 2651 2960 2705 bonam
3009 2655 3234 2721 partem
3268 2649 3468 2721 aquila
3516 2649 3754 2714 dicitur,

2103 2741 2161 2792 et
2210 2753 2313 2808 pro
2363 2737 2491 2809 ipso
2558 2738 2696 2808 Deo,
2743 2739 2972 2793 dicente
3033 2740 3228 2810 Moyse
3289 2755 3302 2792 :
3359 2739 3517 2794 δέεαι
3561 2739 3757 2807 aquila

2099 2828 2331 2896 protegit
2378 2827 2573 2881 nidum
2613 2844 2796 2892 suum,
2840 2830 2891 2883 et
2942 2844 3106 2899 super
3147 2826 3334 2899 pullos
3361 2842 3486 2882 suos
3531 2826 3757 2896 conﬁdit

2104 2914 2279 2984 (Deut.
2303 2933 2479 2983 χχχιι,
2503 2917 2610 2988 11),
2628 2922 2691 2971 ut
2708 2917 2981 2988 superius
3004 2917 3278 2972 diximus.
3294 2917 3397 2971 Hic
3417 2932 3552 2972 vero
3573 2933 3608 2970 a
3634 2913 3751 2971 Deo

2102 3008 2362 3074 potestas
2385 3005 2718 3060 adversaria
2739 3005 2938 3077 aquila
2963 3005 3197 3073 dicitur,
3221 3022 3350 3077 quae
3367 3022 3435 3060 ex
3455 3003 3747 3077 permissu

2102 3092 2202 3147 Dei
2246 3093 2396 3148 elata
2426 3094 2486 3149 in
2523 3095 2882 3166 superbiam,
2916 3095 3170 3151 multum
3206 3095 3411 3167 possit,
3443 3094 3597 3150 sicut
3626 3111 3750 3166 pro-

2102 3182 2280 3254 pheta
2309 3184 2389 3238 ait
2422 3199 2434 3238 :
2466 3185 2532 3238 Et
2577 3186 2686 3240 erit
2732 3186 2888 3256 quasi
2935 3186 3124 3258 aquila
3167 3201 3332 3256 super
3381 3186 3608 3241 domum
3657 3183 3754 3238 Dei

2106 3271 2253 3339 Osee,
2307 3289 2431 3343 VIII,
2487 3273 2560 3343 1).
2610 3274 2910 3346 Prophetas
2955 3291 3188 3346 quoque
3241 3273 3446 3329 multis
3493 3274 3552 3328 in
3610 3271 3753 3328 locis

2104 3361 2539 3431 Scripturarum
2569 3379 2809 3418 suarum
2841 3379 2976 3418 eum
3000 3363 3489 3434 superbissimum
3523 3367 3750 3427 notant,

2103 3449 2161 3503 id
2193 3452 2281 3504 est
2309 3449 2608 3505 diabolum
2642 3467 2655 3504 :
2691 3457 2748 3506 et
2774 3451 2910 3506 inde
2939 3458 3029 3507 est
3072 3452 3228 3522 quod
3278 3451 3361 3506 eis
3391 3457 3448 3506 et
3495 3467 3748 3522 magnus

2104 3537 2336 3607 dicitur,
2395 3555 2461 3594 eo
2520 3540 2676 3610 quod
2725 3539 2946 3595 levetur
3009 3545 3246 3596 tumens
3294 3556 3472 3611 super
3519 3542 3748 3594 montes

2101 3625 2432 3698 Aquilonis,
2464 3631 2521 3682 et
2551 3645 2727 3701 super
2759 3632 2917 3684 astra
2945 3628 3071 3684 cmli
3117 3634 3296 3701 ponat
3323 3629 3522 3684 sedem
3555 3643 3746 3696 suam,

2104 3717 2344 3788 cupiens
2377 3733 2437 3772 se
2467 3734 2765 3789 exaequare
2794 3717 3096 3775 Altissimo
3128 3721 3252 3790 (Isa.
3291 3735 3407 3788 xiv,
3444 3719 3528 3785 13,
3564 3716 3672 3787 14).

2180 3847 2200 3873 ‹ι
2236 3825 2305 3878 Et
2334 3824 2393 3879 in
2427 3825 2626 3881 arduis
2657 3830 2832 3897 ponet
2877 3825 3081 3881 nidum
3113 3843 3308 3882 suum.
3345 3847 3373 3874 »
3405 3825 3470 3879 In
3518 3822 3746 3895 magnis

2103 3913 2435 3986 quibusque
2465 3918 2522 3970 et
2552 3915 2947 3970 eminentibus
2993 3914 3190 3970 saeculi
3239 3915 3441 3986 hujus,
3476 3929 3542 3969 ac
3572 3913 3745 3968 malis

2100 4003 2443 4059 hominibus
2475 4005 2670 4059 sedem
2689 4003 2801 4059 sibi
2818 4004 3146 4071 constituit,
3170 4009 3233 4059 ut
3264 4004 3322 4058 in
3341 4004 3446 4070 eis,
3463 4002 3625 4058 velut
3643 4003 3746 4056 du-

2101 4109 2202 4147 rus
2234 4092 2509 4148 dominus
2548 4097 2606 4148 et
2649 4110 2746 4148 rex
2792 4098 2926 4148 trux
2971 4110 3037 4149 ac
3088 4092 3553 4165 potentissimus,
3587 4107 3745 4147 com-

2100 4186 2380 4236 moretur.

2172 4312 2199 4338 ‹‹
2237 4288 2297 4344 In
2331 4289 2510 4360 petris
2539 4293 2754 4344 manet.
2791 4312 2818 4338 »
2853 4290 2914 4345 ln
2948 4289 3192 4345 excelsis
3247 4288 3516 4346 videlicet
3560 4288 3746 4355 duris,

2102 4383 2158 4434 et
2186 4378 2244 4433 in
2279 4378 2502 4434 malitia
2533 4379 2781 4436 fortibus
2807 4384 3004 4436 manet
3034 4384 3090 4435 et
3119 4378 3360 4435 habitat.

2175 4509 2202 4535 ‹‹
2236 4487 2306 4541 Et
2335 4486 2393 4542 in
2427 4487 2738 4559 praeruptis
2771 4486 3039 4544 silicibus
3083 4491 3499 4543 commoratur.
3537 4509 3565 4537 ››
3596 4491 3746 4542 Prae-

2101 4580 2283 4648 rupta:
2345 4573 2539 4631 silices
2592 4574 3004 4648 intelliguntur
3049 4576 3402 4648 blasphemi,
3461 4577 3561 4651 qui
3612 4580 3752 4634 sunt

2100 4663 2350 4719 nimium
2381 4664 2546 4720 duris
2576 4670 2633 4721 et
2660 4665 2964 4722 indomitis
2995 4666 3289 4736 cordibus,
3323 4672 3498 4739 atque
3528 4667 3587 4722 in
3621 4667 3748 4722 rui-

2097 4770 2234 4808 nam
2266 4770 2435 4810 suam
2486 4753 2764 4811 inclinato
2814 4760 3185 4826 peccatorum
3235 4757 3492 4829 pondere
3541 4758 3748 4829 depen-

344 4875 534 4930 orum,
584 4858 644 4914 in
693 4876 809 4931 qua
853 4859 1008 4916 velut
1055 4863 1236 4934 stirpe
1282 4864 1512 4935 generis
1557 4843 1881 4935 tenebatur,
1933 4871 1989 4924 et
2095 4843 2318 4900 dentes-

343 4948 811 5021 transplantatur
839 4950 900 5005 in
931 4967 1092 5008 mare
1131 4951 1420 5026 gentium,
1455 4953 1607 5011 sicut
1635 4955 1760 5027 ipse
1791 4956 1988 5012 Domi-

345 5054 458 5093 nus
488 5037 709 5094 eisdem
738 5039 958 5096 Judaeis
1006 5039 1238 5099 locutus
1284 5047 1389 5113 est,
1419 5044 1620 5100 dicens
1653 5063 1667 5101 :
1699 5049 1993 5118 Auferetur

343 5144 378 5182 a
407 5128 554 5183 vobis
576 5145 807 5198 regnum
836 5133 962 5202 Dei,
991 5134 1040 5188 et
1060 5132 1287 5190 dabitur
1308 5134 1466 5206 genti
1490 5135 1718 5205 facienti
1744 5138 1991 5206 fructum

343 5217 460 5288 ejus
490 5217 700 5289 (Matth.
733 5237 848 5287 xxx,
883 5222 993 5292 43).

415 5329 443 5358 ‹‹
476 5307 775 5380 Numquid
809 5325 912 5381 per
941 5311 1286 5383 sapientiam
1308 5317 1470 5370 tuam
1501 5313 1816 5386 plumescit
1839 5316 1989 5373 acci-

343 5395 512 5469 piter,
546 5399 880 5470 expandens
911 5399 1034 5457 alas
1080 5419 1218 5460 suas
1250 5405 1321 5460 ad
1367 5408 1637 5461 austrum
1659 5404 1686 5459 ?
1717 5429 1740 5459 ι
1781 5405 1990 5462 Conse-

341 5503 526 5558 quens
575 5492 664 5542 est
709 5493 773 5542 ut
819 5489 973 5546 hunc
1023 5493 1358 5565 accipitrem
1409 5495 1471 5550 in
1520 5495 1734 5551 bonam
1764 5499 1988 5567 partem

341 5576 760 5649 intelligamus,
817 5583 1088 5635 sanctum
1154 5581 1397 5656 scilicet,
1461 5584 1559 5657 qui
1638 5584 1987 5656 sapientiam

339 5683 442 5740 per
480 5666 916 5724 conversionem
965 5672 1274 5743 acceperit,
1306 5677 1373 5729 ut
1414 5675 1659 5747 praedari
1688 5679 1746 5732 et
1788 5691 1989 5748 rapere

361 5773 455 5818 am
486 5769 693 5839 cesset,
733 5760 1011 5823 carnibus
1055 5759 1232 5842 etiam
1278 5763 1652 5847 saecularium
1701 5780 1986 5846 sensuum

2172 4956 2200 4983 «
2231 4937 2423 5005 Atque
2442 4933 2757 4991 inaccessis
2787 4935 3056 5007 rupibus.
3083 4959 3104 4986 ι
3138 4937 3452 4994 Ιιιαοοθεεω
3490 4953 3621 4993 vero
3645 4954 3740 5016 ru-

2101 5038 2200 5095 pes
2235 5029 2374 5078 sunt
2405 5023 2674 5080 homines
2695 5025 2946 5096 porrecti
2979 5025 3037 5081 in
3061 5025 3266 5099 altum,
3291 5026 3474 5082 nimia
3501 5025 3746 5082 elatione

2102 5111 2292 5167 cordis
2326 5113 2439 5179 sui,
2470 5114 2540 5168 ad
2589 5131 2841 5186 quorum
2890 5115 3248 5188 superbiam,
3283 5133 3407 5187 qua:
3453 5114 3538 5170 eis
3567 5131 3748 5185 supra

2101 5206 2337 5258 cmteros
2365 5203 2532 5273 quasi
2577 5203 2872 5276 singulare
2919 5204 2990 5259 ad
3040 5205 3341 5278 proprium
3390 5202 3614 5259 malum
3647 5203 3742 5271 sit,

2101 5289 2298 5346 nullus
2329 5292 2584 5348 accedat.

2173 5422 2200 5449 ‹‹
2234 5399 2372 5455 Inde
2421 5399 2850 5473 contemplatur
2895 5416 3110 5456 escam.
3145 5422 3172 5449 ››
3205 5400 3312 5456 Per
3359 5399 3489 5457 illos
3543 5400 3745 5473 utique

2100 5506 2248 5560 quos
2281 5490 2557 5563 superbia
2586 5490 2834 5546 nimium
2865 5488 3048 5546 elatos
3080 5489 3360 5562 diximus,
3383 5507 3532 5562 quos
3562 5489 3745 5548 haere-

2099 5580 2382 5647 siarchas,
2444 5585 2545 5637 aut
2596 5581 2849 5648 Judaaos,
2907 5579 3027 5636 sive
3087 5579 3382 5652 sapientes
3428 5581 3648 5650 saeculi,
3689 5581 3747 5637 id

2098 5675 2188 5726 est
2237 5670 2640 5744 philosophos,
2691 5668 3116 5741 intelligimus;
3172 5670 3433 5742 perditos
3480 5687 3748 5744 quosque

2099 5760 2242 5820 dum
2270 5777 2370 5820 eos
2401 5760 2700 5820 erroribus
2729 5757 2855 5818 suis
2885 5758 2946 5818 in
2992 5757 3235 5836 laqueos
3266 5761 3328 5820 in
3355 5779 3552 5825 escam
3579 5777 3750 5824 suam
