4220 6596
541 449 658 514 827

2033 448 2453 517 APPENDIX.

541 584 696 656 capit
725 585 1050 640 secundum
1081 585 1452 659 prophetam,
1486 587 1586 660 qui
1618 589 1822 644 eodem
1853 589 1923 645 de
1954 589 2184 646 diabolo
2213 589 2269 658 Α

538 675 620 729 ita
649 672 730 729 ait
763 690 776 728 :
814 675 957 730 Escae
985 675 1101 744 ejus
1130 675 1317 732 electae
1346 676 1568 747 (Hebae.
1602 695 1640 744 1,
1675 679 1784 749 16).

611 785 639 812 ‹‹
676 763 746 818 Et
776 763 846 818 de
877 761 1049 835 longe
1097 763 1249 820 oculi
1282 765 1409 836 ejus
1462 766 1845 838 prospiciunt.
1885 789 1906 816 ι
1952 767 2188 840 Sagacis

537 853 706 908 valde
755 856 930 924 atque
974 852 1266 924 pervigilis
1316 855 1631 911 adversarii
1685 856 1867 912 nostri
1900 857 2186 923 animum,

541 943 614 997 ad
676 942 1058 1013 inquirendas
1138 943 1289 998 vires
1349 949 1687 1000 sanctorum
1756 946 2189 1012 dimicantium,

541 1031 780 1086 nomine
831 1030 1134 1086 oculorum
1179 1031 1490 1104 appellavit
1539 1034 1714 1090 Deus.
1777 1036 1940 1098 Quod
1991 1041 2188 1092 autem

541 1119 646 1189 ait,
675 1120 739 1176 de
770 1121 947 1190 longe,
973 1121 1186 1176 mentis
1211 1122 1337 1192 ejus
1370 1123 1618 1178 intuitus
1641 1123 1844 1178 subtili
1866 1124 2188 1180 intentione

540 1209 841 1281 prospicit,
873 1226 939 1265 eo
987 1211 1140 1281 quod
1189 1211 1363 1266 etiam
1413 1211 1471 1266 in
1512 1217 1812 1284 posterum
1862 1214 2185 1270 exercitatee

539 1298 771 1354 malitiae
804 1298 996 1371 sagaci
1027 1299 1360 1371 suspicione
1382 1301 1696 1372 praevideat
1728 1319 1740 1356 :
1777 1318 1890 1357 non
1922 1301 2185 1359 locorum

539 1387 732 1459 spatia
761 1387 1142 1459 intelligenda
1158 1394 1316 1456 sunt,
1343 1391 1444 1445 sed
1467 1390 1633 1444 initia
1651 1391 2053 1462 dispositionis
2075 1392 2186 1446 hu-

539 1493 724 1532 manae
756 1477 828 1532 ad
878 1482 1032 1532 recte
1077 1478 1412 1533 vivendum.
1446 1479 1582 1546 Hoc,
1617 1479 1880 1550 inquam,
1915 1482 1986 1535 de
2014 1480 2186 1551 longe

538 1566 839 1638 prospicit,
861 1567 1016 1638 quod
1050 1572 1137 1622 est
1157 1568 1228 1622 ab
1250 1569 1395 1639 ipsis
1427 1569 1628 1639 utique
1658 1570 1910 1624 exordiis
1949 1569 2185 1625 subtilis

536 1655 803 1727 spiritus,
834 1661 890 1710 et
919 1657 989 1710 ad
1013 1671 1186 1712 omne
1218 1655 1441 1712 malum
1460 1657 1710 1712 nimium
1742 1657 1977 1713 mobilis
2002 1657 2186 1712 intui-

534 1747 654 1812 tus,
683 1748 750 1798 ut
779 1743 899 1798 illic
956 1749 1271 1816 antequam
1304 1750 1548 1800 conatus
1578 1746 1836 1802 hominis
1884 1745 2092 1802 saltem
2125 1746 2184 1800 in

537 1833 733 1904 aliquo
783 1832 1150 1905 roborentur,
1201 1833 1550 1905 pullulantia
1598 1835 1749 1890 bona
1803 1837 2081 1908 reprimat
2129 1839 2186 1890 et

535 1920 889 1993 exstinguat,
921 1924 977 1977 et
1007 1920 1422 1995 interemptum
1455 1923 1752 2002 hominem
1786 1925 1958 1981 faciat
2009 1925 2184 1981 fetere

499 2049 506 2056 ι
536 2014 794 2082 peccato.

504 2135 508 2138 -
613 2121 636 2149 α
682 2099 831 2154 Pulli
889 2101 1017 2171 ejus
1074 2100 1345 2157 lambunt
1403 2103 1772 2174 sanguinem,
1825 2108 1881 2160 et
1928 2104 2180 2160 ubicun-

535 2203 648 2260 que
676 2189 923 2245 cadaver
951 2190 1143 2258 fuerit,
1179 2192 1378 2247 statim
1430 2193 1612 2248 adest.
1648 2217 1674 2243 ››
1709 2191 1857 2248 Pulli
1887 2194 2013 2263 ejus
2046 2198 2184 2250 sunt

534 2277 635 2332 ﬁlii
667 2279 816 2349 ejus,
839 2279 926 2334 vel
959 2279 1099 2336 socii
1132 2282 1280 2350 ejus,
1305 2281 1404 2352 qui
1438 2281 1496 2336 in
1521 2282 1950 2353 conspiratione
1981 2288 2177 2354 tyran-

531 2367 687 2422 nidis
717 2383 850 2422 cum
898 2383 963 2424 eo
996 2369 1305 2424 adversum
1335 2371 1518 2425 Deum
1569 2370 1754 2426 moliti
1785 2377 1924 2426 sunt
1953 2372 2178 2443 iniqui-

529 2459 731 2511 tatem.
769 2457 834 2511 Hi
889 2457 1068 2529 igitur
1115 2458 1293 2514 livore
1340 2458 1590 2531 invidiae,
1627 2459 1889 2516 sitientes
1938 2462 2178 2533 sangui-

531 2561 664 2600 nem
696 2545 1002 2602 hominum
1035 2547 1322 2602 lambunt.
1355 2553 1423 2603 Et
1444 2550 1599 2620 quod
1633 2549 1734 2617 ait,
1758 2550 1857 2605 ubi
1889 2551 2062 2606 fuerit
2083 2568 2178 2606 ca-

529 2634 720 2705 daver,
780 2635 978 2691 statim
1028 2637 1216 2704 adest,
1259 2636 1356 2692 alii
1405 2638 1696 2706 dixerunt,
1756 2643 1808 2694 et
1864 2641 1958 2693 ubi
2006 2642 2180 2709 fuerit

528 2723 782 2791 cadaver,
815 2725 1001 2780 statim
1044 2727 1408 2798 reperiuntur
1439 2745 1456 2782 :
1488 2728 1643 2799 quod
1693 2727 1812 2784 sive
1843 2729 1914 2783 de
1944 2734 2179 2785 auctore

530 2812 691 2884 mali,
725 2814 844 2869 sive
872 2816 944 2869 de
965 2813 1320 2872 satellitibus
1349 2805 1477 2888 eius
1498 2817 1746 2887 dicatur,
1773 2817 1870 2872 ubi
1903 2818 2176 2885 adfuerit,

528 2901 649 2958 illic
697 2907 1000 2974 peccatum
1049 2904 1204 2960 illico
1253 2905 1533 2977 gignitur,
1566 2907 1722 2977 quod
1754 2907 1812 2962 in
1863 2908 2059 2962 anima
2097 2909 2180 2963 ita

531 2989 726 3056 feteat,
759 2992 911 3047 sicut
937 2993 1152 3049 vulnus
1181 2994 1240 3048 in
1270 3011 1528 3066 corpore.

608 3100 636 3127 «
670 3079 740 3134 Et
784 3081 998 3150 adjecit
1043 3083 1346 3154 Dominus,
1395 3089 1451 3138 et
1499 3083 1728 3139 locutus
1777 3090 1866 3140 est
1896 3087 1967 3141 ad
2016 3087 2175 3142 Job:

531 3167 831 3239 Numquid
883 3169 981 3241 qui
1013 3172 1311 3226 contendit
1359 3189 1493 3226 cum
1526 3174 1657 3244 Deo,
1689 3178 1810 3229 tam
1843 3175 2009 3230 facile
2041 3192 2177 3231 con-

532 3255 821 3327 quiescit?
842 3260 1054 3330 Utique
1077 3260 1176 3331 qui
1201 3261 1393 3334 arguit
1413 3262 1618 3330 Deum,
1638 3263 1808 3319 debet
1830 3266 2178 3337 respondere

2215 1966 2264 2032 B

3827 452 3951 513 828

2369 611 2397 639 ‹‹
2431 587 2670 644 Manum
2701 601 2892 643 meam
2933 598 3145 658 ponam
3178 599 3354 655 super
3383 599 3448 639 os
3497 597 3717 639 meum.
3751 583 3946 640 Unum

2297 677 2528 734 locutus
2559 694 2711 748 sum,
2745 676 2900 748 quod
2932 674 3158 730 utinam
3201 689 3314 729 non
3365 672 3663 741 dixissem,
3697 677 3754 728 et
3802 671 3946 730 alte-

2298 783 2450 837 rum,
2485 767 2699 839 quibus
2733 766 2888 821 ultra
2916 781 3032 820 non
3065 763 3297 819 addam.
3325 783 3353 811 ‹‹
3383 762 3461 818 Eo
3484 764 3637 833 quod
3670 777 3857 818 unum
3889 767 3946 818 et

2298 855 2455 911 aliud
2488 857 2730 911 verbum
2762 855 2991 923 dixerit,
3024 870 3126 925 pro
3173 852 3387 924 quibus
3431 851 3684 924 potuerit
3714 851 3942 908 ledere.

2298 945 2403 1000 illa
2431 962 2558 1000 esse
2588 944 3042 1011 existimo,sicut
3072 941 3343 1013 superius
3363 939 3943 1012 comprehendi,quae

2296 1033 2378 1088 ita
2407 1034 2549 1089 dixit
2581 1050 2594 1090 :
2629 1035 2806 1102 Elegit
2841 1032 3198 1103 suspendium
3227 1031 3418 1085 anima
3455 1045 3598 1095 mea,
3633 1033 3683 1084 et
3714 1038 3944 1085 mortem

2296 1140 2414 1178 ossa
2450 1139 2570 1178 mea
2619 1123 2752 1192 (Job.
2805 1139 2905 1187 vn,
2941 1123 3025 1191 15)
3058 1137 3072 1175 :
3105 1121 3192 1186 Et,
3225 1119 3285 1174 Si
3332 1119 3597 1190 ﬂagellat,
3631 1118 3837 1175 occidat
3860 1134 3943 1174 se-

2295 1213 2423 1279 mel,
2454 1217 2506 1268 et
2553 1228 2662 1268 non
2709 1212 2772 1268 de
2817 1213 2995 1283 pazm's
3045 1212 3395 1265 innocentum
3442 1208 3625 1264 rideat
3668 1208 3804 1278 (Job.
3863 1224 3940 1276 ix,

2295 1302 2409 1371 23).

2924 1389 3152 1444 CAPUT
3193 1388 3302 1442 XL.

2365 1503 2394 1528 «
2429 1479 2804 1550 Respondens
2853 1483 3047 1534 autem
3100 1478 3382 1533 Dominus
3426 1477 3556 1546 Job,
3590 1478 3660 1532 de
3708 1476 3943 1532 turbine

2294 1569 2455 1624 dixit.
2504 1592 2532 1619 »
2587 1571 2645 1624 Id
2697 1573 2802 1635 est,
2836 1567 2925 1624 vel
2975 1567 3388 1638 increpationis
3442 1566 3683 1638 impetu,
3734 1565 3822 1622 vel
3869 1567 3943 1622 de

2295 1659 2618 1730 perturbati
2650 1659 2801 1714 aeris
2832 1674 2896 1713 ac
2929 1657 3175 1712 nubium
3207 1657 3476 1712 obscuro.

2372 1768 2395 1795 α
2427 1747 2677 1820 Accinge
2711 1748 2862 1803 sicut
2891 1747 2978 1801 vir
3010 1747 3242 1802 lumbos
3276 1750 3431 1814 tuos,
3465 1745 3830 1818 interrogabo
3861 1749 3936 1815 te,

2293 1843 2349 1892 et
2382 1837 2573 1893 indica
2604 1837 2770 1892 mihi.
2793 1857 2820 1890 ii
2849 1837 2998 1904 Sive,
3020 1841 3086 1892 ut
3107 1835 3204 1891 alii
3228 1836 3498 1890 dixerunt
3522 1852 3534 1889 :
3567 1835 3937 1907 Nequaquarr,

2293 1929 2388 1983 sed
2415 1929 2646 1999 accinge
2693 1929 2832 1982 sicut
2863 1928 2948 1981 vir
2999 1926 3206 1981 lumbos
3237 1929 3376 1993 tuos,
3403 1929 3460 1980 et
3508 1927 3748 1995 caetera;
3783 1923 3939 1995 quod

2293 2022 2384 2073 est
2415 2034 2428 2072 :
2463 2016 2604 2072 Nolo
2637 2021 2701 2072 ut
2729 2021 2942 2082 taceas,
2975 2015 3057 2070 ait
3102 2020 3275 2082 Deus,
3311 2014 3462 2070 sicut
3493 2014 3618 2086 ipse
3650 2013 3936 2086 disponis,

2292 2107 2391 2161 sed
2421 2106 2614 2178 potius
2645 2104 2904 2177 loquere,
2936 2109 2991 2159 et
3023 2105 3178 2176 quod
3209 2104 3515 2175 'interrogo
3546 2107 3620 2170 te,
3653 2102 3938 2174 responde

2293 2195 2460 2249 mihi.
2496 2195 3001 2258 Quemadmodum
3051 2198 3246 2248 autem
3279 2194 3431 2248 Deus
3478 2191 3940 2258 hominibusilo-

2291 2289 2528 2354 quatur,
2561 2301 2694 2340 cum
2746 2284 2822 2339 sit
2852 2284 2975 2354 ipse
3025 2281 3287 2354 spiritus,
3320 2281 3523 2337 multis
3553 2281 3940 2352 significatio-

2291 2374 2465 2428 nibus
2504 2373 2711 2428 divinm
2761 2373 2930 2429 nobis
2963 2371 3223 2426 indicant
3272 2371 3520 2437 Litterae,
3555 2375 3621 2425 ut
3668 2373 3840 2425 Pater
3868 2371 3939 2425 de

2291 2463 2445 2518 nube
2477 2464 2548 2518 ad
2595 2462 2805 2518 Filium
2855 2461 3117 2532 loquitur
3148 2461 3363 2532 (Matth.
3395 2477 3529 2528 xvn,
3563 2461 3639 2530 5),
3671 2463 3728 2515 et
3755 2459 3937 2531 Moysi

2289 2552 2348 2606 in
2382 2551 2621 2607 ﬂamma
2671 2551 2824 2623 ignis
2856 2551 3053 2622 (Exod.
3096 2567 3179 2618 ιιι,
3214 2551 3291 2619 4),
3323 2554 3380 2604 et
3429 2547 3684 2605 Ezechiel
3717 2548 3938 2604 sedenti

2288 2657 2422 2696 cum
2456 2640 2785 2697 senioribus
2829 2640 3023 2707 Israel,
3058 2639 3123 2694 ﬁt
3171 2655 3361 2695 sermo
3414 2636 3662 2706 Domini,
3692 2640 3748 2692 et
3776 2635 3938 2693 solus

2288 2730 2560 2786 audiebat
2607 2747 2732 2802 quae
2789 2730 3131 2785 dicebantur
3177 2745 3211 2784 a
3259 2727 3504 2784 Domino
3554 2727 3770 2797 (Ezech.
3818 2744 3934 2798 xxv,

2292 2819 2422 2880 1-3;
2457 2837 2548 2886 xx,
2586 2821 2609 2874 1
2645 2819 2835 2891 seqq.).

2362 2931 2390 2958 ‹‹
2434 2908 2731 2979 Numquid
2780 2907 3011 2962 irritum
3060 2908 3237 2962 facies
3279 2905 3573 2977 judicium
3625 2921 3844 2971 meum,
3879 2910 3938 2961 et

2289 2998 2710 3053 condemnabis
2740 3013 2853 3064 me,
2878 3001 2942 3052 ut
2962 2996 3355 3066 justiﬁceris?
3391 3018 3412 3046 ι
3449 2997 3569 3060 Quo
3600 3012 3776 3052 sensu
3799 3012 3934 3051 san-

2288 3091 2417 3142 ctus
2454 3088 2562 3142 Job
2613 3087 2822 3142 dixerit
2851 3101 2918 3141 ea
2947 3102 3072 3156 quae
3116 3102 3295 3157 supra
3323 3084 3651 3156 conscripta
3678 3088 3835 3154 sunt,
3870 3084 3931 3138 in

2289 3176 2399 3232 hoc
2433 3176 2556 3232 loco
2591 3177 2872 3232 Dominus
2919 3175 3277 3230 manifestat.
3309 3175 3456 3230 Nam
3487 3191 3623 3230 cum
3671 3173 3938 3244 increpa-

2289 3267 2467 3337 tione,
2501 3269 2735 3338 propter
2767 3265 2875 3321 hoc
2924 3265 3120 3336 ipsum
3170 3264 3244 3319 ab
3276 3279 3342 3320 eo
3393 3264 3678 3335 arguitur,
3711 3262 3849 3334 quia
3879 3261 3940 3316 in

533 3345 604 3402 ei.
640 3369 663 3398 ι
702 3348 848 3403 Tota
877 3348 1173 3406 altercatio
1206 3367 1333 3421 quae
1376 3352 1436 3406 in
1465 3353 1869 3425 superioribus
1902 3354 2036 3410 libri
2068 3355 2178 3411 hu-
2211 3338 2254 3406 C
2291 3357 2420 3426 ejus
2445 3355 2724 3426 injuriam
2756 3359 2814 3410 et
2863 3353 3340 3426 suggillationem
3394 3370 3455 3408 se
3480 3353 3806 3423 justiﬁcare
3836 3369 3944 3407 vo—

526 3435 628 3506 jus
668 3438 1012 3506 contexitur,
1046 3439 1105 3494 in
1155 3439 1264 3495 hoc
1296 3439 1420 3496 loco
1473 3458 1507 3496 a
1557 3442 1805 3498 Domino
1837 3443 2184 3512 declaratur,

534 3542 668 3581 cum
701 3526 825 3598 ipse
852 3527 995 3583 dicit
1025 3544 1039 3584 :
1074 3529 1374 3601 Numquid
1416 3531 1515 3602 qui
1548 3532 1849 3587 contendit
1879 3549 2011 3590 cum
2045 3534 2185 3590 Deo.

537 3614 699 3670 Unde
730 3621 968 3688 apparet
998 3619 1136 3688 quia
1162 3623 1367 3674 contra
1395 3625 1600 3686 Deum,
1626 3621 1881 3692 quadam
1909 3639 2188 3694 praesum-

533 3704 750 3775 ptionis
799 3706 1043 3761 audacia
1088 3724 1157 3762 cx
1203 3708 1420 3764 ﬁducia
1471 3709 1636 3766 bonae
1690 3711 2060 3767 conscientia:
2110 3718 2187 3770 sit

533 3793 787 3862 locutus,
821 3812 936 3850 non
967 3801 1166 3852 tamen
1196 3797 1622 3870 blasphemavit
1650 3805 1857 3867 Deum,
1883 3802 2035 3857 sicut
2057 3804 2186 3874 qui-

531 3881 788 3938 busdam
814 3883 1061 3940 videtur.
1097 3886 1204 3942 Ubi
1234 3891 1289 3942 et
1319 3887 1368 3943 si
1400 3889 1665 3959 asperius
1689 3889 1887 3962 aliqua
1917 3891 2083 3961 dixit,
2112 3893 2183 3947 ad

533 3969 690 4026 idem
739 3973 1083 4045 respiciens,
1114 3977 1184 4032 ad
1213 3977 1369 4048 quod
1416 3978 1593 4047 Deus,
1617 3981 1818 4052 justus
1849 3985 1939 4036 est
1972 3999 1984 4036 :
2019 3985 2182 4038 teno-

532 4075 656 4116 rem
701 4063 946 4134 justitize
997 4066 1092 4120 Dei
1145 4067 1484 4139 respiciens,
1527 4070 1756 4126 locutus
1806 4074 1912 4137 est,
1948 4087 2062 4126 non
2111 4074 2182 4127 ad

533 4151 1065 4223 blasphemandum
1100 4157 1301 4228 Deum,
1335 4158 1490 4213 unde
1531 4157 1699 4213 illum
1735 4161 2061 4216 secundum
2085 4162 2182 4232 ju-

536 4244 693 4297 stum
719 4243 1010 4314 judicium
1041 4246 1170 4317 ejus
1209 4247 1581 4320 requirendo,
1616 4249 1783 4320 quasi
1833 4250 2185 4321 constringit

531 4334 588 4386 et
644 4331 803 4402 dicit,
855 4338 921 4388 ut
967 4340 1186 4407 parcat,
1237 4335 1325 4391 vel
1383 4353 1516 4392 eum
1572 4337 1860 4408 injustum
1910 4339 2180 4394 declaret.

533 4421 720 4484 Quare
749 4424 892 4478 eum
916 4423 1071 4480 circa
1099 4442 1160 4480 se
1183 4426 1354 4496 juxta
1378 4425 1730 4497 injustitiam
1757 4429 2016 4498 judicare
2049 4446 2182 4484 sen-

531 4508 662 4578 tiat,
716 4527 849 4568 cum
906 4527 1041 4568 eum
1091 4514 1307 4584 optime
1365 4516 1590 4570 noverit
1633 4517 1884 4586 justum.
1935 4520 2184 4590 Accepta

2294 3445 2488 3512 luerit,
2533 3444 2674 3500 dum
2725 3460 2858 3499 eum
2908 3459 2977 3498 ex
3024 3443 3169 3515 ipsis
3216 3443 3572 3498 cruciatibus
3622 3441 3764 3512 suis,
3799 3457 3950 3514 quos

2295 3535 2406 3590 sibi
2436 3533 2634 3605 inique
2682 3532 2937 3589 inﬂictos
2987 3533 3219 3603 asserit,
3253 3531 3543 3604 justitiam
3592 3530 3950 3602 injustitiam

2295 3628 2481 3680 vocat.

2368 3738 2393 3762 ‹‹
2429 3715 2498 3769 Et
2529 3713 2576 3769 si
2609 3713 2791 3769 habes
2839 3711 3148 3767 brachium
3204 3711 3357 3766 sicut
3384 3711 3559 3779 Deus,
3593 3714 3650 3766 et
3699 3725 3834 3766 voce
3867 3709 3962 3765 si-

2294 3803 2418 3858 mili
2451 3808 2642 3867 tonas,
2687 3801 2988 3857 circumda
3017 3801 3122 3854 tibi
3175 3801 3466 3865 decorem,
3500 3804 3556 3855 et
3584 3799 3642 3854 in
3692 3799 3949 3855 sublime

2293 3894 2535 3965 erigere,
2555 3895 2611 3947 et
2639 3895 2762 3946 esto
2793 3889 3176 3962 gloriosus,et
3197 3888 3477 3960 speciosis
3498 3889 3739 3946 induere
3766 3889 3952 3946 vesti-

2293 3983 2426 4037 bus.
2457 3981 2738 4052 Disperge
2768 3978 3052 4050 superbos
3083 3977 3143 4032 in
3188 3979 3380 4033 furore
3412 3981 3533 4045 tuo,
3569 3982 3625 4032 et
3655 3978 3951 4034 confunde

2292 4087 2412 4136 eos,
2471 4075 2526 4124 et
2581 4068 2900 4139 respiciens
2957 4083 3192 4122 omnem
3247 4071 3615 4139 arrogantem
3673 4065 3948 4123 humilia.

2292 4159 2533 4230 Respice
2564 4161 2806 4213 cunctos
2837 4157 3144 4229 superbos,
3170 4160 3228 4212 et
3265 4156 3558 4211 confunde
3579 4171 3694 4222 eos,
3719 4159 3776 4212 et
3801 4173 3948 4212 con-

2289 4253 2409 4303 tere
2439 4246 2652 4319 impios
2692 4247 2752 4301 in
2803 4246 2928 4302 loco
2959 4263 3086 4302 suo.
3120 4247 3424 4302 Absconde
3471 4262 3570 4301 eas
3603 4246 3663 4300 in
3711 4245 3950 4317 pulvere

2290 4336 2490 4403 simul,
2514 4341 2572 4392 et
2603 4337 2781 4392 facies
2807 4352 3010 4392 eorum
3042 4337 3312 4408 demerge
3344 4336 3402 4391 in
3448 4336 3670 4391 foveam
3708 4352 3721 4390 :
3753 4338 3808 4390 et
3839 4349 3946 4405 ego

2289 4427 2610 4483 confitebor
2642 4427 2797 4498 quod
2830 4426 3056 4482 salvare
3079 4431 3135 4482 te
3167 4426 3354 4498 possit
3383 4426 3619 4480 dextera
3653 4441 3779 4479 sua.
3806 4423 3953 4478 Ecce

2291 4516 2632 4583 Behemoth,
2671 4531 2847 4588 quem
2879 4515 2987 4571 feci
3019 4519 3237 4582 tecum,
3281 4515 3479 4570 fenum
3514 4513 3683 4585 quasi
3715 4511 3823 4567 hos
3855 4528 3950 4567 co-

529 4598 710 4670 igitur
737 4600 848 4656 Job
881 4603 1104 4658 ratione
1146 4621 1180 4658 a
1213 4605 1344 4673 Deo,
1377 4604 1437 4659 in
1487 4605 1578 4661 his
1613 4607 1984 4663 sermonibus
2035 4623 2183 4680 quos
2293 4607 2508 4662 medet.
2539 4627 2567 4657 »
2600 4606 2716 4662 Hoc
2748 4609 2837 4661 est
2867 4605 3096 4661 dicere:
3126 4603 3422 4674 Numquid
3457 4607 3621 4674 potes
3647 4602 3754 4657 hos
3790 4601 3950 4672 ipsos

531 4687 764 4744 locutus
794 4695 901 4759 est,
937 4691 1075 4763 quia
1103 4693 1300 4750 omnia
1332 4695 1538 4766 utique
1596 4713 1721 4768 qua:
1752 4701 2024 4763 creasset,
2061 4698 2185 4768 ipse
2214 4715 2261 4783 ι)
2293 4695 2607 4766 daemones,
2649 4711 2901 4766 quorum
2951 4691 3434 4749 tribulationibus
3483 4690 3857 4763 expugnaris,
3891 4694 3950 4745 et

531 4777 886 4848 gubernaret
933 4786 988 4836 et
1041 4787 1281 4854 regeret,
1312 4801 1345 4838 a
1375 4801 1488 4856 quo
1540 4786 1715 4840 etiam
1766 4786 2005 4841 omnino
2037 4787 2183 4842 nihil

535 4867 825 4937 injustum
860 4870 1042 4939 fieret,
1067 4873 1366 4929 convictus
1399 4874 1552 4929 sicut
1584 4875 1676 4930 hic
1709 4880 1904 4947 aperte
1935 4877 2181 4932 demon-

529 4959 773 5025 stratur,
808 4958 1018 5015 silebat
1050 4979 1062 5016 :
1098 4962 1198 5016 sed
1248 4963 1598 5018 admonetur
1649 4980 1682 5017 a
1715 4964 1956 5019 Domino
2009 4969 2183 5036 atque

532 5047 920 5120 compellitur,
954 5054 1020 5106 ut
1049 5051 1188 5122 quia
1210 5052 1491 5108 adversus
1513 5069 1650 5109 eum
1681 5054 1998 5124 contendit,
2018 5071 2182 5110 eum-

531 5152 644 5208 que
679 5155 920 5212 arguere
950 5145 1214 5210 conatur,
1249 5142 1374 5212 ipse
1417 5143 1487 5197 ad
1537 5143 1894 5215 interrogata
1943 5161 2183 5216 respon-

535 5228 688 5283 deat.
719 5228 786 5285 Et
815 5229 896 5286 ait
926 5231 1176 5303 scriptor
1204 5231 1337 5286 libri
1367 5231 1548 5303 hujus
1580 5250 1593 5290 :

600 5338 629 5366 «
663 5317 1045 5391 Respondens
1102 5325 1298 5376 autem
1351 5322 1461 5377 Job
1510 5322 1758 5379 Domino
1811 5323 1956 5378 dixit
2003 5338 2016 5376 :
2073 5323 2179 5387 Qui

524 5405 728 5463 leviter
761 5408 994 5466 locutus
1045 5427 1199 5479 sum,
1235 5413 1585 5484 respondere
1635 5413 1777 5485 quid
1829 5428 2070 5484 possum
2093 5413 2120 5466 ‘l
2152 5433 2179 5462 ››

529 5497 743 5553 Beatus
787 5505 982 5556 autem
1030 5502 1158 5570 Job,
1209 5518 1534 5572 agnoscens
1584 5519 1645 5557 se
1695 5501 1916 5569 leviter,
1956 5505 2013 5556 et
2064 5518 2179 5557 non

529 5595 935 5647 consummate
965 5590 1252 5661 locutum,
1274 5592 1414 5648 dicit
1435 5591 1674 5647 omnino
1705 5608 1766 5646 se
1794 5590 1909 5646 Deo
1940 5607 2180 5662 respon-

527 5673 664 5730 dere
710 5693 823 5734 non
874 5695 1066 5751 posse.
1116 5680 1359 5755 Propter
1404 5679 1560 5756 quod
1593 5679 1797 5753 cupiat
1845 5695 1906 5736 se
1948 5678 2178 5738 silentio

527 5763 821 5837 cohibere,
854 5768 1008 5828 sicut
1038 5769 1120 5829 ait
1153 5787 1168 5831 :

2294 4785 2633 4853 contereris,
2662 4798 2993 4856 expugnare
3018 4787 3074 4837 et
3105 4781 3439 4853 dispergere
3459 4781 3487 4836 ?
3521 4781 3635 4836 Nec
3666 4781 3714 4835 si
3747 4784 3950 4835 contra

2297 4876 2475 4930 Deum
2504 4873 2854 4929 contendere
2883 4872 3145 4937 deberes,
3173 4870 3220 4926 si
3255 4870 3359 4925 tibi
3386 4875 3542 4926 esset
3572 4869 3850 4924 fortitudo
3883 4872 3950 4923 ut

2293 4968 2408 5018 Deo
2439 4966 2545 5029 est,
2579 4967 2636 5018 et
2681 4978 2789 5016 vox
2821 4961 3050 5033 imperii
3099 4959 3185 5014 tui
3234 4959 3343 5015 hoc
3393 4960 3614 5014 mundo
3666 4957 3946 5014 terribilis

2293 5053 2624 5108 insonaret:
2660 5051 3054 5108 circumdares
3079 5050 3254 5106 etiam
3278 5049 3380 5104 tibi
3407 5051 3674 5106 decorem
3707 5065 3742 5102 a
3771 5045 3948 5103 terni-

2292 5141 2450 5212 tatis,
2484 5141 2722 5198 honoris
2772 5156 3007 5213 quoque
3049 5143 3106 5194 et
3139 5139 3523 5194 sublimitatis
3571 5153 3730 5193 esses
3760 5136 3948 5208 gloria

2292 5231 2603 5297 exaltatus,
2618 5230 2961 5287 etomnibus
2981 5228 3310 5285 sanctitatis
3328 5228 3644 5282 virtutibus
3663 5231 3944 5297 tanquam

2292 5321 2574 5392 speciosis
2594 5321 2856 5376 vestibus
2870 5321 2925 5374 te
2940 5317 3201 5373 munires
3213 5334 3436 5383 ,omnes
3457 5316 3840 5372 nihilominus
3854 5332 3949 5370 su-

2291 5410 2501 5483 perbos
2518 5408 2919 5482 justojudicio
2955 5412 3077 5474 tuo,
3100 5406 3258 5462 velut
3279 5405 3698 5479 indignationis
3721 5405 3948 5461 iracun-

2292 5501 2388 5555 dia
2406 5499 2745 5570 dissipares,
2770 5503 2826 5554 et
2844 5514 2942 5554 eos
2964 5497 3021 5552 in
3043 5496 3234 5552 locum
3261 5513 3457 5563 suum,
3483 5495 3538 5549 id
3561 5501 3650 5549 est
3671 5494 3729 5548 in
3752 5509 3943 5549 carce-

2290 5604 2414 5643 rem
2437 5588 2782 5654 inferorum,
2805 5587 3142 5656 detrudens,
3169 5591 3519 5651 contereres,
3544 5583 3683 5655 quin
3707 5582 3882 5638 etiam
3905 5599 3939 5638 a

2289 5685 2628 5734 sanctorum
2676 5676 2900 5733 lumine
2945 5683 3265 5749 separatos,
3299 5675 3355 5731 in
3412 5673 3710 5746 pulverem
3755 5672 3933 5728 simul

2289 5767 2696 5842 absconderes,
2713 5767 2852 5844 sive,
2869 5771 2933 5829 ut
2948 5767 3046 5830 alii
3062 5767 3352 5842 dixerunt,
3369 5763 3696 5829 retruderes
3709 5777 3806 5823 eos
3822 5761 3932 5823 sub
