4220 6572
339 461 455 530 829

1417 465 1938 530 COMMENTAR.
1981 454 2062 526 IN
2104 463 2270 526 JOB.
2317 461 2488 526 CAP.
2533 463 2657 524 XL.

3638 459 3760 525 830

336 605 530 658 terra:
563 600 818 657 simulet
847 600 1022 656 facies
1071 615 1296 669 eorum,
1341 599 1399 655 id
1432 604 1520 656 est
1563 600 1822 657 animam
1853 615 1988 656 cum
2018 598 2074 666 Α
2105 613 2237 654 sum
2287 597 2788 671 signiﬁcaverunt,
2838 593 2988 651 hanc
3048 592 3315 649 arborem
3372 586 3755 666 nominando,

336 690 729 747 intellectibus
759 689 904 756 suis,
927 693 1230 762 tamquam
1255 689 1557 746 oculorum
1581 690 1906 746 luminibus
1929 689 1987 744 in

338 782 561 837 foveam
580 778 789 834 inferni
808 779 1196 851 demergeres,
1218 779 1275 833 id
1296 785 1402 843 est,
1429 797 1604 851 quam
1623 779 1988 852 impossibile

337 875 444 940 est,
478 873 541 924 ut
572 869 692 922 hac
714 868 886 923 homo
907 867 1144 937 habeas,
1168 873 1288 923 tam
1315 867 1562 923 stultum
1589 873 1698 935 est,
1729 873 1795 924 ut
1819 867 1989 939 quasi

337 976 405 1013 ex
436 956 644 1028 aequali
675 960 877 1012 contra
915 957 1099 1012 Deum
1151 956 1432 1028 loquaris,
1479 973 1512 1011 a
1542 974 1656 1028 quo
1687 956 1992 1012 humiliter

335 1062 571 1118 sperare
602 1045 1064 1102 misericordiam
1089 1046 1284 1110 debes,
1319 1049 1385 1100 ut
1404 1061 1469 1099 ex
1491 1046 1619 1116 ejus
1651 1046 1902 1115 dextera,
1928 1044 1987 1099 id

334 1139 440 1206 est,
467 1135 702 1202 virtute,
725 1138 927 1189 contra
948 1149 1066 1200 eos,
1087 1150 1234 1205 quos
1253 1133 1368 1188 dixi
1387 1135 1692 1206 superbos,
1719 1150 1990 1206 arrogan-

333 1227 421 1279 tes
473 1224 804 1297 impiosque
853 1221 1114 1279 salveris.
1164 1224 1306 1278 Ecce
1354 1223 1462 1278 hoc
1506 1223 1703 1295 ipsum
1736 1223 1986 1292 noveris,

334 1313 541 1368 fortem
561 1312 883 1377 diabolum,
903 1316 959 1367 et
976 1312 1448 1384 potentissimum
1471 1312 1777 1367 inimicum
1795 1317 1986 1377 tuum,

305 1419 308 1421 λ
336 1417 511 1473 quem
545 1402 617 1456 ob
639 1401 1138 1461 immanissimum
1160 1401 1344 1456 trucis
1376 1401 1558 1456 animi
1580 1402 1856 1468 furorem,
1892 1406 1991 1456 Be-

336 1489 573 1545 hemoth
606 1491 842 1545 nomine
873 1489 1069 1546 feralis
1116 1490 1312 1545 bestia)
1362 1490 1714 1562 nuncupavi,
1748 1491 1901 1561 apud
1933 1495 1989 1545 te

337 1577 495 1634 velut
523 1579 751 1643 bovem,
786 1578 1003 1634 animal
1052 1578 1318 1634 videlicet
1362 1583 1755 1643 mansuetum,
1791 1580 1986 1634 fenum

2099 704 2225 758 quae
2259 688 2368 743 sub
2403 704 2518 743 uno
2551 685 2765 759 stipite,
2799 698 3034 756 procero
3057 681 3290 754 fastigio
3323 682 3381 738 in
3411 682 3596 740 altum
3626 701 3758 756 por-

2099 777 2331 849 rigitur.

2073 873 2082 882 '
2169 887 2197 916 ‹‹
2230 866 2396 921 Nervi
2457 863 2861 920 testiculorum
2907 862 3037 932 ejus
3095 861 3351 934 perplexi
3409 867 3570 918 sunt.
3605 885 3634 913 »
3692 862 3753 918 In

2099 955 2314 1022 nervis,
2347 954 2582 1009 vincula
2629 953 2897 1024 quaedam
2952 950 3272 1007 fortissima
3322 968 3386 1007 ac
3417 951 3756 1008 illecebrosa

2096 1043 2462 1114 voluptatum
2495 1043 2710 1114 quibus
2742 1040 3010 1096 homines
3055 1041 3318 1097 carnales
3350 1039 3634 1113 implicat,
3665 1041 3751 1096 di-

2098 1148 2227 1187 cere
2256 1131 2488 1188 videtur
2545 1131 2712 1196 mihi,
2771 1131 2842 1185 de
2900 1129 3113 1201 quibus
3172 1129 3327 1186 vitiis
3360 1134 3417 1185 et
3472 1130 3756 1202 prOpheta

2097 1220 2343 1292 culpans
2375 1219 2643 1275 homines
2693 1219 2843 1274 inter
2871 1221 3077 1274 caetera
3124 1218 3223 1286 ait,
3256 1220 3337 1275 ita
3379 1219 3618 1276 dicens:
3651 1221 3755 1276 De-

2097 1309 2368 1366 clinantes
2423 1318 2604 1365 autem
2661 1309 2730 1364 ad
2775 1308 3129 1377 obligatione:
3179 1310 3358 1380 (Psal.
3419 1326 3606 1381 cxxrv,
3656 1310 3754 1380 5):

2097 1399 2197 1453 ubi
2249 1398 2594 1470 simpliciter
2636 1413 2781 1470 pene
2829 1397 3364 1469 inexstinguibilem
3396 1397 3754 1470 voluptatem

2099 1487 2159 1542 in
2193 1488 2474 1544 membris
2519 1485 2796 1543 humanis
2827 1503 2861 1541 a
2907 1485 3191 1558 propheta
3239 1487 3557 1558 signiﬁcari
3589 1491 3753 1559 puto,

2099 1577 2192 1632 cui
2223 1576 2506 1649 voluptati
2537 1593 2670 1632 caro
2703 1579 2904 1632 nostra
2926 1574 3154 1647 captiva
3183 1576 3611 1646 succumberet,
3641 1575 3757 1631 nisi

336 1667 638 1722 comedere
661 1667 891 1738 faciam,
911 1667 1594 1723 noncarnesutleonem.
1621 1667 1988 1734 Quiacarnes
2089 1667 2259 1737 juxta
2328 1665 2672 1738 Apostolum
2742 1665 2845 1721 Dei
2915 1665 3105 1736 gratia
3147 1665 3482 1720 subveniret
3518 1664 3592 1736 (ΙΙ
3631 1666 3754 1721 Cor.

335 1756 568 1826 quando
599 1757 1007 1826 comeduntur,
1045 1774 1159 1813 non
1191 1757 1256 1811 ﬁt
1287 1757 1414 1812 sine
1447 1757 1691 1813 viventis
1725 1756 1984 1812 interitu.

333 1845 494 1900 Circa
522 1848 576 1900 te
595 1860 729 1900 vero
752 1861 866 1901 non
900 1845 982 1900 ita
1002 1849 1091 1901 est
1119 1846 1409 1915 sicutjam
1434 1844 1572 1911 dixi,
1595 1847 1692 1916 qui
1717 1845 1986 1916 jussione

2119 1759 2196 1810 tu.
2230 1756 2374 1810 7-9).

2119 1759 2155 1810 ’ῐ
2230 1756 2332 1808 7-9
2363 1797 2374 1809 .

2097 1773 2133 1811 Χ
2230 1756 2376 1901 Oss)a
2422 1845 2550 1917 ejus
2595 1843 2753 1900 velut
2804 1843 3017 1900 ﬁstulae
3065 1843 3216 1909 aeris,
3269 1842 3545 1916 cartilago
3594 1843 3753 1899 illius

334 1934 565 2005 imperii
587 1935 720 2005 mei,
746 1933 852 1990 hoc
875 1935 1338 2006 modopraecepi,
1365 1935 1565 1990 dicens
1591 1953 1602 1990 :
1625 1936 1765 1990 Ecce
1787 1934 1846 1989 in
1870 1950 1989 1989 ma-
2020 1969 2068 2033 B
2100 1934 2265 2006 quasi
2296 1934 2530 1989 laminae
2563 1934 2774 1988 ferreae.
2807 1955 2835 1982 ››
2867 1932 2968 1988 His
2990 1931 3392 1988 membrorum
3416 1931 3755 1988 nominibus

334 2040 412 2078 nu
445 2028 546 2078 tua
573 2029 663 2078 est
707 2023 916 2090 vivere,
967 2022 1225 2078 animam
1275 2025 1402 2094 ejus
1450 2041 1632 2079 serva.
1671 2024 1988 2079 Behemoth

335 2127 590 2183 namque
630 2113 895 2167 doctores
916 2111 1207 2182 Ecclesia},
1231 2113 1847 2183 quillebreeaslitteras
1859 2129 1991 2168 con-

331 2201 608 2272 tigerunt,
643 2201 703 2255 in
739 2200 1005 2255 Latinum
1038 2203 1196 2272 quasi
1221 2202 1408 2272 plures
1439 2203 1800 2273 interpretati
1829 2205 1987 2258 sunt.

333 2289 581 2345 Proinde
610 2289 884 2344 inimicus
915 2289 1182 2345 diabolus
1215 2307 1346 2345 cum
1370 2295 1488 2346 toto
1520 2307 1757 2362 corpore
1778 2289 1993 2346 satelli-

337 2384 461 2434 tum
495 2395 735 2434 suorum
767 2378 876 2434 hoc
904 2378 1028 2434 loco
1061 2397 1093 2434 a
1116 2383 1228 2435 Deo
1251 2379 1620 2435 describitur.
1645 2382 1826 2445 Quem
1861 2399 1990 2453 pro-

334 2472 460 2540 pter
475 2466 868 2539 pluralitatem
889 2468 1145 2523 nominis
1161 2468 1350 2540 ipsius
1368 2469 1590 2540 antiqui
1613 2470 1694 2523 ita
1710 2468 1990 2542 interpre-

332 2557 436 2611 tati
469 2560 644 2612 sunt:
679 2556 779 2612 Sed
807 2573 924 2612 ecce
972 2558 1151 2612 bestiae
1199 2574 1336 2629 quas
1365 2559 1472 2626 feci
1516 2558 1664 2629 apud
1693 2561 1766 2627 te,
1797 2561 1988 2629 fenum

332 2647 476 2701 sicut
505 2645 595 2702 bos
623 2645 813 2710 edunt,
845 2645 901 2701 id
935 2650 1043 2712 est,
1072 2646 1258 2701 ethoc
1290 2646 1548 2718 potentia
1570 2647 1813 2702 dexterae
1846 2665 1985 2704 meae

333 2735 552 2790 factum
585 2739 691 2801 est,
719 2738 783 2789 ut
812 2735 1201 2791 substantiam
1223 2740 1384 2790 tuam
1418 2740 1475 2790 et
1509 2735 1835 2802 facultates,
1860 2755 1985 2808 quae

333 2825 404 2879 ob
446 2824 711 2896 pretiosae
735 2824 948 2879 mentis
967 2828 1080 2878 tua:
1121 2824 1354 2880 divitias
1397 2825 1526 2880 feno
1551 2829 1982 2896 comparantur,

331 2914 388 2968 in
423 2917 769 2985 potestatem
803 2913 1132 2984 acciperent
1170 2914 1550 2969 devorandas.
1599 2915 1665 2968 Et
1695 2914 1820 2970 ideo
1851 2915 1987 2970 vilia

332 3019 575 3075 qumque
595 3006 652 3057 et
671 3002 1015 3073 temporalia
1037 3002 1141 3057 tibi
1166 3002 1427 3070 abstulit,
1458 3019 1583 3074 quae
1607 3003 1722 3058 feni
1749 3004 1985 3059 nomine

330 3090 658 3162 signiﬁcata
681 3094 853 3145 sunt:
889 3107 1002 3145 non
1035 3106 1160 3160 quae
1185 3106 1399 3162 magna
1419 3094 1477 3145 et
1498 3090 1762 3162 grandia,
1792 3091 1848 3146 id
1872 3095 1984 3158 est,

329 3177 534 3232 animae
566 3178 1156 3250 ornamenta,quibus
1177 3183 1232 3234 te
1259 3178 1572 3250 spoliatum
1605 3179 1983 3252 blasphemiae

326 3267 502 3322 ruina
549 3269 981 3339 comprimeret,
1031 3267 1190 3340 quali
1246 3272 1479 3340 peccato
1529 3273 1688 3324 totus
1735 3270 1908 3325 homo
1951 3287 1984 3325 a

328 3355 561 3411 diabolo
594 3357 922 3412 devoratur.
955 3357 1043 3411 Ita
1068 3371 1204 3427 ergo
1230 3357 1302 3412 de
1329 3373 1394 3412 eo
1422 3357 1564 3411 dicit
1596 3358 1766 3412 Deus.

404 3465 433 3495 ‹‹
462 3445 760 3500 Fortitudo
792 3446 919 3516 ejus
951 3445 1009 3499 in
1061 3444 1281 3500 lumbis
1328 3447 1475 3516 ejus.
1528 3449 1584 3501 et
1611 3445 1797 3502 virtus
1828 3445 1987 3503 illius

329 3533 389 3588 in
422 3533 700 3589 umbilico
729 3533 949 3590 ventris
981 3535 1129 3603 ejus.
1162 3557 1184 3585 ι
1233 3535 1296 3589 In
1329 3533 1548 3590 lumbis
1579 3539 1637 3590 et
1668 3534 1984 3605 umbilicis,

329 3622 546 3678 ventris
566 3621 854 3696 voluptas,
879 3623 967 3678 vel
991 3623 1182 3678 carnis
1209 3622 1440 3678 luxuria
1465 3622 1833 3694 intelligitur,
1858 3641 1985 3694 quas

325 3710 608 3766 membris
648 3710 1003 3783 genitalibus
1026 3715 1158 3782 post
1178 3710 1349 3782 primi
1368 3711 1627 3766 hominis
1649 3711 1880 3783 lapsum
1905 3712 1988 3766 in-

325 3806 482 3856 serta
510 3803 618 3866 est,
643 3805 706 3855 ut
730 3817 909 3872 supra
929 3801 1171 3856 modum
1195 3799 1342 3872 legis
1367 3800 1653 3856 naturalis
1681 3800 1783 3856 illa
1805 3817 1986 3858 mem-

323 3889 448 3953 bra,
483 3892 538 3945 et
569 3890 801 3960 quando
835 3906 948 3944 non
978 3889 1100 3945 vult
1145 3889 1340 3957 homo,
1383 3889 1692 3945 incentivis
1724 3889 1986 3947 libidinis

322 3977 636 4033 titillentur
659 3996 672 4046 ;
697 3983 756 4034 et
780 3978 861 4033 ita
880 3978 1246 4050 voluptatum
1265 3982 1603 4045 sectatores,
1628 3978 1860 4035 diabolo
1879 3982 1988 4036 for-

327 4067 634 4123 titudinem
657 4067 906 4138 propriis
929 4067 1085 4122 vitiis
1108 4067 1532 4138 ministrantes,
1551 4069 1620 4125 de
1643 4074 1804 4140 parte
1827 4069 1987 4126 illius

321 4161 378 4212 et
409 4160 710 4212 consortes
743 4156 1100 4227 efﬁciuntur,
1132 4162 1196 4212 ut
1224 4157 1342 4212 sint
1372 4157 1638 4213 membra
1664 4158 1812 4230 ejus,
1845 4175 1988 4231 quo-

324 4261 455 4300 rum
486 4249 769 4315 tanquam
803 4244 1059 4316 corporis
1095 4244 1187 4300 sui
1221 4245 1345 4317 ipse
1384 4250 1474 4301 est
1502 4250 1697 4318 caput.

404 4357 424 4384 α
459 4333 786 4405 Contringit
829 4334 1079 4389 caudam
1111 4349 1281 4389 suam
1336 4335 1506 4406 quasi
1537 4335 1766 4392 cedrus.
1803 4359 1832 4386 ν
1864 4337 1984 4394 Hoc

326 4423 473 4479 mihi
503 4423 692 4478 dicere
722 4422 970 4490 videtur,
1029 4423 1184 4494 quod
1215 4437 1318 4478 nec
1368 4423 1428 4478 in
1469 4424 1806 4481 novissimis
1837 4427 1981 4498 suis,

328 4531 454 4585 quae
476 4512 535 4568 in
557 4513 743 4568 cauda
763 4512 1190 4584 signiﬁcantur,
1218 4511 1294 4566 sit
1315 4512 1386 4567 ad
1406 4512 1592 4569 Deum
1616 4530 1981 4585 reversurus,

330 4604 485 4675 quod
516 4607 624 4668 est,
657 4618 960 4673 nunquam
992 4619 1094 4674 pro
1126 4590 1435 4674 tyrannide
1469 4619 1577 4658 sua
1607 4604 1898 4674 superbus
1929 4610 1984 4661 et

2102 2022 2416 2090 indicatur,
2448 2023 2603 2093 quod
2637 2021 2908 2077 diabolus
2938 2037 3071 2076 cum
3103 2021 3227 2076 suis
3269 2021 3455 2077 durus
3486 2020 3582 2089 sit,
3615 2021 3756 2094 rigi-

2101 2112 2233 2181 dus,
2267 2110 2531 2182 pertinax
2562 2114 2620 2166 et
2648 2109 3003 2166 inflexibilis.
3037 2109 3098 2164 In
3155 2110 3390 2165 ossibus
3420 2126 3672 2179 namque
3701 2115 3761 2166 et

2101 2199 2459 2269 cartilagine,
2493 2199 2652 2253 intus
2702 2203 2759 2253 et
2788 2198 2949 2262 foris,
3001 2198 3060 2252 in
3115 2197 3463 2269 cogitatione
3487 2197 3762 2254 videlicet

2099 2292 2157 2344 et
2184 2304 2374 2361 opere,
2408 2287 2662 2359 perfecta
2691 2287 2820 2358 ejus
2851 2287 3287 2342 demonstratur
3315 2286 3558 2343 malitia.
3594 2287 3759 2350 Quod

2099 2383 2293 2433 autem
2327 2377 2546 2432 dictum
2580 2380 2687 2447 est,
2713 2375 2992 2448 cartilago
3025 2376 3154 2445 ejus
3177 2376 3345 2447 quasi
3376 2375 3608 2432 laminae
3643 2377 3758 2432 fer-

2099 2484 2230 2533 reae,
2264 2465 2363 2522 alii
2393 2466 2685 2532 dixerunt,
2721 2488 2748 2516 «
2783 2465 2972 2537 Spinae
2996 2466 3126 2536 ejus
3147 2465 3365 2520 ferrum
3399 2469 3456 2520 et
3486 2465 3697 2533 fusile;
3728 2487 3756 2515 ››

2100 2561 2162 2610 ut
2193 2555 2580 2627 intelligatur,
2611 2555 2752 2626 quia
2782 2571 3081 2623 nunquam
3114 2570 3176 2610 se
3205 2553 3478 2611 diabolus
3507 2571 3611 2626 per
3638 2572 3754 2627 poe-

2097 2644 2405 2701 nitentiam
2439 2645 2555 2700 Deo
2588 2643 3001 2699 humiliaverit.

2169 2757 2195 2783 ‹‹
2233 2735 2360 2805 Ipse
2391 2737 2478 2788 est
2499 2732 2854 2804 principium
2887 2733 3115 2787 viarum
3150 2731 3403 2797 DeizQui
3436 2731 3572 2787 fecit
3601 2748 3762 2796 eum,

2095 2822 2411 2894 applicabit
2439 2820 2699 2894 gladium
2732 2821 2883 2891 ejus.
2906 2843 2935 2872 »
2969 2821 3087 2876 Hoc
3118 2821 3177 2876 in
3202 2820 3326 2876 loco
3359 2821 3417 2875 in
3451 2835 3578 2876 esse
3612 2818 3759 2876 mihi

2092 2912 2323 2967 videtur
2353 2927 2585 2979 sensus,
2638 2913 2792 2984 quod
2826 2911 2898 2966 ad
2947 2912 3069 2967 vias
3107 2911 3207 2967 Dei
3258 2909 3673 2977 ambulandas,
3705 2916 3762 2967 et

2093 3017 2197 3072 per
2245 3001 2637 3056 obedientiam
2685 3006 2974 3073 praecepta
3024 3000 3330 3056 Dominica
3370 3001 3757 3070 observanda,

2091 3090 2188 3145 hic
2217 3090 2370 3146 inter
2401 3093 2636 3146 caeteras
2666 3093 2963 3146 creaturas
3014 3090 3242 3162 primus
3275 3107 3309 3144 a
3356 3089 3473 3145 Deo
3505 3090 3584 3146 sit
3615 3107 3759 3146 con-

2093 3179 2272 3249 ditus,
2306 3184 2362 3234 et
2391 3179 2525 3235 inde
2567 3179 2787 3235 dictum
2821 3179 2917 3246 sit,
2959 3180 3086 3250 ipse
3127 3178 3483 3252 principium
3516 3184 3604 3235 est
3633 3179 3760 3236 via-

2092 3283 2223 3323 rum
2258 3267 2506 3323 Domini.
2539 3268 2688 3323 Nam
2719 3269 2778 3323 in
2820 3267 3115 3323 Ezechiele
3160 3267 3444 3339 propheta
3473 3267 3530 3322 in
3565 3269 3757 3340 capite

2011 3338 2055 3405 C
2097 3355 2362 3427 lapidum
2405 3355 2725 3426 ignitorum
2777 3355 3047 3422 refertur,
3097 3338 3278 3426 quod
3306 3357 3534 3426 primus
3581 3338 3758 3412 fuerit

2099 3443 2362 3500 omnium
2413 3447 2778 3516 angelorum,
2829 3447 2886 3498 et
2932 3460 3146 3498 corona
3197 3444 3252 3498 in
3307 3460 3484 3498 manu
3516 3445 3752 3500 Domini

2099 3532 2311 3604 (Eaeck.
2347 3550 2522 3600 xxvu,
2576 3534 2643 3587 12
2669 3533 2864 3605 seqq.).
2914 3532 3044 3588 Sive
3076 3532 3159 3588 ita
3206 3532 3320 3588 dici
3360 3536 3570 3604 potest,
3603 3537 3668 3587 ut
3698 3533 3757 3589 in

2097 3621 2199 3677 illa
2246 3622 2566 3677 aeternitate
2621 3638 2728 3677 sua
2783 3623 2933 3677 Deus
2986 3638 3216 3694 semper
3264 3638 3533 3691 manens,
3583 3623 3754 3694 quasi

2097 3727 2370 3784 egressus
2402 3711 2460 3767 in
2514 3711 2801 3766 facturam
2851 3714 3248 3766 creaturarum
3295 3710 3548 3782 videtur,
3579 3714 3636 3766 et
3665 3711 3751 3766 hae

2097 3801 2216 3857 sint
2242 3801 2347 3856 viae
2378 3801 2525 3871 ejus,
2570 3805 2635 3855 ut
2680 3800 2999 3856 invisibilia
3029 3817 3096 3856 ex
3144 3799 3478 3858 visibilibus
3511 3817 3755 3873 appare-

2098 3895 2244 3945 rent.
2292 3889 2416 3944 Sive
2475 3906 2841 3961 unaquaeque
2893 3893 3161 3945 creatura
3216 3889 3455 3945 via-Dei
3511 3895 3618 3956 est,
3652 3906 3757 3962 per

2096 3996 2273 4052 quam
2307 3979 2378 4035 ad
2410 3979 2510 4034 Dei
2541 3979 2659 4034 itur
2686 3978 3100 4051 cognitionem,
3152 3979 3293 4033 dum
3318 3978 3552 4049 cognita
3581 3979 3653 4035 ab
3683 3995 3750 4035 eo

2095 4069 2482 4141 cognoscitur.
2515 4068 2640 4122 Sive
2659 4067 2763 4122 viae
2795 4068 2893 4123 Dei
2927 4067 3036 4121 illa:
3063 4071 3224 4133 sunt,
3247 4067 3479 4138 quando
3513 4068 3756 4124 cuilibet

2095 4160 2370 4213 creaturae
2417 4155 2774 4225 rationabili,
2798 4156 2952 4211 Deus
2973 4155 3143 4226 quasi
3164 4156 3237 4210 ad
3258 4171 3387 4211 eam
3408 4156 3647 4212 veniens
3667 4156 3756 4212 in-

2094 4246 2361 4302 notescit.
2396 4245 2642 4302 Proinde
2662 4245 2755 4299 hic
2788 4244 3106 4300 Behemoth
3135 4244 3488 4316 principium
3519 4245 3749 4301 viarum
3841 4238 3844 4243 ’

2095 4336 2196 4392 Dei
2227 4335 2460 4403 dicitur,
2491 4351 2556 4391 eo
2589 4336 2743 4406 quod
2776 4334 3004 4406 primus
3035 4334 3266 4401 factus,-
3297 4333 3393 4390 Dei
3423 4334 3516 4390 sui
3547 4334 3748 4408 cogni-

2094 4423 2312 4479 tionem
2343 4440 2376 4478 a
2407 4439 2522 4494 quo
2555 4423 2826 4479 conditus
2856 4425 2945 4477 est
2973 4422 3216 4494 accepit.
3239 4423 3523 4478 Dominus
3552 4428 3749 4480 autem

2094 4512 2360 4569 Christus
2396 4513 2454 4568 in
2499 4511 2786 4584 principio
2833 4511 3061 4566 viarum
3111 4511 3206 4567 Dei
3248 4516 3477 4568 creatus
3509 4513 3756 4569 refertur

2091 4604 2274 4673 (Prov.
2343 4619 2466 4668 vm,
2515 4601 2628 4671 2'2),
2659 4605 2728 4655 ut
2776 4617 2809 4656 a
2856 4599 3285 4656 reconciliando
3332 4603 3622 4658 mundum
3654 4619 3758 4675 per

329 4692 551 4765 impius
581 4692 924 4764 paenitebit;
977 4692 1078 4747 sed
1128 4690 1412 4747 exaltatus
1461 4695 1525 4746 ut
1573 4693 1804 4761 cedrus,
1845 4710 1983 4750 voce
2014 4712 2062 4778 Β
2094 4691 2442 4763 sanguinem
2476 4707 2674 4758 suum,
2729 4690 2882 4746 viam
2915 4690 3330 4747 mandatorum
3371 4691 3558 4764 patris
3586 4695 3758 4765 quasi

334 4780 558 4836 Domini
584 4782 746 4852 juste
769 4780 1094 4851 judicantis
1123 4783 1211 4836 est
1250 4781 1707 4854 confringendus
1736 4787 1793 4837 et
1826 4799 1984 4838 com-

331 4870 707 4926 minuendus.
757 4869 1187 4942 Constringitur
1236 4870 1392 4925 enim
1442 4871 1605 4942 ligno
1662 4871 1980 4928 durissimo

329 4964 740 5032 comparatus:
776 4959 995 5015 duritia
1041 4958 1265 5015 scilicet
1307 4959 1518 5031 cordis,
1563 4977 1635 5016 ne
1672 4960 1982 5035 intelligat,

330 5049 545 5104 stultus
569 5049 857 5117 efﬁcitur;
895 5053 950 5104 et
982 5053 1326 5117 excaecatus,
1371 5065 1444 5104 ne
1481 5049 1675 5106 videat
1703 5067 1894 5122 usque
1928 5051 1982 5106 in

327 5139 526 5194 ﬁnem.
559 5139 711 5209 Sive,
747 5161 774 5188 «
801 5139 1152 5211 constringit
1198 5138 1448 5194 caudam
1479 5155 1651 5194 suam
1684 5160 1712 5188 »
1745 5139 1828 5194 ita
1858 5155 1986 5196 sen-

324 5228 505 5283 titur:
568 5227 850 5300 propheta
904 5227 1189 5284 fallaciter
1243 5227 1544 5300 loquitur:
1608 5229 1982 5285 mendacium

327 5317 513 5373 cauda
534 5321 623 5373 est
643 5317 968 5372 secundum
991 5321 1326 5373 sanctorum
1352 5316 1772 5389 prophetarum
1792 5323 1986 5374 aucto-

328 5406 581 5462 ritatem.
635 5405 754 5461 Hoc
805 5405 986 5478 igitur
1015 5405 1334 5463 Behemoth
1368 5411 1647 5472 tanquam
1690 5405 1982 5474 inimicos,

326 5500 610 5566 tanquam
642 5495 831 5550 socios
861 5499 920 5550 et
949 5495 1254 5553 ministros
1287 5513 1425 5553 suos
1461 5497 1521 5552 in
1553 5495 1823 5568 copulam
1855 5499 1985 5554 uni-

335 5589 448 5642 tate
476 5585 587 5640 sibi
636 5583 1084 5656 conspirationis
1131 5585 1424 5659 astringit,
1457 5587 1528 5642 de
1576 5585 1790 5658 quibus
1831 5587 1981 5642 anti-

335 5673 436 5746 qui
469 5671 738 5729 dixerunt
765 5670 1130 5744 interpretes,
1160 5693 1189 5723 ‹‹
1236 5673 1417 5730 erexit
1445 5675 1691 5730 caudam
1717 5689 1886 5730 suam
1919 5678 1985 5730 ut

337 5779 757 5842 cypressum,»
788 5761 888 5844 ubi
913 5761 1224 5831 elationem
1251 5764 1466 5827 mentis
1486 5780 1688 5845 eorum
1714 5763 1776 5828 in
1802 5765 1983 5833 excel~

2094 4796 2271 4852 opera
2297 4779 2424 4849 ejus
2455 4779 2819 4851 graderetur,
2853 4779 3008 4850 quod
3055 4779 3114 4835 in
3158 4779 3445 4852 principio
3477 4781 3760 4853 praedica-

2091 4868 2268 4926 tionis
2286 4868 2577 4940 Evangelii
2596 4867 3036 4924 demonstravit.
3060 4869 3224 4934 Quod
3245 4873 3440 4926 autem
3475 4870 3758 4927 Dominus

2092 4959 2210 5014 ait:
2247 4959 2352 5027 Qui
2395 4958 2522 5028 fecit
2566 4973 2691 5012 eum
2736 4958 3042 5030 applicabit
3088 4957 3336 5028 gladium
3377 4961 3520 5030 ejus,
3554 4958 3611 5012 id
3644 4963 3754 5026 est,

2093 5048 2191 5121 qui
2218 5046 2352 5103 fecit
2381 5046 2724 5115 Behemoth,
2776 5046 3094 5128 applicabit
3140 5047 3192 5102 ei
3235 5045 3501 5119 gladium
3542 5045 3753 5116 ipsius,

2093 5137 2150 5191 id
2182 5140 2290 5203 est,
2313 5135 2467 5192 malo
2489 5152 2603 5208 quo
2629 5136 2774 5192 alios
2800 5135 3094 5193 interemit
3123 5135 3249 5206 ipse
3273 5134 3570 5207 punietur,
3601 5135 3755 5191 sicut

2093 5231 2149 5282 et
2179 5227 2248 5282 de
2277 5227 2404 5297 ejus
2428 5225 2721 5282 similibus
2753 5224 3006 5297 Spiritus
3043 5228 3286 5280 sanctus
3318 5224 3375 5278 in
3406 5221 3634 5295 psalmo
3665 5222 3751 5278 lo-

2094 5320 2266 5372 cutus
2297 5320 2423 5371 est:
2469 5315 2721 5371 Gladium
2764 5315 3195 5385 cvaginaverunt
3239 5319 3547 5383 peccatores
3577 5312 3755 5383 (Psal.

2090 5423 2279 5472 xxxvx,
2330 5406 2438 5476 14),
2467 5409 2560 5461 et:
2615 5404 2839 5460 Gladius
2894 5421 3081 5461 eorum
3127 5403 3294 5458 intret
3341 5403 3401 5457 in
3443 5417 3538 5458 cor
3567 5417 3759 5458 eorum

2092 5496 2248 5568 (Ibid.
2285 5496 2394 5563 15).
2428 5494 2696 5552 Notanda
2742 5497 2937 5550 tamen
2968 5497 3056 5550 est
3084 5492 3142 5547 in
3171 5491 3281 5546 hoc
3321 5491 3447 5547 loco
3481 5506 3754 5549 commu-

2090 5586 2232 5641 tatio
2263 5600 2672 5657 personarum.
2720 5583 2866 5639 Nam
2908 5587 2966 5638 et
3007 5581 3281 5654 superius
3330 5580 3618 5638 Dominus
3649 5583 3751 5654 ait,

2093 5675 2247 5749 quod
2279 5673 2597 5731 Behemoth
2645 5672 2896 5728 bestiam
2926 5671 3052 5743 ipse
3099 5669 3302 5727 fecerit
3348 5671 3509 5744 (vers.
3557 5673 3667 5745 10),
3699 5688 3732 5728 e

2089 5780 2246 5837 nunc
2275 5764 2420 5824 dicit
2456 5762 2613 5840 quod
2663 5760 2814 5831 alius
2865 5777 3003 5822 eum
3045 5759 3345 5838 creaverit,
3368 5759 3452 5822 ita
3479 5761 3728 5827 dicendo
