4220 6590
505 440 619 502 831

2012 438 2431 504 ΔΡΡΕΝΒῙΧ.

3812 436 3937 500 832

512 572 645 644 Ipse
672 573 765 627 est
792 566 1149 643 principium
1177 568 1404 630 viarum
1453 574 1576 643 Dei,
1610 575 1713 647 qui
1763 575 1899 631 fecit
1926 574 2161 643 omnia;
2191 574 2250 643 Α
2276 573 2408 641 bus,
2441 574 2507 626 ut
2534 570 2756 628 dictum
2785 574 2896 639 est,
2929 568 2988 625 id
3010 570 3100 625 est
3130 568 3557 641 peccatoribus.
3590 568 3783 640 quiin
3812 573 3935 626 ter-

510 660 667 731 quod
698 659 781 715 ita
810 660 1018 732 exponi
1048 666 1260 733 potest,
1310 663 1448 735 quia
1477 664 1648 720 Pater
1692 664 1753 720 in
1794 664 1936 721 Filio
1966 665 2168 720 omnia

510 748 665 815 fecit,
699 747 856 803 sicut
904 749 1193 820 Propheta
1240 752 1321 807 ait
1367 754 1439 808 ad
1490 756 1675 810 Deum
1720 755 1942 810 :Omnia
1984 756 2044 808 in
2072 771 2169 808 sa-

506 839 723 909 pientia
771 839 955 909 fecisti
1002 838 1177 908 (Psal.
1230 858 1345 913 CIII,
1396 847 1508 917 24).
1558 844 1670 899 Alii
1713 844 2020 899 dixerunt:
2054 846 2168 914 Ipse

511 928 589 980 est
612 926 840 981 initium
867 926 1119 995 ﬁgmenti
1154 930 1415 987 Domini:
1465 935 1621 1005 quod
1652 932 1933 988 illudatur
1961 933 2033 987 ab
2063 949 2164 985 an-

512 1013 661 1085 gelis
689 1015 838 1085 ejus,
885 1014 944 1070 id
988 1022 1078 1071 est
1122 1021 1360 1075 sanctis.
1408 1024 1493 1078 Ab
1544 1023 1635 1077 his
1684 1038 1820 1093 ergo
1860 1020 2164 1086 illudatur,

514 1104 748 1174 quando
775 1120 878 1175 per
925 1106 1172 1176 gratiam
1221 1111 1410 1165 sancti
1460 1112 1733 1184 Spiritus,
1788 1114 1847 1166 et
1886 1110 2163 1165 meritum

513 1192 841 1248 sanctitatis
898 1194 982 1249 eis
1039 1196 1334 1266 subditur,
1393 1205 1450 1256 et
1498 1200 1857 1257 invocatione
1908 1197 2165 1254 nominis

512 1280 726 1338 Christi
774 1282 845 1337 ab
894 1284 1151 1340 obsessis
1202 1291 1543 1359 corporibus
1591 1291 1901 1361 etl'ugatur.
1953 1289 2041 1343 Ab
2080 1288 2164 1343 eis

512 1369 717 1441 utique
749 1369 850 1441 qui
878 1371 1234 1442 deponentes
1264 1393 1496 1434 omnem
1528 1378 1814 1434 malitiam
1844 1382 1902 1432 et
1931 1393 2164 1433 omnem

512 1457 711 1514 dolum
733 1463 791 1514 et
808 1458 1265 1530 simulationem,
1286 1468 1609 1523 secundum
1628 1466 1838 1523 Isaiam
1857 1466 2162 1537 [Petrum},

510 1546 691 1619 geniti
739 1547 993 1604 infantes
1039 1550 1100 1606 in
1148 1551 1377 1610 Christo
1427 1561 1567 1612 sunt
1611 1557 1664 1627 (Ι
1705 1558 1855 1611 Petr.
1907 1572 1970 1622 ιι,
2027 1554 2163 1625 12),

511 1636 581 1690 de
613 1635 829 1706 quibus
879 1635 1102 1708 [Isaias]
1153 1642 1518 1713 prophetavit
1561 1661 1692 1699 cum
1724 1643 1936 1698 virtute
1967 1642 2163 1714 gratia

508 1723 725 1779 Christi
755 1730 959 1781 contra
983 1726 1379 1786 adversarium
1411 1749 1611 1787 eorum
1638 1731 1935 1788 diabolum
1964 1732 2022 1786 in
2053 1731 2164 1803 spi-

507 1812 623 1867 ritu
656 1811 1056 1883 providentia,
1104 1815 1338 1875 dicens:
1374 1823 1438 1876 Et
1487 1821 1841 1877 delectabitur
1878 1822 2066 1891 infans
2095 1822 2164 1875 ab

506 1899 695 1967 ubere,
722 1917 887 1973 super
930 1906 1206 1973 foramine
1252 1909 1481 1979 aspidis,
1521 1914 1577 1967 et
1626 1912 1684 1966 in
1734 1926 2040 1966 cavernam
2072 1926 2162 1965 re-
2191 1945 2239 2012 Β

511 1987 628 2012 -..η-12
705 1990 798 2012 ..με
854 1990 974 2012 -L‘l-
995 1997 1114 2012 _A_1,
1228 1996 1251 2012 ιι
1357 1999 1389 2012 ι.
2038 1999 2092 2012 ι..
2143 2003 2153 2012 .

509 1987 653 2060 guli,
699 1990 802 2062 qui
852 1990 1177 2051 ablactatus
1225 1996 1417 2065 fuerit,
1468 2016 1711 2055 manum
1752 2016 1921 2055 suam
1971 1999 2163 2055 mittet

512 2078 625 2150 (Isa
661 2096 741 2146 x1,
773 2081 885 2153 87).
936 2082 1004 2138 Et
1051 2086 1354 2156 Dominus,
1404 2105 1540 2145 cum
1589 2090 1661 2145 de
1708 2090 1834 2161 ejus
1876 2093 1996 2145 toto
2028 2106 2159 2144 cor-

506 2183 646 2239 pore
675 2167 1032 2240 loqueretur,
1067 2173 1147 2228 ait
1178 2175 1248 2230 ad
1271 2192 1370 2231 eos
1399 2194 1546 2249 quos
1577 2179 1914 2234 innocentes
1944 2183 2002 2233 et
2032 2195 2157 2249 par-

501 2254 670 2312 vulos
718 2256 954 2327 fecerat,
1004 2260 1248 2320 dicens:
1294 2266 1425 2321 Ecce
1467 2267 1613 2323 dedit
1662 2268 1808 2323 vobis
1836 2271 2158 2338 potestatem

505 2346 768 2401 calcandi
793 2363 960 2418 super
985 2356 1287 2422 serpentes,
1316 2370 1367 2410 et
1402 2359 1729 2428 scorpiones,
1760 2364 1811 2413 et
1836 2357 1979 2411 nihil
2006 2357 2159 2411 vobis

505 2435 775 2491 nocebunt
802 2437 950 2508 (Luc.
983 2455 1039 2506 x,
1070 2441 1181 2511 29).

578 2546 606 2573 «
626 2523 773 2579 Huic
790 2531 1018 2582 montes
1038 2526 1249 2585 herbas
1271 2530 1551 2588 fecerunt.
1575 2533 1790 2589 Omnes
1811 2534 2009 2590 bestia
2031 2534 2156 2605 agri

504 2612 706 2668 ludent
737 2613 835 2669 ibi.
871 2637 900 2664 »
930 2617 1001 2670 Hi
1023 2622 1253 2673 montes
1273 2620 1332 2676 in
1356 2620 1587 2678 climate
1611 2622 1917 2693 Aquilonis
1938 2624 2154 2679 consti-

412 2696 421 2703 ’
502 2702 615 2757 tuti
646 2708 805 2772 sunt,
854 2704 955 2760 ubi
1004 2708 1298 2778 superbus
1348 2708 1618 2766 diabolus
1661 2712 1861 2767 sedere
1900 2729 1962 2767 se
1991 2712 2151 2779 dicit,

502 2791 774 2864 inquiens
803 2809 818 2849 :
851 2795 1154 2852 Ascendam
1181 2813 1346 2869 super
1393 2799 1742 2855 altitudinem
1776 2801 2033 2869 nubium,
2065 2817 2155 2857 ero

499 2882 703 2937 similis
748 2881 1208 2951 Altissimo‘(1sa.
1253 2904 1367 2955 xxv,
1423 2889 1531 2956 14).
1565 2890 1718 2954 Quos
1769 2895 2017 2957 montes,
2052 2907 2155 2945 su-

504 2972 713 3042 perbos
744 2987 1012 3043 quosque
1054 2978 1113 3029 et
1140 2974 1391 3032 nimium
1438 2976 1621 3033 elatos
1645 2976 1935 3045 homines,
1969 2995 2035 3034 ac
2061 2983 2151 3034 tu-

504 3074 729 3116 morem
775 3061 968 3117 cordis
1012 3061 1170 3118 illius
1216 3064 1537 3135 imitantes,
1589 3083 1706 3122 non
1736 3066 1989 3123 absurde
2018 3084 2157 3124 sen-

503 3147 708 3204 timus.
741 3152 807 3203 In
839 3148 932 3204 his
961 3149 1142 3223 igitur
1169 3151 1462 3224 habitans,
1505 3154 1916 3226 temporariam
1939 3157 2154 3227 jucun-

505 3236 768 3307 ditatem,
818 3254 945 3310 qua
1000 3240 1315 3298 herbarum
1372 3243 1652 3300 vocabulo
1699 3244 1991 3317 appellata
2041 3250 2154 3312 est,

2276 678 2402 719 ram
2418 661 2587 733 proni
2606 676 2708 717 seu
2723 664 3026 730 vergentes
3043 658 3103 713 in
3120 659 3386 725 Tartara,
3403 656 3615 714 calum
3632 658 3934 732 suspicere

2276 768 2392 807 non
2425 755 2694 821 possunt.

2349 862 2377 889 ι(
2401 840 2517 894 Sub
2551 840 2760 894 umbra
2802 837 3020 893 dormit
3066 836 3127 891 in
3158 840 3378 893 secreto
3425 836 3661 904 calami,
3692 835 3752 892 in
3782 836 3929 893 locis

2275 928 2681 983 humentibus.
2717 950 2746 977 »
2777 928 2938 991 Quod
2974 926 3195 981 umbra
3240 942 3553 997 corporum
3584 925 3723 994 sint,
3754 942 3928 982 nemo

2276 1017 2505 1071 dubitat
2528 1033 2540 1071 :
2575 1017 2675 1071 sed
2711 1017 2919 1072 umbra
2948 1016 3007 1071 in
3031 1015 3349 1088 Scripturis
3368 1015 3584 1071 divinis
3612 1014 3927 1086 aliquando

2275 1106 2505 1177 requies
2535 1109 2592 1161 et
2638 1105 3005 1178 refrigerium
3050 1104 3415 1176 intelligitur,
3460 1104 3776 1175 aliquando
3806 1121 3928 1176 pa-

2274 1213 2379 1249 na.
2410 1194 2571 1250 Unde
2592 1194 2826 1265 dicitur,
2852 1197 3052 1249 umbra
3080 1196 3295 1249 mortis.
3318 1192 3651 1265 Aliquando
3681 1193 3928 1261 umbra,

2273 1287 2508 1356 peccata
2538 1300 2666 1339 esse
2695 1285 3047 1349 referuntur,
3079 1300 3206 1355 qua
3250 1287 3534 1354 tanquam
3564 1282 3777 1338 umbra
3805 1298 3929 1337 cor-

2274 1372 2421 1444 pori,
2453 1372 2553 1439 ita,
2587 1372 2762 1427 morti
2790 1372 2978 1428 vicina
3007 1373 3145 1427 sint.
3178 1372 3242 1426 In
3275 1370 3527 1443 peccatis
3558 1386 3693 1443 ergo
3725 1369 3926 1427 diabo-

2273 1460 2366 1517 lus
2396 1461 2640 1527 habitat,
2675 1466 2733 1516 et
2763 1461 3074 1532 requiescit
3121 1462 3183 1516 in
3213 1464 3435 1516 secreto
3481 1459 3922 1531 cogitationum,

2274 1550 2393 1605 sive
2423 1550 2600 1605 etiam
2633 1549 3010 1605 lumborum:
3043 1550 3197 1605 unde
3239 1552 3297 1605 et
3334 1549 3461 1605 loca
3488 1548 3793 1605 humentia
3819 1567 3921 1622 ap-

2272 1637 2584 1710 pellantur.
2636 1638 2764 1694 Sive
2812 1640 2871 1693 in
2921 1638 3184 1707 secretis,
3232 1638 3293 1693 id
3340 1642 3430 1694 est
3475 1638 3535 1692 in
3567 1638 3923 1695 absconditis

2273 1727 2397 1793 Dei,
2432 1742 2561 1798 qua
2590 1726 2745 1783 Deus
2776 1728 2976 1799 utique
3005 1745 3122 1782 non
3168 1726 3434 1799 requirit,
3468 1730 3525 1782 et
3551 1726 3710 1783 velut
3736 1743 3800 1783 se
3830 1726 3921 1783 in-

2273 1816 2451 1887 digna
2480 1832 2596 1871 non
2625 1816 2859 1872 visitat:
2895 1817 2965 1871 de
2996 1816 3211 1888 quibus
3251 1816 3610 1872 absconditis
3639 1815 3925 1888 propheta

2272 1904 2356 1960 ait
2402 1905 2475 1960 ad
2523 1905 2745 1961 Deum:
2805 1908 2879 1961 De
2922 1906 3250 1961 absconditis
3298 1907 3411 1960 tuis
3453 1903 3790 1976 adimpletus
3845 1909 3925 1962 est

2272 1998 2456 2049 venter
2502 2010 2688 2049 eorum
2748 1993 2923 2065 (Psal.
2982 2012 3094 2062 xvr,
3166 1994 3266 2064 .4).
3321 1997 3566 2049 Peccata
3610 2009 3746 2065 ergo
3789 1998 3920 2050 tau-

2270 2098 2448 2153 quam
2496 2083 2745 2137 tenebra
2794 2084 3233 2139 absconduntur
3281 2100 3315 2138 a
3361 2082 3586 2139 lumine
3635 2083 3917 2140 veritatis.

2268 2173 2418 2242 Sive,
2450 2176 2516 2228 ut
2539 2172 2665 2243 jam
2699 2171 2976 2238 diximus,
3008 2172 3134 2227 loco
3175 2176 3397 2228 remoto
3430 2171 3621 2228 cordis
3650 2172 3920 2229 diabolus

2268 2261 2516 2329 habitat,
2547 2262 2701 2333 quod
2733 2277 2833 2317 cor
2860 2278 3111 2318 vacuum
3133 2262 3343 2318 timore
3373 2262 3470 2317 Dei
3491 2265 3649 2333 patet
3673 2261 3916 2318 vanitati

2266 2354 2325 2406 et
2353 2349 2538 2418 luxui,
2588 2356 2765 2422 atque
2812 2351 3079 2407 omnium
3127 2349 3412 2407 illecebris
3452 2349 3747 2406 vitiorum.
3785 2350 3913 2407 Hac

2266 2440 2423 2495 enim
2454 2440 2667 2496 umbra
2693 2439 2875 2496 solem
2921 2441 3209 2507 nesciens,
3260 2444 3317 2496 et
3345 2440 3554 2496 calami
3585 2444 3807 2496 secreta
3833 2439 3912 2496 si-

2266 2530 2568 2602 gniﬁcant.
2599 2529 2711 2585 Alii
2759 2530 3067 2586 dixerunt:
3125 2530 3232 2585 Sub
3272 2529 3598 2586 omnimodis
3624 2530 3913 2585 arboribus

2264 2619 2468 2673 dormit
2496 2634 2645 2673 secus
2684 2619 2939 2690 juncum,
2978 2622 3028 2675 et
3071 2620 3349 2674 calamum
3392 2622 3446 2675 et
3486 2620 3739 2675 caricem.
3770 2618 3910 2674 Om-

2264 2706 2534 2763 nimodas
2577 2707 2812 2764 arbores
2862 2707 3023 2775 dicit,
3073 2724 3200 2779 qua
3251 2713 3449 2764 tamen
3499 2724 3702 2764 omnes
3726 2706 3912 2766 infru-

2265 2801 2477 2852 ctuosa
2536 2801 2693 2865 sunt,
2746 2813 2863 2854 non
2912 2797 3193 2854 habentes
3245 2796 3562 2854 medullam
3610 2795 3911 2854 charitatis

2264 2885 2388 2952 Dei,
2416 2901 2521 2940 nec
2552 2886 2840 2941 bonorum
2871 2902 3114 2957 operum
3145 2886 3390 2943 fructus.

2337 2997 2366 3023 «
2399 2974 2715 3046 Protegunt
2737 2976 2956 3031 umbra
2991 2976 3261 3032 umbram
3282 2976 3430 3047 ejus.
3463 2998 3492 3027 »
3518 2975 3756 3031 Peccata
3780 2974 3914 3046 ejus

2266 3080 2442 3136 super
2488 3065 2754 3120 omnium
2805 3064 3123 3138 impiorum
3170 3071 3428 3138 peccata,
3476 3069 3535 3121 et
3584 3065 3917 3137 impietates

2265 3152 2548 3222 eminent,
2599 3171 2744 3225 quas
2797 3155 3153 3227 protectione
3200 3156 3456 3227 quadam
3505 3152 3740 3212 malitia
3793 3170 3913 3211 sua
3974 3138 3981 3151 ’

2265 3242 2526 3298 defendit
2553 3246 2612 3298 et
2640 3244 2912 3316 contegit.
2961 3244 3073 3300 Alii
3121 3244 3203 3301 ita
3231 3245 3507 3301 dixerunt
3531 3260 3545 3301 :
3577 3243 3918 3300 Inumbran-

505 3324 566 3382 in
596 3326 680 3383 eis
730 3328 1083 3400 depascitur,
1133 3335 1189 3386 et
1218 3330 1278 3387 in
1328 3332 1479 3388 malo
1527 3333 1769 3390 virentis
1808 3350 1874 3390 ac
1904 3334 2153 3407 vigentis
2184 3321 2229 3390 C
2266 3339 2358 3386 tur
2403 3332 2465 3385 in
2512 3348 2575 3387 eo
2622 3333 2841 3389 arbores
2886 3349 3145 3405 magnae:
3199 3333 3457 3409 ubihoc
3508 3332 3654 3389 mihi
3683 3333 3916 3388 videtur

505 3415 565 3471 in
595 3416 678 3472 eis
707 3415 1023 3489 voluptatis
1052 3420 1233 3475 noxia
1266 3421 1603 3491 delectatur,
1632 3423 1692 3478 in
1732 3424 1946 3495 quibus
1976 3423 2151 3480 etiam

503 3506 803 3562 montibus
833 3524 1035 3566 omnes
1083 3510 1284 3565 bestia
1324 3511 1448 3583 agri
1502 3511 1736 3569 ludunt.
1768 3513 1970 3570 Bestia
2021 3515 2148 3570 ista

502 3595 646 3652 socii
675 3601 899 3653 suntet
946 3597 1203 3655 ministri
1253 3599 1507 3656 diaboli:
1549 3602 1620 3658 de
1660 3602 1878 3674 quibus
1906 3604 1989 3660 ait
2018 3621 2153 3675 pro-

501 3683 700 3755 pheta,
731 3702 908 3743 orans
954 3688 1027 3742 ad
1072 3693 1292 3745 Deum:
1346 3690 1423 3744 Ne
1462 3690 1648 3747 tradas
1687 3693 1871 3747 bestiis
1902 3694 2150 3748 animam

500 3772 844 3842 conﬁtentem
894 3777 997 3831 tibi
1046 3778 1223 3849 (Psal.
1282 3796 1476 3847 Lxxm,
1537 3781 1644 3852 19),
1694 3784 1846 3853 Ager
1888 3798 2021 3838 vero
2056 3782 2151 3838 hic

500 3862 763 3920 mundus
793 3868 901 3934 est,
931 3867 1257 3923 secundum
1299 3872 1707 3925 auctoritatem
1749 3871 1999 3942 Domini,
2035 3889 2153 3944 qua

501 3950 645 4008 dicit
699 3952 757 4009 in
814 3954 1156 4028 Evangelia:
1215 3959 1358 4029 Ager
1411 3961 1596 4015 autem
1650 3970 1731 4017 est
1785 3961 1876 4017 hic
1912 3964 2152 4018 mundus

500 4041 713 4112 (Matth.
761 4060 886 4113 xm,
932 4046 1043 4115 38).
1100 4048 1162 4102 In
1208 4048 1428 4105 talibus
1471 4049 1649 4121 igitur
1696 4050 2014 4123 montibus,
2048 4052 2152 4124 qui

499 4129 712 4188 herbas
740 4132 1003 4203 luxuria,
1035 4152 1151 4193 non
1182 4138 1419 4195 arbores
1452 4139 1783 4197 fructiferas
1811 4142 2028 4213 ferunt,
2061 4143 2147 4198 ha

495 4221 716 4295 bestia,
749 4224 1090 4282 adversaria
1122 4226 1394 4283 videlicet
1421 4233 1758 4301 potestates,
1786 4247 1903 4287 non
1934 4231 2152 4287 haben-

497 4315 587 4368 tes
641 4312 892 4386 rigorem
948 4315 1257 4385 virtutum,
1305 4316 1520 4373 luduut
1575 4319 1736 4375 ﬂuxu
1796 4319 2148 4392 lasciviaque

494 4401 795 4473 vitiorum,
821 4408 879 4460 et
907 4404 967 4461 in
1016 4406 1291 4461 omnibus
1332 4424 1534 4463 eorum
1584 4409 1906 4477 montibus,
1939 4410 1997 4464 in
2029 4426 2149 4467 sce-

494 4489 717 4549 leribus
745 4510 813 4550 ac
840 4494 1109 4551 nefandis
1139 4494 1483 4553 criminibus
1502 4498 1771 4554 videlicet
1798 4497 2143 4571 gloriantur.

492 4579 607 4636 Alii
636 4581 709 4636 de
735 4580 843 4639 hoc
889 4582 1015 4640 loco
1063 4584 1373 4642 dixerunt:
1412 4587 1777 4644 Ascenderunt
1809 4590 1867 4644 in
1904 4600 2146 4647 montem

489 4676 841 4768 praeruptum
865 4674 995 4743 fecit
1020 4675 1290 4768 gaudium
1326 4677 1774 4768 quadrupedibus
1802 4678 1860 4734 in
1897 4680 2141 4737 Tartaro.
2175 4701 2222 4768 Β

494 4759 755 4818 Montem
817 4769 1177 4836 praruptum
1250 4765 1439 4837 ipsius
1508 4766 1793 4839 superbia
1847 4768 2142 4826 diabolica

489 4849 764 4908 verticem
792 4852 1186 4924 signiﬁcatum
1218 4855 1456 4929 puto,in
1478 4872 1653 4928 quem
1684 4857 1934 4914 nimium
1964 4875 2027 4916 se
2055 4877 2147 4915 ex-

489 4939 712 5013 tulerit,
745 4942 829 4999 ita
858 4948 924 5000 ut
952 4944 1024 5001 de
1053 4961 1121 5002 eo
1148 4962 1336 5017 usque
1377 4947 1437 5001 in
1483 4945 1604 5002 ima
1631 4947 1903 5005 caderent
1931 4949 2143 5007 infero-

488 5048 643 5089 rum.
674 5032 830 5090 Fecit
859 5049 995 5107 ergo
1024 5035 1326 5107 gaudium,
1360 5036 1419 5091 id
1459 5040 1567 5107 est,
1601 5037 1760 5094 dedit
1788 5039 2144 5097 consolatio-

491 5139 650 5195 nem,
662 5122 751 5180 vel
765 5122 858 5181 his
871 5124 972 5195 qui
986 5125 1275 5198 superbia
1288 5125 1338 5195 ej
1349 5142 1417 5181 us
1429 5129 1881 5197 consentientes,
1898 5131 1969 5185 de
1980 5128 2142 5186 caelis

490 5213 659 5284 ajecti
690 5217 830 5271 sunt
879 5214 1159 5283 Tartaris,
1212 5215 1553 5288 deputandi,
1588 5216 1673 5273 vel
1706 5218 1800 5274 his
1830 5219 2144 5290 peccatori-

486 5301 622 5370 bus,
654 5304 755 5375 qui
804 5319 909 5376 per
955 5319 1091 5360 eum
1123 5303 1183 5359 in
1228 5304 1519 5375 profunda
1560 5305 1731 5362 inferi
1771 5312 2137 5373 corruerunt,

484 5393 598 5449 sub
629 5409 885 5464 quorum
914 5408 1166 5465 persona
1193 5394 1267 5451 ad
1312 5393 1510 5466 ipsum
1541 5396 1898 5453 damonium
1929 5397 2141 5468 princi-

484 5496 620 5554 pem
650 5482 734 5538 ita
762 5498 957 5540 sermo
1004 5483 1379 5555 propheticus
1420 5484 1718 5557 loquitur:
1761 5488 1824 5540 Et
1853 5489 1914 5540 tu
1940 5486 2138 5540 vulne-

482 5575 642 5627 ratus
669 5587 726 5628 es
749 5574 894 5630 sicut
919 5580 971 5630 et
1013 5589 1118 5631 nos
1144 5574 1427 5645 nostrique
1473 5576 1677 5631 similis
1709 5577 1894 5646 factus
1920 5591 1976 5631 es
2006 5577 2133 5643 (lsa.

484 5676 600 5727 XIV,
659 5661 770 5733 10).
827 5662 1098 5720 Detracta
1152 5666 1242 5722 est
1296 5665 1369 5721 ad
1416 5664 1633 5721 inferos
1692 5663 1969 5735 superbia
2009 5668 2133 5735 tua,

485 5748 741 5811 concidit
758 5752 1002 5815 cadaver
1030 5755 1243 5816 tuum:
1267 5752 1403 5814 fecit
1431 5752 1719 5831 gaudium
1743 5753 2134 5833 quadrupedi-

2263 3419 2501 3489 dixisse,
2535 3421 2690 3493 quod
2722 3423 2991 3493 quamvis
3022 3422 3264 3495 maligni
3311 3423 3576 3495 spiritus,
3608 3421 3694 3478 vel
3722 3420 3917 3477 homi-

2263 3526 2367 3565 nes
2396 3510 2652 3566 ministri
2682 3510 2918 3580 diaboli,
2970 3514 3246 3584 superbia
3285 3513 3407 3569 sint
3451 3510 3682 3581 excelsi,
3712 3515 3913 3566 tarmen

2263 3603 2499 3671 superet
2564 3617 2662 3655 eos
2739 3601 3141 3667 magnitudine
3216 3601 3563 3659 delictorum
3618 3599 3912 3668 diabolus,

2263 3689 2404 3760 quia
2431 3687 2783 3747 scelestioris
2807 3690 3072 3747 criminis
3096 3692 3362 3749 inventor
3379 3696 3489 3759 est,
3510 3706 3688 3764 quam
3710 3689 3913 3746 imita-

2260 3781 2352 3833 tor
2381 3779 2623 3850 peccati.

2337 3887 2361 3915 ι
2394 3868 2857 3925 Circumdabunt
2902 3886 3037 3926 eum
3094 3869 3299 3927 salices
3344 3871 3642 3928 torrentis.
3692 3892 3722 3921 »
3778 3869 3914 3926 Sive

2257 3958 2455 4027 stirpes
2483 3961 2534 4013 et
2564 3959 2885 4029 virgultum,
2930 3963 2996 4015 ut
3039 3958 3138 4015 alii
3180 3958 3474 4016 dixerunt.
3516 3960 3772 4016 Mundus
3801 3959 3915 4015 iste

2259 4046 2522 4103 mortalis
2550 4052 2785 4120 propter
2814 4047 3068 4105 velocem
3113 4047 3534 4104 volubilitatem
3566 4064 3757 4119 suam,
3788 4053 3914 4104 tor-

2260 4136 2442 4192 rentis
2470 4138 2708 4193 nomine
2755 4137 3119 4211 appellatur:
3172 4140 3325 4195 sicut
3378 4145 3435 4193 et
3481 4137 3766 4211 propheta
3803 4138 3910 4205 ait,

2258 4241 2393 4280 cum
2424 4227 2494 4281 de
2525 4228 2799 4299 passione
2828 4227 3060 4284 Domini
3108 4228 3519 4300 prophetaret:
3552 4229 3628 4283 De
3657 4235 3915 4285 torrente

2257 4316 2319 4371 in
2346 4317 2437 4371 via
2469 4317 2612 4372 bibet
2660 4319 2833 4388 (Psal.
2885 4335 2998 4387 cxx,
3046 4319 3125 4390 7).
3178 4318 3624 4390 Dispensatione
3652 4332 3909 4388 namque

2257 4403 2357 4459 illa
2387 4421 2505 4475 qua
2532 4406 2605 4461 ad
2632 4422 2739 4463 nos
2766 4407 2963 4463 venire
2984 4407 3259 4479 dignatus
3278 4412 3386 4476 est,
3414 4407 3475 4463 in
3500 4423 3671 4463 cruce
3697 4404 3908 4461 mortis

2256 4492 2495 4551 calicem
2549 4495 2719 4565 bibit,
2779 4497 2850 4552 de
2896 4514 3012 4569 quo
3058 4496 3199 4552 dicit
3258 4497 3329 4552 ad
3378 4500 3648 4552 Patrem:
3690 4496 3751 4552 Si
3777 4495 3908 4565 ﬁeri

2252 4588 2423 4655 potest
2469 4591 2714 4642 transeat
2760 4602 2798 4639 a
2825 4601 2912 4641 me
2961 4585 3113 4641 calix
3166 4586 3267 4641 iste
3322 4585 3528 4656 (Matth.
3572 4602 3745 4652 xxvn,
3776 4584 3893 4656 39).

2253 4674 2441 4744 Hujus
2472 4691 2609 4747 ergo
2641 4674 2846 4732 mundi
2895 4673 3255 4741 hominibus,
3311 4674 3411 4745 qui
3455 4678 3595 4730 sunt
3630 4673 3902 4730 sensibus

2252 4768 2626 4834 peccatorum
2652 4767 2710 4820 et
2738 4762 2982 4835 perﬁdia
3001 4761 3364 4820 infidelitatis
3397 4764 3753 4821 amarissimi
3778 4766 3904 4819 tan-

2256 4868 2435 4923 quam
2465 4853 2623 4925 folia,
2656 4852 2880 4908 fructus
2911 4852 3196 4909 bonorum
3242 4869 3486 4926 operum
3529 4853 3900 4923 mentientes,

2253 4940 2524 5000 diabolus
2547 4942 2961 5015 circumdatur,
2986 4943 3088 5015 qui
3119 4944 3295 5000 etiam
3317 4945 3377 5000 in
3398 4942 3651 5016 collegas
3671 4959 3904 5000 consor-

2252 5031 2520 5105 tiumque
2540 5033 2895 5105 junguntur.

2324 5123 2522 5179 «Ecce
2551 5125 2887 5182 absorbebit
2932 5124 3200 5191 ﬂuvium,
3248 5128 3306 5179 et
3336 5141 3451 5180 non
3481 5124 3810 5194 mirabitur,
3841 5128 3902 5179 et

2250 5211 2426 5270 habet
2457 5214 2733 5271 ﬁduciam
2763 5215 2919 5287 quod
2950 5214 3160 5269 inﬂuat
3196 5212 3469 5270 Jordanis
3496 5214 3557 5269 in
3588 5230 3654 5269 os
3684 5214 3832 5284 ejus.
3864 5233 3894 5263 ››

2249 5302 2450 5361 Multis
2505 5304 2566 5360 in
2620 5304 2764 5361 locis
2822 5302 3279 5374 Scripturarum,
3344 5303 3607 5358 ﬂuminis
3660 5302 3897 5357 nomine

2247 5408 2436 5464 genus
2466 5392 2795 5450 humanum
2839 5391 3154 5463 significari
3202 5393 3555 5459 noverimus,
3596 5392 3668 5447 de
3696 5407 3808 5460 quo
3838 5394 3899 5446 et

2245 5480 2375 5552 ipsa
2424 5487 2683 5554 potestas
2730 5481 3061 5539 adversaria
3106 5481 3222 5537 ait:
3276 5482 3420 5537 Meus
3466 5490 3545 5537 est
3588 5482 3810 5551 ﬂuvius,
3842 5484 3897 5536 et

2244 5585 2338 5640 ego
2381 5573 2492 5642 feci
2534 5574 2915 5642 memelipsum
2958 5570 3170 5641 (Ezech.
3218 5589 3370 5637 xxix,
3419 5572 3494 5642 9).
3557 5571 3699 5629 Huic
3754 5586 3892 5642 ergo

2245 5658 2441 5732 ﬂuvio,
2471 5661 2729 5719 humano
2756 5659 3020 5718 videlicet
3047 5661 3269 5734 generi,
3299 5662 3361 5717 in
3392 5661 3513 5717 ima
3540 5664 3717 5732 atque
3745 5660 3892 5716 infe-

2241 5748 2418 5826 riora,
2450 5768 2614 5814 more
2640 5751 2904 5814 ﬂuminis
2933 5751 3263 5827 deﬂuentia,
3289 5749 3578 5811 desideria
3606 5749 3893 5830 cupidita-
