4220 6582
317 440 437 504 833

1410 438 1928 503 COMMENTAR.
1970 438 2258 503 IN'JOB.
2301 442 2471 505 CAP.
2518 445 2646 507 XL.

3614 446 3733 520 8321

321 582 469 642 tum,
508 571 928 640 delectationis,
962 571 1383 644 praesentisque
1433 589 1695 629 amorem
1739 572 1967 641 mundi,
1997 573 2053 640 Α
2083 573 2314 631 dicatur
2340 579 2512 649 cujus
2543 578 2780 634 malitia)
2811 583 2987 653 atque
3015 582 3289 655 potentiae
3313 599 3568 659 congrue
3599 590 3698 647 dia

323 665 406 721 ita
434 664 719 729 insinuat,
750 667 815 717 ut
846 678 980 717 eum
1012 661 1325 718 absorbere
1355 662 1560 734 possit,
1594 667 1652 719 et
1680 665 1839 718 velut
1880 663 1971 718 in-

324 755 484 811 ferus
514 751 830 825 deglutire;
861 751 945 807 sic
974 767 1233 822 namque
1254 750 1583 807 humanum
1615 769 1802 824 genus
1833 770 1973 825 prae-

325 861 459 916 ceps
483 843 541 898 in
563 840 899 914 supradicta
923 840 1063 895 vitia
1091 840 1325 905 deﬂuat,
1350 843 1414 896 ut
1430 841 1617 912 possit
1638 842 1711 896 ab
1733 842 1972 897 inimico

325 934 494 989 facile
524 930 803 987 devorari.
866 930 1031 993 Quod
1079 938 1275 984 autem
1323 929 1442 983 ait:
1485 930 1654 984 Habet
1710 931 1974 1000 ﬁduciam

324 1021 463 1097 quod
492 1023 692 1092 inﬂuat
730 1019 986 1076 Jordanis
1034 1020 1098 1073 in
1127 1034 1183 1073 os
1211 1020 1364 1087 ejus:
1411 1018 1687 1073 Jordanis
1737 1020 1970 1090 ﬂuvius,

324 1111 603 1184 baptismi
635 1109 893 1165 continet
910 1112 1343 1163 sacramentum
1371 1125 1384 1173 ;
1412 1107 1555 1162 dum
1578 1107 1636 1162 in
1655 1107 1782 1179 ipso
1805 1107 1971 1162 Chri-

326 1208 454 1257 stus
522 1199 807 1256 Dominus
892 1196 1220 1268 baptizatur
1291 1196 1504 1267 (Matth.
1586 1212 1671 1263 III,
1761 1198 1970 1264 14-16),

324 1294 593 1347 nostrum
624 1288 919 1361 baptisma
957 1290 1362 1341 consecratum
1393 1288 1499 1341 est.
1532 1286 1710 1355 Cujus
1760 1302 1972 1341 secun-

324 1382 467 1437 dum
502 1379 778 1449 mysticos
807 1376 1155 1443 intellectus,
1181 1379 1410 1431 montes
1440 1380 1498 1431 et
1525 1375 1727 1442 colles,
1758 1377 1970 1432 arietes

324 1475 382 1526 et
404 1468 539 1543 agni
580 1468 775 1524 ovium
830 1465 1154 1521 exultanta
1201 1464 1348 1520 facie
1404 1465 1504 1521 Dei
1560 1466 1739 1520 Jacob
1799 1467 1968 1538 (Psul.

324 1578 481 1630 CXIII,
513 1559 671 1629 5-7);
706 1557 803 1628 qui
847 1555 1051 1628 junior
1099 1556 1276 1610 frater
1321 1555 1631 1621 credendo,
1680 1555 1970 1611 seniorem

324 1651 562 1705 fratrem
592 1645 959 1702 incredulum
992 1643 1391 1716 supplantavit
1422 1644 1572 1715 (Gen.
1628 1660 1805 1712 xxvn,
1856 1645 1969 1712 36).

323 1739 402 1795 De
431 1738 601 1809 cujus
629 1734 900 1791 Jordanis
930 1739 1105 1804 terra,
1136 1733 1196 1788 id
1227 1737 1315 1789 est
1360 1733 1638 1800 Ecclesia,
1692 1733 1973 1806 propheta

324 1846 392 1886 ex
420 1843 672 1900 persona
719 1825 1008 1880 credentis
1048 1840 1109 1879 se
1142 1823 1283 1879 dicit
1315 1823 1627 1878 Dominum
1655 1823 1969 1879 recordari.

2081 663 2252 721 bolus
2284 671 2603 738 coaptetur.
2636 669 2954 727 Behemoth
2994 676 3189 727 autem
3240 690 3308 730 eo
3350 678 3508 747 quod
3556 680 3730 736 multi

2082 770 2215 809 cum
2274 772 2340 810 eo
2384 756 2504 812 sint
2549 757 2896 829 appellatur.
2938 761 3083 815 Nam
3136 762 3453 821 Behemoth
3505 767 3724 837 Latine,

2083 846 2241 914 quasi
2266 845 2453 912 plures
2484 864 2694 903 sonare
2724 848 2957 904 dicitur.
2994 850 3152 905 Unde
3184 852 3309 924 ipse
3346 854 3595 930 intelligi
3628 876 3729 932 po-

2080 937 2196 987 test
2226 950 2361 989 cum
2396 936 2571 990 sociis
2601 942 2658 991 et
2680 938 2987 1008 ministris,
3014 944 3072 994 et
3093 946 3268 1010 recte,
3288 944 3457 1028 quasi
3479 946 3727 1021 dicatur,

2083 1022 2183 1092 qui
2214 1040 2248 1077 a
2278 1024 2394 1078 Deo
2426 1041 2541 1079 non
2573 1031 2729 1080 sunt.
2763 1026 3075 1082 Leviathan
3105 1045 3238 1085 vero
3294 1022 3732 1094 additamentum

2083 1111 2322 1181 quidam
2347 1113 2514 1168 aiunt
2534 1114 2922 1186 interpretari.
2946 1117 3092 1180 Quia
3110 1135 3245 1191 ergo
3274 1121 3331 1177 in
3355 1124 3591 1181 veritate
3613 1145 3725 1183 non

2084 1200 2242 1254 stetit
2273 1202 2455 1271 (Joan.
2488 1220 2611 1268 VIII,
2656 1204 2768 1275 41),
2826 1210 2883 1261 et
2927 1208 3212 1265 excedens
3254 1215 3729 1287 praesumptionis

2083 1289 2325 1345 modum
2360 1292 2524 1347 addit
2553 1293 2663 1348 sibi
2696 1295 3059 1366 superbiam,
3088 1299 3257 1370 quasi
3289 1317 3470 1373 supra
3502 1309 3725 1361 natura}

2082 1378 2303 1434 bonum
2335 1379 2393 1435 in
2426 1385 2715 1437 tumorem
2758 1389 2815 1438 et
2862 1386 3133 1441 morbum
3164 1387 3434 1445 elationis
3482 1396 3725 1451 excedit.

2083 1467 2330 1523 Proinde
2351 1469 2817 1527 additamentum
2839 1473 3030 1529 dictus
3052 1480 3142 1530 est
3165 1494 3177 1531 :
3201 1479 3548 1537 vocabulum
3569 1485 3725 1541 enim

2083 1557 2302 1612 factum
2335 1558 2406 1613 de
2461 1559 2724 1615 crimine:
2787 1563 3016 1632 operuit
3063 1567 3453 1625 conditionem
3505 1578 3727 1629 natura:

2081 1646 2269 1713 bonae,
2295 1663 2472 1717 quam
2505 1653 2655 1703 Deus
2685 1650 2874 1705 bonus
2897 1659 3210 1711 creaverat.
3242 1656 3309 1710 Et
3358 1659 3540 1716 Isaias
3594 1679 3731 1735 pro-

2083 1735 2259 1805 pheta
2307 1737 2378 1791 de
2421 1753 2486 1792 eo
2532 1737 2886 1794 vaticinatur
2924 1740 3164 1798 dicens:
3196 1748 3259 1799 In
3309 1746 3398 1801 die
3442 1749 3560 1817 illo,
3611 1751 3731 1808 sive

2082 1825 2375 1896 passionis
2406 1826 2618 1882 Christi
2648 1832 2932 1900 tempore,
2967 1831 3089 1887 sive
3119 1833 3177 1888 in
3222 1835 3472 1892 adventu
3509 1839 3724 1909 judicii

324 1922 369 1975 Α
397 1917 629 1973 Christo
659 1915 865 1987 utique
895 1917 1091 1968 monte
1120 1911 1349 1968 modico
1369 1912 1679 2011 incipiens.
1713 1912 1813 1982 qui
1843 1928 1973 1984 pro-
2000 1945 2053 2011 B
2082 1914 2212 1983 ejus
2237 1929 2250 1968 :
2284 1915 2349 1967 In
2377 1915 2475 1970 die
2501 1932 2639 1988 ergo
2686 1917 2787 1971 illo
2840 1919 3094 1975 visitabit
3136 1921 3401 1980 Dominus
3443 1928 3505 1981 in
3549 1929 3732 1998 gladio

324 2013 456 2082 pter
485 2006 822 2079 passionem
851 2002 1121 2057 modicus
1144 2003 1332 2057 factus
1363 2006 1474 2069 est,
1509 2001 1837 2056 minoratus
1879 2007 1971 2057 est
2000 2001 2050 2011 ”
2079 2017 2181 2057 suo
2205 2003 2343 2058 duro
2372 2008 2424 2058 et
2468 2005 2669 2074 grandi
2725 2014 2777 2059 et
2831 2008 2988 2076 forti,
3049 2024 3216 2082 super
3265 2013 3571 2071 Leviathan
3620 2034 3734 2073 ser-

326 2099 399 2152 ab
429 2094 653 2167 angelis
684 2095 866 2164 (Hebr.
904 2107 966 2146 II.
989 2092 1066 2161 7),
1101 2091 1423 2146 obediendo
1469 2090 1618 2161 patri
1667 2107 1853 2161 usque
1894 2090 1968 2145 ad
2074 2098 2301 2162 pentem
2330 2102 2547 2159 vectem,
2580 2096 2639 2148 ei
2660 2111 2828 2165 super
2845 2097 3143 2152 Leviathan
3172 2111 3471 2172 serpentem
3517 2109 3730 2163 tortuo-

326 2187 575 2241 mortem
607 2183 871 2254 (Philipp.
906 2180 968 2246 II',
999 2181 1075 2251 8).
1110 2180 1215 2233 Hic
1245 2195 1381 2251 ergo
1413 2178 1727 2234 Behemoth
1787 2178 1972 2233 nimia

326 2274 514 2330 elatus
535 2270 882 2335 temeritate,
906 2268 1184 2323 ﬁduciam
1206 2268 1372 2339 gerit,
1397 2272 1462 2322 ut
1481 2267 1822 2338 praedictum
1841 2268 1970 2323 Jor-

324 2364 559 2432 danem,
583 2362 952 2417 sacramenta
981 2355 1248 2412 videlicet
1276 2355 1544 2413 Ecclesiae
1592 2356 1967 2426 ﬁgurantem,

324 2468 423 2510 ore
454 2468 561 2506 suo
583 2440 836 2515 hauriat,
866 2454 925 2503 et
948 2445 1189 2501 vorandi
1220 2444 1493 2516 cupidus,
1527 2461 1635 2500 suo
1665 2461 1800 2500 cum
1830 2462 1968 2499 ven-

324 2548 412 2597 tre
463 2538 793 2595 concludat.
848 2537 910 2591 Id
968 2540 1078 2601 est,
1133 2533 1310 2588 etiam
1360 2550 1458 2589 eos
1515 2549 1664 2604 quos
1725 2534 1969 2605 sanguis

323 2629 539 2686 Christi
572 2645 674 2701 per
702 2642 916 2698 aquam
948 2622 1428 2695 regenerationis,
1464 2638 1644 2693 quam
1693 2622 1967 2678 Jordanis

320 2720 513 2792 typiee
542 2715 856 2790 portendit,
888 2718 947 2769 et
974 2712 1270 2767 ablutione
1302 2710 1555 2781 Spiritus
1586 2711 1771 2766 sancti
1804 2712 1967 2766 rede-

324 2810 454 2877 mit,
504 2808 576 2862 de
629 2804 791 2861 illius
851 2805 1140 2874 potestate
1194 2817 1272 2857 ac.
1316 2799 1633 2855 durissimo
1666 2800 1969 2855 dominatu

324 2897 552 2971 quaerit,
587 2899 653 2949 ut
680 2909 888 2949 rursus
919 2908 1058 2947 suos
1077 2890 1273 2959 faciat,
1302 2905 1405 2945 seu
1427 2887 1654 2945 occulta
1670 2890 1967 2957 suasione,

325 3003 429 3043 seu
462 2981 895 3058 oppugnatione
924 2979 1255 3035 manifesta.

403 3098 423 3125 α
460 3076 524 3130 In
551 3072 740 3129 oculis
767 3071 896 3142 ejus
926 3068 1095 3141 quasi
1126 3068 1304 3123 hamo
1334 3068 1523 3138 capiet
1550 3083 1707 3123 eum.
1731 3089 1759 3116 »
1780 3067 1975 3123 Verba

324 3167 446 3221 hac
474 3163 666 3219 Patris
698 3162 769 3217 de
800 3159 945 3215 Filio
975 3163 1114 3213 sunt
1144 3156 1645 3213 secundumillam
1668 3155 1975 3213 allocutio-

325 3271 483 3325 nem,
514 3255 586 3309 de
615 3268 731 3325 qua
759 3248 1033 3320 superius
1071 3246 1349 3317 diximus,
1404 3245 1504 3300 ubi
1550 3245 1632 3299 ait
1682 3245 1852 3300 Pater
1902 3248 1977 3305 de

2079 2197 2225 2247 sum,
2255 2189 2308 2236 et
2332 2182 2538 2237 occidet
2567 2191 2762 2249 cetum,
2795 2186 2893 2254 qui
2923 2187 2983 2239 in
3006 2191 3153 2242 mari
3180 2194 3261 2245 est
3288 2190 3416 2260 (lsa.
3443 2210 3617 2263 xxx”,
3657 2198 3727 2269 1).

2082 2271 2407 2325 secundum
2440 2272 2546 2325 boc
2575 2272 2770 2342 ipsum
2803 2276 2911 2341 est,
2946 2276 3099 2345 quod
3135 2276 3287 2333 alius
3320 2282 3602 2352 propheta
3652 2286 3732 2340 si-

2082 2359 2304 2413 militer
2332 2361 2415 2415 ait
2445 2361 2516 2414 ad
2550 2360 2767 2416 Deum:
2804 2363 2878 2416 Tu
2897 2366 3237 2434 conﬁrmasti
3263 2370 3325 2422 in
3383 2373 3586 2427 virtuZe
3634 2379 3732 2431 tua

2081 2466 2254 2505 mare.
2289 2451 2363 2503 Tu
2392 2453 2721 2523 confregisti
2772 2461 2935 2520 caput
2990 2453 3290 2511 draconum
3340 2475 3506 2531 super
3561 2481 3735 2536 aquas

2083 2538 2251 2609 (Psal.
2314 2555 2507 2606 LXXIII,
2570 2540 2677 2610 14).
2737 2540 2843 2595 Hic
2900 2541 3025 2612 ipse
3103 2544 3375 2601 diabolus
3447 2553 3730 2623 tanquam

2083 2632 2261 2698 caput
2289 2644 2424 2682 cum
2492 2628 2615 2683 suis
2660 2630 2942 2684 membris
2995 2631 3367 2704 describitur,
3417 2642 3474 2692 et
3519 2656 3730 2714 corpus

2083 2717 2234 2784 ejus,
2286 2721 2341 2770 et
2404 2733 2662 2788 squamae
2712 2718 3107 2775 indissolubili
3156 2722 3364 2793 copula
3410 2728 3732 2797 conjunctae

2083 2809 2419 2859 narrantur.
2458 2807 2619 2859 Hunc
2663 2823 2800 2878 ergo
2850 2807 3167 2865 Leviathan
3217 2813 3530 2871 draconem
3578 2820 3734 2891 typi-

2084 2911 2243 2961 cum,
2274 2895 2357 2949 ait
2384 2894 2668 2950 Dominus
2702 2896 2772 2950 ad
2803 2896 2912 2954 Job
2940 2916 2953 2955 :
3004 2900 3086 2955 Ne
3129 2901 3187 2955 in
3248 2903 3419 2974 aquis
3466 2909 3731 2978 gentium

2085 2984 2441 3053 dominetur,
2473 2989 2535 3038 tu
2570 2985 2812 3039 forsitan
2844 2987 2914 3042 de
2945 2988 3093 3043 mari
3141 2991 3493 3062 pOpulorum
3540 3000 3729 3053 extra-

2086 3071 2221 3128 here
2249 3076 2435 3143 potes,
2468 3088 2643 3142 quem
2673 3072 2848 3130 hamo
2878 3075 3115 3133 virtutis
3147 3095 3310 3146 meas,
3340 3085 3406 3135 ut
3435 3100 3615 3156 supra
3645 3087 3732 3141 di-

2087 3166 2248 3216 ctum
2279 3164 2387 3223 est,
2424 3176 2526 3232 per
2556 3160 2730 3215 ﬁdem
2763 3164 3124 3221 credentium
3184 3169 3488 3226 extrahere
3530 3177 3588 3229 et
3635 3191 3732 3230 ex-

2086 3249 2307 3303 siccare
2338 3248 2624 3319 disposui.
2657 3250 2994 3307 Secundum
3026 3253 3182 3310 hunc
3205 3272 3447 3314 sensum
3470 3265 3559 3316 est
3586 3261 3728 3319 illud

323 3362 413 3411 eo,
442 3314 578 3400 (ἱοω
605 3314 655 3396 e-i
686 3340 758 3395 de
787 3314 922 3393 di'ab
928 3337 979 3392 01
987 3353 1019 3391 ο
1072 3352 1264 3391 sermo
1286 3314 1476 3392 δέδαε
1525 3335 1644 3404 Ipse
1692 3339 1774 3389 εει
1814 3337 1979 3405 prin.
2004 3314 2048 3381 C
2086 3337 2244 3408 quod
2276 3341 2333 3391 et
2356 3314 2638 3392 Dominus
2671 3339 2752 3392 ait
2783 3339 2842 3393 in
2876 3340 3220 3413 Evangelio:
3267 3343 3396 3399 Cum

319 3435 529 3506 cipium
554 3432 777 3486 viarum
811 3429 910 3482 Dei
964 3426 1127 3497 (vers.
1191 3424 1299 3495 14).
1345 3427 1513 3478 Hunc
1558 3421 1739 3493 igitur
1784 3422 1969 3479 Bebe-

320 3523 510 3589 moth,
565 3520 741 3575 homo
794 3514 975 3571 divini
1022 3512 1286 3568 numinis
1336 3526 1508 3566 carne
1570 3510 1829 3567 hominis
1874 3529 1967 3566 as-

319 3607 542 3680 sumpti
568 3605 836 3674 vestitus,
870 3602 928 3656 in
952 3599 1137 3657 oculis
1167 3601 1297 3671 ejus
1325 3598 1514 3669 capiet
1564 3614 1723 3663 eum,
1773 3598 1971 3671 inquit

317 3699 491 3754 Pater
520 3697 592 3751 de
623 3692 786 3760 Filio,
823 3691 978 3762 quod
1012 3687 1311 3744 diabolum
1342 3692 1498 3743 esset
1552 3690 1849 3758 capturus.
1904 3690 1968 3745 In

318 3786 526 3855 oculis,
558 3784 660 3849 ait,
691 3782 749 3836 id
768 3780 936 3836 estin
970 3778 1097 3850 ipso
1127 3776 1520 3848 intelligentiae
1571 3775 1816 3845 lumine,
1866 3778 1968 3832 ubi

318 3881 409 3933 est
436 3876 601 3931 visus
636 3870 969 3943 sapientiai.
1004 3871 1228 3923 naturaa
1278 3864 1663 3922 rationabilis.
1720 3865 1829 3932 Ibi,
1877 3867 1968 3921 in-

318 3982 520 4039 quam,
550 3961 747 4018 divina
777 3957 1067 4032 sapientia
1094 3960 1324 4028 captus,
1358 3955 1501 4010 dum
1533 3971 1636 4026 per
1676 3955 1967 4012 callidita-

318 4061 438 4111 tem
470 4069 640 4110 suam
670 4055 841 4118 atque
871 4046 1188 4103 versutiam
1214 4062 1329 4099 non
1353 4044 1511 4099 videt
1531 4045 1706 4114 cujus
1731 4061 1968 4100 carnem

319 4161 479 4200 mors
509 4140 898 4197 devorandam
935 4134 1340 4207 apprehendit.
1401 4135 1738 4189 Secundum
1785 4135 1969 4207 igitur

317 4234 473 4288 hunc
506 4230 747 4286 modum
780 4231 986 4297 captus
1006 4228 1095 4279 est
1126 4223 1418 4278 diabolus.

392 4342 415 4373 ι
451 4323 515 4376 Et
554 4322 615 4375 in
670 4317 896 4371 sudibus
942 4313 1248 4385 per/"orabit
1294 4329 1459 4367 nares
1504 4314 1703 4385 ejus.»
1742 4315 1808 4368 Id
1858 4319 1967 4382 est,

318 4413 608 4467 furentem
642 4406 922 4462 saevitiam
958 4408 1132 4474 atque
1162 4401 1222 4455 in
1272 4405 1611 4457 sanctorum
1660 4403 1968 4458 interitum

318 4501 693 4558 anhelantem
744 4494 1008 4551 Christus
1040 4491 1325 4547 Dominus
1356 4496 1555 4546 noster
1610 4496 1871 4547 conteret
1912 4497 1971 4547 et

316 4589 723 4665 proturbabit:
758 4590 995 4641 sanctos
1045 4598 1179 4636 vero
1212 4585 1449 4652 propter
1502 4580 1731 4653 lignum
1776 4581 1970 4637 crucis

2078 3433 2262 3479 matus
2291 3424 2523 3479 custodit
2552 3428 2760 3481 atrium
2804 3443 2986 3494 suum,
3022 3431 3082 3483 in
3136 3447 3270 3501 pace
3316 3443 3446 3489 sunt
3496 3454 3561 3492 ea
3608 3456 3735 3510 qua:

2078 3513 2317 3585 possidet
2348 3514 2497 3582 (Luc.
2530 3530 2608 3583 x1,
2638 3516 2751 3582 21),
2785 3520 2842 3569 et
2888 3524 3113 3574 caetera.
3176 3520 3239 3574 In
3289 3522 3478 3592 primo
3530 3532 3727 3584 autem

2080 3604 2328 3659 adventu
2357 3602 2573 3657 Christi
2605 3603 2825 3658 factum
2851 3610 2941 3659 est
2967 3623 3070 3677 per
3097 3610 3345 3679 gratiam
3378 3614 3731 3688 redemptio-

2082 3693 2173 3747 nis
2206 3693 2355 3761 eius,
2391 3696 2457 3746 ut
2503 3693 2575 3747 de
2632 3693 2907 3750 societate
2958 3696 3175 3752 diaboli
3226 3703 3284 3755 et
3330 3700 3731 3762 dominatione

2080 3780 2279 3853 populi
2303 3786 2664 3836 eruerentur.
2700 3781 2763 3837 In
2796 3785 3055 3839 secundo
3090 3803 3224 3843 vero
3271 3789 3521 3848 adventu
3579 3795 3731 3866 ejus,

2080 3870 2274 3926 omnis
2305 3870 2522 3925 diaboli
2554 3875 2812 3942 potestas
2855 3877 2945 3927 est
2974 3875 3312 3946 auferenda,
3362 3883 3729 3956 quandoqui-

2081 3960 2217 4014 dem
2248 3976 2428 4026 mare,
2461 3958 2571 4014 hoc
2599 3965 2690 4014 est
2712 3962 3015 4029 sccculum,
3071 3981 3185 4020 non
3241 3967 3372 4037 erit,
3424 3986 3731 4044 genusque

2082 4049 2374 4104 sociorum
2407 4047 2567 4102 illius
2599 4050 2671 4103 de
2718 4054 2874 4104 terra
2918 4052 3211 4122 peribunt.
3264 4056 3507 4118 Quando
3554 4061 3730 4117 etiam

2082 4140 2372 4208 qureretur
2405 4137 2683 4191 delictum
2715 4137 2897 4207 illius,
2931 4144 2987 4193 et
3018 4157 3133 4196 non
3182 4143 3513 4202 invenietur
3559 4148 3729 4219 (Psal.

2081 4244 2137 4291 x,
2172 4227 2281 4295 15),
2309 4225 2559 4279 Domino
2590 4231 2869 4297 regnante
2900 4228 2958 4281 in
2985 4234 3294 4300 mternum,
3346 4238 3402 4289 et
3434 4235 3490 4290 in
3543 4254 3732 4295 secu-

2080 4314 2203 4369 lum
2235 4314 2432 4369 saeculi
2465 4315 2611 4386 (Luc.
2649 4332 2712 4385 II,
2762 4316 2874 4388 3:3),
2926 4317 3206 4390 absorpta
3256 4328 3444 4380 morte
3495 4329 3732 4383 mortis-

2081 4421 2195 4475 que
2226 4404 2625 4459 inventoribus
2659 4405 2717 4459 in
2751 4407 3196 4466 resurrectionis
3250 4411 3492 4469 victoria
3531 4416 3582 4487 (Ι
3609 4418 3730 4474 Cor.

2081 4510 2174 4561 xv,
2198 4495 2313 4560 54).
2348 4493 2510 4558 Quod
2543 4498 2738 4549 autem
2771 4495 2831 4549 in
2864 4496 2973 4551 hoc
3028 4496 3179 4554 libro
3230 4500 3315 4557 ait
3362 4502 3538 4567 Deus,
3596 4506 3735 4578 quia

2081 4583 2256 4638 hamo
2304 4582 2568 4638 extrahet
2614 4583 2952 4647 Leviathan,
2992 4602 3095 4658 per
3142 4588 3326 4645 alium
3385 4595 3734 4667 prophetam

318 4698 434 4737 non
472 4678 725 4735 absurde
756 4675 850 4730 hic
880 4670 1293 4744 intelligendos
1324 4676 1463 4742 puto
1489 4687 1502 4737 ;
1527 4670 1611 4725 sic
1640 4670 1837 4742 itaque
1865 4670 1971 4725 hu-
1999 4684 2048 4749 Β
2079 4670 2225 4725 illud
2283 4671 2567 4743 loquitur,
2627 4672 2861 4728 dicens:
2922 4675 3248 4747 Expandam
3296 4697 3463 4754 super
3513 4694 3567 4739 te
3622 4695 3736 4742 rete

318 4769 507 4826 miliat
537 4773 595 4823 et
626 4764 941 4835 confringit
979 4759 1970 4831 Dominusinimicum,omnemque
2077 4776 2262 4815 meum
2309 4763 2366 4815 in
2397 4762 2754 4816 multitudine
2780 4763 3137 4835 populorum,
3169 4773 3221 4823 et
3251 4772 3543 4829 extraham
3592 4784 3644 4830 te
3671 4778 3733 4831 in

314 4858 601 4930 impetum
631 4854 861 4909 invidia:
892 4850 1202 4916 saevientis,
1236 4849 1376 4903 dum
1428 4864 1561 4904 eum
1596 4865 1699 4919 per
1730 4849 1965 4904 eosdem

316 4952 553 5005 sanctos
584 4945 745 5017 ligno
780 4959 899 4999 suae
930 4940 1123 4996 crucis
1152 4938 1429 4994 retundit.

394 5060 415 5087 α
452 5039 531 5092 Αη
564 5036 895 5091 exthrahere
912 5032 1114 5102 poteris
1142 5028 1445 5084 Levia/han
1500 5028 1748 5081 hamo?»
1798 5032 1970 5083 Com-

318 5126 568 5183 mutavit
591 5125 842 5197 ﬁguram
873 5118 1228 5192 zenigmatis,
1252 5124 1319 5172 ut
1350 5117 1648 5173 diabolum
1675 5134 1849 5188 quem
1873 5135 1968 5172 su-

314 5216 513 5289 perius
542 5210 861 5270 Behemoth
894 5208 1183 5265 translato
1241 5207 1477 5262 nomine
1528 5206 1755 5261 dixerat
1805 5206 1969 5277 (vers.

317 5308 425 5376 10),
460 5304 730 5361 eumdem
779 5315 937 5354 nunc
986 5298 1301 5354 Leviathan
1362 5294 1650 5366 appellet;
1701 5296 1802 5351 sed
1852 5294 1971 5350 illic

316 5412 449 5452 eum
484 5391 654 5465 quasi
708 5388 956 5444 bestiam
1001 5387 1165 5454 dicit,
1226 5403 1353 5458 qua:
1405 5391 1591 5440 terras
1640 5384 1969 5451 inhabitet;

320 5486 412 5541 hic
441 5498 575 5538 vero
607 5480 687 5535 ita
718 5477 885 5533 illum
918 5476 1200 5543 nominat,
1235 5475 1336 5547 qui
1362 5474 1522 5530 velut
1551 5473 1611 5528 in
1645 5473 1815 5545 aquis
1846 5490 1971 5528 ma-

322 5574 403 5630 ris
433 5570 737 5627 consistat.
795 5567 957 5621 Unde
987 5570 1044 5620 et
1100 5564 1198 5619 alii
1253 5582 1356 5636 pro
1415 5562 1726 5618 Leviathan
1777 5563 1970 5617 draco-

323 5679 449 5718 nem
479 5659 772 5715 dixerunt.
806 5655 967 5711 Unde
988 5653 1171 5709 videri
1209 5657 1401 5725 potest
1421 5653 1577 5724 quod
1610 5652 1971 5707 horrendum

328 5750 526 5811 nescio
557 5747 698 5820 quid
728 5761 915 5818 genus
970 5744 1292 5799 draconum
1330 5742 1407 5800 sit
1437 5743 1594 5815 quod
1654 5741 1971 5799 Leviathan

2081 4866 2287 4920 sagena
2308 4866 2429 4906 mea
2459 4851 2674 4922 (Ezech.
2708 4868 2847 4924 xvn,
2880 4855 2991 4926 20).
3028 4855 3198 4911 Hami
3229 4875 3365 4916 vero
3396 4867 3454 4917 et
3502 4879 3731 4937 sagenze

2083 4939 2471 4994 differentiam
2504 4940 2653 4995 hanc
2682 4957 2811 4997 esse
2841 4943 3111 5001 existimo
3142 4952 3207 5002 ut
3235 4947 3478 5005 hamum
3535 4952 3733 5023 ipsum

2082 5027 2443 5085 Salvatorem
2476 5028 2689 5084 Filium
2722 5031 2841 5101 Dei,
2891 5048 3065 5088 carne
3113 5037 3390 5092 vestitum
3439 5038 3735 5113 intelliga-

2084 5117 2240 5188 mus)
2274 5133 2490 5189 sagena
2521 5122 2718 5173 autem
2748 5120 2863 5175 dici
2922 5127 3114 5193 potest
3168 5125 3354 5181 missa
3399 5127 3732 5197 praedicatio

2082 5205 2400 5277 Evangelii,
2434 5222 2561 5277 qua:
2589 5225 2622 5263 a
2652 5206 2794 5264 solis
2813 5214 2947 5264 ortu
2977 5226 3165 5282 usque
3195 5213 3266 5268 ad
3327 5230 3597 5273 occasum
3648 5218 3732 5275 la-

2083 5295 2315 5350 tissimo
2347 5295 2537 5365 spatio
2568 5296 2647 5350 sit
2675 5313 2953 5369 expansa,
2984 5298 3137 5354 sicut
3184 5305 3241 5355 et
3278 5302 3563 5374 propheta
3610 5300 3729 5363 ait:

2083 5386 2313 5453 Magnus
2368 5385 2633 5439 Dominus
2691 5387 2864 5453 (Psal.
2924 5404 3092 5454 XLVII,
3149 5390 3226 5461 2),
3277 5394 3335 5444 et
3375 5396 3600 5449 caetera.
3662 5396 3732 5452 Et

2083 5474 2358 5545 deinceps
2390 5473 2491 5541 ait,
2532 5474 2774 5529 dilatans
2800 5476 3221 5532 exsultationem
3263 5482 3540 5539 universe
3570 5492 3730 5543 terra

2083 5563 2268 5635 (Ibid)
2298 5566 2431 5625 Quae
2465 5579 2684 5635 sagena
2740 5564 3168 5635 praedicationis
3210 5566 3451 5637 Christi,
3502 5575 3730 5632 Veteris

2081 5651 2437 5707 Testamenti
2471 5652 2696 5724 ﬁguris,
2733 5656 2789 5707 et
2817 5652 3314 5724 significationum
3365 5657 3729 5735 imaginibus

2085 5741 2406 5813 multisque
2434 5740 2724 5811 ejusmodi
2754 5741 3066 5813 Scriptum
3118 5745 3496 5820 testimoniis,
3544 5753 3726 5811 veluti
