4220 6566
480 416 600 482 835

1969 405 2391 472 APPENDIX.

3769 393 3893 462 836

478 552 652 612 nodis
707 549 951 624 illigatis
1007 551 1099 607 est
1147 545 1331 606 solide
1406 545 1701 618 roborata,
1772 560 1953 618 quam
2015 544 2129 600 ceti
2157 544 2214 611 Α
2242 539 2474 597 ancillis
2502 538 2668 597 tuis?
2692 561 2715 590 ι
2746 542 2815 596 In
2835 539 3091 604 tantum,
3119 534 3203 592 ait
3251 530 3561 624 Dominus,
3618 530 3893 592 humilia-

483 641 681 713 multi,
709 648 768 698 et
796 641 1081 697 dracones
1111 637 1440 705 saevissimi,
1459 637 1665 693 mundi
1695 635 1869 692 istius
1888 631 2056 705 impii
2077 636 2134 689 et

484 736 774 806 potentes,
826 729 1092 786 scindere
1122 732 1180 784 et
1210 742 1481 798 rumpere
1527 728 1917 791 tentaverunt,
1958 723 2133 793 idque

485 839 602 879 non
634 824 952 893 potuerunt
980 818 1230 888 efficere,
1262 815 1402 888 quia
1423 815 1659 870 ﬁrmum
1682 813 2133 869 fundamentum

486 911 589 969 Dei
618 908 774 975 fecit,
809 912 866 963 et
914 905 1159 962 convelli
1213 920 1585 977 nequaquam
1636 906 1846 975 potest.
1892 901 2039 966 Quia
2083 899 2135 955 si

487 1005 642 1055 Deus
673 1013 776 1069 pro
808 996 998 1059 nobis,
1032 994 1166 1067 quis
1197 999 1398 1050 contra
1437 1010 1543 1048 nos
1590 993 1763 1063 (Rom.
1816 1007 1937 1055 VIII,
1996 989 2085 1059 31)
2107 988 2135 1041 ‘?

487 1086 739 1144 Proinde
773 1084 1098 1142 secundum
1129 1083 1281 1138 hanc
1302 1080 1723 1153 expositionem
1747 1079 1900 1134 idem
1925 1094 2135 1133 sensus

489 1178 550 1233 in
581 1176 758 1231 hamo
794 1180 852 1229 et
881 1189 1098 1246 sagena
1128 1171 1512 1243 dignoscitur.
1546 1169 1691 1224 Cum
1725 1185 1861 1241 ergo
1891 1166 2138 1221 dixisset

491 1264 777 1321 Dominus
833 1262 906 1318 ad
960 1261 1093 1331 Job,
1154 1259 1463 1315 Extrahere
1528 1257 1746 1330 poteris
1826 1255 2135 1312 Leviathan

491 1352 668 1410 hamo
690 1353 717 1407 ?
746 1351 828 1408 ait
857 1351 908 1406 ei
934 1368 947 1406 :

565 1464 593 1493 «
622 1445 690 1497 Et
719 1440 857 1496 fune
883 1438 1093 1512 ligabis
1144 1438 1408 1511 linguam
1466 1436 1632 1507 ejus?
1666 1458 1687 1485 ι
1748 1434 2138 1499 Quemadmo-

492 1534 636 1589 dum
664 1546 735 1586 ex
762 1528 1032 1602 pluribus
1066 1526 1369 1599 particulis
1426 1524 1819 1597 subtegminis
1850 1523 2009 1580 funis
2056 1523 2143 1578 in-

492 1620 727 1687 texitur,
756 1625 821 1674 ut
859 1618 961 1672 ﬁat
989 1617 1291 1672 vinculum
1345 1631 1460 1687 quo
1491 1614 1722 1687 possint
1750 1613 1950 1685 aliqua
1977 1611 2140 1668 colli-

492 1709 617 1783 gari
646 1725 660 1777 ;
692 1708 778 1762 ita
833 1710 892 1760 et
928 1704 1199 1760 diabolus
1228 1704 1299 1759 de
1345 1702 1724 1758 multitudine
1773 1706 2142 1773 peccatorum

493 1812 759 1865 suorum,
793 1793 960 1866 quasi
987 1794 1058 1848 de
1087 1791 1497 1847 resticulorum
1528 1790 1856 1863 particulis,
1912 1788 2146 1845 vincula

498 1885 612 1944 sibi
642 1882 1062 1955 sacrilegorum
1092 1881 1251 1937 velut
1281 1881 1418 1935 fune
1449 1878 1853 1952 blasphemiis,
1879 1878 2146 1951 etlingua

498 1974 659 2029 illius
690 1970 947 2044 colligat,
984 1974 1048 2025 ut
1097 1969 1174 2025 sit
1219 1986 1285 2025 os
1332 1969 1699 2025 obstructum
1749 1972 1925 2040 atque
1981 1967 2148 2039 oppi-

494 2062 685 2118 latum
716 2058 1014 2132 loquentis
1045 2058 1416 2130 iniquitatem
1448 2059 1625 2129 (Psal.
1657 2074 1795 2123 an,
1831 2059 1939 2129 12).
1973 2058 2043 2111 Et
2086 2057 2146 2111 in

500 2148 825 2207 Proverbiis
858 2148 1208 2219 Salomonis,
1241 2148 1313 2203 de
1344 2147 1641 2203 similibus
1694 2148 1821 2218 ejus
1863 2146 2148 2217 scriptum

500 2247 620 2297 est:
659 2239 906 2297 Vinculi:
930 2241 1272 2309 peccatorum
1326 2252 1553 2292 suorum
1599 2236 1974 2307 unusquisque
2017 2251 2147 2290 con-

501 2330 795 2400 stringitur
823 2329 1005 2397 (Prov.
1036 2344 1091 2393 v,
1140 2326 1253 2396 22).
1303 2330 1372 2381 Et
1428 2325 1565 2381 inde
1607 2331 1697 2381 est
1746 2324 1902 2395 quod
1950 2329 2003 2379 et
2040 2325 2147 2379 Do-

504 2418 704 2474 minus
732 2416 791 2471 in
822 2414 1132 2487 Evangelio
1191 2414 1423 2487 pigrum
1472 2420 1530 2469 et
1577 2412 1846 2468 inutilem
1894 2428 2147 2477 servum,

504 2506 703 2579 ligatis
735 2504 1011 2561 manibus
1070 2508 1127 2559 et
1182 2503 1455 2575 pedibus,
1503 2502 1860 2558 mittendum
1911 2501 2055 2556 dicit
2091 2500 2151 2556 in

505 2596 774 2652 tenebras
819 2593 1133 2650 exteriores
1160 2593 1365 2665 (Matth.
1419 2610 1549 2659 xxv,
1579 2593 1692 2663 30),
1746 2591 1803 2645 id
1852 2596 1965 2656 est,
2018 2592 2151 2645 vin-

505 2683 653 2742 culis
682 2688 1056 2756 peccatorum
1090 2698 1355 2746 suorum,
1391 2698 1519 2753 qum
1569 2684 1844 2752 operatus
1891 2684 1999 2747 est,
2060 2695 2149 2734 se-

505 2774 767 2830 cundum
797 2772 1066 2829 divinum
1089 2770 1385 2842 judicium
1420 2770 1636 2843 ligatus
1665 2768 1918 2825 mittitur
1947 2769 2006 2823 in
2037 2784 2155 2840 pae-

506 2880 650 2919 nas:
686 2862 842 2934 quod
874 2866 931 2916 et
961 2862 1085 2932 ipse
1116 2860 1402 2916 Dominus
1444 2859 1505 2914 in
1538 2859 1791 2930 quodam
1852 2856 1977 2913 loco
2025 2873 2150 2912 ma-

508 2949 889 3005 nifestissime
935 2947 1380 3014 demonstra-vit,
1436 2947 1672 3018 quando
1734 2944 2031 3017 ﬂagellum
2081 2946 2153 3000 de

505 3038 840 3093 Iudaeorum
874 3034 1168 3092 resticulis
1198 3036 1351 3099 fecit,
1401 3050 1618 3106 eosque
1672 3033 1809 3089 inde
1850 3032 2152 3106 ﬂagellans

509 3126 582 3181 de
606 3124 825 3197 templo
858 3124 1029 3196 ejecit
1057 3124 1235 3195 (Joan.
1272 3141 1331 3189 ιι,
1368 3124 1477 3193 15).

2240 630 2402 687 bitur
2430 629 2701 687 draconis
2748 628 2920 685 istius
2951 626 3249 693 fortitudo,
3281 629 3339 682 et
3384 623 3625 681 omnino
3671 640 3778 697 pro
3807 624 3896 681 ni-

2244 719 2363 775 hilo
2392 719 2539 787 erit;
2600 724 2665 775 ut
2707 717 3045 773 illudendus
3089 715 3396 781 habeatur,
3445 718 3503 770 et
3552 712 3892 771 illudendus

2244 809 2465 867 sanctis
2492 809 2717 881 angelis
2743 806 3236 879 deputetur,sicut
3255 810 3314 860 et
3334 804 3648 877 suprajam
3667 804 3890 860 dictum

2246 903 2355 954 est.
2389 898 2551 961 Quod
2582 903 2777 952 autem
2809 895 2977 968 quasi
2999 894 3121 951 avis
3145 893 3692 965 illudiperhibetur,
3717 893 3890 966 quasi

2245 1003 2337 1043 res
2364 1004 2540 1059 parva
2569 991 2625 1042 et
2654 985 2903 1041 minima
2944 985 3017 1041 ad
3050 982 3370 1056 potentiam
3428 982 3531 1039 Dei
3579 981 3886 1051 habeatur,

2244 1077 2367 1132 avis
2398 1076 2634 1131 nomine
2662 1074 2843 1130 voluit
2870 1075 3309 1129 demonstrare:
3343 1072 3617 1143 quodque
3646 1070 3892 1144 alligan-

2246 1166 2357 1221 dus
2389 1164 2621 1220 ancillis
2651 1164 2886 1232 dicitur,
2923 1162 3070 1219 illud
3100 1167 3191 1218 est
3216 1162 3372 1234 quod
3420 1162 3547 1233 ipse
3605 1160 3891 1218 Dominus

2247 1255 2308 1310 in
2358 1253 2665 1326 Evangelio
2717 1253 2796 1309 ait
2853 1253 2925 1308 ad
2986 1252 3309 1324 discipulos
3356 1267 3532 1307 suos:
3586 1252 3721 1306 Ecce
3765 1251 3892 1308 dedi

2246 1346 2396 1400 vobis
2420 1348 2752 1416 potestatem
2779 1342 3031 1398 calcandi
3052 1358 3217 1413 super
3244 1350 3515 1412 serpentes
3550 1345 3602 1396 et
3648 1343 3890 1411 scorpio-

2246 1450 2362 1500 nes,
2403 1438 2455 1488 et
2482 1448 2646 1504 super
2673 1447 2889 1487 omnem
2919 1433 3175 1487 virtutem
3202 1430 3442 1496 inimici,
3472 1434 3526 1485 et
3569 1429 3721 1485 nihil
3740 1431 3896 1487 vobis

2247 1522 2465 1578 nocebit
2483 1524 2633 1590 (Luc.
2665 1539 2720 1589 ιι,
2758 1522 2866 1591 19).
2898 1520 2991 1575 Sic
3020 1520 3218 1592 itaque
3269 1518 3543 1592 alligatur
3578 1523 3763 1591 atque
3816 1517 3891 1574 il-

2249 1610 2477 1667 luditur
2505 1629 2541 1667 a
2570 1612 2789 1667 sanctis
2819 1610 3131 1665 animabus
3159 1608 3282 1678 Dei,
3314 1626 3442 1681 quae
3484 1612 3624 1663 sunt
3670 1607 3893 1664 ancilla:

2251 1700 2462 1756 Christi
2489 1719 2502 1767 ;
2535 1701 2676 1755 dum
2708 1701 2779 1755 ab
2809 1699 2893 1755 eis
2925 1699 3036 1772 ipsi
3076 1703 3134 1754 et
3177 1699 3309 1770 ejus
3339 1698 3516 1755 sociis
3552 1698 3895 1770 imperatur,

2252 1796 2309 1847 et
2338 1791 2409 1845 de
2432 1788 2775 1861 corporibus
2806 1789 2878 1844 ab
2908 1804 2975 1844 eo
3005 1788 3263 1844 obsessis
3294 1788 3457 1844 abire
3482 1785 3892 1860 compellitur:

2256 1878 2468 1951 cuique
2498 1896 2601 1951 per
2632 1879 2968 1933 universum
3018 1877 3309 1933 mundum
3368 1876 3630 1949 quotidie
3676 1877 3900 1949 captiva

2260 1968 2523 2023 aufertur
2551 1967 2883 2039 captivitas,
2913 1966 3206 2037 quomodo
3237 1971 3294 2021 et
3322 1966 3649 2022 secundum
3679 1970 3899 2038 Apoca-

2258 2056 2473 2129 lypsim
2497 2073 2600 2128 per
2628 2055 2787 2112 mille
2816 2072 3001 2112 annos
3031 2054 3305 2128 alligatus
3355 2054 3570 2111 dicitur
3594 2057 3773 2128 (Apoc.
3802 2073 3897 2124 xx,

2258 2148 2336 2217 2),
2369 2146 2526 2217 quod
2557 2162 2588 2200 a
2621 2151 2784 2217 parte
2814 2145 2887 2199 ad
2925 2150 3117 2200 totum
3148 2143 3518 2217 intelligitur,
3577 2145 3899 2201 secundum

2261 2233 2593 2307 apostolum
2642 2234 2744 2305 qui
2776 2235 2888 2290 ait:
2932 2235 3141 2302 Filioli,
3200 2235 3500 2290 novissima
3545 2235 3683 2289 hora
3728 2244 3808 2289 est
3856 2234 3908 2304 (I

2257 2325 2412 2380 Joan.
2470 2341 2533 2394 ιι,
2594 2324 2730 2394 18),
2788 2340 2857 2378 ex
2913 2327 3175 2394 tempore
3223 2323 3506 2379 adventus
3559 2322 3785 2379 Domini
3842 2323 3903 2380 in

2261 2430 2432 2469 carne
2490 2418 2710 2469 nostra.
2790 2414 2991 2484 Itaque
3038 2412 3313 2485 alligatus
3372 2417 3489 2468 est:
3540 2428 3613 2468 ne
3668 2413 3908 2469 seducet

2261 2503 2478 2559 Christi
2509 2503 2699 2574 gratia
2729 2507 2786 2557 et
2806 2501 3206 2573 redemptione
3236 2500 3570 2558 salvaudos.
3602 2500 3717 2556 Alii
3746 2501 3906 2558 dixe-

2262 2597 2399 2648 runt
2422 2617 2437 2648 ε
2467 2592 2735 2663 Altigabis
2764 2609 2890 2647 eum
2920 2594 3060 2647 sicut
3082 2607 3361 2663 passerem
3387 2592 3688 2661 infantulo,
3748 2592 3904 2663 quod

2262 2686 2371 2749 est,
2404 2682 2475 2737 ab
2507 2680 2795 2737 infantulo
2828 2686 3096 2736 teneatur
3140 2686 3425 2753 praecepto
3480 2680 3711 2752 imperii
3766 2680 3903 2746 mei,

2262 2775 2320 2826 et
2346 2769 2505 2825 velut
2534 2768 2749 2842 ligatus
2775 2767 2835 2824 in
2868 2772 3213 2840 potestatem
3243 2769 3523 2825 tradetur.
3555 2769 3659 2826 Hic
3689 2775 3779 2826 est
3810 2768 3908 2825 ille

2261 2857 2457 2914 infans
2486 2859 2558 2913 de
2587 2874 2703 2930 quo
2732 2856 2910 2914 Isaias
2942 2858 3060 2913 ait:
3092 2859 3283 2929 Infans
3332 2858 3399 2913 ab
3428 2860 3593 2914 ubere
3638 2861 3700 2914 in
3747 2861 3905 2929 fora-

2260 2950 2414 3003 mine
2455 2947 2707 3019 aspiciam
2764 2964 2989 3002 manum
3026 2948 3206 3002 mittet
3256 2947 3383 3018 (lsa.
3445 2964 3523 3014 ιι,
3555 2947 3648 3018 8);
3682 2946 3783 3019 qui
3814 2948 3906 3001 in-

2262 3037 2393 3093 fans
2424 3036 2725 3109 pr0pheta,
2757 3036 3026 3107 quamvis
3058 3036 3134 3092 sit
3154 3041 3389 3091 centum
3416 3051 3705 3092 annorum
3736 3052 3906 3108 puer,

2263 3142 2363 3195 per
2392 3126 2606 3182 Christi
2639 3126 2885 3198 gratiam
2918 3125 3223 3192 morietur,
3277 3125 3337 3180 id
3393 3130 3501 3193 est,
3553 3131 3793 3182 sanctus
3849 3132 3914 3181 et

583 3236 611 3262 ‹‹
644 3212 941 3285 Numquid
973 3229 1155 3284 pones
1186 3211 1472 3267 circulum
1498 3212 1559 3268 in
1581 3212 1823 3268 naribus
1871 3212 2020 3283 ejus,
2053 3216 2155 3267 aut
2262 3215 2542 3272 innocens
2572 3216 2643 3271 ad
2674 3215 2859 3271 Deum
2881 3215 2953 3271 de
2982 3216 3091 3270 hoc
3120 3214 3330 3270 seculo
3368 3215 3698 3287 emigrabit.
3741 3215 3911 3271 Hunc

511 3301 744 3359 armilla
786 3301 1108 3373 perforabis
1157 3301 1459 3357 maxillam
1509 3302 1680 3373 ejus?
1701 3324 1730 3354 »
1784 3302 1914 3357 Sive
1970 3309 2154 3369 capta-
2183 3288 2229 3357 (ἶ
2265 3322 2401 3376 ergo
2440 3305 2723 3360 infantem
2776 3304 3036 3376 accipere
3089 3305 3370 3360 debemus
3419 3320 3902 3377 unumquemque

514 3392 725 3460 butum,
767 3396 832 3446 ut
859 3389 958 3446 alii
1019 3391 1327 3447 dixerunt:
1388 3394 1459 3447 Et
1510 3391 1744 3448 armilla
1796 3392 2157 3463 perforabis:

510 3481 652 3547 sive,
708 3484 772 3535 ut
821 3478 921 3535 alii
981 3478 1272 3547 dixerunt,
1315 3481 1526 3552 forcipe
1582 3482 1877 3552 pertundes
1945 3482 2163 3536 labrum

509 3571 645 3640 eius.
678 3568 895 3625 Circuli
925 3567 1242 3641 captapuli,
1277 3568 1515 3642 forcipis
1568 3575 1625 3626 et
1680 3569 1923 3626 armilla:
1972 3570 2162 3627 nomi-

513 3659 710 3724 nibus,
759 3656 1175 3729 intelliguntur
1233 3673 1534 3714 sermones
1587 3658 1795 3714 divinae
1865 3661 2160 3730 potentia,

514 3745 730 3817 quibus
761 3746 1052 3817 superbus
1082 3749 1256 3816 atque
1284 3745 1669 3818 blasphemus
1698 3747 2043 3805 humiliatus
2074 3754 2164 3805 est

513 3850 548 3890 a
578 3834 695 3890 Deo
726 3838 783 3890 et
813 3833 1068 3890 attritus.

588 3946 617 3973 ‹‹
650 3923 950 3995 Numquid
984 3922 1399 3995 multiplicabit
1426 3925 1499 3980 ad
1541 3930 1596 3981 te
1643 3942 1867 3997 preces,
1926 3931 2027 3981 aut
2076 3926 2163 3982 lo-

516 4016 727 4084 quetur
754 4011 862 4067 tibi
895 4012 1141 4068 mollia?
1162 4035 1191 4062 ››
1225 4013 1373 4079 Sive,
1421 4018 1486 4068 ut
1542 4013 1639 4068 alii
1690 4014 2000 4069 dixerunt:
2057 4017 2164 4071 Aut

513 4104 765 4174 toquetur
791 4101 894 4157 tibi
925 4100 1121 4157 blande
1141 4102 1169 4156 ‘I
1199 4101 1316 4157 Soli
1348 4102 1486 4170 Deo,
1519 4104 1690 4174 cujus
1722 4109 2051 4160 creaturam
2103 4122 2164 4161 se

512 4207 641 4247 esse
672 4190 990 4264 cognoscit,
1014 4195 1104 4247 est
1133 4190 1428 4259 subditus,
1462 4197 1640 4264 atque
1669 4192 1723 4248 ei
1744 4198 1970 4249 tantum
1989 4210 2163 4265 quem

512 4280 642 4352 ipsa
669 4279 1027 4337 conscientia
1056 4285 1246 4352 pavet,
1288 4280 1523 4336 animus
1557 4282 1685 4351 ejus
1715 4283 2009 4355 superbus
2062 4283 2164 4337 ad-

515 4369 750 4426 dicitur.

587 4480 616 4509 ‹‹
647 4458 948 4530 Numquid
979 4458 1147 4514 feriet
1175 4463 1370 4513 tecum
1410 4464 1645 4530 pactum
1669 4466 1726 4516 et
1753 4461 2007 4533 accipies
2029 4479 2165 4520 eum

516 4563 752 4603 servum
783 4546 1212 4619 sempiternum
1238 4546 1265 4602 ?
1295 4569 1324 4596 »
1353 4546 1509 4603 Licet
1565 4548 1642 4604 sit
1688 4549 1921 4606 rebellis
1981 4557 2037 4607 et
2076 4555 2167 4609 ni-

2270 3401 2632 3465 sanctorum,
2666 3395 2766 3465 qui
2795 3395 2865 3449 de
2892 3395 3067 3459 fonte,
3095 3394 3152 3449 id
3185 3398 3274 3449 est
3301 3394 3371 3449 de
3393 3399 3558 3450 utero
3591 3392 3795 3449 matris
3813 3393 3918 3448 Ec—

2271 3484 2481 3552 clesiae,
2513 3490 2797 3555 tanquam
2813 3484 3008 3538 infans
3032 3488 3143 3539 Deo
3165 3487 3403 3539 renatus
3424 3488 3534 3547 est,
3556 3487 3917 3554 etpraacepta

2271 3572 2522 3641 Domini,
2554 3572 2712 3628 velut
2740 3571 2958 3627 lacteos
2989 3572 3149 3627 cibos
3178 3572 3250 3627 de
3278 3572 3408 3643 ejus
3429 3571 3711 3627 uberibus
3733 3571 3915 3642 sugit.

2343 3687 2371 3713 ‹‹
2400 3661 2718 3718 Concident
2746 3677 2882 3716 eum
2912 3660 3104 3725 amici,
3139 3660 3402 3716 divident
3431 3659 3600 3715 illum
3658 3660 3921 3731 negotia-

2270 3756 2495 3807 tores.»
2531 3750 2717 3805 Amici
2746 3755 2803 3805 et
2856 3749 3243 3821 negotiatores
3293 3749 3413 3817 isti,
3463 3748 3651 3805 sancti
3711 3747 3925 3804 intelli-

2272 3840 2446 3913 gendi
2475 3843 2635 3906 sunt,
2668 3855 2872 3894 omnes
2922 3838 3098 3893 etiam
3152 3837 3413 3893 veritatis
3468 3838 3918 3907 praedicatores:

2273 3930 2487 4002 quibus
2519 3928 2784 3984 Christus
2815 3926 2994 3982 Filius
3015 3925 3115 3981 Dei
3146 3925 3266 3981 ait:
3308 3926 3398 3980 Vos
3426 3927 3595 3979 amici
3624 3927 3735 3981 mei
3785 3927 3922 3981 estis

2272 4020 2456 4090 (Joan.
2488 4035 2579 4085 xv,
2614 4018 2722 4087 14).
2759 4018 3021 4087 Itemque
3051 4015 3120 4069 de
3162 4014 3371 4069 iisdem
3423 4030 3525 4085 per
3571 4014 3922 4085 parabolam

2273 4107 2453 4163 dicit:
2489 4107 2688 4162 Simile
2733 4110 2811 4161 est
2841 4121 3071 4176 regnum
3099 4104 3356 4160 actorum
3403 4104 3615 4157 homini
3669 4105 3920 4172 negotia-

2274 4199 2403 4264 tori,
2433 4197 2702 4267 quaerenti
2733 4196 2924 4250 bonam
2956 4195 3319 4264 margaritam
3350 4191 3567 4262 (Matth.
3625 4209 3751 4259 xm,
3806 4192 3920 4262 45),

2275 4291 2333 4342 et
2362 4290 2587 4340 caetera.
2620 4285 2728 4349 Qui
2756 4300 3002 4356 regnum
3058 4284 3181 4351 Dei,
3236 4288 3292 4337 et
3321 4287 3547 4337 aeternae
3584 4281 3714 4335 vita:
3776 4296 3923 4352 pra:-

2283 4373 2471 4428 mium
2494 4372 2648 4427 velut
2678 4372 3167 4443 pretiosissimam
3198 4370 3577 4443 margaritam
3610 4369 3669 4424 in
3698 4366 3922 4423 venali-

2275 4462 2389 4517 bus
2420 4466 2852 4533 proposuerunt
2882 4461 3123 4525 mundo,
3158 4464 3224 4513 ut
3245 4458 3651 4529 unusquisque
3673 4456 3922 4513 credito-

2278 4567 2410 4605 rum
2440 4551 2653 4605 vendat
2710 4565 3075 4620 quascunque
3132 4546 3425 4613 habuerit,
3477 4545 3922 4601 delectationem

518 4634 705 4691 mium
734 4635 1021 4702 tumidus,
1056 4635 1288 4709 cogitur
1314 4640 1511 4692 tamen
1565 4644 1743 4710 atque
1798 4640 2165 4712 compellitur
2194 4657 2244 4727 D
2280 4639 2501 4696 scilicet
2528 4639 2657 4693 vita:
2687 4636 3014 4709 prmscntis,
3047 4635 3140 4690 his
3172 4633 3570 4690 mercimoniis
3609 4638 3926 4689 commutet

518 4723 707 4796 ipsius
738 4728 960 4780 natura:
991 4724 1165 4792 bono,
1198 4725 1355 4797 quod
1385 4725 1438 4781 ei
1470 4726 1530 4781 in
1553 4727 1958 4785 testimonium
1985 4731 2163 4802 justas

518 4812 917 4870 damnationis
947 4814 1076 4886 ejus
1096 4830 1166 4869 ex
1196 4820 1360 4886 parte
1391 4832 1507 4871 non
1539 4817 1711 4888 perit,
1749 4823 1812 4873 ut
1850 4818 2166 4875 Dominum

516 4905 838 4959 creatorem
869 4919 1066 4972 suum,
1096 4901 1302 4959 saltem
1338 4908 1403 4959 ut
1433 4921 1636 4961 servus
1666 4905 1882 4972 malus,
1914 4924 2044 4964 esse
2090 4909 2171 4964 fa-

518 4996 731 5049 teatur.
760 4992 881 5048 Hoc
908 4996 997 5048 est
1026 4998 1263 5065 pactum
1286 4993 1406 5049 sive
1436 4997 1852 5051 testamentum
1911 4997 2067 5067 quod
2118 4997 2171 5052 ei

519 5098 655 5138 cum
685 5081 802 5137 Deo
834 5081 983 5137 inire
1014 5087 1370 5155 praeceptum
1401 5087 1509 5138 est.
1543 5082 1705 5139 Unde
1735 5089 1793 5140 et
1813 5084 1939 5156 ipse
1970 5085 2171 5141 Domi-

523 5188 637 5227 nus
668 5170 777 5228 ait:
821 5171 889 5226 Et
943 5170 1194 5243 accipies
1238 5187 1376 5228 eum
1430 5189 1662 5228 servum
1717 5175 2165 5245 sempiternum.

518 5260 637 5317 Hoc
668 5261 825 5317 enim
856 5260 1020 5317 nulla
1050 5259 1349 5317 voluntate
1379 5261 1562 5317 animi
1597 5263 1754 5331 facit,
1812 5263 1913 5317 sed
1962 5264 2169 5319 divinae

521 5349 829 5422 potestatis
871 5349 1137 5422 imperio,
1198 5354 1256 5407 et
1311 5349 1442 5406 ideo
1474 5355 1650 5407 aDeo
1701 5368 1903 5407 servus
1957 5352 2174 5407 dicitur

522 5438 936 5511 sempiternus,
969 5438 1111 5510 quia
1139 5439 1512 5511 adoptionem
1559 5438 1816 5495 ﬁliorum
1874 5440 1994 5509 Dei,
2052 5442 2173 5497 sive

524 5526 847 5599 primatum
879 5527 1049 5584 illum
1080 5527 1352 5601 angelicae
1382 5527 1708 5600 dignitatis,
1740 5545 2044 5600 nunquam
2096 5530 2173 5586 sit

525 5619 757 5685 receptu
767 5632 889 5673 rus.

534 5762 541 5765 _
601 5722 632 5757 ς(
659 5703 957 5777 Numquid
977 5705 1190 5765 illudes
1219 5706 1273 5764 ei
1303 5705 1474 5782 quasi
1497 5704 1610 5779 avi,
1643 5709 1745 5763 aut
1773 5704 1987 5779 ligabis
2035 5722 2173 5766 eum

2278 4734 2335 4785 et
2363 4733 2519 4784 emat
2549 4744 2699 4782 eam.
2736 4726 2921 4797 Igitur
2944 4740 2978 4778 a
3007 4723 3364 4795 supradictis
3401 4723 3610 4777 amicis
3643 4728 3699 4778 et
3747 4738 3923 4794 nego-

2281 4816 2591 4871 tiatoribus
2624 4831 2836 4885 corpus
2870 4812 3049 4883 hujus
3081 4812 3351 4867 draconis
3382 4813 3705 4867 conciditur
3751 4818 3927 4881 atque

2281 4904 2584 4970 dividitur,
2616 4904 2758 4957 dum
2786 4918 2889 4974 per
2917 4903 3152 4957 eosdem
3186 4902 3258 4956 ad
3291 4902 3468 4956 fidem
3514 4900 3753 4969 Christi,
3801 4916 3927 4971 per-

2283 4994 2543 5050 ditorum
2574 4994 2703 5063 ejus
2735 4991 3048 5047 multitudo
3082 5008 3259 5063 quam
3293 4990 3548 5062 plurima
3602 4994 3929 5060 separatur.

2281 5084 2429 5139 Nam
2463 5081 2636 5137 multi
2668 5082 2739 5137 de
2771 5082 3107 5152 potentibus
3137 5081 3285 5150 ejus,
3321 5084 3376 5134 et
3403 5080 3461 5132 in
3493 5078 3718 5134 malitia
3776 5076 3935 5131 forti-

2285 5175 2396 5229 bus
2427 5172 2498 5227 ab
2530 5174 2659 5243 ejus
2686 5172 3002 5238 consortio,
3026 5169 3206 5224 veluti
3238 5168 3506 5223 membra
3536 5166 3696 5222 illius
3753 5182 3936 5221 secer-

2284 5269 2527 5328 nuntur,
2560 5260 2712 5316 sicut
2743 5266 2799 5315 et
2829 5259 3099 5314 Ilabacuc
3131 5257 3416 5328 propheta
3466 5257 3548 5311 ait
3602 5255 3675 5311 ad
3731 5254 3929 5310 Domi-

2283 5369 2427 5407 num
2452 5370 2465 5407 :
2500 5350 2819 5407 Prwcidisti
2846 5350 2907 5402 in
2936 5352 3155 5416 stupore
3185 5349 3385 5400 mentis
3414 5348 3600 5415 capita
3627 5345 3936 5414 potentium

2283 5442 2506 5511 (Habac.
2541 5457 2625 5506 ιιι,
2659 5441 2783 5509 13);
2821 5442 2878 5491 et
2907 5436 2978 5491 de
3013 5434 3241 5505 quibus
3265 5452 3503 5489 rursum
3530 5434 3610 5488 ait
3640 5434 3707 5488 ad
3743 5422 3936 5487 Domi-

2282 5547 2427 5585 num
2456 5547 2468 5584 :
2512 5529 2710 5583 Misisti
2736 5529 2791 5580 in
2824 5526 3015 5595 capita
3044 5525 3402 5578 inimicorum
3433 5528 3660 5577 mortem
3695 5521 3884 5590 (Ibat)
3915 5537 3927 5575 :

2283 5624 2531 5673 mortem
2565 5617 2768 5688 utique
2810 5614 3105 5679 vitiorum,
3142 5619 3203 5668 ut
3242 5614 3370 5685 jam
3403 5629 3517 5668 non
3548 5610 3661 5667 sibi
3711 5611 3930 5679 vivant,

2283 5706 2385 5768 sed
2415 5706 2467 5763 ei
2518 5707 2618 5777 qui
2670 5720 2771 5776 pro
2819 5703 2969 5776 ipsis
3018 5709 3289 5761 mortuus
3336 5707 3427 5759 cst
3474 5706 3532 5757 et
3588 5699 3928 5757 resurrexit.
