4220 6580
285 429 403 496 837

1365 432 1884 498 COMMENTAR.
1927 431 2008 495 IN
2048 432 2212 496 JOB.
2259 435 2431 496 CAP.
2476 435 2634 499 XLI.

3583 437 3709 502 838

285 567 416 624 Haec
445 566 636 640 capita
663 564 1035 622 inimicorum
1069 564 1189 632 Dei,
1223 564 1282 620 id
1323 570 1412 622 est
1441 565 1790 638 populorum
1822 564 1934 620 im-
1961 566 2020 633 Α
2048 583 2154 622 suo
2185 565 2336 622 Deus
2366 568 2491 622 fieri
2523 567 2665 623 sinit
2697 583 2708 623 :
2753 571 2856 624 aut
2879 566 2950 624 ad
2982 567 3452 627 exercitationem
3483 565 3695 642 proba-

283 657 515 729 piorum
548 655 979 728 principes,ipsi
1011 658 1150 711 sunt
1173 653 1351 726 hujus
1383 654 1711 726 spiritualis
1734 655 1936 710 draco-

285 747 378 803 nis
408 761 575 818 reges
605 749 660 800 et
691 743 936 814 nobiles,
985 743 1086 815 qui
1120 744 1441 799 secundum
1491 743 1937 799 translationem

285 835 618 901 nominum,
678 839 733 889 et
784 834 1033 905 ﬁguram
1092 833 1244 904 tropi
1306 832 1566 901 alterius,
1599 833 1876 904 alligandi
1909 849 1941 887 a

289 923 580 996 pradictis
607 920 811 977 amicis
861 926 918 976 et
949 920 1411 992 negotiatoribus
1461 937 1588 976 esse
1619 920 1893 976 dicuntur
1925 937 1937 974 :

291 1014 440 1069 sicut
474 1010 650 1066 David
686 1011 964 1082 propheta
995 1011 1076 1065 ait
1110 1028 1121 1065 :
1160 1012 1221 1066 Ut
1276 1011 1506 1080 alligent
1564 1025 1712 1080 rcges
1743 1026 1942 1064 eorum

290 1104 351 1158 in
381 1102 631 1166 manicis,
656 1104 704 1155 et
736 1099 939 1156 nobiles
970 1115 1163 1154 eorum
1184 1101 1242 1153 in
1273 1100 1512 1154 vinculis
1537 1100 1738 1161 ferreis
1769 1098 1938 1168 (Psal.

291 1208 472 1260 cxux,
522 1191 598 1260 8).
651 1189 749 1244 ilic
780 1205 914 1259 ergo
963 1205 1128 1260 reges
1160 1193 1218 1243 et
1262 1187 1507 1255 nobiles,
1560 1186 1673 1259 ipsi
1722 1191 1860 1242 sunt
1889 1192 1946 1242 et

299 1281 602 1345 dracones,
661 1284 718 1333 et
769 1277 1034 1333 membra
1091 1277 1250 1332 illius
1303 1276 1595 1344 draconis,
1627 1277 1697 1332 de
1728 1276 1944 1349 quibus

294 1367 652 1424 draconibus
684 1366 765 1423 ait
795 1366 1079 1438 propheta
1105 1366 1176 1420 ad
1217 1370 1398 1420 Deum
1435 1383 1446 1420 :
1504 1366 1574 1420 Tu
1629 1367 1948 1436 confregisti

308 1459 494 1528 capita
521 1456 820 1511 draconum
847 1471 1014 1526 super
1041 1471 1232 1526 aquas.

364 1565 394 1596 ι(
425 1545 723 1616 Numquid
756 1544 1029 1616 implebis
1061 1560 1308 1614 sagenas
1341 1543 1489 1614 pelle
1520 1544 1668 1614 ejus,
1718 1547 1774 1598 et
1803 1560 1947 1615 gur-

288 1635 549 1706 gustium
582 1633 834 1705 piscium
884 1632 1070 1704 capite
1118 1631 1298 1687 illius.
1353 1654 1381 1680 ››
1427 1633 1643 1688 Omnes
1680 1633 1781 1702 qui
1808 1649 1944 1686 con-

287 1723 560 1778 sensione
587 1721 821 1776 malitiae
845 1721 981 1777 etin
1007 1721 1331 1776 imitatione
1360 1722 1658 1777 adhaerent
1689 1721 1943 1787 diabolo,

285 1817 440 1867 recte
493 1810 674 1882 pelles
725 1811 853 1882 ejus
906 1826 1034 1866 esse
1082 1802 1376 1866 dicuntur.
1414 1814 1569 1875 Quos
1612 1810 1742 1866 ideo
1775 1810 1945 1882 pellis

291 1899 525 1956 nomine
594 1900 846 1954 arbitror
905 1899 1112 1963 dictos,
1176 1916 1241 1954 eo
1293 1901 1447 1970 quod
1523 1899 1946 1955 indissociabili

293 1989 650 2046 connexione
709 1989 760 2042 ei
814 1989 1113 2059 conjuncti
1165 1993 1324 2054 sunt,
1380 1993 1435 2042 et
1489 1989 1744 2058 separari
1779 1989 1850 2043 ab
1883 2005 1948 2044 eo

297 2093 624 2148 nunquam,
657 2083 760 2132 aut
790 2081 943 2132 certe
971 2077 1066 2131 vix
1108 2083 1376 2148 possunt.
1409 2077 1486 2132 De
1518 2077 1609 2133 his
1639 2094 1776 2150 ergo
1807 2077 1950 2134 dicit

302 2167 585 2222 Dominus
616 2182 864 2238 sagenas
895 2165 1226 2237 implendas
1259 2182 1405 2222 esse.

372 2277 402 2305 ‹‹
436 2255 620 2310 Pones
652 2271 828 2325 super
847 2270 982 2309 eum
1006 2271 1246 2308 manum
1270 2260 1452 2310 tuam.
1477 2259 1762 2311 Memento
1790 2255 1949 2323 belli;

309 2360 416 2400 nec
446 2343 601 2400 ultra
631 2343 812 2399 addas
842 2344 1024 2414 loqui.
1067 2366 1094 2392 »
1127 2343 1220 2398 Sic
1252 2344 1396 2399 mihi
1428 2343 1658 2400 videtur
1686 2345 1902 2400 dixisse
1935 2363 1948 2400 :

309 2432 472 2488 Victo
528 2449 631 2504 per
670 2448 761 2487 me
807 2432 1135 2487 adversario
1185 2437 1307 2503 tuo,
1365 2450 1546 2504 pones
1602 2451 1781 2505 super
1818 2451 1952 2489 eum

311 2538 549 2577 manum
582 2524 838 2589 tuam,ut
868 2521 1060 2592 possis
1089 2520 1139 2576 ei
1170 2525 1226 2576 et
1255 2526 1316 2576 tu
1344 2520 1610 2578 illudere.
1640 2523 1741 2578 Vel
1773 2539 1953 2594 pones

308 2627 486 2682 super
515 2627 651 2664 eum
695 2626 938 2665 manum
996 2615 1184 2680 tuam,
1238 2610 1406 2681 quasi
1457 2611 1685 2677 dixerit,
1746 2613 1793 2667 si
1826 2614 1954 2683 ejus

301 2701 570 2771 potentia:
602 2705 658 2755 et
686 2700 920 2755 virtutis
952 2705 1008 2754 te
1040 2716 1168 2754 esse
1207 2701 1532 2766 arbitraris,
1569 2717 1748 2772 pones
1779 2719 1956 2773 super

301 2805 435 2844 eum
468 2806 710 2844 manum
743 2791 1100 2860 tuam,quod
1134 2794 1241 2856 est,
1276 2789 1322 2845 si
1357 2791 1710 2860 potes,efiice
1742 2790 1954 2846 virtute

306 2877 573 2949 potentias
605 2882 739 2946 tuae,
773 2882 840 2932 ut
869 2882 921 2932 te
952 2878 1365 2934 contremiscat
1395 2884 1452 2932 et
1483 2882 1689 2948 paveat
1718 2880 1872 2934 sicut
1903 2885 1957 2934 et

305 2983 397 3022 me
428 2966 521 3021 cui
557 2966 664 3021 soli
717 2967 825 3021 hoc
872 2967 1043 3021 debet
1088 2983 1101 3021 :
1146 2968 1246 3022 sed
1297 2967 1436 3037 quia
1476 2967 1536 3022 id
1584 2984 1955 3040 nequaquam

306 3056 488 3110 fecere
520 3060 727 3126 potest,
763 3060 828 3110 ut
857 3055 962 3110 tibi
995 3057 1169 3111 draco
1200 3055 1297 3111 hic
1353 3073 1604 3128 magnus
1654 3064 1708 3112 et
1741 3057 1800 3113 in
1832 3073 1956 3112 ma-

307 3145 435 3200 litia
465 3149 670 3216 potens
701 3145 1003 3216 subjectus
1037 3146 1114 3200 sit
1159 3163 1170 3200 :
1207 3151 1499 3201 memento
1539 3145 1598 3201 in
1631 3145 1740 3201 hac
1769 3146 1955 3201 tribu-

308 3233 521 3288 latione
595 3250 898 3304 poenarum
955 3239 1192 3289 tuarum
1245 3240 1447 3289 contra
1477 3251 1652 3305 quam
1682 3236 1870 3290 ferum
1902 3241 1958 3290 et

2047 656 2385 727 tionemque
2416 662 2774 725 sanctorum,
2807 663 2910 714 aut
2950 658 3021 713 ad
3069 657 3407 729 iniquorum
3440 676 3695 731 poenam.

2050 742 2190 808 Quis
2217 743 2370 798 enim
2404 744 2670 800 resistere
2702 750 2892 816 potest
2920 745 3104 800 vultui
3138 763 3265 802 meo
3285 747 3313 800 ‘2
3341 747 3447 804 Ubi
3479 748 3588 803 hoc
3620 749 3699 803 vi-

2052 832 2220 885 detur
2251 831 2487 900 dixisse,
2545 835 2697 904 quod
2748 834 2869 888 solo
2920 835 3182 905 aspectui
3217 836 3543 907 majestatis
3572 839 3694 909 Dei,

2052 920 2245 974 omnis
2277 926 2543 977 creatura
2595 923 2761 976 cedat
2807 927 2865 977 et
2911 927 3140 978 tremat.
3190 926 3330 990 Quis
3381 930 3515 982 ante
3540 928 3702 983 dedit

2053 1009 2198 1063 mihi
2231 1014 2294 1064 ut
2339 1011 2579 1065 reddam
2624 1012 2674 1065 ei
2714 1011 2740 1064 ?
2789 1010 2987 1066 omnia
3034 1029 3160 1084 quae
3211 1015 3321 1070 sub
3367 1015 3508 1072 coelo
3539 1023 3698 1084 sunt,

2055 1114 2184 1153 mea
2214 1103 2370 1153 sunt.
2405 1099 2527 1154 Non
2562 1100 2739 1167 enim,
2794 1099 2894 1171 ait,
2948 1118 2982 1155 a
3011 1118 3306 1174 quoquam
3351 1111 3699 1176 potestatem

2053 1187 2269 1258 accepi,
2322 1204 2497 1258 quam
2547 1188 2865 1259 aliquando
2900 1191 3144 1246 forsitan
3178 1209 3294 1247 non
3341 1193 3648 1250 habuerim
3683 1211 3696 1250 :

2057 1279 2119 1329 ut
2148 1276 2198 1330 ei
2230 1276 2397 1347 quasi
2421 1293 2524 1347 pro
2548 1277 2656 1332 hoc
2688 1277 2967 1334 beneﬁcio
2994 1280 3215 1351 gratias
3247 1297 3440 1353 agam,
3471 1287 3572 1338 aut
3601 1283 3702 1339 ali-

2056 1364 2196 1436 quid
2227 1365 2278 1419 ei
2309 1364 2708 1421 retributionis
2749 1366 3107 1438 impendam.
3161 1370 3494 1427 Secundum
3545 1371 3703 1428 hunc

2055 1470 2296 1509 sensum
2327 1460 2384 1510 et
2429 1455 2740 1525 Apostolus
2794 1456 3049 1527 loquitur
3100 1475 3112 1512 :
3157 1458 3257 1512 Aut
3295 1460 3439 1528 quis,
3485 1459 3701 1530 inquit,

2055 1543 2203 1598 dedit
2235 1544 2341 1610 illi,
2375 1548 2423 1598 et
2455 1544 2791 1599 retribuetur
2814 1547 2867 1600 ei
2897 1547 3068 1613 (Rom.
3099 1563 3176 1616 x1,
3209 1548 3349 1617 35)?
3380 1547 3488 1602 Ubi
3519 1547 3579 1602 in
3610 1548 3704 1603 his

2053 1632 2245 1687 verbis
2276 1631 2430 1687 Deus
2461 1633 2720 1688 adfuisse
2751 1649 2980 1704 semper
3012 1639 3393 1692 monstratur.

2129 1744 2156 1769 ‹‹
2192 1721 2316 1776 Non
2350 1738 2581 1792 parcam
2615 1722 2664 1776 ei
2697 1722 2887 1776 verbis
2921 1725 3255 1794 potentibus
3306 1730 3362 1780 et
3393 1727 3464 1781 ad
3499 1727 3703 1799 depre-

2058 1809 2309 1864 candum
2343 1810 2701 1880 compositis.
2734 1831 2762 1859 »
2797 1810 2916 1865 Hoc
2947 1811 3216 1866 fortassis
3247 1812 3319 1868 de
3349 1813 3602 1880 diabolo,
3636 1816 3708 1869 de

2059 1899 2229 1968 cujus
2259 1898 2450 1953 verbis
2501 1898 2595 1952 hic
2641 1897 2924 1970 loquitur,
2966 1899 3290 1972 intelligere
3342 1918 3658 1974 possumus
3694 1921 3707 1959 :

2060 1987 2169 2041 etsi
2202 1987 2278 2042 sit
2310 1986 2540 2043 rebellis
2570 1987 2628 2042 in
2660 1987 2843 2042 Deum
2875 1993 2932 2042 et
2963 1994 3478 2060 contumax,suum
3511 1996 3707 2047 tamen

2060 2079 2320 2130 tremens
2353 2075 2569 2130 sentiat
2600 2080 2939 2143 creatorem,
2994 2082 3049 2132 et
3097 2078 3365 2149 quamvis
3397 2079 3712 2136 immemor

2064 2163 2416 2219 conditionis
2448 2181 2586 2234 suze,
2620 2169 2815 2219 tamen
2863 2169 3146 2236 tanquam
3179 2183 3381 2223 servus
3429 2185 3708 2241 nequam,

2064 2253 2272 2308 saltem
2304 2258 2540 2308 coactus
2575 2255 2882 2309 Dominum
2915 2272 3087 2310 suum
3113 2256 3414 2312 obsecrare
3444 2257 3706 2314 simulat.

2139 2365 2159 2391 ε
2194 2342 2334 2404 Quis
2363 2341 2642 2396 revelabit
2690 2343 2896 2398 faciem
2942 2343 3272 2400 indumenti
3328 2347 3504 2417 ejus?
3532 2369 3560 2397 «
3612 2347 3709 2402 Hic

2061 2431 2405 2486 indumento
2444 2430 2691 2486 velatam
2725 2432 2930 2487 faciem
2963 2432 3179 2488 diaboli
3217 2433 3325 2490 Job
3373 2435 3534 2506 dicit,
3568 2442 3711 2508 puta

2061 2537 2123 2576 se
2157 2520 2539 2592 transfigurat
2595 2520 2654 2574 in
2699 2519 2972 2592 angelum
3018 2520 3167 2576 lucis
3217 2523 3286 2592 (II
3335 2522 3456 2578 Cor.
3487 2524 3710 2593 211,14).

2064 2608 2373 2664 Revelatur
2403 2613 2598 2664 autem
2630 2607 2805 2663 facies
2838 2625 2871 2662 a
2899 2607 3165 2675 Domino,
3217 2625 3352 2665 cum
3399 2615 3555 2667 artes
3605 2629 3711 2666 ne-

2063 2699 2382 2769 quitiarum
2413 2696 2573 2752 illius
2603 2698 2974 2768 detegantur.

2138 2809 2164 2837 ‹‹
2197 2789 2264 2841 Et
2291 2787 2351 2840 in
2386 2786 2646 2841 medium
2677 2786 2796 2841 oris
2817 2787 2944 2856 ejus
2975 2786 3109 2856 quis
3132 2786 3377 2842 intrabit
3401 2786 3428 2840 ?
3461 2809 3488 2836 »
3519 2787 3624 2842 Hic
3646 2804 3712 2843 os

2066 2875 2302 2943 diaboli,
2337 2875 2675 2929 indesinens
2706 2873 3073 2946 blasphemia
3123 2875 3252 2945 ejus
3301 2879 3492 2946 potest
3539 2876 3711 2931 intel-

2064 2965 2185 3036 ligi,
2222 2965 2376 3037 quod
2411 2964 2836 3019 obstruendum
2883 2981 2916 3018 a
2971 2963 3086 3018 Deo
3136 2968 3224 3019 est
3270 2970 3443 3036 atque
3488 2965 3712 3036 opilan-

2065 3056 2229 3116 dum,
2264 3070 2397 3108 cum
2429 3053 2599 3106 verbo
2637 3052 2863 3106 Domini
2896 3053 3070 3106 fuerit
3100 3054 3624 3123 penetratum.Sive
3655 3055 3715 3109 in

2067 3143 2325 3197 medium
2358 3142 2475 3196 oris
2507 3142 2635 3212 ejus
2667 3142 2798 3212 quis
2832 3141 3074 3196 intrabit
3101 3141 3128 3196 ?
3177 3147 3370 3212 potest
3404 3143 3484 3198 ita
3514 3143 3717 3200 sentiri

2067 3239 2132 3286 ut
2163 3250 2226 3286 os
2259 3230 2472 3285 diaboli
2506 3229 2771 3285 infernus
2816 3229 3181 3301 intelligatur
3221 3247 3233 3284 :
3269 3231 3339 3285 ad
3372 3248 3546 3302 quem
3591 3232 3716 3287 Sal-

307 3325 530 3377 trucem
562 3321 790 3377 hostem
823 3321 1044 3378 bellum
1077 3323 1353 3378 habueris
1385 3340 1398 3376 :
1433 3323 1691 3378 sufficiat
1723 3323 1830 3379 tibi
1861 3327 1957 3379 ad-
1989 3320 2031 3386 C
2069 3325 2234 3375 vator
2263 3319 2583 3381 descendit,
2619 3323 2682 3372 ut
2729 3319 3035 3372 devoratos
3084 3335 3118 3372 a
3171 3318 3400 3374 diabolo
3449 3319 3719 3376 homines

306 3428 541 3466 versum
573 3427 665 3466 me
695 3412 869 3466 verba
898 3428 1105 3482 aspera
1136 3411 1420 3478 locutum,
1443 3412 1540 3466 ubi
1577 3428 1748 3468 nosse
1781 3419 1835 3468 te
1866 3431 1957 3468 vo-

305 3498 388 3553 lui
439 3500 719 3570 quoniam
775 3501 930 3555 hunc
981 3499 1371 3555 fortissimum
1421 3499 1730 3555 inimicum
1786 3505 1956 3556 tuum

307 3605 585 3660 superare
614 3605 680 3644 ac
711 3589 939 3644 vincere
980 3589 1364 3660 nequivisses,
1407 3589 1520 3644 nisi
1574 3607 1642 3646 ex
1671 3596 1956 3661 praecepto

307 3677 538 3748 imperii
570 3678 683 3732 mei
716 3678 1031 3749 acceptain
1060 3683 1160 3733 tua
1187 3679 1694 3750 potestatejussus
1726 3679 1954 3748 fuisset,

305 3770 362 3820 et
392 3770 554 3820 tuam
574 3765 959 3821 nihilominus
992 3768 1250 3822 animam
1283 3767 1563 3822 custodiri
1591 3785 1625 3824 a
1650 3767 1961 3840 me.lgitur

304 3853 365 3908 in
397 3853 677 3913 ditionem
708 3854 868 3910 illius
914 3857 996 3912 ita
1027 3857 1200 3912 datus
1241 3873 1322 3924 es,
1359 3863 1423 3911 ut
1468 3874 1583 3912 non
1617 3857 1872 3929 amplius
1903 3863 1959 3913 te

309 3943 615 4016 afﬂigeret,
651 3961 827 4015 quam
860 3946 1008 4000 vires
1041 3951 1151 4000 tua:
1182 3951 1538 4016 paterentur.

384 4055 411 4081 ‹‹
447 4033 590 4088 Ecce
621 4051 753 4104 spes
785 4035 913 4104 ejus
946 4035 1326 4090 frustrabitur
1356 4052 1511 4101 eum,
1545 4040 1600 4090 et
1628 4034 1961 4091 videntibus

312 4121 539 4176 cunctis
571 4122 923 4192 praecipitur.
977 4146 1005 4171 »
1055 4125 1197 4178 Cum
1249 4123 1307 4178 in
1348 4129 1662 4193 conspectu
1724 4123 1963 4196 angelo-

312 4225 444 4262 rum
477 4214 902 4278 sanctorum,et
931 4210 1377 4266 innumerabilis
1411 4212 1810 4268 multitudinis
1833 4215 1963 4267 bea-

311 4303 506 4351 torum
532 4296 838 4352 hominum
872 4299 1267 4370 praecipitatus
1299 4301 1475 4355 fuerit
1520 4301 1578 4355 in
1609 4303 1960 4373 gehennam,

309 4385 625 4457 ignemque
655 4393 960 4453 aeternum,
989 4405 1152 4458 spem
1187 4389 1335 4459 ejus,
1368 4406 1484 4460 qua
1513 4406 1574 4444 se
1616 4391 1822 4446 fortem
1856 4409 1961 4462 pu-

308 4480 394 4529 tat
422 4476 684 4541 evadere,
719 4475 1078 4531 horrendum
1111 4482 1166 4530 et
1201 4478 1432 4547 justum
1480 4479 1774 4548 judicium
1825 4495 1962 4535 eum

313 4563 707 4629 frustrabitur,
740 4570 798 4620 et
826 4582 996 4621 cassa
1025 4571 1200 4637 atque
1223 4566 1420 4621 inania
1451 4566 1714 4638 cogitans
1744 4567 1804 4622 in
1838 4568 1967 4623 irri-

311 4658 437 4707 tum
469 4653 806 4709 deducetur.

945 4745 1172 4800 CAPUT
1213 4745 1346 4800 XLI.

387 4854 417 4882 ‹‹
473 4833 596 4887 Non
638 4832 808 4903 quasi
839 4834 1093 4889 crudelis
1126 4835 1419 4890 suscitabo
1451 4851 1606 4890 eum.
1640 4835 1779 4898 Quis
1811 4835 1967 4891 enim

316 4920 583 4975 resistere
615 4927 808 4991 potest
839 4923 1026 4977 vultui
1061 4930 1270 4994 meo,et
1301 4924 1436 4994 quis
1466 4929 1598 4978 ante
1629 4925 1789 4980 dedit
1823 4926 1966 4981 mihi

320 5013 385 5062 ut
416 5009 656 5063 reddam
711 5011 761 5064 ei
784 5012 811 5064 ?
860 5013 1069 5067 Omnia
1116 5030 1242 5083 qua:
1295 5015 1403 5067 sub
1457 5013 1598 5068 coelo
1647 5019 1803 5079 sunt,
1840 5031 1970 5069 mea

317 5100 476 5152 sunt.
513 5121 542 5146 »
574 5102 741 5154 Hunc
773 5099 952 5172 igitur
982 5101 1288 5157 inimicum
1324 5120 1437 5157 non
1474 5109 1534 5157 ut
1580 5102 1833 5157 crudelis
1867 5121 1963 5158 su-

316 5184 487 5240 scitat
512 5187 685 5258 Deus,
721 5189 818 5258 qui
851 5206 986 5245 eum
1019 5192 1188 5262 quasi
1238 5192 1446 5262 punire
1489 5191 1782 5246 desiderat
1818 5209 1829 5246 :
1863 5192 1965 5247 Vel

314 5292 697 5347 quoscunque
728 5285 1064 5335 sanctorum
1115 5281 1491 5336 collocatione
1540 5282 1667 5349 ejus
1701 5281 1913 5336 elidere
1950 5298 1961 5336 :

314 5363 484 5432 cujus
517 5370 735 5418 naturae
768 5365 1076 5424 luculentas
1109 5372 1300 5442 potius
1321 5375 1534 5424 ("eterna
1567 5369 1792 5424 bonitas
1816 5387 1968 5426 com-

313 5452 459 5523 petit
507 5469 520 5508 :
575 5454 676 5507 sed
731 5456 1014 5513 suscitare
1063 5459 1216 5515 Deus
1279 5475 1432 5514 nunc
1494 5459 1804 5513 chiathan
1859 5460 1966 5514 hoc

316 5541 487 5596 modo
522 5542 756 5609 dicitur,
788 5549 850 5598 ut
881 5563 1015 5600 eum
1057 5549 1277 5603 caeteris
1311 5548 1498 5620 qualis
1531 5547 1606 5602 sit
1638 5547 1971 5604 manifestet

315 5647 490 5702 quem
522 5630 680 5686 velut
713 5633 1073 5690 Pharaonem
1123 5637 1297 5709 longa
1343 5637 1710 5709 impunitate,
1746 5638 1970 5694 diutius

316 5718 603 5776 insultare
656 5723 966 5793 permittit.
1016 5729 1137 5782 Hoc
1186 5727 1342 5783 enim
1384 5725 1720 5797 justissimo
1744 5726 1968 5796 judicio

1996 4689 2045 4755 D

2066 3409 2355 3464 liberaret.
2390 3409 2459 3460 Et
2488 3407 2615 3461 ideo
2644 3406 2798 3476 quod
2831 3406 3097 3460 futurum
3141 3411 3264 3460 erat
3294 3408 3597 3478 temporis,
3630 3408 3716 3463 di-

2066 3498 2151 3552 xit
2184 3514 2196 3551 :
2243 3499 2303 3550 In
2340 3495 2597 3550 medium
2625 3495 2743 3548 oris
2777 3495 2904 3563 ejus
2935 3494 3065 3564 quis
3099 3493 3341 3550 intrabit
3369 3494 3397 3547 ‘I

2143 3610 2170 3636 ‹‹
2206 3586 2406 3640 Portas
2436 3583 2634 3638 vultus
2665 3583 2792 3652 ejus
2823 3583 2956 3654 quis
2996 3583 3264 3654 aperiet?
3296 3606 3324 3632 »
3356 3583 3633 3638 Abditam
3664 3589 3722 3639 et

2071 3675 2258 3731 multo
2292 3679 2510 3729 secreto
2560 3672 2964 3728 absconditam
3013 3672 3416 3728 fortitudinem
3457 3672 3724 3744 hypocri-

2072 3782 2201 3821 seos
2234 3762 2621 3830 diaboli,dicit
2649 3762 2934 3816 Dominus
2957 3777 3017 3816 se
3047 3762 3475 3832 patefacturum
3504 3779 3516 3816 :
3543 3779 3721 3833 quam

2069 3854 2129 3910 in
2190 3853 2460 3926 passione
2521 3858 2577 3906 et
2641 3868 2811 3906 cruce
2877 3868 2984 3906 sua
3047 3855 3246 3922 aperte
3304 3851 3725 3919 manifestavit,

2073 3944 2304 4016 quando
2337 3957 2471 3997 cum
2505 3939 2870 4013 principibus
2919 3938 3044 3995 suis
3074 3944 3131 3994 et
3177 3939 3565 4008 potestatibus
3604 3945 3722 3994 tra-

2074 4033 2286 4088 ductus
2335 4048 2368 4085 a
2421 4029 2561 4084 Filio
2609 4029 2709 4082 Dei
2759 4045 2965 4099 parum
3017 4027 3368 4082 ﬂducialiter
3399 4027 3727 4098 triumphat

2074 4122 2295 4192 (Colcss.
2333 4137 2390 4184 Il,
2426 4119 2534 4187 15).

2149 4233 2174 4260 ‹‹
2209 4210 2315 4263 Per
2344 4223 2552 4278 gyrum
2583 4205 2846 4260 dentium
2871 4205 2998 4273 ejus
3030 4203 3298 4258 formido.
3335 4226 3362 4252 ››
3382 4203 3720 4260 Voratorem

2074 4304 2131 4355 et
2160 4296 2552 4353 insatiabilem
2585 4294 2740 4349 hunc
2784 4293 3087 4348 inimicum
3120 4292 3280 4360 dicit,
3314 4293 3414 4364 qui
3445 4293 3604 4348 velut
3631 4311 3723 4349 ra-

2075 4387 2394 4460 pacissima
2423 4385 2630 4450 bestia,
2663 4384 2937 4438 dentibus
2969 4381 3167 4437 omnia
3196 4386 3521 4448 consumat,
3563 4386 3620 4438 et
3644 4382 3728 4438 id-

2076 4478 2228 4533 circo
2263 4475 2510 4531 formido
2543 4479 2600 4529 et
2630 4474 2808 4528 timor
2838 4473 2897 4526 in
2927 4488 3067 4544 gyro
3100 4471 3365 4527 dentium
3407 4472 3556 4542 ejus,
3589 4471 3728 4543 quia

2076 4569 2148 4623 ad
2179 4565 2572 4621 devorandum
2607 4563 2796 4634 parati
2821 4568 2977 4617 sunt.

2149 4679 2176 4705 α
2212 4655 2435 4726 Corpus
2460 4652 2599 4708 illus
2631 4652 2798 4724 quasi
2831 4657 2998 4707 scuta
3028 4650 3243 4722 fusilia,
3271 4655 3329 4705 et
3358 4655 3728 4722 compactum

2079 4744 2343 4817 squamis
2375 4759 2436 4798 se
2491 4741 2915 4813 prementibus.
2952 4741 3077 4798 Una
3105 4740 3208 4796 uni
3238 4739 3638 4811 conjungitur,
3672 4746 3730 4795 et

2081 4853 2153 4890 ne
2182 4831 2541 4905 spiraculum
2575 4829 2816 4901 quidem
2847 4829 3066 4885 incedit
3097 4846 3201 4902 per
3228 4847 3348 4886 eas.
3375 4829 3536 4884 Unde
3565 4828 3730 4886 alteri

2082 4922 2420 4987 adhaerebit,
2453 4926 2508 4975 et
2552 4924 2814 4975 tenentes
2845 4937 2907 4975 se
2955 4935 3329 4990 nequaquam
3371 4919 3730 4988 scparabun-

2081 5020 2197 5068 tur.
2236 5035 2255 5060 ι)
2277 5013 2434 5085 _'l‘res
2466 5010 2524 5064 hi
2542 5026 2748 5064 versus
2780 5008 3060 5073 continui,
3095 5010 3204 5064 sub
3228 5008 3589 5062 diversorum
3614 5020 3731 5060 ser-

2082 5118 2327 5159 monum
2378 5099 2744 5171 repetitione,
2795 5115 2980 5153 unum
3041 5097 3313 5168 idemque
3383 5093 3727 5164 loquuntur.

2081 5194 2304 5263 Corpus
2335 5205 2469 5260 ergo
2501 5187 2739 5256 diaboli,
2773 5204 2977 5242 omnes
3008 5191 3306 5241 consortes
3333 5185 3481 5254 ejus,
3522 5185 3580 5236 et
3610 5181 3730 5252 spi-

2082 5283 2232 5337 ritus
2266 5277 2557 5334 immundi
2588 5276 2948 5348 intelligendi
2979 5281 3139 5342 sunt,
3189 5291 3337 5347 quos
3384 5275 3549 5327 tanta
3590 5285 3728 5325 con-

2081 5371 2352 5427 sensione
2382 5372 2554 5438 atque
2587 5365 3018 5436 conspiratione
3050 5369 3200 5420 Deus
3233 5360 3372 5416 dicit
3401 5358 3484 5414 illi
3517 5358 3730 5428 adjun-

2081 5466 2224 5524 ctos,
2259 5464 2321 5512 ut
2353 5454 2770 5512 indissociabili
2803 5453 3159 5509 connexione
3189 5452 3307 5507 sint
3337 5448 3527 5504 eidem
3557 5463 3733 5520 copu-

2078 5549 2204 5618 lati,
2238 5563 2385 5619 quos
2416 5544 2592 5600 etiam
2623 5543 2732 5598 sub
2786 5541 3094 5612 allegorica
3139 5539 3414 5602 dictione,
3448 5552 3731 5608 squama-

2079 5655 2211 5693 rum
2252 5633 2488 5692 nomine
2545 5629 2874 5703 appellavit,
2926 5646 3050 5699 quae
3100 5629 3180 5684 ita
3211 5628 3470 5684 densata:
3502 5625 3641 5697 sint,
3676 5631 3736 5682 et

2079 5728 2278 5785 stricte
2310 5722 2422 5780 sibi
2461 5721 2707 5777 invicem
2748 5717 3128 5787 cohaerentes,
3163 5723 3228 5775 ut
3256 5715 3486 5775 nullum
3509 5715 3624 5774 illis
3657 5714 3737 5774 sit
