4220 6566
494 414 614 479 839

1984 404 2409 471 APPENDIX.

3782 404 3959 470 840',

491 546 856 623 spiraculum
886 544 1215 620 respirandi
1244 544 1318 603 ad
1363 544 1572 613 Deum,
1623 558 1689 599 eo
1720 540 1877 613 quod
1927 522 1998 597 ab
2039 538 2141 596 illa
2170 544 2223 608 Α
2252 538 2563 596 ministret.
2597 540 2683 595 Ita
2711 540 2873 595 enim
2902 542 2962 596 et
2991 537 3286 596 similibus
3310 539 3439 610 ejus
3467 538 3754 597 Dominus
3782 539 3865 597 ait
3883 557 3953 597 :..

496 639 589 695 sui
639 636 996 695 connexione
1060 648 1434 705 nequaquam
1482 631 1555 686 ad
1596 630 1907 687 sanitatem
1966 628 2146 700 poeni-

491 727 684 784 tentias
715 726 1069 783 relaxentur.
1095 722 1263 788 Quod
1295 725 1491 776 autem
1522 721 1815 776 daemones
1846 717 2011 790 impii
2042 718 2148 773 mi-

496 816 668 873 nistri
700 813 936 881 diaboli,
992 811 1178 868 scutis
1226 809 1500 865 fusilibus
1550 812 1983 880 comparantur,
2036 806 2147 861 hoc

500 904 737 962 nomine
766 918 969 959 eorum
1014 900 1310 973 signiﬁcat
1340 898 1644 965 Dominus,
1695 898 1847 968 quod
1899 896 2145 951 nimium

510 992 777 1067 pertinax
825 995 883 1046 et
912 989 1204 1046 obstinate
1251 986 1559 1055 rebellans,
1611 991 1666 1042 et
1698 986 1924 1041 fortiter
1961 984 2150 1039 solida

505 1099 572 1139 ac
619 1080 894 1153 perennis
942 1078 1019 1135 sit
1061 1095 1263 1133 eorum
1300 1077 1642 1148 repugnatio
1689 1080 1891 1130 contra
1939 1075 2146 1129 Deum.

499 1169 810 1227 Diabolum
840 1172 1007 1225 vetus
1054 1166 1235 1223 editio
1283 1166 1565 1234 smaragdi
1594 1165 1775 1236 lapidi
1800 1162 2152 1219 assimilavit

500 1259 603 1333 qui
641 1263 851 1315 natura
880 1272 1051 1329 asper
1099 1260 1209 1323 est,
1261 1254 1374 1310 alia
1423 1254 1626 1310 attritu
1676 1252 2012 1317 laevificans,
2048 1251 2148 1306 sed

498 1351 624 1422 ipse
653 1365 822 1421 asper
852 1363 981 1403 esse
1022 1362 1140 1402 non
1192 1345 1468 1400 desinens
1522 1346 1734 1398 cuncta
1778 1339 2147 1408 comminuit,

500 1437 951 1495 diminutionem
982 1440 1178 1492 autem
1210 1434 1302 1491 sui
1332 1450 1447 1489 non
1477 1433 1758 1488 sentiens.

572 1551 601 1579 «
667 1527 1021 1583 Sternutatio
1058 1526 1187 1593 ejus
1235 1527 1299 1578 ut
1345 1521 1620 1593 splendor
1667 1519 1843 1591 ignis,
1896 1522 1953 1574 et
2001 1517 2151 1572 oculi

499 1620 629 1689 ejus
661 1620 725 1671 ut
752 1614 1035 1687 palpebras
1066 1611 1329 1668 diluculi.
1358 1632 1386 1659 ››
1431 1610 1579 1677 Sive,
1614 1613 1680 1665 ut
1701 1608 1796 1664 alii
1827 1607 2104 1663 dixerunt
2134 1625 2147 1663 :

497 1711 561 1764 In
588 1708 1024 1762 sternutamento
1053 1703 1170 1772 ejus
1201 1700 1474 1755 illucescit
1523 1700 1622 1765 sol,
1677 1703 1729 1754 et
1768 1698 1914 1753 oculi
1944 1697 2061 1768 ejus
2091 1704 2153 1750 ut

497 1797 701 1867 species
731 1791 1004 1864 Luciferi.
1054 1788 1412 1845 Sternutatio
1462 1788 1665 1843 sordes
1697 1786 1918 1843 cerebri
1949 1785 2152 1856 egerit,

500 1888 559 1940 et
603 1883 746 1938 vitia
790 1897 859 1936 ex
904 1880 1133 1935 interno
1180 1882 1457 1948 concepto
1506 1878 1843 1975 depurgat.
1873 1874 2146 1978 Diabolus
2176 1913 2223 1978 B

499 1990 659 2045 ergo,
692 1970 794 2043 qui
840 1974 1001 2025 totus
1053 1967 1330 2023 sordibus
1358 1971 1416 2023 et
1445 1966 1659 2021 fetidus
1692 1970 1797 2035 est,
1830 1965 1889 2019 in
1921 1965 2030 2020 hoc
2056 1964 2146 2019 lu-

497 2062 656 2117 mine
686 2077 748 2117 se
774 2058 1004 2115 videtur
1032 2057 1359 2126 ostendere,
1390 2072 1525 2111 cum
1556 2056 1954 2126 tranﬁgurans
2000 2070 2061 2108 se
2090 2053 2151 2107 in

498 2149 771 2224 angelum
802 2148 952 2205 lucis
981 2145 1216 2203 malitias
1248 2162 1365 2201 suae
1393 2145 1596 2200 sordes
1618 2144 1678 2198 in
1702 2142 2021 2216 perniciem
2052 2142 2153 2197 ho-

500 2239 730 2296 minum
760 2255 896 2294 cum
930 2235 1313 2292 delectatione
1344 2237 1619 2306 cperatur
1647 2237 1704 2288 et
1735 2232 1958 2302 effudit,
1994 2235 2052 2286 et
2081 2232 2153 2285 de

501 2329 738 2398 invidia,
768 2328 827 2383 id
859 2329 949 2383 est
980 2326 1052 2382 de
1082 2324 1373 2380 malorum
1399 2322 1665 2379 omnium
1698 2321 1909 2393 capite,
1929 2336 2153 2377 venena

504 2436 614 2475 sua
651 2420 978 2474 commovet
1024 2431 1090 2470 ac
1138 2412 1425 2486 producit.
1474 2410 1640 2468 Oculi
1689 2415 1886 2466 autem
1934 2407 2153 2465 diaboli

499 2507 632 2563 falsi
657 2505 950 2578 prophetae
967 2502 1332 2574 intelligendi
1359 2501 1593 2569 sunt,de
1615 2498 1890 2572 qualibus
1913 2502 2153 2555 sanctus

508 2596 691 2652 Isaias
723 2595 963 2665 ait,cum
985 2593 1059 2647 ad
1091 2594 1453 2664 peccatorem
1476 2588 1760 2662 populum
1792 2589 2153 2660 loqueretur,

504 2686 707 2741 dicens
740 2685 810 2739 de
862 2683 977 2737 Deo
1012 2699 1025 2736 :
1060 2681 1285 2737 Claudet
1334 2678 1515 2735 oculos
1572 2683 1770 2735 vestros
1818 2680 1944 2750 (Isa.
1994 2695 2152 2733 xxxx.

506 2775 595 2845 10)
626 2792 641 2830 :
675 2773 777 2845 qui
824 2768 1203 2843 instigatione
1249 2769 1323 2825 ab
1370 2784 1437 2824 eo
1485 2767 1757 2840 inspirati
1808 2766 2154 2838 loquuntur,

505 2880 633 2936 quas
686 2862 880 2918 vicina
915 2860 1188 2915 videntur
1224 2857 1436 2913 lumini
1488 2856 1769 2912 veritatis.
1829 2856 1992 2911 Sicut
2028 2855 2156 2927 pal-

502 2953 692 3025 pebrae
723 2954 863 3006 sunt
892 2946 1159 3015 diluculi,
1192 2963 1327 3002 cum
1364 2950 1565 3001 tamen
1597 2944 1744 2999 nihil
1780 2944 2025 3000 luminis
2056 2944 2157 3000 Dei

501 3039 860 3113 possideant.
892 3036 1064 3103 Nam,
1114 3034 1347 3091 etiamsi
1384 3035 1694 3089 videantur
1726 3032 1960 3089 initium
2008 3033 2155 3089 lucis

504 3130 565 3184 in
620 3144 682 3184 se
737 3126 1066 3195 ostendere,
1110 3140 1238 3195 quae
1295 3122 1380 3179 eis
1437 3122 1813 3195 hypocriscos
1874 3123 2156 3178 fermento

503 3216 778 3282 exoritur,
810 3212 1254 3271 mendaciorum
1284 3218 1478 3268 tamen
1530 3212 1804 3269 tenebras
1835 3211 2029 3284 specie
2058 3230 2155 3267 ve-

506 3306 697 3363 ritatis
728 3305 1047 3361 obducunt.

570 3420 598 3447 ‹‹
638 3402 712 3451 De
741 3411 838 3451 ore
888 3396 1017 3464 ejus
1064 3391 1367 3463 lampades
1421 3391 1741 3463 procedant
1790 3391 1944 3447 sicut
1980 3392 2142 3447 taedae

498 3486 653 3559 ignis
684 3500 958 3540 accensae.
992 3501 1023 3532 »ι
1054 3481 1561 3547 Quemadmodum
1614 3496 1679 3536 os
1726 3480 1958 3535 Domini
1990 3481 2157 3536 locu-

498 3581 626 3632 tum
657 3578 766 3642 est,
798 3574 884 3627 ita
912 3576 969 3628 et
997 3586 1203 3627 omnes
1243 3569 1409 3642 impii
1462 3574 1522 3625 et
1571 3569 1862 3641 sacrilegi,
1915 3575 1972 3625 et
2003 3571 2157 3626 blas-

510 3664 735 3737 phemi,
796 3679 864 3717 os
912 3657 1128 3715 diaboli
1178 3662 1331 3713 recte
1381 3657 1676 3726 dicuntur,
1727 3675 1795 3713 ex
1837 3675 1954 3729 quo
2000 3661 2159 3715 taedas

508 3751 667 3825 ignis
696 3764 973 3817 accensae,
1008 3747 1148 3812 sive,
1198 3753 1266 3801 ut
1310 3746 1408 3801 alii
1459 3746 1747 3814 dixerunt,
1816 3747 2017 3802 faculas
2067 3766 2162 3803 ar-

508 3842 714 3897 dentes
744 3836 1087 3910 procedunt,
1115 3835 1173 3890 id
1196 3839 1304 3901 est,
1328 3835 1483 3907 ignis
1512 3840 1571 3890 et
1601 3852 1780 3907 paenae
1813 3852 1991 3892 causa
2021 3855 2161 3909 sug-

505 3928 732 4003 geritur
764 3943 778 3981 :
814 3930 868 3981 et
898 3925 957 3979 in
990 3923 1465 3997 Apocalypsi,ubi
1500 3925 1609 3979 sub
1642 3941 1927 3995 equorum
1959 3927 2165 3981 simili-

509 4019 714 4075 tudine
744 4015 804 4072 hi
836 4014 1091 4071 ministri
1118 4013 1333 4069 diaboli
1366 4014 1801 4077 describuntur,
1855 4015 1938 4069 ita
1980 4016 2051 4070 de
2080 4016 2164 4071 eis

509 4108 727 4165 dicitur
759 4125 773 4162 :
808 4107 883 4161 De
924 4121 1017 4160 ore
1066 4120 1259 4161 eorum
1300 4105 1438 4158 exiit
1465 4105 1609 4175 ignis
1639 4109 1695 4159 et
1727 4107 1933 4175 fumus,
1965 4113 2017 4160 et
2047 4106 2161 4160 sul-

502 4200 651 4272 phur
679 4197 848 4269 (Acte.
882 4210 961 4263 ix,
997 4194 1086 4267 17)
1122 4211 1136 4249 :
1192 4210 1310 4249 non
1340 4196 1648 4266 perspicue
1681 4193 1919 4264 quidem
1953 4194 2039 4249 ita
2069 4210 2163 4249 ex—

508 4292 651 4345 eunt
678 4288 751 4343 de
780 4302 880 4342 ore
908 4283 1244 4349 eorum,sed
1274 4282 1453 4337 verba
1484 4281 1813 4353 blasphemi
1847 4288 1987 4337 sunt
2006 4283 2163 4355 ignis

508 4382 565 4434 et
594 4378 816 4447 fumus,
848 4380 907 4431 et
933 4373 1205 4445 sulphur,
1240 4372 1394 4426 sicut
1424 4371 1497 4425 ad
1541 4384 1675 4425 eum
1723 4371 2007 4428 Dominus
2062 4390 2167 4444 per

511 4466 856 4539 prophetam
888 4462 973 4518 ait
1002 4478 1017 4515 :
1051 4460 1364 4517 Producam
1395 4462 1581 4529 ignem
1618 4461 1692 4515 de
1721 4461 1907 4515 medio
1957 4463 2040 4516 tui
2070 4465 2167 4533 qui

510 4555 755 4612 comedat
782 4558 833 4608 te
864 4550 1083 4624 (Bacch.
1114 4566 1316 4613 xxvm,
1350 4550 1459 4620 18).

2254 630 2540 685 Ambulate
2569 631 2631 685 in
2659 631 2871 685 lumine
2898 631 3046 701 ignis
3074 632 3262 699 vestri,
3311 637 3363 685 et
3393 631 3454 685 in
3497 631 3739 702 ﬂammis
3769 646 3909 702 quas
3948 690 3955 697 Δ

2255 720 2610 775 succendistis
2636 720 2786 775 vobis
2817 722 2943 792 (Isa.
2980 736 3031 785 L,
3061 719 3138 789 2).

2328 830 2356 859 ‹‹
2388 810 2457 863 Et
2486 810 2726 863 ﬂamma
2754 810 2825 863 de
2875 825 2972 863 ore
3002 809 3130 879 ejus
3160 807 3511 879 egredietur.
3560 829 3589 857 »
3637 808 3787 879 Sive,
3836 814 3929 866 ut.

2256 897 2353 952 alii
2388 898 2658 953 dixerunt
2690 914 2702 951 :
2738 898 2983 952 Flamma
3030 913 3154 952 vero
3182 896 3247 951 de
3278 912 3371 952 ore
3409 898 3530 967 ejus
3557 896 3824 966 alebatur
3879 915 3901 954 :

2256 986 2337 1040 ibi
2370 987 2525 1042 idem
2556 1003 2786 1053 sensus,
2821 987 2978 1058 quod
3012 991 3125 1051 est,
3171 1003 3350 1057 paenae
3399 985 3899 1058 blasphemiarum

2258 1075 2328 1129 de
2359 1092 2456 1130 ore
2498 1076 2712 1130 diaboli
2744 1076 2987 1147 globata:
3018 1076 3419 1147 egrediuntur.

2333 1186 2361 1215 α
2402 1165 2464 1220 In
2497 1163 2643 1220 collo
2693 1166 2821 1235 ejus
2873 1165 3197 1220 morabitur
3242 1165 3543 1230 fortitudo,
3592 1168 3651 1220 et
3694 1165 3901 1223 faciem
3942 1198 3949 1205 -

2258 1254 2386 1323 ejus
2418 1254 2693 1325 praecedit
2729 1258 2975 1325 egestas.
2997 1273 3026 1305 η
3062 1252 3205 1308 Colli
3237 1253 3494 1324 nomine,
3530 1253 3589 1309 id
3611 1259 3702 1309 est
3730 1255 3903 1311 cervi-

2259 1343 2364 1409 cis,
2397 1347 2688 1398 tumorem
2720 1344 3060 1414 arrogantiae
3093 1343 3306 1399 diaboli
3361 1342 3521 1398 dicit.
3566 1343 3782 1414 Cuique
3809 1344 3903 1399 di-

2259 1431 2412 1486 citur
2458 1447 2561 1503 per
2608 1432 2950 1504 prophetam
3002 1449 3018 1486 :
3064 1434 3274 1487 Nervus
3320 1437 3532 1504 ferreus
3578 1434 3765 1493 cervix
3811 1440 3931 1501 tua.

2260 1521 2389 1583 (Isa.
2421 1538 2617 1591 xnvm,
2647 1521 2704 1592 5)
2740 1538 2751 1575 :
2787 1521 2845 1575 in
2877 1538 2993 1593 qua
3023 1520 3363 1593 principalis
3411 1521 3633 1593 peccati
3681 1522 3902 1578 malum

2260 1609 2503 1665 habitat.
2538 1614 2655 1665 Hac
2714 1610 2895 1682 igitur
2935 1610 3222 1681 superbiae
3275 1610 3639 1679 fortitudine,
3683 1616 3741 1667 et
3769 1628 3907 1683 pro-

2261 1698 2437 1770 pheta
2464 1700 2657 1754 verbis
2690 1699 2849 1755 illius
2902 1700 3181 1771 loquitur,
3244 1700 3465 1767 dicens,
3526 1700 3907 1770 fortitudinem

2258 1789 2667 1859 [aciam,quem
2698 1789 2771 1843 ob
2801 1788 2909 1843 hoc
2940 1788 3225 1844 Dominus
3256 1788 3523 1860 increpat
3551 1793 3607 1844 et
3638 1789 3781 1845 dicit
3808 1790 3860 1845 ei
3888 1808 3904 1845 :
3942 1828 3953 1841 .

2261 1878 2325 1932 In
2392 1880 2662 1948 sapientia
2709 1885 2804 1932 tua
2848 1874 3036 1949 feciin
3106 1878 3213 1933 tibi
3259 1877 3643 1948 fortitudinem
3689 1879 3905 1947 (Bacch.

2260 1982 2455 2031 xxvm,
2489 1968 2563 2037 li).
2596 1967 2665 2021 Et
2695 1966 2908 2021 iterum
2941 1966 3023 2021 ait
3050 1965 3102 2021 ei
3137 1984 3151 2022 :
3185 1970 3252 2021 In
3278 1967 3741 2036 negotiationibus
3794 1969 3907 2023 tuis

2259 2056 2649 2126 multiplieasli
2688 2056 2790 2110 tibi
2831 2055 3213 2126 fortitudinem
3259 2056 3427 2127 (Ibid.
3476 2057 3553 2127 5).
3602 2058 3904 2125 Itemque:

2259 2146 2545 2199 Elevatum
2590 2149 2667 2199 est
2716 2161 2810 2200 cor
2869 2148 3027 2199 tuum
3070 2147 3131 2199 in
3179 2145 3508 2215 fortitudine
3553 2150 3651 2200 tua
3694 2145 3906 2216 (Ezech.

2260 2250 2460 2299 χχχιιι,
2491 2233 2603 2302 28).
2639 2232 2802 2295 Quod
2834 2249 2966 2289 vero
2997 2234 3076 2288 ait
3105 2251 3119 2289 :
3156 2234 3385 2290 Faciem
3419 2233 3577 2289 illius
3626 2234 3908 2306 praecedet

2262 2326 2511 2394 egestas,
2544 2322 2654 2377 hoc
2683 2326 2773 2377 est
2802 2323 2956 2393 quod
2989 2323 3089 2377 ubi
3120 2323 3676 2395 appropinquaverit
3702 2323 3909 2378 diabo-

2262 2410 2536 2477 lus,illico
2558 2427 2763 2466 omnes
2794 2411 2907 2467 sibi
2927 2412 3056 2466 vita:
3076 2417 3249 2483 atque
3280 2413 3490 2468 animas
3518 2414 3671 2469 vires
3692 2413 3913 2469 exhau-

2262 2500 2465 2569 riatur,
2500 2517 2565 2556 ac
2596 2502 2928 2556 substantia
2954 2505 3358 2557 consumatur.

2337 2611 2367 2639 ι(
2398 2590 2658 2645 Membra
2689 2590 2954 2645 carnium
2980 2592 3110 2662 ejus
3137 2590 3487 2646 cohaerentia
3518 2591 3653 2646 sibi.
3679 2612 3708 2641 ι»
3737 2595 3915 2647 Mem-

2263 2681 2368 2735 bra
2398 2679 2615 2735 diaboli
2645 2685 2805 2747 sunt,
2839 2696 2988 2751 quos
3017 2696 3200 2752 supra
3249 2680 3309 2735 in
3340 2697 3592 2752 squama
3619 2686 3678 2737 et
3726 2682 3911 2738 scutis
3936 2702 3937 2705 η

2263 2768 2541 2823 fusilibus
2572 2769 2909 2824 nominavit.
2942 2770 3218 2825 Carnium
3250 2774 3443 2826 autem
3485 2771 3615 2841 ejus
3646 2771 3913 2826 membra

2264 2858 2481 2914 idcirco
2510 2863 2651 2914 sunt
2680 2858 2841 2927 dicti,
2874 2859 3152 2930 quoniam
3184 2858 3518 2915 carnalibus
3551 2878 3617 2916 ac
3662 2861 3911 2933 ﬂagitio-

2266 2948 2350 3004 sis
2379 2948 2609 3003 actibus
2638 2948 2854 3015 dedita,
2879 2948 2931 3003 ei
2958 2947 3116 3003 velut
3145 2948 3372 3004 auctori
3404 2948 3696 3005 malorum
3726 2949 3913 3005 coha-

2270 3042 2456 3092 reant.

2341 3148 2370 3176 ‹‹
2413 3125 2605 3182 Mittet
2634 3130 2835 3181 contra
2864 3125 3133 3197 fulmina,
3165 3130 3221 3181 et
3250 3128 3322 3182 ad
3354 3126 3550 3183 locum
3582 3127 3759 3184 alium
3792 3144 3914 3183 non

2272 3216 2551 3271 ferentur.
2586 3236 2614 3265 »
2642 3214 2795 3270 Ordo
2843 3214 3091 3271 dicentis
3121 3216 3223 3271 Dei
3253 3216 3362 3271 hoc
3394 3216 3517 3273 loco
3569 3218 3916 3273 obscuratus

2185 3286 2228 3353 C
2267 3304 2520 3371 videtur,
2554 3304 2651 3359 ubi
2682 3320 2818 3359 cum
2841 3304 2912 3359 de
2929 3304 3160 3361 diabolo
3191 3306 3572 3377 dicat,subito
3606 3322 3917 3376 personam

2271 3397 2593 3448 commutet
2622 3392 2822 3447 dicens
2854 3408 2869 3449 :
2900 3394 3089 3449 Mittet
3142 3399 3345 3450 contra
3374 3412 3509 3451 eum
3541 3394 3807 3461 fulmina,
3858 3399 3920 3449 et

2269 3484 2341 3538 ad
2373 3482 2567 3538 locum
2600 3482 2781 3537 alium
2814 3500 2929 3537 non
2958 3483 3607 3540 ferentur.Credendum
3638 3488 3729 3539 est
3757 3484 3912 3555 quod

2270 3571 2392 3625 haec
2425 3570 2673 3625 fulmina
2705 3588 2739 3624 a
2768 3575 2880 3625 Deo
2911 3572 3220 3627 mittantur
3248 3577 3447 3628 contra
3476 3572 3799 3639 diabolum,
3832 3588 3919 3627 se—

2270 3661 2532 3717 cundum
2562 3660 2729 3715 illum
2761 3676 3023 3727 sensum,
3055 3661 3156 3717 ubi
3188 3660 3400 3716 dicitur
3430 3680 3443 3716 :
3479 3663 3630 3717 Pluit
3656 3663 3918 3717 Dominus

2272 3768 2307 3805 a
2349 3751 2572 3805 Domino
2612 3750 2763 3819 (Gen.
2794 3766 2909 3815 xxx,
2941 3750 3055 3817 24).
3089 3749 3250 3815 Quod
3282 3750 3363 3804 ita
3391 3749 3486 3805 hic
3516 3751 3738 3806 dictum
3766 3750 3919 3805 arbi-

2271 3846 2499 3895 tramus
2531 3856 2544 3893 :
2580 3838 2714 3893 fecit
2744 3838 2918 3903 Deus,
2946 3839 3099 3909 quod
3132 3838 3361 3894 locutus
3382 3844 3472 3894 est
3503 3843 3672 3904 Deus,
3695 3838 3915 3895 Fulmi-

2274 3933 2451 3983 natur
2478 3932 2671 3982 autem
2701 3944 2735 3981 a
2764 3927 2879 3982 Deo
2910 3927 3081 3982 draco
3139 3926 3428 3994 diabolus,
3460 3929 3698 3998 quando
3736 3928 3941 4000 igneis-

2274 4016 2376 4073 Dci
2408 4016 2657 4087 eloquiis
2687 4016 2758 4071 de
2788 4014 3006 4071 sanctis
3030 4014 3287 4070 nubibus
3308 4014 3794 4087 increpatur,qua3
3818 4018 3930 4071 uti-

2275 4122 2388 4177 que
2436 4105 2704 4170 l'ulmina,
2760 4105 2819 4159 in
2866 4103 3059 4159 locum
3101 4105 3283 4161 missa
3333 4109 3507 4175 atque
3538 4104 3778 4175 directa,
3807 4122 3926 4160 non

2275 4197 2495 4250 frustra
2516 4195 2811 4264 jacientur
2839 4198 2896 4249 et
2926 4194 2997 4249 ad
3030 4192 3225 4249 locum
3257 4209 3373 4248 non
3406 4195 3685 4259 ferentur,
3728 4209 3834 4250 nec
3862 4209 3930 4250 se

2276 4286 2348 4341 ab
2380 4284 2464 4340 eis
2494 4283 2763 4340 diabolus
2794 4283 3142 4355 gloriabitur
3172 4283 3551 4356 impunitum.

2348 4396 2378 4422 «
2412 4373 2520 4428 Cor
2564 4373 2694 4442 ejus
2722 4372 3098 4428 indurabitur
3136 4378 3419 4445 tanquam
3452 4372 3622 4442 lapis,
3656 4376 3713 4428 et
3742 4372 3923 4427 strin-

2275 4468 2447 4535 getur
2504 4462 2675 4533 quasi
2741 4461 3100 4517 malleatoris
3155 4462 3343 4517 incus.
3413 4483 3442 4511 ››
3512 4461 3661 4531 Sive,
3722 4466 3789 4516 ut
3824 4461 3924 4516 alii

2276 4553 2570 4619 dixerunt,
2601 4556 2653 4607 et
2676 4554 2785 4606 stat
2835 4553 2976 4605 sicut
3006 4554 3162 4606 incus
3202 4552 3592 4622 infatigabilis.
3641 4553 3749 4607 Cor
3794 4550 3924 4605 dia-

591 4666 613 4694 ι
662 4643 745 4698 De
774 4641 1019 4697 naribus
1050 4639 1180 4710 ejus
1227 4638 1490 4710 procedit
1518 4638 1742 4711 fumus,
1771 4658 1797 4689 ι
1838 4640 1901 4695 ld
1933 4643 2022 4695 est
2060 4658 2165 4697 su-
2275 4641 2391 4697 boli
2423 4641 2727 4695 durumet
2756 4639 3071 4694 inﬂexibile
3105 4643 3233 4735 nest,
3292 4639 3645 4694 hebetudine
3691 4655 3923 4710 quoque.

540 4732 738 4790 herbis.

556 4751 738 4790 erma.

514 4751 552 4808 Ρ
586 4847 615 4873 ‹‹
648 4821 812 4877 Sicut
867 4818 993 4875 ollae
1054 4834 1348 4875 succensae
1407 4822 1582 4890 atque
1612 4819 1909 4874 ferventis.
1964 4840 1991 4868 ››
2020 4820 2169 4884 Quia

514 4930 695 4987 vapor
722 4913 825 4967 aut
852 4909 978 4980 ipse
1009 4925 1072 4965 se
1105 4913 1208 4965 aut
1239 4909 1710 4979 obtemperantes
1759 4913 1996 4981 generet
2026 4926 2165 4964 cau-

515 5022 611 5062 sas
639 5001 795 5077 ignis
827 4998 1045 5055 aeterni.
1080 4997 1378 5070 Superbia)
1409 4996 1653 5069 spiritus
1676 4997 1736 5051 in
1768 4997 2030 5069 anhelitu
2063 5016 2168 5053 na-

518 5095 674 5151 rium
733 5092 1192 5153 demonstratur,
1244 5087 1461 5159 quibus
1500 5086 1684 5142 animi
1734 5086 1826 5141 sui
1872 5091 2167 5143 tumorem

517 5179 865 5242 exanhelare
896 5195 959 5235 se
997 5178 1233 5251 gaudet,
1274 5177 1378 5232 sed
1409 5175 1705 5231 humiliari
1751 5193 1817 5232 ac
1865 5176 2103 5248 reprimi
2136 5195 2172 5231 a

517 5272 767 5331 Domino
799 5267 1073 5342 superius
1101 5265 1184 5321 ita
1211 5264 1426 5320 dicitur
1458 5282 1472 5320 :
1504 5265 1779 5335 Numquid
1803 5280 1973 5336 pones
2001 5266 2174 5320 circu-

519 5364 635 5417 lum
666 5362 728 5416 in
754 5358 1009 5422 naribus,
1040 5357 1092 5411 et
1116 5351 1348 5409 armilla
1382 5354 1689 5425 per/orabis
1716 5351 2027 5407 maxillam
2056 5354 2174 5424 ejus

524 5454 688 5524 (vers.
719 5448 812 5520 21)
839 5446 868 5501 ?

603 5563 625 5588 α
660 5537 890 5593 Halitus
919 5535 1049 5606 ejus
1076 5550 1297 5605 prunas
1328 5532 1530 5587 ardere
1578 5532 1733 5587 facit.
1774 5553 1801 5580 »
1834 5531 1935 5586 Hic
1965 5536 2054 5585 est
2085 5533 2174 5587 fu-

531 5646 669 5688 mus
696 5628 825 5698 ejus
852 5641 885 5680 e
914 5624 1158 5680 naribus
1189 5640 1257 5679 ex
1300 5620 1561 5677 anhelitu
1612 5622 1761 5691 eius,
1798 5625 1864 5676 ut
1909 5620 2175 5678 carboni-

524 5716 646 5787 bus
700 5715 826 5773 suis
854 5714 1050 5786 ignem
1079 5712 1194 5770 sibi
1220 5716 1505 5769 aeternum
1552 5715 1611 5766 et
1659 5710 2010 5769 fumandum
2037 5713 2175 5769 sub-

2278 4730 2493 4802 lapidis
2531 4735 2589 4784 et
2625 4730 2837 4800 rigore.
2895 4726 3325 4795 Constringitur
3376 4733 3595 4798 autem,
3653 4728 3770 4784 sive
3808 4732 3926 4782 stat
3996 4712 4005 4727 ’

2279 4821 2435 4876 sicut
2480 4819 2668 4885 incus,
2720 4834 2846 4889 quae
2896 4834 3012 4871 non
3061 4816 3423 4887 producitur.
3468 4817 3639 4871 Incus
3668 4832 3924 4887 namque

2280 4907 2541 4965 caeditur.
2595 4906 2695 4961 sed
2740 4922 2856 4960 non
2906 4905 3267 4977 producitur,
3314 4905 3642 4975 superjecta
3670 4905 3921 4967 edomat,

2280 4994 2603 5053 immobilis
2634 5000 2829 5050 autem
2860 4994 2991 5066 ipsa
3011 4994 3280 5049 consistit
3315 5010 3329 5048 :
3360 4993 3496 5047 talis
3525 4993 3796 5049 diabolus
3815 4998 3922 5049 est.

2282 5085 2565 5142 Fidelium
2599 5084 2755 5139 enim
2787 5082 3286 5154 increpationibus
3343 5083 3633 5150 tunditur,
3678 5083 3926 5155 prophe-

2280 5180 2477 5231 tarum
2509 5174 2683 5229 dictis
2713 5174 2975 5241 caeditur,
3035 5177 3358 5243 martyrum
3398 5172 3641 5228 victoria
3669 5171 3924 5238 eliditur,

2283 5265 2385 5321 sed
2418 5281 2664 5320 manens
2691 5263 2939 5336 rigidus,
2975 5261 3179 5325 durus,
3211 5261 3554 5329 indomitus,
3576 5261 3808 5317 aeternis
3832 5262 3927 5315 ad-

2284 5355 2477 5410 dictus
2505 5358 2595 5409 est
2626 5354 2833 5423 pannis.

2356 5467 2387 5495 ‹‹
2440 5443 2585 5498 Cum
2627 5442 2897 5497 sublatus
2926 5441 3103 5496 fuerit
3145 5441 3438 5496 timebunt
3487 5439 3697 5509 angeli,
3729 5443 3786 5494 et
3812 5443 3928 5494 ter-

2286 5534 2383 5589 riti
2416 5533 2883 5605 purgnbuntur.»
2904 5531 3021 5585 Hoc
3045 5531 3114 5585 de
3146 5531 3313 5602 primi
3338 5529 3534 5584 saeculi
3564 5530 3931 5599 temporibus

2285 5623 2507 5679 dictum
2536 5622 2715 5693 accipi
2744 5623 3251 5692 potest.Quantum
3278 5620 3355 5674 sit
3374 5618 3596 5675 malum
3620 5617 3931 5689 superbiae,

2277 5714 2405 5785 jam
2456 5717 2598 5768 tunc
2646 5709 2832 5782 angeli
2887 5711 3073 5766 sancti
3115 5712 3264 5766 scire
3316 5713 3651 5782 potuerunt,
3694 5708 3932 5779 quando
