4220 6586
275 463 397 525 841-

1368 464 1886 527 COMMENTAR.
1934 463 2013 524 ΙΝ
2055 462 2196 524 JOB
2240 463 2412 526 CAP.
2453 464 2608 525 XLI.

3569 465 3688 526 842

271 599 665 671 praesumptor
720 595 1048 670 tyrannidis
1107 595 1237 652 oculi
1294 613 1427 653 arce
1484 597 1746 667 dejectus
1794 598 1920 661 est;
1953 596 2009 660 Α
2041 594 2293 666 fugatur.
2328 595 2443 649 Alii
2473 611 2606 651 vero
2636 595 2718 650 ita
2764 595 3078 651 dixerunt:
3123 593 3242 649 Non
3275 593 3531 649 vulnerat
3559 610 3691 654 eum

272 686 505 758 quando
535 685 711 742 etiam
743 702 846 758 pro
869 702 936 742 eo
969 685 1178 741 merito
1209 699 1325 757 quo
1359 685 1416 741 in
1439 687 1698 750 veritate,
1722 687 1781 738 in
1815 699 1933 755 qua

269 774 366 831 ille
408 791 526 831 non
573 778 828 844 steterat,
875 778 1206 840 steterunt;
1255 777 1312 828 et
1359 773 1418 828 in
1474 774 1580 829 hoc
1611 772 1763 828 beati
1796 771 1930 827 facti

271 880 400 920 esse
446 863 718 920 credendi
765 867 926 930 sunt,
976 867 1042 918 ut
1091 861 1407 919 certissimi
1455 862 1662 918 ﬁerent
1709 859 1932 916 nullius

274 968 536 1025 unquam
591 951 811 1024 peccati
869 951 1101 1024 lapsum
1162 950 1276 1006 sibi
1339 966 1466 1006 esse
1523 949 1930 1006 metuendum.

279 1042 461 1114 Igitur
480 1041 638 1113 quod
663 1041 884 1097 dictum
909 1044 1002 1097 est
1041 1039 1183 1112 quia
1203 1039 1434 1097 sublato
1483 1037 1737 1104 diabolo,
1770 1036 1937 1092 time-

281 1131 428 1186 bunt
457 1129 672 1202 angeli,
705 1133 762 1184 et
790 1129 980 1185 territi
1002 1129 1432 1200 purgabantur,
1455 1143 1570 1182 non
1602 1127 1686 1182 sic
1718 1124 1932 1181 intelli-

282 1219 538 1292 gendum
560 1218 835 1290 est,quod
854 1217 926 1274 ad
949 1217 1270 1274 cavendum
1297 1221 1600 1288 peccatum
1625 1213 1934 1287 superbiae,

283 1306 717 1365 emendatiores
747 1307 926 1362 futuri
949 1307 1089 1373 sint,
1114 1305 1303 1362 territi
1327 1309 1504 1360 tanta:
1535 1301 1936 1360 damnationis

283 1395 570 1469 exemplo,
602 1411 737 1452 cum
769 1396 972 1468 utique
1013 1393 1395 1467 perspicuum
1443 1393 1520 1449 sit
1565 1391 1810 1448 minime
1837 1407 1938 1448 eos

284 1485 484 1542 beatos
514 1485 657 1554 fore,
691 1485 741 1541 si
773 1483 1133 1540 studendum
1163 1483 1248 1540 eis
1297 1483 1375 1540 sit
1417 1499 1558 1539 cura
1586 1479 1940 1554 impensiore

286 1591 358 1631 ne
385 1579 645 1647 peccent.
704 1575 1014 1630 Peccatum
1071 1573 1229 1630 enim
1281 1587 1504 1638 cavere,
1552 1571 1642 1627 vel
1703 1573 1939 1642 peccato

290 1663 581 1732 resistere,
614 1664 686 1719 ad
719 1662 978 1735 poenales
1024 1662 1203 1732 hujus
1253 1661 1457 1717 mundi
1509 1660 1779 1716 miserias
1809 1675 1938 1731 per-

293 1752 464 1824 tinet,
496 1769 616 1808 non
664 1751 738 1807 ad
785 1751 965 1807 futuri
1016 1751 1212 1807 saeculi
1271 1750 1539 1822 gloriam.
1572 1749 1689 1804 Hos
1744 1753 1938 1804 autem

291 1841 541 1899 arbitror
569 1840 1020 1914 intelligendum
1050 1839 1451 1910 homines,qui
1475 1840 1548 1894 ad
1579 1829 1939 1894 consortium

289 1930 658 2003 pervenerint
686 1928 1053 2003 angelorum,
1086 1933 1288 2000 utpote
1337 1929 1506 2000 quasi
1557 1927 1690 1982 novi
1725 1925 1938 1998 angeli,

293 2021 570 2076 damnato
621 2017 876 2087 diabolo,
929 2017 1116 2074 territi
1173 2018 1622 2089 purgabuntur:
1683 2015 1947 2071 videntes

296 2107 530 2180 qualem
547 2113 950 2178 quantumque
963 2107 1280 2176 hostem,et
1300 2105 1711 2177 hujuscemodi
1744 2120 1945 2176 pmnas

295 2196 598 2252 horrendis
665 2194 1060 2251 damnationis
1135 2199 1468 2251 evaserunt.
1539 2195 1950 2267 Purgabuntur

296 2287 515 2354 autem,
546 2283 605 2339 id
638 2289 747 2351 est,
783 2283 1048 2356 puriores
1080 2283 1195 2339 Deo
1219 2283 1556 2351 reddentur,
1581 2287 1746 2338 tanta
1767 2281 1948 2338 divini

292 2372 562 2429 beneﬁcii
595 2371 748 2428 circa
780 2389 842 2428 se
873 2370 1274 2427 consolatione
1316 2376 1639 2444 perspecta.
1678 2371 1738 2426 Id
1771 2370 1949 2426 etiam

293 2462 448 2533 quod
483 2461 712 2516 dictum
747 2465 857 2525 est,
907 2461 1118 2528 territi,
1149 2460 1236 2517 vel
1294 2461 1448 2532 quod
1498 2461 1786 2532 scriptum
1839 2462 1950 2526 est,

290 2550 611 2617 timebunt,
647 2565 763 2605 non
812 2548 1086 2604 abhorret
1127 2566 1161 2605 a
1224 2565 1426 2618 sensu,
1460 2553 1525 2604 ut
1581 2547 1952 2604 rationabilis

292 2638 565 2695 videlicet
613 2641 879 2694 creatura
926 2654 1098 2694 omne
1150 2637 1501 2694 beneficium
1557 2642 1732 2710 atque
1780 2653 1952 2693 omne

289 2727 587 2800 judicium
621 2726 912 2783 Creatoris
943 2727 1055 2794 sui,
1089 2743 1205 2782 non
1239 2743 1372 2783 cum
1424 2726 1659 2798 poenali,
1693 2727 1793 2782 sed
1818 2743 1953 2782 cum

298 2816 619 2873 honorifico
664 2822 883 2872 terrore
935 2816 1198 2871 miretur.
1231 2816 1302 2871 Et
1351 2831 1550 2871 revera
1607 2832 1734 2886 qua:
1770 2817 1958 2886 major

303 2905 654 2978 purificatio,
690 2905 810 2961 sive
840 2904 1132 2977 purgatio,
1160 2905 1374 2977 poterit
1401 2921 1530 2961 esse
1582 2909 1714 2960 ante
1751 2906 1956 2971 Deum,

310 2995 464 3051 sicut
494 2993 743 3067 angelici
773 2993 1054 3065 hominis,
1081 3009 1260 3066 quam
1292 2997 1358 3049 ut
1385 3008 1564 3066 super
1601 3009 1735 3049 cum
1766 2993 1960 3049 exsul-

303 3084 525 3140 tatione
556 3083 720 3156 (quia
751 3083 845 3138 cui
876 3082 1135 3139 defertur
1154 3083 1288 3156 pius
1317 3084 1426 3154 est)
1457 3087 1514 3138 et
1551 3100 1686 3139 cum
1710 3087 1961 3140 tremore

305 3173 474 3246 (quia
501 3172 598 3230 cui
617 3173 877 3228 defertur
897 3171 1052 3228 Deus
1072 3173 1356 3244 est)omne
1379 3171 1598 3228 bonum
1621 3173 1961 3229 certissimae

311 3261 648 3319 securitatis
673 3277 794 3317 suae
825 3259 1138 3333 gloriaque
1176 3265 1466 3334 perpetuae
1499 3262 1570 3317 ad
1604 3261 1837 3317 laudem
1869 3261 1962 3317 sui

315 3351 531 3408 referat
549 3349 900 3406 Conditoris.

376 3455 524 3512 Cum
555 3454 1008 3528 apprehenderit
1037 3471 1172 3511 eum
1203 3453 1457 3528 gladius,
1493 3455 1813 3512 subsistere
1842 3472 1958 3511 non

305 3544 544 3619 poterit,
577 3559 767 3616 neque
824 3543 1016 3610 hasta,
1077 3559 1268 3616 neque
1325 3543 1552 3600 thorax.
1591 3566 1612 3592 ι
1666 3543 1778 3599 Alii
1826 3561 1960 3600 vero

308 3632 693 3691 manifestius
723 3631 1154 3688 transtulerunt
1199 3632 1501 3688 dicentes:
1531 3633 1598 3689 Si
1625 3633 1964 3688 ocemrerint

308 3725 364 3781 ei
392 3724 625 3791 lancew,
656 3721 802 3777 nihil
844 3722 1048 3792 facient
1074 3723 1164 3777 ei:
1198 3721 1256 3777 id
1307 3724 1414 3788 est,
1474 3720 1653 3778 nullis
1710 3720 1962 3778 metallis

310 3815 602 3869 terrorum
629 3826 696 3867 ac
726 3809 1227 3882 increpationibus
1280 3809 1495 3882 poterit
1543 3810 1863 3866 emendari.
1898 3811 1962 3865 In

311 3900 486 3957 hasta
514 3903 713 3956 autem
728 3903 786 3956 et
807 3899 1042 3955 thorace
1059 3903 1309 3972 possunt
1324 3897 1964 3972 intelligi,qui,justitiie

315 3989 499 4046 lorica
527 3989 741 4058 induti,
775 3988 1009 4045 dextera
1037 3987 1314 4060 operibus
1357 3988 1577 4044 sanctis
1633 3988 1841 4044 armati
1870 4005 1965 4044 co-

315 4083 536 4135 nantur
564 4078 1064 4150 resistere.Ipsum
1093 4094 1226 4134 vero
1258 4077 1467 4150 punire
1488 4077 1608 4134 sive
1637 4094 1968 4152 expugnare

319 4183 436 4225 non
469 4165 766 4234 valebunt,
816 4167 955 4238 quia
999 4170 1121 4222 tam
1170 4164 1335 4222 fortis
1393 4170 1451 4222 et
1508 4165 1700 4222 malus
1757 4171 1864 4234 est,
1906 4169 1971 4222 ut

321 4255 695 4314 adversantia
742 4258 1100 4326 contemnat,
1133 4258 1190 4310 et
1237 4255 1493 4310 converti
1537 4255 1781 4312 minime
1812 4255 1968 4313 velit.

321 4345 577 4401 Proinde
629 4342 916 4415 quidquid
975 4346 1066 4398 est
1119 4343 1481 4399 fortitudinis
1531 4343 1863 4401 animorum
1911 4344 1970 4400 in

323 4433 568 4504 sanctis,
602 4431 736 4488 ferri
767 4431 1052 4488 vocabulo
1085 4430 1434 4504 appellatur.
1468 4431 1763 4505 Quidquid
1795 4434 1972 4490 etiam

318 4523 609 4580 virtutum
641 4523 752 4588 est,
785 4520 916 4576 ieris
968 4519 1281 4592 splendore
1329 4519 1420 4576 vel
1444 4522 1808 4593 perennitate
1839 4539 1974 4578 cen-

323 4616 511 4669 setur.

2041 683 2248 753 sagitta
2275 699 2439 739 aerea.
2489 685 2748 739 Verbum
2797 684 2898 739 Dei
2951 681 3393 755 incorruptibile
3452 686 3509 738 et
3557 699 3686 756 per-

2041 788 2287 827 manens
2315 772 2536 843 sagittre
2569 789 2737 828 aeneae
2787 775 3178 844 comparatur,
3212 786 3328 844 quo
3377 789 3686 845 nunquam

2042 861 2234 934 potuit
2249 861 2518 918 diabolus
2533 862 2602 917 ad
2622 860 3023 934 paenitentiam
3038 859 3332 916 vulnerari
3347 862 3692 929 ;secundum

2043 949 2322 1005 duritiam
2354 951 2547 1006 cordis
2574 950 2666 1006 sui
2724 949 3082 1006 thesaurizat
3139 949 3253 1005 sibi
3309 949 3460 1006 iram
3505 950 3566 1007 in
3597 951 3690 1008 die

2044 1037 2141 1091 irae
2177 1041 2233 1092 et
2262 1039 2629 1094 revelationis
2653 1038 2800 1110 justi
2824 1037 3032 1108 judicii
3063 1037 3163 1094 Dei
3197 1039 3372 1109 (Rom.
3409 1057 3469 1108 ιι,
3500 1039 3579 1111 5).

2121 1167 2141 1193 «ι
2181 1146 2252 1199 In.
2296 1144 2576 1217 stipulam
2627 1145 2779 1201 versi
2835 1149 2974 1200 sunt
3029 1144 3081 1201 ei
3139 1145 3364 1217 lapides
3421 1146 3693 1204 funde.»

2051 1232 2253 1288 Funde.
2280 1237 2470 1305 potest
2519 1233 2769 1306 intelligi
2813 1233 3148 1306 quicunque
3197 1238 3558 1308 sanctorum,
3591 1236 3694 1310 qui

2048 1338 2227 1378 manu
2280 1323 2509 1379 Domini
2562 1323 2956 1380 continentur.
2991 1326 3100 1379 Per
3146 1323 3255 1380 hos
3294 1339 3430 1397 ergo
3459 1330 3698 1383 sanctos

2048 1427 2211 1479 suos,
2241 1413 2420 1468 duros
2451 1428 2776 1482 sermones,
2802 1414 2979 1469 fortes
3022 1417 3080 1468 et
3125 1429 3363 1485 asperos
3410 1413 3571 1470 velut
3606 1414 3695 1471 laé

2048 1501 2235 1573 pides,
2269 1501 2427 1558 hunc
2472 1502 2722 1574 impium
2779 1502 2969 1558 valide
3016 1501 3334 1574 jaculatur,
3381 1506 3447 1560 ut
3473 1502 3696 1560 eisdem

2049 1607 2366 1662 percussus
2395 1593 2491 1647 det
2510 1591 2790 1649 honorem
2815 1596 2928 1648 Deo
2952 1591 3076 1660 ;sed
3104 1591 3202 1649 ille
3224 1609 3359 1648 cum
3382 1592 3702 1667 singularis

2051 1679 2286 1735 malitiae
2343 1680 2441 1746 sit,
2487 1681 2724 1737 eosdem
2782 1697 3084 1738 sermones
3140 1681 3254 1738 sibi
3310 1683 3593 1740 convertit
3639 1684 3704 1740 in

2052 1768 2353 1841 stipulam,
2379 1774 2444 1826 ut
2471 1771 2613 1826 dum
2646 1787 2745 1826 eos
2767 1787 2871 1843 pro
2902 1769 3050 1826 nihil
3082 1770 3264 1839 ducit,
3297 1770 3443 1827 ﬁant
3463 1771 3517 1828 ei
3543 1771 3705 1829 velut

2052 1859 2276 1931 stipula
2306 1875 2434 1930 quae
2465 1863 2521 1914 et
2554 1859 2868 1916 fumandos
2921 1858 3128 1932 globos
3156 1861 3392 1915 tartarei
3424 1859 3579 1933 ignis
3608 1876 3704 1917 ac-

2053 1948 2281 2003 cendat.
2313 1947 2474 2011 Quod
2504 1947 2600 2003 alii
2633 1949 2837 2004 eodem
2888 1965 3065 2004 sensu
3111 1947 3423 2006 dixerunt:
3470 1951 3707 2006 ﬁstima

2057 2035 2272 2107 lapides
2300 2037 2474 2107 [unda
2496 2037 2736 2108 jactatos
2763 2042 2824 2092 ut
2849 2040 3059 2108 fenum.

2135 2167 2155 2193 α
2191 2143 2366 2209 Quasi
2398 2143 2677 2216 stipulam
2709 2144 3025 2200 aestimabit
3053 2144 3352 2201 malleum.
3389 2167 3410 2194 ιι
3445 2145 3703 2202 Verbum

2060 2232 2446 2288 nihilominus
2479 2232 2765 2301 divinum,
2807 2249 2982 2305 grave
3027 2233 3270 2301 scilicet,
3300 2238 3360 2290 et
3399 2235 3544 2291 forte
3565 2249 3709 2292 cond

2057 2323 2313 2377 tundens
2343 2337 2499 2392 eum,
2531 2327 2589 2377 et
2618 2327 2876 2378 atterens
2907 2326 3136 2378 vastam
3185 2322 3466 2379 duritiam
3498 2323 3706 2396 impios

2061 2411 2197 2466 talis
2227 2411 2376 2481 ejus,
2403 2416 2532 2466 uta
2587 2415 2928 2467 sanctorum
2977 2411 3362 2468 insectatione
3409 2417 3706 2482 tenuetur,

2062 2515 2162 2572 pro
2186 2499 2401 2571 stipula
2417 2499 2732 2555 aestimabit
2758 2517 2770 2555 :
2798 2499 3024 2556 malitia
3042 2515 3298 2572 namque
3317 2500 3564 2559 obrutus
3589 2517 3709 2561 non

2064 2588 2274 2644 sentiet
2320 2589 2552 2661 pondus
2591 2589 2894 2644 tundentis
2955 2589 3227 2662 desuper,
3289 2590 3568 2661 quoniam
3611 2605 3713 2649 cer

2063 2678 2192 2748 ejus
2221 2678 2436 2732 factum
2467 2681 2558 2734 est
2586 2677 2740 2732 sicut
2767 2677 2939 2750 lapis,
2973 2682 3031 2733 et
3059 2678 3213 2734 sicut
3242 2677 3410 2734 incus
3438 2679 3708 2737 indomau

2065 2765 2201 2820 bilis
2227 2783 2240 2821 :
2274 2782 2401 2838 quae
2432 2781 2758 2838 nunquam,
2781 2765 2919 2821 licet
2947 2781 3126 2838 supra
3149 2765 3392 2821 modum
3421 2769 3713 2839 tusa,pro-*

2066 2855 2319 2910 ducitur.

2139 2966 2166 2992 ‹‹
2200 2943 2268 2997 Et
2296 2941 2584 2998 deridebit
2611 2942 2937 2998 vibrantem
2969 2942 3224 2999 hastam.
3259 2965 3288 2994 »
3318 2943 3468 3010 Sive,
3501 2947 3568 2998 ut
3608 2942 3709 3000 alii

2068 3031 2359 3099 dixerunt,
2391 3035 2735 3086 trementem
2767 3047 3120 3087 sermonem.
3151 3030 3423 3090 Validum
3463 3032 3712 3105 cujusli-

2070 3123 2168 3178 bet
2197 3121 2387 3178 sancti
2417 3121 2490 3176 ad
2521 3137 2583 3176 se
2610 3120 2806 3193 vigore
2834 3121 3016 3176 animi
3051 3137 3118 3177 ac
3159 3120 3371 3177 virtute
3400 3121 3710 3191 emissum,

2071 3227 2187 3267 non
2218 3209 2408 3267 solum
2442 3226 2558 3266 non
2587 3210 2902 3278 verebitur,
2933 3226 3136 3266 verum
3181 3211 3358 3267 etiam
3403 3209 3712 3282 deridebit,

2069 3299 2156 3357 vel
2186 3300 2458 3355 eumdem
2490 3315 2840 3367 sermonem,
2869 3299 2958 3354 vel
2989 3299 3165 3355 etiam
3189 3299 3572 3370 jaculantem.
3595 3301 3716 3358 Hoc

2070 3392 2259 3444 totum
2289 3387 2360 3442 de
2389 3386 2620 3442 diabolo
2652 3387 2806 3442 Deus
2836 3386 3082 3442 diversis
3125 3387 3316 3443 modis
3342 3401 3407 3442 ac
3435 3387 3714 3444 similitu-

2069 3476 2307 3532 dinibus
2339 3475 2467 3531 ideo
2499 3475 2660 3542 dicit,
2697 3480 2763 3530 ut
2787 3475 3149 3531 demonstret
3169 3475 3718 3548 hominibus,quane

2068 3570 2198 3621 tum
2231 3563 2370 3620 mali
2401 3564 2497 3630 sit,
2531 3568 2590 3619 et
2620 3579 2796 3636 quam
2829 3567 3133 3635 potens,et
3161 3579 3338 3636 quam
3370 3563 3448 3620 sit
3475 3563 3718 3622 omnino

2071 3651 2486 3710 irrevocabilis.

2146 3765 2174 3794 ‹‹
2206 3743 2326 3798 Sub
2383 3742 2512 3814 ipso
2569 3744 2740 3797 erunt
2793 3740 2943 3796 radii
2999 3741 3163 3811 solis,
3213 3746 3272 3798 et
3330 3745 3550 3799 sternet
3604 3743 3718 3800 sibi

2074 3849 2283 3888 aurum
2317 3831 2487 3904 quasi
2515 3830 2727 3886 lutum.
2763 3830 2919 3886 »801
2960 3831 3206 3902 justitiae
3248 3831 3520 3888 Christus
3563 3835 3718 3890 Deus

2074 3926 2185 3991 est,
2218 3921 2278 3976 in
2327 3920 2498 3990 cujus
2552 3918 2760 3991 pennis
2790 3923 2880 3975 est
2925 3919 3149 3976 sanitas
3195 3919 3372 3989 (Psal.
3413 3938 3506 3988 xc,
3536 3921 3612 3993 4).
3645 3920 3715 3978 Hi

2075 4011 2257 4083 igitur
2285 4008 2455 4074 radii,
2487 4008 2546 4063 id
2579 4011 2668 4064 est
2695 4007 2903 4074 sancti,
2935 4008 3034 4078 qui
3081 4013 3221 4064 sunt
3250 4007 3354 4064 filii
3383 4009 3531 4066 lucis
3561 4011 3712 4081 ejus,

2077 4100 2149 4155 ab
2209 4097 2318 4153 hoc
2373 4097 2637 4168 principe
2693 4096 3091 4164 tenebrarum,
3132 4096 3191 4152 in
3249 4098 3722 4168 prevaricatione

2081 4187 2286 4252 Adam,
2319 4188 2556 4257 peccato
2588 4183 2747 4239 illius
2778 4184 3116 4240 detinentur
3143 4185 3398 4257 obnoxii,
3425 4187 3566 4242 dum
3591 4187 3720 4259 jam

2080 4275 2415 4347 redemptos
2473 4289 2577 4345 per
2623 4272 2921 4328 Christum
2968 4272 3318 4345 capitalibus
3352 4275 3727 4344 criminibus,

2083 4380 2221 4420 suos
2251 4363 2390 4419 facit
2419 4362 2650 4434 sibique
2681 4361 2840 4417 velut
2864 4366 3122 4432 captivos
3171 4368 3228 4418 et
3279 4381 3478 4421 servos
3508 4365 3732 4432 subdit,

2083 4458 2140 4509 et
2169 4452 2466 4524 subjugat.
2521 4455 2776 4506 Possunt
2818 4455 2875 4507 et
2918 4451 3004 4506 illi
3061 4451 3275 4525 angeli,
3324 4469 3473 4525 quos
3529 4469 3732 4510 secum

2087 4540 2358 4598 diabolus
2388 4539 2596 4596 traxit:
2629 4541 2700 4595 de
2743 4540 2958 4611 quibus
3007 4540 3068 4595 in
3099 4540 3448 4614 Apocalypsi
3475 4542 3730 4600 dicitur:

2085 4635 2154 4688 Et
2181 4632 2358 4685 traxit
2383 4645 2572 4684 secum
2599 4630 2820 4684 tertiam
2861 4632 3074 4700 partem
3102 4631 3396 4686 stellarum
3421 4633 3484 4686 in
3525 4637 3738 4688 terram

403 4721 431 4751 α
461 4687 778 4793 Βόριιιξὼᾷτξ
807 4696 964 4754 enim
990 4697 1160 4770 quasi
1181 4695 1386 4793 galeas
1436 4698 1677 4793 ferrum.
1710 4702 1766 4754 et
1806 4698 1978 4793 quasi
2008 4703 2056 4770 D
2089 4720 2377 4793 (Apoc.vn,
2409 4718 2538 4786 12):
2571 4717 2631 4772 hi
2663 4717 2809 4773 radii
2842 4687 2984 4774 solis
3013 4718 3282 4792 intelligi,
3317 4720 3439 4793 qui,
3462 4687 3737 4778 recte..-

326 4788 552 4861 lignum
581 4787 908 4860 putridum,
971 4803 1069 4842 aes.
1105 4810 1132 4836 ››
1181 4785 1371 4843 Tanta
1429 4787 1586 4843 enim
1648 4803 1710 4843 se
1764 4788 1977 4843 virtute

327 4877 616 4951 superbiae
646 4876 934 4945 induit,ut
964 4875 1085 4931 haec
1116 4875 1314 4932 omnia
1359 4892 1524 4932 arma
1576 4876 1890 4932 adversum
1921 4892 1983 4933 se

327 4970 608 5038 suscepta
638 4981 742 5037 pro
772 4963 921 5019 nihil
954 4964 1192 5036 pendat,
1226 4969 1284 5020 et
1314 4964 1439 5038 ipse
1487 4965 1682 5038 potius
1713 4969 1985 5038 operetur

335 5071 534 5128 opera,
566 5053 867 5128 palearum
898 5053 1118 5109 acervis
1149 5053 1368 5110 similia
1387 5059 1445 5109 et
1473 5054 1647 5126 lignis
1669 5055 1986 5111 infructuo-

337 5145 442 5210 sis,
474 5148 532 5200 et
559 5141 805 5199 vetustis
864 5141 1136 5214 carieque
1195 5142 1625 5213 fatiscentibus,
1674 5159 1800 5216 quae
1854 5143 1988 5216 igne

332 5231 800 5305 inexstinguibili
831 5235 973 5287 sunt
1002 5232 1247 5288 urenda.

411 5363 439 5390 α
472 5339 598 5395 Non
629 5337 859 5411 fugabit
906 5352 1040 5393 eum
1100 5338 1186 5394 vir
1244 5338 1608 5412 sagittarius.
1662 5361 1690 5390 ››
1741 5338 1992 5394 Cuilibet

344 5432 682 5485 sanctorum
714 5425 983 5499 quamvis
1006 5425 1340 5498 pharetram
1363 5426 1555 5484 cordis
1586 5427 1699 5494 sui,
1722 5427 1991 5500 increpa-

343 5519 573 5574 tionum
602 5515 975 5572 sermonibus
1004 5520 1288 5588 tanquam
1309 5516 1440 5573 telis
1462 5515 1994 5590 compungentibus

343 5606 580 5681 plenam
600 5603 832 5674 habeat,
862 5602 932 5658 ab
963 5603 1047 5659 eis
1077 5607 1276 5661 tamen
1308 5605 1402 5661 hic
1434 5607 1639 5672 durus,
1657 5610 1715 5661 et
1743 5605 1992 5661 nimium

352 5698 575 5754 ferreus
596 5690 887 5768 penetrari
919 5708 1034 5747 non
1067 5696 1298 5764 poterit.
1332 5696 1401 5751 Et
1430 5695 1556 5751 ideo
1591 5711 1704 5750 non
1736 5697 1996 5751 sentiens

341 5787 596 5849 vulnera
624 5780 1248 5857 compunctionum,ab
1278 5783 1387 5840 hoc
1418 5783 1522 5843 tali
1554 5783 1855 5858 sagittario
1880 5803 1995 5843 non

642 5917 905 5978 ΡΑτιιοι..
951 5912 1162 5977 XXVI.

2091 4813 2178 4864 tes
2210 4825 2244 4863 a
2285 4807 2421 4874 Deo,
2480 4823 2613 4862 vero
2672 4805 2918 4874 lumine,
2951 4808 3114 4864 factae
3173 4814 3313 4866 sunt
3363 4811 3637 4880 tenebris,
3683 4813 3744 4868 et

2092 4897 2387 4971 principes
2408 4896 2803 4951 tenebrarum.
2828 4896 2895 4950 Hi
2929 4913 3066 4970 ergo
3098 4899 3208 4956 sub
3239 4900 3367 4972 ipso
3415 4905 3574 4967 sunt,
3609 4899 3743 4972 qui-

2092 4989 2205 5042 bus
2235 4984 2505 5041 diabolus
2563 4989 2654 5041 est
2718 5003 2816 5042 rex
2871 4990 2930 5042 et
2983 4987 3284 5045 dominus.
3326 4994 3550 5044 Aurum
3608 5004 3742 5044 vero

2095 5075 2421 5132 secundum
2455 5074 2613 5130 hunc
2645 5091 2885 5132 sensum
2920 5093 3094 5149 quem
3150 5077 3426 5142 diximus,
3461 5076 3572 5148 ipsi
3603 5079 3746 5131 sunt

2099 5163 2245 5219 radii
2279 5162 2444 5234 solis,
2477 5164 2634 5235 quia,
2668 5164 2778 5220 sub
2809 5165 3045 5221 nomine
3075 5167 3225 5236 auri,
3258 5164 3496 5238 pretiosi
3525 5163 3746 5236 quique

2097 5257 2155 5308 et
2184 5251 2322 5308 mali
2352 5251 2793 5325 intelliguntur:
2817 5252 2924 5310 hos
2946 5253 3058 5309 sibi
3088 5255 3298 5310 sternit
3329 5253 3497 5326 quasi
3528 5253 3748 5321 lutum,

2099 5359 2234 5397 cum
2265 5358 2365 5397 eos
2414 5342 2527 5397 sibi
2575 5342 2846 5398 subditos
2905 5342 3175 5414 peccatis,
3201 5342 3474 5398 sordidos
3518 5345 3577 5398 et
3603 5339 3749 5397 viles

2102 5430 2300 5485 efﬁcit.
2336 5430 2624 5484 Dicuntur
2653 5435 2846 5487 autem
2872 5430 3156 5486 dracones
3186 5431 3244 5486 in
3277 5431 3363 5486 eis
3391 5428 3535 5486 locis
3564 5444 3752 5486 secre-

2103 5519 2203 5587 tis,
2238 5523 2296 5575 et
2329 5523 2614 5574 terrarum
2647 5519 2860 5574 abditis
2904 5518 3153 5586 sinibus,
3187 5518 3274 5575 vel
3306 5518 3560 5576 maxime
3589 5535 3748 5576 com-

2107 5609 2346 5678 morari,
2377 5609 2477 5664 ubi
2509 5607 2816 5664 metallum
2848 5609 2976 5663 auri
3008 5609 3103 5664 sit.
3136 5609 3206 5664 Et
3242 5611 3314 5666 ob
3345 5609 3456 5666 hoc
3489 5610 3601 5666 sub
3631 5609 3750 5683 spi-

2107 5697 2305 5754 rituali
2338 5697 2746 5770 intelligentia,
2778 5702 2916 5769 puto
2964 5697 3116 5753 hanc
3165 5699 3566 5774 metaphoram
3616 5716 3752 5758 con-

2110 5792 2423 5858 servatam,
2457 5803 2522 5844 eo
2556 5787 2707 5859 quod
2739 5786 2834 5846 hic
2863 5786 3036 5845 draco
3083 5789 3272 5860 rufus,
3305 5791 3375 5848 de
3405 5808 3547 5852 auro
3577 5791 3758 5850 bono-

3407 5923 3480 5982 2⁵1
