4220 6576
538 459 663 517 843

540 608 671 648 rum
705 603 854 660 quos
885 585 1190 655 dejecerat,
1225 583 1339 640 sibi
1388 582 1579 639 cubile
1624 585 1865 651 sternat,
1900 580 2054 653 quod
2094 582 2183 633 est
2213 579 2265 643 Α

540 693 744 737 omnes
792 674 1128 748 spirituales
1178 673 1383 729 mundi
1434 672 1614 744 hujus
1660 670 1917 735 divitias,
1955 669 2011 723 id
2074 673 2186 733 est,

541 770 833 827 bonorum
867 764 1178 821 hominum
1209 760 1893 831 sanctitatemjustitiam
1926 762 2192 813 caeteras-

544 873 661 931 que
690 856 955 925 virtutes,
988 852 1146 909 velut
1175 868 1384 908 aurum
1417 851 1525 905 sub
1552 866 1613 905 se
1646 848 1905 917 habebit,
1926 863 2057 903 cum
2089 862 2189 901 eos

543 944 978 1002 obdormientes
1008 939 1067 995 in
1097 940 1209 995 fide
1240 939 1299 995 in
1331 938 1520 993 lutum
1554 937 1911 992 immensum
1954 935 2188 1005 redege-

544 1035 620 1090 rit
648 1034 1044 1105 peccatorum.

616 1164 644 1191 «
676 1140 1015 1196 Fervescere
1047 1136 1217 1192 faciet
1248 1134 1415 1205 quasi
1449 1132 1563 1188 olla
1594 1132 1950 1204 profundum
1983 1131 2188 1195 maris,

543 1235 602 1286 et
633 1233 807 1302 ponet
836 1226 1006 1299 quasi
1032 1241 1166 1281 cum
1199 1228 1500 1295 unguenta
1528 1221 1803 1277 bulliunt.
1840 1245 1861 1273 ι
1900 1221 2057 1275 Mare
2082 1219 2191 1274 hoc

547 1318 849 1384 saeculum,
898 1314 1222 1370 secundum
1272 1312 1615 1383 allegoricos
1662 1309 2019 1378 intellectus,
2063 1323 2190 1363 esse

545 1408 878 1473 didicimus,
912 1404 1067 1476 quod
1099 1407 1187 1458 cst
1216 1401 1573 1457 obscuritate
1604 1418 1731 1469 sua,
1758 1404 1814 1455 et
1843 1398 2027 1454 nimia
2049 1395 2192 1452 stul-

545 1495 684 1551 titim
714 1494 972 1550 caecitate
1002 1492 1403 1557 tenebrosum,
1432 1492 1587 1560 quod
1639 1490 1720 1543 ita
1762 1486 2033 1543 diabolus
2072 1503 2192 1540 car-

546 1584 664 1641 nali
696 1584 963 1640 accendit
986 1579 1480 1652 concupiscentia,
1509 1583 1573 1633 ut
1599 1579 1812 1633 ferveat
1843 1577 1913 1631 ad
1942 1574 2195 1631 amanda

544 1679 795 1729 terrena.
848 1672 907 1727 Si
969 1674 1165 1727 autem
1233 1668 1293 1723 in
1351 1669 1565 1722 bonam
1620 1671 1843 1738 partem
1895 1668 2195 1736 unguenta

544 1762 1028 1825 intellexerimus,
1060 1761 1127 1814 ut
1153 1756 1371 1830 gratias
1402 1760 1741 1812 sanctorum
1771 1756 2052 1811 ferventes
2084 1752 2192 1807 hoc

544 1849 672 1906 loco
725 1850 1200 1920 interpretemur,
1249 1865 1282 1902 a
1332 1845 1622 1901 contrario
1680 1843 1951 1900 diabolus
2009 1841 2191 1897 maris

2032 445 2456 505 APPENDIX.

3826 430 3980 505 884)

2367 600 2393 625 ‹‹
2429 576 2535 640 Qui
2570 577 2756 631 factus
2787 581 2893 643 est,
2943 583 3005 631 ut
3052 574 3282 632 nullum
3328 576 3575 633 timeret.
3631 597 3660 627 «
3709 575 3953 650 Propria

2299 664 2595 720 voluntate
2626 664 2791 720 liberi
2843 663 3068 720 arbitrii
3115 664 3230 730 sui,
3264 665 3323 720 in
3377 664 3714 737 superbiam
3757 664 3950 723 elatus

2301 755 2489 810 factus
2523 759 2630 820 est,
2663 755 2721 809 id
2753 760 2859 825 est,
2895 755 2978 809 ita
3025 754 3116 810 sui
3174 753 3398 811 malitia
3454 756 3807 827 depravatus
3836 760 3950 825 est,

2299 849 2365 899 ut
2395 844 2624 899 nullum
2684 843 2934 910 timeret,
2978 860 3081 899 nec
3142 844 3337 914 ipsum
3388 844 3703 901 Dominum
3758 845 3949 903 Deum

2298 938 2617 989 creatorem
2650 933 3054 989 suum.'l‘imor
3081 934 3320 1006 quidem
3344 938 3409 989 ut
3432 932 3623 995 melus
3656 940 3951 1006 servus,et

2300 1024 2739 1094 praevaricator;
2793 1012 2895 1078 sed
2946 1039 3062 1078 non
3094 1022 3271 1079 habet
3300 1022 3359 1078 in
3395 1040 3457 1079 se
3486 1023 3817 1081 dilectionis
3850 1024 3952 1080 Dei

2304 1110 2593 1166 timorem.

2373 1226 2399 1249 «ς
2435 1198 2619 1255 Omne
2649 1199 2903 1256 sublime
2932 1200 3105 1255 videt.
3132 1222 3159 1251 »
3188 1201 3249 1256 In
3273 1200 3951 1276 sublime,inquit,atque

2302 1288 2359 1343 in
2414 1289 2711 1343 excelsum
2768 1289 3033 1361 erigitur,
3093 1290 3150 1344 id
3210 1295 3323 1356 est,
3376 1307 3564 1363 usque
3614 1291 3686 1346 ad
3756 1292 3948 1365 ipsius

2301 1377 2734 1433 inmstimabilis
2783 1379 3065 1451 superbiae
3118 1395 3239 1434 sure
3286 1379 3508 1451 apicem
3558 1379 3834 1452 elevatur,
3881 1386 3950 1437 ut

2304 1466 2687 1538 blasphemus
2710 1471 2885 1538 ponat
2906 1466 2962 1521 in
2986 1468 3129 1522 ccelo
3152 1484 3217 1522 os
3246 1483 3443 1535 suum,
3473 1468 3709 1525 dicens:
3738 1474 3949 1526 Ponam

2304 1557 2363 1609 in
2392 1554 2527 1611 ra’lo
2568 1557 2826 1613 thronum
2855 1573 3057 1623 meum,
3117 1561 3172 1612 et
3231 1573 3325 1613 ero
3382 1559 3583 1613 similis
3644 1560 3946 1616 Altissimo.

2306 1645 2430 1714 (lsa.
2464 1662 2577 1711 xw,
2614 1647 2721 1716 14).

2382 1754 2403 1782 α
2438 1734 2565 1806 Ipse
2596 1738 2684 1791 est
2713 1751 2808 1790 rex
2839 1751 3014 1807 super
3064 1735 3366 1792 universos
3395 1736 3548 1793 filios
3577 1738 3882 1811 superbiae.
3920 1761 3949 1788 »

2306 1832 2369 1885 Id
2416 1837 2526 1899 est,
2572 1837 2746 1905 caput
2795 1837 2851 1888 et
2898 1833 3169 1906 princeps
3219 1834 3486 1890 omnium
3536 1835 3950 1909 superborum,

548 1939 722 1996 istius
753 1938 1048 1994 habitator
1074 1936 1134 1991 id
1166 1934 1304 2007 agit,
1337 1939 1402 1989 ut
1450 1934 1742 2006 quomodo
1793 1930 2193 2005 spiritualium
2225 1955 2272 2019 Β
2306 1934 2479 2019 quem
2516 1920 2813 2019 ίῐηίῐξὶηξεῗε
2861 1920 3074 2019 angeli.
3120 1920 3391 2019 homiues
3431 1923 3621 2019 impii,
3651 1927 3709 1980 et
3737 1940 3953 1997 praeva-

552 2028 875 2103 gratiarum
909 2042 1106 2082 amore
1136 2024 1195 2079 in
1225 2023 1442 2095 Spiritu
1493 2028 1694 2078 sancto
1730 2021 2080 2087 fervescunt,
2116 2020 2197 2075 ita
2226 2009 2270 2019 ”
2306 2009 2601 2076 Γίεαΐονθε,
2638 2009 2772 2065 facti
2806 2013 2944 2065 sunt
2974 2009 3077 2065 ﬁlii
3108 2012 3395 2084 superbiae
3428 2014 3577 2083 ejus.

552 2118 625 2174 ad
657 2131 917 2172 amorem
949 2113 1156 2169 mundi
1188 2112 1360 2169 istius
1409 2111 1676 2167 homines
1732 2110 2036 2183 praesentis
2064 2110 2193 2164 vita:

552 2206 861 2272 desiderio,
895 2203 1063 2275 quasi
1106 2202 1461 2274 quibusdam
1514 2200 1996 2256 succensionibus
2028 2200 2196 2254 flam-

555 2295 701 2352 meis
767 2294 1094 2349 ardescant.
1165 2290 1279 2345 Alii
1337 2291 1630 2355 dixerunt,
1688 2292 1988 2360 fervescere
2059 2290 2197 2359 facit

548 2388 827 2456 abyssum,
860 2385 920 2437 ut
958 2398 1051 2437 ras
1099 2397 1313 2436 aeneum
1362 2381 1601 2437 aestimat
1646 2382 1789 2434 sicut
1835 2379 2111 2446 delictum,
2144 2382 2195 2433 et

538 2478 834 2533 tartarum
852 2472 1037 2543 abyssi
1056 2472 1198 2527 sicut
1219 2473 1511 2543 captivum.
1546 2469 1663 2524 Hoc
1696 2470 1753 2523 in
1786 2468 1910 2524 loco
1943 2467 2194 2522 arbitror

548 2563 706 2636 quod
738 2562 821 2616 ita
868 2561 939 2615 de
998 2557 1229 2615 diabolo
1289 2559 1443 2614 Deus
1502 2558 1732 2626 dixerit,
1766 2558 1904 2629 quia
1957 2557 2026 2612 de
2084 2556 2192 2611 hoc

546 2653 768 2710 mundo
786 2650 951 2721 quasi
973 2648 1169 2721 abyssi
1194 2648 1429 2704 nomine
1452 2648 1645 2703 dictus
1668 2653 1756 2702 est
1775 2647 1857 2701 ita
1885 2646 2188 2701 diabolus:

545 2742 699 2815 apud
732 2758 795 2798 se
826 2738 1115 2796 definiens
1147 2738 1465 2793 arbitratus
1513 2737 1607 2803 sit,
1643 2737 1798 2809 quod
1830 2736 1890 2791 in
1925 2735 2191 2792 recorda-

545 2833 766 2889 tionem
825 2828 1065 2886 omnino
1125 2844 1239 2883 non
1300 2827 1513 2894 veniat,
1570 2827 1723 2897 quod
1782 2827 1852 2882 dc
1911 2823 2194 2880 memoria

547 2920 746 2977 divina
776 2918 1003 2974 deletus
1034 2917 1130 2973 sit.
1162 2917 1341 2987 Cujus
1392 2914 1812 2985 impiissimum
1861 2930 2101 2969 sensum
2134 2912 2193 2967 in

549 3025 704 3065 nono
735 3006 1020 3080 propheta
1049 3003 1252 3061 recolit
1280 3004 1482 3060 dicens
1508 3020 1520 3058 :
1558 3005 1710 3058 Dixit
1750 3005 1900 3057 enim
1945 3005 2003 3057 in
2033 3001 2195 3056 corde

550 3098 821 3161 suo,Nan
869 3096 1111 3165 requiret
1170 3093 1344 3164 (Psal.
1394 3110 1451 3161 x,
1513 3094 1622 3162 13).
1681 3092 1978 3163 Itemque:
2036 3093 2195 3147 Dixit

553 3188 705 3244 enim
733 3185 788 3241 in
833 3184 991 3239 corde
1017 3199 1139 3248 suo,
1192 3180 1408 3238 Oblitus
1463 3190 1539 3237 est
1572 3182 1730 3248 Deus,
1762 3182 1964 3236 avertit
1991 3182 2196 3252 faciem

551 3291 803 3346 suam,ne
829 3274 1011 3329 videat
1040 3275 1101 3329 in
1129 3272 1297 3343 ﬁnem
1317 3270 1478 3343 (Ibid.
1506 3272 1930 3342 1‘1).Tartarum
1964 3286 2195 3343 quoque

554 3365 771 3439 abyssi,
826 3364 881 3419 id
933 3367 1020 3419 est
1078 3362 1393 3431 infernum,
1456 3361 1516 3416 in
1567 3378 1680 3433 quo
1758 3360 1962 3416 mundi
2021 3360 2195 3415 istius

551 3458 885 3530 peccatores
919 3452 1275 3508 tenebuntur
1304 3450 1516 3507 inclusi
1543 3467 1555 3507 :
1587 3449 1684 3506 ille
1714 3450 1870 3505 velut
1901 3450 2194 3522 captivum

550 3543 665 3601 sub
727 3541 1050 3599 durissima
1103 3540 1371 3596 videlicet
1427 3539 1823 3595 dominatione
1890 3539 2195 3595 detrusum

550 3631 802 3689 vinculis
831 3628 1219 3686 infernalibus
1275 3629 1593 3683 detinebat.
1626 3626 1939 3683 Exsultans
1997 3627 2195 3699 igitur,

552 3725 611 3778 et
638 3719 1008 3776 laetabundus
1037 3717 1308 3774 diabolus
1330 3717 1837 3788 aestimabat,quod
1872 3722 2198 3771 creaturam

556 3808 658 3867 Dei
707 3808 799 3864 sui
864 3822 1097 3863 omnem
1166 3806 1369 3877 utique
1418 3806 1727 3872 mundum,
1787 3804 1945 3860 velut
1990 3822 2085 3861 rex
2147 3809 2201 3859 et

560 3897 835 3957 dominus
881 3900 1037 3952 esset
1094 3900 1373 3967 perpetuo
1433 3912 1835 3967 possessurus,
1871 3896 2138 3951 nesciens
2172 3911 2203 3948 a

561 3985 950 4053 Domino,Deo
984 3984 1103 4056 regi
1125 3983 1182 4039 in
1206 3988 1573 4052 aeternum,et
1596 3984 1653 4039 in
1678 3984 1956 4040 sreculum
1982 3983 2199 4040 smculi:

562 4075 805 4150 perditis
844 4074 1043 4147 impiis
1095 4074 1368 4147 gentibus
1418 4074 1489 4129 de
1538 4078 1692 4129 terra
1740 4074 2205 4145 ejus,judicatos

562 4164 819 4239 pupillos
848 4169 906 4220 et
935 4164 1188 4219 humiles
1219 4164 1490 4219 defensos
1522 4168 1586 4218 ut
1627 4180 1739 4219 non
1770 4168 2026 4235 apponat
2056 4162 2210 4219 ultra

561 4254 762 4323 homo,
795 4253 853 4308 id
885 4258 973 4309 est
998 4253 1122 4325 ipse
1153 4252 1444 4321 diabolus,
1477 4256 1543 4307 ut
1571 4267 1632 4307 se
1673 4252 2007 4325 magnificet
2036 4269 2212 4325 super

564 4348 799 4400 terram.

643 4456 664 4483 α
701 4433 838 4488 Post
868 4448 1003 4487 eum
1036 4430 1252 4487 lucebit
1281 4430 1513 4485 semita.
1560 4452 1586 4477 ι)
1634 4433 1765 4484 Jam
1817 4433 1955 4484 tunc
2002 4429 2212 4503 resipi-

548 4537 737 4578 scens
772 4524 993 4592 quaeret
1022 4518 1231 4574 reverti
1262 4518 1333 4573 ad
1378 4518 1582 4584 Deum,
1618 4519 1853 4590 quando
1903 4519 1953 4574 ei
1981 4524 2215 4592 tempus

566 4609 915 4683 poenitentia:
946 4625 1059 4664 non
1094 4607 1299 4663 erit.Et
1324 4607 1475 4663 hanc
1501 4612 1637 4680 puto
1670 4609 2064 4664 conversionis
2087 4610 2215 4679 ejus

2904 2134 3138 2191 CAPUT
3178 2135 3342 2194 XLII.

2377 2245 2403 2270 ‹‹
2442 2223 2820 2293 Respondeas
2852 2230 3047 2280 autem
3097 2224 3206 2280 Job
3256 2226 3525 2293 Domino,
3577 2227 3761 2284 dixit:
3815 2228 3948 2285 Scio

2305 2311 2443 2383 quia
2471 2312 2669 2367 omnia
2698 2318 2879 2383 potes.
2915 2334 2942 2363 »
2980 2313 3040 2368 Id
3086 2320 3195 2382 est,
3243 2315 3345 2386 qui
3394 2314 3695 2372 diabolum
3744 2315 3951 2373 humi-

2304 2400 2435 2466 lias,
2468 2402 2761 2473 quomodo
2792 2401 2898 2469 vis,
2933 2407 2990 2457 et
3020 2404 3255 2474 quando
3285 2404 3394 2459 vis.

2376 2513 2402 2539 ‹‹
2439 2492 2506 2545 Et
2536 2491 2697 2545 nulla
2727 2496 2782 2545 te
2814 2491 2954 2547 latet
2976 2492 3268 2561 cogitatio.
3294 2514 3322 2543 »
3345 2497 3735 2551 Scrutatorem
3755 2496 3950 2553 cordis

2303 2583 2359 2633 et
2417 2580 2645 2634 renium
2706 2578 2883 2634 latere
2943 2581 3076 2652 quis
3142 2580 3397 2652 poterit?
3470 2582 3634 2640 Unde
3710 2589 3953 2657 apparet

2303 2673 2572 2723 sanctum
2601 2668 2708 2723 Job
2743 2685 2809 2722 ex
2836 2670 2927 2724 bis
2954 2671 3498 2743 sermonibus,quos
3523 2673 3638 2729 Deo
3660 2674 3951 2745 pmnitens

2303 2758 2631 2826 confitetur,
2664 2774 2939 2813 accusare
2987 2759 3368 2832 cogitationes
3418 2778 3577 2828 suas,
3624 2762 3838 2834 quibus
3887 2780 3953 2820 se

2304 2847 2574 2901 meminit
2621 2848 2690 2901 de
2733 2847 2976 2918 justitiaa
3025 2866 3145 2904 suae
3197 2850 3421 2906 meritis
3464 2851 3575 2906 sibi
3626 2850 3950 2924 plurimum

2305 2936 2598 3005 tribuisse,
2631 2942 2687 2991 et
2716 2936 2830 2993 Deo
2863 2937 3031 3009 quasi
3087 2940 3325 3007 rustico,
3378 2944 3578 2997 notam
3623 2940 3952 3014 iniquitatis

2304 3024 2553 3096 objicere
2586 3030 2862 3081 tentasse.

2367 3138 2394 3163 «
2430 3114 2569 3180 Quis
2590 3120 2677 3170 est
2714 3115 2821 3171 iste
2855 3116 2956 3188 qui
2987 3116 3135 3172 celat
3162 3117 3473 3174 consilium
3504 3119 3724 3190 absque
3757 3119 3955 3176 scien-

2303 3203 2430 3258 tia?
2462 3204 2521 3259 Id
2548 3209 2658 3269 est,
2707 3221 2876 3260 nemo
2927 3209 3120 3277 potest
3163 3208 3519 3264 abscondere
3552 3207 3862 3265 consilium
3916 3226 3952 3266 a

2226 3326 2268 3393 Ο
2305 3293 2659 3348 conscientia
2686 3298 2805 3350 tua.
2838 3294 2967 3350 Jam
3010 3292 3069 3350 in
3119 3297 3617 3369 consequentibus
3668 3298 3949 3354 manifes-

2305 3381 2532 3437 tissime
2562 3399 2815 3438 errorem
2849 3399 3024 3439 suum
3045 3383 3428 3453 demonstrat,
3462 3390 3519 3441 et
3548 3385 3949 3459 insipientiam

2306 3470 2637 3539 confitetur,
2671 3489 2771 3544 per
2810 3489 2987 3545 quam
3018 3472 3296 3545 ignorans
3323 3474 3395 3529 ad
3430 3478 3610 3532 Deum
3667 3474 3949 3547 loquendi

2309 3560 2547 3616 modum
2578 3562 2910 3630 excesserit,
2944 3562 3026 3618 ita
3055 3563 3292 3619 dicens:

2380 3673 2406 3699 «
2468 3650 2601 3705 Ideo
2656 3650 3001 3724 insipienter
3054 3651 3285 3709 locutus
3340 3670 3472 3709 sum
3530 3658 3587 3709 et
3646 3669 3774 3726 quas
3799 3654 3956 3711 ultra

2311 3739 2550 3795 modum
2584 3741 2869 3795 excedunt
2897 3741 3200 3797 scientiam
3230 3759 3443 3798 meam.
3506 3742 3681 3810 Audi,
3742 3749 3799 3800 et
3854 3761 3959 3815 ego

2312 3828 2554 3899 loquar:
2592 3829 2959 3901 interrogabo
2991 3834 3066 3897 te,
3098 3834 3152 3887 et
3202 3831 3487 3901 responde
3535 3830 3700 3886 mihi.
3750 3854 3779 3882 »
3828 3832 3963 3888 Jam

2315 3934 2468 3972 nunc
2500 3917 2767 3990 deposita
2795 3918 3154 3992 insipientia,
3187 3926 3361 3992 atque
3417 3920 3646 3992 abjecta
3702 3919 3965 3977 stultitia:

2318 4007 2793 4079 praesumptione,
2841 4024 2942 4078 per
2973 4008 3244 4064 notitiam
3301 4009 3715 4081 increpationis
3762 4008 3971 4065 divina:

2318 4096 2389 4151 ad
2418 4096 2889 4152 emendationem
2920 4102 3236 4164 correctus,
3269 4103 3325 4155 et
3353 4098 3655 4171 prementis
3712 4098 3973 4171 castiga-

2318 4184 2492 4240 tionis
2523 4189 2813 4257 purgatur
2835 4189 3123 4256 cxamine,
3153 4186 3336 4245 Deum
3379 4187 3764 4245 nihilominus
3794 4188 3975 4243 audet

2320 4272 2678 4346 interrogare
2726 4274 3014 4331 dicendo:
3067 4275 3237 4332 Audi.
3305 4276 3687 4333 Clementiam
3764 4276 3973 4333 divina

2322 4361 2742 4434 indignationis
2765 4364 3025 4420 ostendit
3054 4381 3066 4420 :
3100 4368 3157 4421 et
3185 4364 3294 4421 hoc
3323 4363 3483 4437 loqui
3514 4364 3763 4435 videtur,
3811 4364 3970 4437 quod

2324 4450 2482 4507 illam
2542 4451 2775 4525 plagam
2833 4452 3006 4526 longe
3060 4453 3175 4510 alio
3224 4453 3398 4510 modo
3437 4455 3591 4510 circa
3620 4470 3754 4513 eum
3790 4458 3972 4511 Deum

2324 4545 2597 4613 operatus
2629 4542 2823 4610 fuerit,
2855 4560 3033 4615 quam
3066 4542 3188 4615 ipse
3219 4549 3391 4600 antea
3414 4542 3723 4615 judicaret,
3755 4547 3812 4600 et
3832 4542 3974 4599 hinc

2325 4635 2432 4697 est,
2466 4631 2621 4701 quod
2655 4647 2716 4686 se
2747 4648 2780 4685 a
2808 4630 2924 4687 Deo
2955 4632 3149 4687 doceri
3179 4631 3600 4705 cupit,sibique
3630 4631 3743 4689 hoc
3770 4631 3973 4705 ipsum

569 4696 1101 4793 Séwitﬁmﬂixerit,
1134 4696 1418 4793 ῥδάυνεηίξ
1472 4697 1643 4793 σοι’ἀβ
1691 4702 1747 4751 εἴ
1778 4713 1926 4793 0³³90
1948 4714 2077 4793 83"}
2106 4714 2218 4793 PO?“
2247 4699 2293 4762 D
2325 4696 2587 4791 deposcit
2618 4719 2862 4776 ostendi.
2897 4724 3148 4792 Accepto
3178 4696 3314 4793 ergo
3341 4696 3474 4791 .lob,
3502 4696 3690 4779 -sicut
3735 4696 3815 4778 ex.
3853 4738 3977 4778 ser-

571 4786 819 4843 nitentia
848 4784 1186 4841 illucescat:
1221 4786 1455 4858 quando
1500 4790 1633 4857 post
1683 4791 1982 4859 acceptam
2016 4788 2066 4843 ei
2099 4787 2213 4843 mi-

572 4876 732 4932 nime
763 4874 1039 4947 proderit.
1581 4877 1588 4885 '

647 4986 677 5016 ‹‹
708 4963 1042 5020 ίΕειὶιηθὺίι
1070 4964 1348 5037 abyssum
1379 4964 1548 5036 quasi
1581 4969 2005 5021 senescentem.
2033 4966 2213 5031 nSive,

574 5060 640 5114 ut
695 5054 793 5111 alii
855 5054 1144 5124 dixerunt,
1200 5056 1360 5126 quasi
1405 5054 1867 5112 deambulacrum.
1922 5056 2217 5126 Abyssum

570 5146 829 5204 diximus
858 5145 1132 5217 superius
1165 5144 1342 5199 istum
1369 5144 1679 5213 mundum,
1712 5160 1886 5215 quem
1920 5159 2221 5199 senescen-

572 5241 691 5293 tem
722 5240 777 5291 et
798 5234 1273 5297 inveteratum,in
1299 5233 1551 5305 peccatis
1565 5233 1765 5304 utique
1783 5238 2217 5305 permanentem

530 5324 840 5382 diabolus
888 5324 1230 5388 arbitratur,
1275 5322 1540 5378 nesciens
1592 5323 1841 5378 adventu
1899 5321 2129 5377 Domini
2186 5340 2220 5377 a

573 5415 827 5487 peccatis
854 5413 1150 5469 veteribus
1183 5411 1573 5467 liberandum.

645 5544 674 5571 «
705 5521 831 5576 Non
863 5526 953 5577 est
1001 5537 1179 5593 super
1228 5524 1443 5575 terram
1490 5523 1746 5591 potestas
1805 5535 1929 5590 quae
1977 5534 2219 5592 compa-

575 5614 735 5665 retur
764 5610 834 5665 ei.
878 5632 904 5659 ι)
932 5609 1106 5665 Nulla
1135 5614 1402 5665 creatura
1434 5613 1524 5663 est
1572 5612 1742 5663 tantae
1775 5608 2064 5679 potentirr,
2099 5610 2219 5665 sive

577 5698 867 5771 peccatrix
887 5704 1151 5756 creatura
1172 5703 1345 5756 tantm
1373 5696 1632 5763 malitia),
1661 5701 1717 5752 et
1738 5697 1865 5752 ideo
1893 5698 1948 5752 in
1975 5701 2221 5771 utraque

577 5803 642 5854 re
674 5784 871 5846 nullus
896 5787 947 5845 ei
978 5787 1190 5861 poterit
1218 5786 1567 5863 comparari.

2328 4808 2600 4864 monibus
2630 4809 2755 4879 ejus
2805 4810 3163 4865 credendum
3213 4815 3320 4879 est,
3371 4809 3580 4867 divina:
3625 4808 3978 4867 visitationis

2327 4896 2582 4965 oraculo,
2616 4898 2699 4953 ait
2730 4898 2801 4954 ad
2834 4897 3018 4955 Deum
3047 4915 3057 4955 :
3938 4900 3943 4901 ί

2402 5008 2430 5034 ‹‹
2478 4986 2695 5041 Auditu
2743 4988 2903 5043 auris
2950 4987 3145 5045 audivi
3197 4993 3274 5058 te,
3326 5006 3481 5044 nunc
3529 4994 3724 5046 autem
3771 4987 3979 5046 oculus

2329 5091 2497 5131 meus
2552 5074 2708 5131 videt
2763 5081 2839 5132 te.
2899 5099 2927 5127 »
2989 5077 3124 5133 Post
3178 5077 3520 5136 tcntationis
3549 5078 3977 5151 probationem.

2328 5164 2647 5236 proximior
2704 5165 2891 5221 factus
2939 5166 3144 5221 divinae
3190 5167 3528 5240 cognitioni,
3578 5167 3718 5223 dicit
3765 5184 3827 5224 se
3849 5168 3981 5239 jam

2330 5258 2511 5309 Deum
2540 5254 2755 5319 videre,
2788 5270 2963 5325 quem
2991 5260 3147 5320 ante,
3180 5257 3320 5312 dum
3368 5257 3818 5326 examinaretur,
3871 5273 3977 5312 au-

2330 5344 2486 5399 disse
2546 5360 2607 5399 se
2664 5343 2828 5398 dixit.
2888 5344 3100 5399 Audite
3155 5349 3348 5400 autem
3399 5347 3605 5412 Deum,
3636 5345 3727 5402 vel
3758 5346 3979 5414 videre,

2330 5433 2428 5504 qui
2460 5438 2549 5487 est
2578 5430 2911 5497 invisibilis,
2945 5437 3001 5486 et
3029 5432 3665 5506 incomprehensibilis,
3692 5451 3807 5491 non
3840 5434 3983 5491 isto-

2331 5537 2461 5575 rum
2494 5525 2581 5576 est
2608 5520 2935 5587 oculorum,
2967 5520 3056 5575 vel
3090 5521 3337 5578 istarum
3370 5523 3746 5590 aurium,sed
3780 5524 3983 5596 potius

2332 5610 2545 5665 mentis
2575 5614 2631 5665 et
2661 5608 2871 5664 cordis.
2903 5609 3145 5683 Pr0pler
3176 5612 3330 5683 quod
3361 5611 3515 5669 beati
3569 5617 3710 5668 sunt
3758 5612 3982 5671 mundo

2331 5699 2501 5753 corde
2535 5697 2824 5765 homines,
2857 5704 3154 5769 quoDeus
3197 5700 3427 5757 videtur
3459 5701 3680 5775 (Matth.
3713 5717 3766 5771 v,
3794 5701 3870 5771 8).

2406 5810 2429 5841 ι
2466 5787 2687 5847 Idcirco
2716 5785 2842 5863 ipse
2872 5803 2965 5848 me
3004 5789 3386 5865 reprehendo,
3427 5793 3485 5851 et
3531 5805 3640 5866 ago
3688 5789 3988 5868 pceniten~
