4220 6572
213 487 332 548 845

1284 473 1797 538 COMMENTAR.
1846 472 1926 532 IN
1968 472 2107 533 ,ΙοΒ
2151 472 2324 533 CAP.
2370 471 2553 533 XLII.

3506 465 3628 528 846

212 625 379 675 tuam
413 618 470 672 in
506 613 696 672 favilla
716 614 771 668 et
791 610 1004 666 cinere.
1038 611 1356 679 Postquam
1382 611 1577 662 autem
1609 606 1862 675 locutus,
1899 607 1943 673 Α
1985 604 2133 661 ﬁlios
2167 605 2222 660 in
2254 603 2501 678 duplum
2555 603 2766 659 habere
2815 617 2876 658 se
2923 601 3230 658 crederet:
3259 600 3384 673 qui,
3427 604 3627 674 utpote

214 713 305 766 est
332 707 616 764 Dominus
663 701 838 758 verba
883 699 1003 755 haec
1055 699 1126 753 ad
1174 698 1301 764 Job,
1346 697 1492 752 dixit
1521 696 1592 752 ad
1626 695 1864 768 Eliphaz

228 797 628 854 Themanitem
665 811 678 861 ;
722 791 910 846 Iratus
929 793 1015 844 est
1033 789 1194 843 furor
1215 803 1381 841 meus
1398 785 1456 840 in
1477 790 1614 850 te,et
1634 785 1691 840 iu
1717 785 1864 840 duos

220 886 440 941 amicos
470 888 602 938 tuos
637 899 648 936 :
681 879 961 951 quoniam
996 894 1109 931 non
1141 875 1282 930 estis
1329 874 1503 929 locuti
1545 890 1737 927 coram
1772 889 1865 927 me

219 980 461 1041 rectum,
497 973 648 1028 sicut
679 985 880 1025 servus
912 983 1078 1021 meus
1108 965 1238 1020 Job.
1276 963 1501 1042 Sumite
1533 979 1668 1032 ergo
1699 962 1864 1016 vobis

217 1069 442 1136 septem
490 1066 690 1116 tauros
739 1064 794 1114 et
839 1057 1071 1125 arietes,
1106 1058 1162 1108 et
1193 1054 1268 1108 ite
1299 1053 1369 1108 ad
1404 1067 1632 1106 servum
1667 1067 1862 1106 meum

216 1161 344 1228 Job,
378 1167 435 1215 et
467 1160 666 1214 offerte
701 1155 1109 1212 holocaustum
1165 1167 1268 1224 pro
1316 1149 1498 1204 vobis.
1529 1148 1636 1203 Job
1667 1152 1861 1202 autem

217 1265 421 1305 servus
451 1264 618 1304 meus
647 1244 836 1301 orabit
867 1259 970 1314 pro
1001 1240 1184 1296 vobis.
1227 1239 1450 1294 Faciem
1501 1239 1628 1307 ejus
1678 1237 1862 1293 susci-

216 1339 373 1410 piam
421 1354 432 1393 :
492 1342 553 1392 ut
599 1351 715 1392 non
759 1332 924 1388 vobis
972 1330 1294 1402 imputetur
1343 1327 1612 1382 stultitia.
1666 1327 1865 1397 Neque

216 1427 372 1481 enim
405 1425 583 1481 locuti
616 1424 758 1480 estis
789 1437 983 1478 coram
1017 1435 1109 1474 me
1151 1423 1374 1472 rectum
1409 1437 1422 1472 :
1457 1417 1612 1471 sicut
1661 1432 1864 1471 servus

218 1532 385 1571 meus
415 1514 539 1569 Job.
576 1512 854 1568 Abierunt
908 1527 1044 1581 ergo
1092 1507 1330 1580 Eliphaz
1375 1506 1773 1574 Themanites,
1807 1509 1865 1559 et

219 1604 435 1659 Baldad
468 1604 683 1667 Suites,
711 1605 766 1656 et
794 1599 1024 1672 Sophar
1052 1596 1473 1662 Naamathites,
1506 1601 1564 1650 et
1604 1595 1865 1649 fecerunt

141 1693 145 1697 ’
216 1694 372 1748 sicut
401 1693 628 1748 locutus
660 1691 848 1745 fuerat
877 1688 1163 1744 Dominus
1184 1687 1254 1742 ad
1279 1703 1396 1741 eos.
1417 1708 1442 1733 ››
1466 1688 1645 1750 Quem
1670 1685 1861 1738 locum

218 1782 315 1837 alii
345 1782 618 1836 dixerunt
649 1797 661 1835 :
699 1803 727 1830 «
760 1780 890 1834 Ideo
922 1777 1155 1848 despexi
1190 1775 1622 1846 memetipsum,
1649 1778 1704 1828 et
1750 1773 1865 1828 dis-

219 1871 400 1939 tabui,
436 1876 494 1927 et
523 1869 806 1926 aestimavi
839 1885 929 1922 me
960 1873 1172 1922 terram
1222 1872 1278 1920 et
1327 1866 1602 1919 cinerem.
1642 1887 1662 1912 ι
1701 1863 1858 1927 Quod

218 1967 414 2016 autem
446 1961 504 2015 in
533 1959 811 2030 injuriam
839 1957 1023 2012 sancti
1052 1956 1182 2025 Job,
1209 1955 1379 2009 amici
1409 1956 1535 2023 ejus
1567 1969 1680 2008 non
1715 1957 1864 2006 recte
1895 1982 1940 2046 B

218 2048 396 2106 locuti
431 2046 665 2113 fuerint,
699 2045 794 2099 hic
823 2049 1039 2116 aperte,
1091 2042 1337 2098 Domino
1385 2044 1468 2097 eis
1513 2041 1860 2113 imputante,

219 2149 582 2201 monstratur
615 2161 627 2199 :
663 2143 816 2197 unde
846 2141 971 2213 ipse
1003 2140 1082 2196 ait
1112 2141 1182 2194 ad
1218 2157 1337 2209 eos,
1371 2140 1525 2211 quod
1559 2143 1859 2210 peccatum

217 2233 361 2288 illud
393 2229 854 2304 exprobrationis
902 2230 985 2284 eis
1047 2228 1264 2283 remitti
1315 2245 1430 2283 non
1480 2227 1684 2299 possit,
1749 2226 1862 2283 nisi

215 2324 420 2378 beatus
446 2321 551 2376 Job
574 2337 676 2393 pro
709 2319 826 2373 illis
848 2317 1116 2385 oraverit,
1149 2322 1205 2371 et
1235 2317 1644 2372 holocaustum
1669 2315 1864 2388 propi-

216 2411 480 2466 tiationis
510 2407 805 2465 obtulerit.
834 2406 937 2462 Ubi
969 2407 1330 2461 advertimus
1362 2406 1516 2477 quod
1545 2405 1864 2461 sacerdotis

215 2499 407 2555 oflicio
439 2500 665 2555 beatus.
709 2498 817 2553 Job
852 2498 1086 2551 functus
1118 2496 1308 2550 fuerit.
1363 2494 1728 2566 Intelligatur
1756 2494 1865 2548 hoc

213 2589 339 2644 loco
371 2589 527 2660 quod
563 2587 705 2644 nulli
742 2586 1009 2659 expediat
1038 2602 1171 2640 cum
1196 2584 1610 2648 exsultatione,
1644 2589 1700 2640 et
1727 2600 1864 2639 con-

212 2678 364 2733 vicio
413 2693 725 2749 coarguere
776 2676 834 2730 in
887 2675 980 2730 Dei
1031 2675 1414 2746 castigatione
1445 2690 1510 2729 ac
1540 2673 1865 2728 tribulatio-

219 2783 360 2821 num
395 2765 695 2822 laboribus
728 2764 1133 2820 constitutum.
1160 2763 1257 2817 Ait
1287 2763 1736 2834 namque,qu0d
1759 2762 1868 2818 Job

221 2859 354 2910 ante
402 2872 506 2926 pro
558 2855 641 2909 eis
691 2853 1041 2908 sacriﬁcium
1103 2853 1460 2922 offerentem,
1495 2852 1701 2907 faciem
1742 2852 1870 2921 ejus

223 2945 292 2999 ad
323 2944 752 2999 exaudiendum
805 2942 1054 2997 libenter
1083 2941 1426 3012 susceperit.
1461 2942 1526 2996 Et
1557 2941 1720 2996 addit
1758 2940 1872 2995 Do—

224 3033 424 3088 minus
455 3031 731 3105 duplicia.
790 3034 849 3086 In
903 3031 1286 3101 sequentibus
1334 3031 1618 3102 quaeritur
1663 3046 1874 3086 sensus

224 3124 372 3193 ejus,
406 3121 507 3194 qui
553 3121 1052 3193 quemadmodum
1107 3120 1282 3176 fuerit
1332 3117 1688 3192 duplicatus,
1739 3119 1873 3174 libri

223 3219 403 3291 hujus
435 3220 684 3292 scriptor
714 3219 1024 3291 diligenter
1063 3223 1315 3274 enarrat.
1365 3219 1594 3274 Fratres
1639 3234 1771 3273 vero
1821 3221 1878 3273 et

226 3326 474 3379 sorores,
506 3309 606 3381 qui
641 3309 712 3364 ad
744 3309 981 3363 beatum
1029 3308 1138 3364 Job
1182 3312 1315 3379 post
1359 3307 1589 3379 plagam
1623 3307 1875 3379 castiga-

1975 694 2362 750 ﬁdelissimus
2392 695 2492 750 Dei
2526 710 2750 761 servus,
2785 691 3028 748 minime
3074 690 3343 748 dubitare
3391 690 3628 748 deberet

1976 800 2096 850 eos,
2130 800 2278 853 quos
2304 785 2373 838 ad
2405 784 2587 838 Deum
2630 781 3011 854 praemiserat,
3065 797 3181 836 non
3236 781 3478 852 perisse.
3530 781 3624 836 Sic

1974 873 2072 925 ubi
2107 889 2209 942 per
2237 876 2424 927 totum
2457 872 2611 925 hunc
2643 871 2857 926 librum
2890 875 3160 926 sanctum
3206 869 3339 936 Job,
3374 870 3622 942 ﬁguram

1975 960 2253 1015 habuisse
2299 961 2612 1015 Salvatoris
2663 958 3087 1031 perspeximus,
3136 958 3388 1014 donante
3435 959 3622 1031 gratia

1974 1049 2124 1118 ejus,
2159 1053 2222 1103 ut
2253 1049 2423 1104 nobis
2454 1048 2652 1120 largiri
2683 1048 2958 1120 dignatus
2989 1051 3096 1115 est,
3129 1048 3532 1120 exposuimus,
3566 1052 3623 1104 et

1974 1138 2030 1193 in
2061 1139 2415 1209 quibusdam
2447 1137 2611 1208 locis,
2635 1138 2854 1193 amicos
2887 1137 3014 1208 ejus
3045 1137 3366 1209 signiﬁcari
3391 1137 3620 1194 haereti-

1975 1243 2072 1282 cos
2122 1226 2538 1294 intelleximus,
2573 1227 2724 1282 sicut
2755 1227 2930 1282 etiam
2965 1229 3021 1281 et
3049 1225 3214 1282 illum
3236 1226 3403 1282 Heliu
3429 1226 3621 1300 genti-

1973 1315 2155 1371 litatis
2186 1316 2462 1372 habuisse
2514 1315 2852 1388 imaginem,
2902 1315 3312 1372 disseruimus.
3344 1316 3451 1372 Sed
3484 1315 3624 1388 quia

1975 1419 2078 1475 per
2106 1403 2399 1460 Christum
2435 1405 2748 1476 impiorum
2781 1409 2955 1477 atque
2995 1405 3316 1461 errantium
3361 1403 3618 1462 reconci-

1973 1491 2135 1548 liatio
2168 1499 2292 1549 est:
2328 1495 2442 1549 Non
2469 1503 2550 1549 est
2577 1497 2727 1550 enim
2767 1494 2923 1550 aliud
2970 1511 3166 1551 nomen
3213 1494 3313 1550 sub
3359 1495 3510 1562 cmlo,
3560 1495 3621 1548 in

1973 1598 2075 1653 quo
2105 1587 2310 1654 oportet
2337 1585 2512 1638 salvos
2537 1585 2661 1654 ﬁcii
2691 1584 2826 1655 (Act.
2863 1601 2934 1652 1v,
2990 1585 3106 1655 1'2);
3157 1584 3286 1640 ideo
3333 1583 3622 1640 exstincta

1974 1689 2132 1728 nunc
2153 1671 2476 1743 gentilitate
2497 1678 2671 1744 atque
2696 1673 2931 1740 abolita,
2956 1672 3208 1729 haeretici
3232 1673 3303 1728 ad
3321 1671 3618 1729 Christum

1974 1779 2008 1816 a
2039 1766 2151 1816 Deo
2184 1762 2348 1817 Patre
2393 1763 2725 1833 mittuntur,
2759 1767 2825 1818 ut
2867 1779 2970 1834 per
3013 1779 3188 1835 quem
3220 1761 3385 1834 prius
3417 1762 3619 1818 salvati

1976 1852 2226 1918 fuerant,
2259 1869 2494 1907 rursum
2544 1852 2692 1925 lapsi
2753 1869 2856 1923 per
2907 1851 3179 1908 eumdem
3238 1851 3619 1908 mediatorem

1974 1939 2090 1996 Deo
2122 1939 2586 1998 reconcilientur.
2623 1942 2684 1996 In
2716 1942 3054 1998 holocausto
3078 1957 3208 1998 vero
3239 1945 3463 2014 septem
3494 1947 3620 1999 tau-

1972 2046 2169 2085 rorum
2219 2035 2276 2085 et
2327 2031 2598 2098 arietum,
2632 2031 2964 2087 orationum
3014 2035 3190 2104 atque
3220 2031 3618 2106 eleemosyna-

1973 2135 2105 2173 rum
2138 2119 2484 2185 satisfactio,
2517 2121 2802 2192 superbiae
2833 2125 2890 2176 et
2919 2121 3016 2176 irae
3046 2122 3386 2178 emundatio
3417 2121 3616 2194 plena-

1972 2207 2060 2262 ria
2091 2212 2264 2279 atque
2295 2210 2570 2280 perfecta,
2604 2227 2707 2282 per
2737 2209 2993 2266 laborem
3021 2215 3196 2283 atque
3218 2211 3619 2269 innocentiam

1974 2297 2313 2368 poenitentia
2343 2299 2797 2354 demonstratur.
2830 2300 2994 2364 Quod
3023 2305 3215 2357 autem
3247 2301 3330 2356 ait
3361 2317 3374 2356 :

2050 2426 2077 2452 υ
2127 2404 2195 2460 Et
2243 2405 2500 2477 suscepit
2556 2405 2836 2462 Dominus
2885 2407 3092 2463 faciem
3143 2408 3275 2479 Job,
3334 2408 3619 2466 Dominus

1977 2509 2208 2565 quoque
2253 2510 2567 2551 conversus
2615 2500 2703 2551 est
2750 2497 2820 2551 ad
2872 2497 3274 2568 paenitentiam
3321 2498 3449 2566 Job,
3483 2515 3619 2554 cum

1977 2587 2168 2638 oraret
2208 2583 2304 2638 ille
2337 2601 2438 2655 pro
2468 2583 2672 2640 amicis
2721 2585 2874 2653 suis;
2929 2607 2956 2635 »
3007 2585 3152 2641 illud
3201 2591 3292 2643 est
3341 2588 3496 2660 quod
3543 2587 3626 2644 ait

1978 2672 2294 2743 Apostolus
2318 2689 2330 2726 :
2360 2672 2608 2729 Christus
2632 2677 2784 2730 Jesus
2805 2677 2902 2746 qui
2921 2683 2998 2732 est
3018 2677 3078 2731 in
3093 2675 3320 2732 dextera
3339 2677 3438 2732 Dei
3448 2677 3623 2748 (Rom.

1977 2777 2101 2827 vm,
2135 2762 2224 2831 34)
2261 2778 2272 2817 :
2309 2762 2406 2832 qui
2447 2762 2624 2818 etiam
2674 2763 3006 2836 interpellat
3053 2781 3155 2836 pro
3204 2764 3374 2822 nobis
3420 2765 3625 2838 (Ibid.),

1981 2852 2305 2906 secundum
2339 2852 2622 2908 Joannem
2663 2854 3014 2925 apostolum,
3067 2855 3382 2911 advocatus
3428 2859 3630 2912 noster

1982 2944 2089 3008 est,
2123 2945 2179 2994 et
2227 2940 2561 3013 propitiatio
2610 2943 2764 3014 apud
2816 2947 3042 2999 Patrem
3075 2945 3120 3014 (I
3147 2945 3303 3000 Joan.
3340 2961 3400 3017 ιι,
3438 2945 3487 3014 1,
3517 2945 3574 3016 2)
3608 2961 3622 3001 :

1984 3029 2069 3085 sic
2115 3031 2357 3101 itaque:
2394 3030 2570 3086 facies
2619 3031 2934 3088 Salvatoris
2986 3049 3020 3088 a
3067 3032 3232 3089 Patre
3281 3032 3627 3106 suscipitur,

1985 3118 2124 3173 dum
2158 3124 2214 3174 et
2241 3119 2365 3190 ipse
2395 3119 2648 3191 exaudit,
2681 3124 2737 3176 et
2768 3121 3096 3177 exauditur.

2060 3229 2087 3258 «
2117 3208 2184 3262 Et
2215 3208 2440 3263 addidit
2469 3208 2755 3265 Dominus
2776 3211 2975 3266 omnia
2995 3227 3379 3283 quaecumque
3398 3212 3636 3268 fuerant

1984 3297 2115 3362 Job,
2148 3296 2425 3368 duplicia.
2465 3319 2485 3345 ι
2523 3297 2628 3352 Illa
2659 3298 2840 3370 igitur
2869 3299 3069 3355 addita
3099 3303 3237 3355 sunt
3265 3298 3491 3356 Christo
3522 3305 3630 3355 Do-

226 3358 474 3379 -ν-υη,
509 3358 606 3381 γ-
642 3358 712 3364 -π
745 3358 981 3363 πων-η
1031 3358 1130 3364 η-
1184 3358 1313 3379 τη-
1359 3358 1589 3379 rho"-
1629 3358 1845 3379 -ηρση
2103 3358 2111 3362 τ
2233 3358 2249 3368 .
2681 3358 2714 3370 ν

224 3399 402 3454 tionis
434 3399 562 3469 ejus
592 3402 998 3462 convenerant,
1032 3413 1237 3452 omnes
1267 3397 1673 3468 cogitationes,
1705 3401 1761 3452 et
1789 3397 1873 3452 fa-
1903 3358 1947 3422 C
1987 3385 2148 3440 ῐηίῐιο
2180 3391 2236 3439 et
2264 3385 2380 3441 D80
2409 3389 2628 3455 ηοεῑτον
2659 3403 2793 3441 cum
2826 3385 3039 3458 Ρορυιο
3079 3387 3256 3443 Israel
3304 3405 3407 3458 per
3454 3388 3629 3444 ﬁdem

225 3487 401 3543 miliae
426 3486 657 3559 generis
677 3487 808 3556 ejus
827 3485 1216 3557 intelligendas
1236 3491 1394 3540 sunt.
1420 3484 1678 3540 Universi
1697 3485 1870 3540 etiam

224 3575 348 3632 noti
366 3581 422 3631 et
441 3575 615 3630 amici
639 3575 786 3645 ejus,
813 3575 911 3646 qui
934 3573 1184 3647 regalem
1219 3573 1537 3646 potentiam
1583 3574 1710 3644 ejus
1760 3574 1878 3630 sin-

223 3665 610 3738 gularemque
641 3664 989 3736 sapientiam
1041 3664 1204 3736 prius
1251 3669 1550 3735 noverant,
1581 3664 1876 3719 venientes

225 3755 299 3810 ad
331 3771 465 3810 eum
499 3754 882 3809 comederunt
929 3769 1062 3809 cum
1109 3770 1174 3809 eo
1224 3753 1282 3808 in
1338 3753 1598 3810 convivio
1639 3753 1877 3809 honoris

225 3845 359 3915 ejus
393 3862 405 3900 :
439 3844 497 3898 in
530 3861 645 3915 quo
679 3842 1047 3916 signiﬁcatus
1088 3847 1178 3898 est
1222 3843 1293 3898 ab
1346 3860 1412 3898 eo
1455 3844 1719 3899 omnium
1753 3861 1875 3898 sor-

225 3933 392 3988 dium
426 3931 668 4005 squalor
697 3933 1021 3988 abstersus.
1056 3932 1119 3986 In
1153 3937 1313 3988 motu
1350 3948 1481 3988 vero
1529 3933 1755 4004 capitis,
1789 3933 1878 3988 in-

225 4020 480 4078 dicatam
511 4021 986 4077 convenientium
1038 4023 1107 4076 ad
1161 4038 1296 4076 eum
1345 4021 1604 4077 laetitiam
1653 4023 1877 4078 noveri-

226 4126 364 4166 mus
398 4127 411 4166 :
447 4111 666 4182 quique
690 4111 954 4165 muneris
975 4109 1182 4183 gratia,
1207 4110 1362 4166 velut
1382 4111 1625 4183 inopi,et
1649 4113 1880 4184 penitus

224 4197 376 4254 nihil
407 4199 643 4254 habenti
675 4198 966 4254 dederunt
1025 4215 1161 4254 oves
1205 4199 1491 4272 singulas,
1542 4205 1598 4255 et
1644 4201 1880 4257 inaures

224 4304 438 4345 aureas
468 4285 756 4358 singulas.
796 4287 857 4340 In
893 4285 1000 4341 hac
1027 4287 1444 4356 consolatione,
1479 4290 1586 4344 etsi
1619 4306 1798 4361 parva
1827 4294 1884 4346 et

228 4378 493 4452 priorum
529 4376 818 4431 bonorum
841 4373 1648 4447 duplicatione,animadverti
1670 4384 1881 4465 potest,

228 4475 387 4548 quod
419 4474 660 4548 grandis
692 4473 1010 4529 multitudo
1062 4475 1132 4529 ad
1182 4473 1349 4529 illum
1393 4476 1748 4538 convenerit;
1783 4477 1884 4548 qui

229 4581 367 4620 cum
400 4581 433 4620 a
464 4563 713 4636 singulis
743 4579 950 4634 parum
1003 4563 1309 4634 acceperit,
1342 4564 1538 4620 subito
1586 4569 1882 4620 tantarum

231 4654 571 4711 divitiarum
606 4653 797 4708 factus
829 4653 908 4708 sit
938 4653 1235 4708 dominus.
1269 4653 1463 4708 Potuit
1496 4653 1605 4710 hoc
1635 4653 1887 4726 scriptor

1985 3473 2182 3528 addita
2214 3480 2301 3528 est
2331 3473 2594 3546 gentium
2627 3475 2961 3544 multitudo,
2995 3479 3053 3530 et
3085 3476 3409 3532 addeturin
3429 3492 3630 3550 regno.

2058 3605 2084 3630 ‹‹
2122 3580 2413 3637 Venerunt
2455 3585 2650 3638 autem
2705 3583 2777 3638 ad
2825 3599 2959 3638 eum
3009 3599 3209 3639 omnes
3256 3583 3466 3640 fratres
3515 3583 3630 3652 sui,

1986 3675 2038 3726 et
2072 3669 2356 3726 universae
2395 3687 2623 3727 sorores
2655 3689 2795 3742 suae,
2852 3676 2908 3727 et
2963 3673 3156 3728 cuncti
3200 3673 3302 3746 qui
3353 3678 3635 3730 noverant

1988 3777 2122 3816 cum
2154 3759 2336 3832 prius,
2370 3764 2426 3816 et
2453 3763 2836 3818 comederunt
2863 3778 2998 3818 cum
3029 3779 3096 3819 eo
3128 3779 3339 3835 panem
3370 3763 3428 3818 in
3461 3764 3634 3821 domo

1988 3852 2136 3920 ejus.
2171 3851 2237 3905 Et
2265 3855 2573 3906 moverunt
2602 3868 2779 3924 super
2811 3867 2946 3908 eum
2997 3857 3190 3924 caput.
3243 3873 3271 3903 »
3326 3853 3486 3920 Quod
3530 3852 3628 3920 ait,

1987 3943 2291 4009 venerunt,
2323 3938 2431 3996 hoc
2462 3945 2553 3995 est
2585 3957 2688 4012 per
2716 3940 2887 3996 ﬁdem
2914 3940 2965 3996 ei
2998 3940 3348 4012 incorporati
3378 3945 3536 4012 sunt,
3572 3945 3637 3996 ut

1989 4029 2144 4084 intra
2173 4027 2488 4084 Ecclesium
2539 4028 2597 4083 in
2649 4045 2765 4085 uno
2813 4029 3022 4101 Spiritu
3073 4028 3410 4102 congregati
3439 4034 3636 4086 essent

1990 4118 2254 4173 membra
2284 4118 2413 4188 ejus
2443 4133 2646 4173 omnes
2676 4118 2976 4172 credentes
2999 4117 3057 4173 in
3088 4133 3244 4173 eum.
3279 4118 3506 4175 Fratres
3531 4134 3635 4175 au-

1989 4211 2106 4262 tem
2137 4210 2193 4261 et
2222 4222 2451 4262 sorores
2483 4206 2761 4262 dicuntur
2781 4206 2972 4262 omnis
2991 4205 3092 4262 illa
3107 4206 3374 4280 cognatio
3403 4207 3633 4264 Judan-

1992 4313 2118 4352 rum
2172 4294 2372 4367 populi
2425 4311 2437 4352 :
2485 4295 2556 4350 de
2603 4311 2853 4368 quorum
2889 4294 3106 4351 familia
3149 4301 3324 4353 natus
3354 4301 3440 4352 est
3469 4295 3633 4351 Chri-

1992 4390 2140 4440 stus.
2167 4383 2295 4440 Sive
2329 4384 2534 4440 fratres
2557 4389 2613 4441 ct
2633 4401 2862 4442 sorores
2882 4383 3226 4456 generaliter
3245 4385 3512 4442 omnium
3538 4402 3638 4441 na-

1992 4475 2217 4530 tionum
2244 4474 2652 4530 multitudines
2673 4473 2994 4547 intelligere
3016 4491 3334 4546 possumus
3358 4492 3370 4530 :
3395 4491 3462 4531 eo
3479 4475 3638 4546 quod

1993 4564 2064 4619 de
2097 4558 2302 4620 massa
2324 4563 2568 4620 humani
2598 4565 2828 4636 generis
2859 4581 3093 4621 carnem
3138 4565 3482 4637 assumpsit,
3537 4580 3642 4639 per

1995 4669 2174 4724 quam
2207 4653 2317 4707 sibi
2351 4658 2584 4708 caiteros
2617 4654 2822 4709 fratres
2854 4654 3130 4726 dignatus
3159 4659 3249 4710 est
3278 4655 3466 4710 facere
3525 4673 3538 4711 :
3571 4655 3643 4711 de

230 4743 368 4800 libri
399 4743 600 4813 hujus,
633 4746 692 4797 et
745 4759 846 4814 per
877 4741 1358 4814 anticipationem
1391 4742 1626 4809 dixisse,
1662 4747 1727 4799 ut
1756 4747 1887 4816 post
1915 4730 1961 4794 D
1996 4743 2212 4814 quibus
2239 4741 2319 4797 ait
2348 4743 2417 4796 ad
2453 4743 2679 4796 Patrem
2705 4759 2717 4798 :
2743 4742 2990 4798 Narrabo
3019 4759 3222 4799 nomen
3248 4752 3408 4800 tuum
3436 4745 3648 4816 fratri-

231 4833 616 4888 tentationem
650 4830 816 4887 illam
849 4848 952 4904 per
982 4836 1216 4888 centum
1265 4833 1657 4905 quadraginta
1701 4851 1885 4890 annos

233 4921 363 4980 vitae
394 4938 534 4990 sua),
568 4921 947 4976 benedicente
988 4921 1254 4989 Domino,
1289 4922 1617 4978 cumulatas
1666 4923 1722 4978 in
1774 4925 1884 4978 du-

232 5009 400 5085 plum
432 5008 664 5064 divitias
695 5007 1019 5080 possideret
1053 5027 1064 5064 :
1101 5008 1354 5064 ﬁliorum
1377 5026 1510 5065 vero
1542 5011 1669 5078 ejus
1701 5009 1888 5082 dupli-

233 5105 435 5156 catum
467 5114 780 5154 numerum
815 5115 929 5154 non
961 5097 1233 5170 legimus.
1270 5098 1431 5153 Unde
1461 5099 1713 5155 arbitror
1729 5099 1885 5171 quod

237 5206 375 5247 cum
406 5204 474 5244 ea
503 5204 628 5260 quae
663 5187 904 5242 omnino
932 5189 1244 5260 perierant,
1279 5186 1379 5242 illa
1427 5188 1477 5243 ei
1530 5189 1587 5242 in
1637 5189 1885 5261 duplum

237 5276 458 5348 fuerint
486 5276 774 5344 restituta,
808 5276 981 5332 etiam
1033 5276 1136 5331 ﬁlii
1186 5277 1236 5332 ei
1285 5277 1490 5348 viginti
1537 5294 1641 5348 pro
1688 5277 1887 5333 decem

240 5367 448 5425 redditi
477 5366 616 5421 sint.
655 5365 719 5419 Hi
752 5365 906 5420 enim
941 5365 1052 5438 ipsi
1085 5367 1282 5421 decem
1317 5366 1489 5439 primi
1541 5383 1687 5438 quos
1721 5367 1889 5422 ruina

238 5457 450 5512 domus
481 5453 732 5511 labentis
765 5460 1154 5526 oppresserat,
1190 5456 1344 5528 apud
1380 5460 1559 5511 Deum
1612 5473 1726 5511 non
1782 5473 1887 5528 pu-

239 5550 442 5602 tantur
471 5541 760 5600 exstincti.
798 5544 1034 5615 Propter
1064 5545 1502 5600 aediﬁcationem
1535 5545 1732 5617 itaque
1760 5545 1888 5600 ﬁdei

240 5638 476 5701 nostra},
501 5637 694 5688 tantos
725 5631 774 5686 ei
808 5631 957 5688 ﬁlios
979 5649 1013 5687 a
1035 5633 1150 5688 Deo
1183 5633 1732 5706 redditos,quantos
1751 5636 1893 5690 ami-

239 5729 422 5791 serat,
461 5721 833 5778 sentiendum
868 5726 975 5790 est,
1012 5726 1076 5778 ut
1105 5722 1265 5778 omni
1313 5723 1600 5780 bonorum
1651 5741 1892 5781 suorum

241 5812 578 5882 substantia
609 5811 668 5868 in
703 5811 948 5886 duplum
981 5811 1092 5870 sibi
1126 5829 1160 5868 a
1187 5811 1434 5870 Domino
1466 5814 1696 5872 reddita
1715 5814 1893 5873 etiam

1998 4831 2094 4885 bus
2141 4833 2294 4901 meis,
2351 4835 2402 4885 et
2444 4833 2505 4886 in
2552 4831 2728 4887 medio
2782 4833 3037 4890 Ecclesiae
3081 4833 3322 4890 laudabo
3371 4838 3422 4890 te
3468 4833 3642 4905 (Psal.

1995 4938 2110 4987 xxx,
2143 4921 2254 4991 25).
2289 4925 2357 4974 Et
2385 4919 2444 4974 in
2472 4920 2782 4993 Evangelio
2814 4921 2896 4977 ait
2926 4937 2940 4976 :
2973 4921 3076 4989 Qui
3115 4925 3265 4978 enim
3310 4923 3505 4994 fecerit
3549 4937 3639 4977 vo-

1998 5011 2270 5065 luntatem
2298 5010 2417 5075 Dei,
2451 5010 2540 5064 hic
2581 5009 2720 5065 mihi
2747 5018 2798 5066 et
2826 5013 3026 5082 frater,
3068 5015 3119 5067 et
3165 5027 3338 5078 soror,
3367 5014 3420 5066 et
3466 5012 3644 5065 mater

1997 5108 2074 5154 est
2103 5098 2286 5167 (Marc.
2321 5115 2404 5165 ιιι,
2440 5100 2550 5164 35).
2586 5099 2651 5153 Et
2683 5100 2876 5155 cuncti
2927 5099 3026 5171 qui
3076 5116 3210 5155 eum
3259 5100 3421 5171 prius
3470 5113 3641 5153 nove-

1997 5192 2157 5256 runt,
2187 5191 2467 5244 venerant
2493 5189 2562 5243 ad
2594 5205 2726 5245 eum
2764 5207 2776 5245 :
2811 5189 2893 5245 ita
2919 5194 2976 5246 et
3021 5189 3092 5245 de
3139 5189 3223 5245 eis
3271 5187 3642 5244 sentiendum

1998 5283 2107 5345 est,
2143 5278 2281 5349 quia
2310 5284 2596 5334 noverunt
2626 5295 2758 5335 eum
2793 5279 2956 5352 prius
2987 5295 3192 5335 omnes
3223 5277 3410 5334 sancti
3442 5282 3497 5332 et
3518 5292 3644 5348 pro.

1999 5367 2207 5438 phetce,
2245 5368 2344 5440 qui
2377 5385 2509 5424 eum
2543 5367 2745 5440 utique
2774 5369 3047 5424 videbant
3082 5367 3140 5421 in
3195 5365 3433 5438 spiritu;
3467 5381 3642 5436 quem

1999 5458 2175 5512 etiam
2210 5457 2266 5511 in
2291 5473 2525 5513 carnem
2548 5462 2857 5513 venturum
2880 5455 3328 5521 annuntiabant,
3348 5455 3503 5510 sicut
3520 5454 3644 5527 ipse

2004 5546 2286 5604 Dominus
2317 5546 2458 5602 dicit
2489 5565 2500 5602 :
2536 5547 2694 5602 Multi
2719 5547 3002 5618 prophetae
3021 5553 3070 5601 et
3085 5547 3225 5616 justi
3245 5546 3537 5616 cupierunt
3566 5547 3648 5602 vi-

2001 5637 2130 5693 dere
2159 5652 2284 5707 quw
2312 5652 2405 5692 vos
2435 5637 2667 5705 vidistis,
2691 5646 2744 5692 et
2774 5652 2882 5692 non
2913 5634 3161 5690 viderunt
3182 5651 3200 5688 :
3223 5639 3273 5690 et
3302 5633 3502 5691 audire
3523 5651 3649 5708 quae

2004 5742 2096 5783 ros
2147 5727 2401 5796 audistis,
2457 5735 2505 5782 et
2551 5743 2660 5781 non
2709 5725 3007 5780 audierunt
3037 5724 3188 5796 (Luc.
3221 5741 3278 5793 x,
3311 5725 3423 5798 24).
3466 5726 3648 5790 Quem

2003 5815 2278 5876 videbant
2319 5819 2516 5872 autem
2561 5815 2619 5870 in
2668 5813 2899 5888 spiritu,
2941 5813 3310 5886 praesentiam
3365 5815 3649 5880 adventus
