4220 6578
601 460 718 524 847

2100 459 2524 521 APPENDIX.

601 597 728 666 ejus
777 595 834 651 in
885 611 1056 652 carne
1105 595 1300 652 videre
1352 595 1788 663 desiderabant,
1822 594 1972 650 sicut
2019 599 2074 649 et
2114 611 2252 649 san-
2285 605 2336 669 Α
2368 594 2649 650 habentes
2681 595 2860 666 (Cant.
2897 611 2971 665 iv,
3003 593 3059 665 2)
3089 609 3223 650 cum
3273 608 3376 665 per
3421 593 3816 652 obedientiam
3845 612 4011 654 man-

601 691 730 742 ctus
761 686 1080 753 Abraham,
1114 686 1185 742 de
1215 703 1328 759 quo
1359 686 1442 740 ait
1464 685 1746 741 Dominus
1781 703 1793 740 :
1826 686 2101 740 Abraham
2121 701 2245 738 con.-

603 776 812 846 cupivit
836 776 1022 831 videre
1049 775 1196 831 diem
1243 791 1426 830 meum
1472 793 1490 828 :
1539 779 1589 830 et
1637 774 1788 844 vidit,
1821 782 1874 828 et
1903 775 2124 844 gavisus
2173 780 2252 828 est

603 865 782 936 (Joan.
834 881 957 930 vm,
1001 865 1113 935 56).
1165 866 1361 936 Itaque
1420 863 1676 935 praedicti
1729 862 1915 918 sancti
1947 865 2248 926 venerunt,

607 953 885 1025 quoniam
917 952 1199 1008 habentes
1229 953 1497 1008 eumdem
1530 951 1805 1023 spiritum
1830 951 1982 1017 ﬁdei,
2009 949 2254 1022 prophe-

606 1046 876 1098 taverunt
902 1041 1062 1097 velut
1101 1041 1248 1113 justi
1279 1058 1345 1097 ex
1379 1042 1492 1096 ﬁde
1522 1041 1800 1106 viventes,
1832 1044 1890 1096 et
1919 1054 2251 1095 sacramen-

609 1136 734 1187 tum
767 1130 1192 1186 incarnationis
1221 1129 1432 1185 Christi
1467 1131 1734 1184 t‘uturum
1784 1128 2164 1202 przevidentes
2193 1126 2252 1182 in

609 1219 843 1292 spiritu,
869 1219 929 1274 in
957 1219 1145 1290 ipsam
1177 1219 1350 1275 ﬁdem
1383 1219 1596 1274 Christi
1638 1234 1741 1290 per
1771 1218 2038 1274 eamdem
2071 1216 2255 1289 poeni-

610 1309 851 1366 tentiam
885 1309 1250 1377 venerunt,id
1282 1312 1464 1364 estex
1497 1308 1608 1364 ﬁde
1637 1308 1697 1362 in
1731 1307 1928 1373 ﬁdem,
1961 1311 2025 1362 ut
2059 1309 2258 1362 essent

610 1397 720 1452 sub
751 1395 974 1452 Christo
1015 1396 1204 1468 capite
1233 1412 1439 1464 unum,
1473 1400 1530 1450 et
1559 1395 1668 1466 ipsi
1703 1393 1763 1449 in
1793 1409 2030 1466 corpore
2062 1391 2257 1448 Eccle-

608 1486 705 1540 sia:
739 1485 1076 1551 constituti;
1117 1485 1236 1555 ubi,
1281 1486 1407 1555 jam
1457 1484 1883 1539 resurrectione
1935 1481 2257 1553 gloriﬁcato

607 1574 855 1646 Christo,
906 1579 964 1630 et
1010 1591 1077 1629 ex
1125 1573 1419 1645 passionis
1465 1573 1821 1629 contumelia
1867 1572 1927 1626 in
1978 1571 2258 1626 honorem

609 1664 926 1736 pristinum
959 1663 1249 1733 restituto,
1285 1679 1440 1718 nunc
1486 1663 1543 1718 in
1594 1663 1767 1717 domo
1797 1662 1947 1732 ejus,
1984 1659 2256 1726 Ecclesia,

611 1768 824 1824 panem
856 1756 1357 1808 sacramentorum
1413 1752 1540 1822 ejus
1580 1752 1894 1806 comedunt
1922 1766 2128 1806 omnes
2159 1764 2261 1820 per

615 1841 788 1896 ﬁdem
820 1840 1116 1896 venientes
1143 1841 1215 1896 ad
1243 1857 1398 1897 eum.
1431 1842 1576 1895 Cum
1627 1841 1754 1911 ipso
1803 1845 1996 1894 autem
2047 1854 2259 1910 panem

612 1929 742 1985 ideo
774 1929 1075 1986 comedere
1105 1930 1398 1998 dicuntur,
1431 1929 1571 2000 quia
1601 1929 1726 2001 ipse
1755 1928 1899 1983 dixit
1948 1946 1961 1983 :
2005 1929 2133 1983 Ecce
2163 1943 2260 1997 ego

617 2020 893 2075 vobiscum
919 2036 1041 2073 sum
1071 2021 1324 2074 omnibus
1369 2019 1560 2075 diebus
1607 2034 1775 2091 usque
1811 2018 1883 2073 ad
1913 2033 2258 2073 consumma-

618 2111 818 2164 tionem
845 2107 1042 2164 saeculi
1069 2109 1286 2177 (Matth.
1319 2125 1515 2176 xxvm,
1546 2110 1658 2177 20).
1693 2107 1824 2164 Sive
1855 2108 1992 2179 quia
2012 2107 2136 2178 ipse
2164 2123 2255 2161 eo-

617 2198 883 2254 rumdem
934 2198 1343 2268 mysteriorum
1394 2203 1483 2254 est
1529 2203 1917 2266 consecrator,
1949 2196 2007 2250 in
2042 2195 2259 2268 quibus

614 2293 672 2343 et
720 2287 915 2360 ipsum
976 2287 1414 2344 benedicentem
1454 2291 1510 2342 et
1555 2291 1993 2343 consecrantem
2043 2284 2256 2357 accipi-

619 2393 751 2432 mus
779 2395 792 2432 :
827 2376 966 2448 quia
993 2377 1119 2449 ipse
1150 2377 1298 2432 dixit
1329 2395 1342 2432 :
1375 2377 1484 2446 Ego
1513 2394 1634 2432 sum
1664 2379 1828 2446 panis
1856 2377 2011 2430 vivus
2055 2376 2151 2446 qui
2197 2374 2260 2428 (te

615 2467 744 2521 caelo
772 2466 1052 2521 descendit
1079 2467 1253 2532 (Joan.
1306 2483 1382 2536 vx,
1430 2466 1538 2533 41).
1589 2465 1659 2520 Et
1706 2465 1947 2520 verbum
1999 2463 2258 2535 Scriptu-

614 2573 815 2612 rarum
859 2555 1026 2627 panis
1055 2563 1144 2611 est
1173 2555 1405 2622 Christi,
1456 2571 1571 2626 quo
1626 2555 1683 2610 in
1727 2555 1901 2610 domo
1947 2552 2261 2608 Salvatoris

616 2645 892 2710 Ecclesia,
915 2649 1320 2718 pascuntur,et
1343 2645 1743 2700 exhortatione
1771 2661 1974 2700 eorum
1996 2642 2262 2698 reﬁciun-

616 2739 713 2791 tur
745 2735 1043 2807 quondam
1074 2735 1188 2790 ﬁde
1215 2733 1442 2806 inopes,
1475 2734 1573 2805 qui
1624 2733 1682 2788 in
1731 2732 1840 2789 hoc
1883 2731 2094 2788 saeculo
2124 2747 2261 2787 cum

617 2829 815 2880 essent
836 2824 1010 2880 alieni
1045 2840 1078 2878 a
1112 2823 1248 2892 Deo,
1283 2823 1495 2878 famem
1527 2822 1816 2878 sermonis
1847 2821 2031 2877 divini
2080 2820 2261 2892 patie-

620 2913 855 2980 bantur,
880 2918 939 2968 et
970 2913 1163 2968 cuncti
1201 2913 1301 2984 qui
1347 2929 1481 2968 eum
1531 2913 1695 2984 prius
1743 2916 2042 2978 noverant,
2092 2924 2259 2964 vcne-

620 3006 759 3056 runt
788 3001 858 3056 ad
892 3016 1050 3068 eum,
1102 3001 1160 3055 id
1208 3005 1318 3070 est,
1377 3000 1476 3071 qui
1523 3015 1656 3054 eum
1691 3004 1970 3054 noverant
1999 2998 2056 3053 in
2088 3005 2263 3067 terra,

619 3089 816 3144 venire
846 3089 917 3144 ad
947 3104 1082 3144 eum
1116 3092 1458 3144 meruerunt
1490 3089 1548 3144 in
1580 3087 1813 3144 ccnlum.
1839 3092 1904 3142 Et
1935 3091 2261 3155 moverunt,

621 3178 814 3249 inquit
860 3177 1179 3250 Scriptura,
1213 3194 1390 3250 super
1418 3194 1484 3233 eo
1515 3183 1691 3249 caput
1723 3196 1735 3234 :
1769 3175 2129 3233 exsultantes
2175 3175 2264 3230 vi-

619 3267 842 3336 delicet,
875 3269 1030 3340 quod
1079 3267 1485 3339 spiritualibus
1513 3271 1571 3323 et
1599 3267 1783 3322 sacris
1813 3265 2028 3323 Christi
2067 3264 2260 3320 convi-

616 3358 726 3413 viis
753 3358 938 3415 cll‘ecti
970 3362 1165 3414 essent
1194 3357 1508 3430 participes
1541 3375 1554 3414 :
1588 3357 1739 3413 sicut
1769 3355 2052 3412 Dominus
2092 3355 2174 3410 ait
2204 3355 2261 3409 in
2293 3347 2337 3415 C

618 3448 851 3521 psalmo
886 3466 898 3502 :
940 3453 1070 3504 Vota
1099 3465 1220 3504 mea
1251 3447 1470 3505 reddam
1519 3463 1706 3503 coram
1754 3448 1909 3501 vultu
1955 3446 2268 3502 timentium

619 3554 743 3593 eum
773 3556 792 3593 :
822 3538 978 3594 edent
1005 3554 1294 3609 pauperes,
1323 3542 1373 3592 et
1399 3537 1815 3604 saturabuutur,
1857 3544 1909 3592 et
1955 3535 2268 3591 laudabunt

622 3628 938 3693 Dominum,
969 3629 1066 3698 qui
1094 3629 1384 3698 requirunt
1413 3643 1539 3681 eum
1569 3627 1741 3696 (Psat.
1774 3642 1890 3694 xxI,
1921 3626 2012 3692 26,
2044 3625 2156 3695 27).

699 3754 722 3783 ι
757 3733 824 3788 Et
853 3733 1135 3788 consolati
1167 3738 1306 3789 sunt
1337 3749 1470 3788 eum
1503 3749 1680 3805 super
1708 3731 1870 3788 omni
1909 3730 2061 3788 malo
2108 3731 2266 3803 quod

621 3823 903 3880 intulerat
952 3821 1240 3877 Dominus
1293 3838 1468 3894 super
1523 3838 1680 3877 eum.
1739 3819 2098 3877 Salvatorem
2158 3838 2266 3877 no-

624 3921 813 3971 strum
845 3931 960 3970 non
992 3912 1361 3968 mediocriter
1409 3910 1765 3981 consolatur,
1799 3909 1899 3982 qui
1933 3910 2263 3982 passionem

621 4010 770 4081 ejus,
804 4022 978 4080 quam
1013 4021 1115 4076 pro
1148 4002 1544 4074 redemptione
1577 3999 1782 4056 mundi
1817 4000 2097 4072 suscepit,
2130 4016 2263 4056 cum

618 4097 834 4172 gaudio
865 4094 1067 4160 credit,
1116 4097 1172 4149 et
1214 4091 1461 4148 ﬁdeliter
1500 4089 1685 4146 oculis
1736 4090 1870 4145 ﬁdei
1920 4093 2261 4158 contuetur;

618 4189 742 4258 ipse
779 4187 938 4243 enim
987 4183 1090 4239 tali
1131 4180 1524 4238 consolatione
1572 4178 1826 4252 repletus
1856 4183 1964 4250 est,
1999 4177 2263 4251 quicum

615 4278 860 4334 vidisset
888 4274 1121 4330 turbam
1153 4270 1538 4338 credentium,
1589 4267 1898 4325 exsultavit
1944 4269 2002 4323 in
2053 4267 2261 4340 spiritu

615 4367 770 4423 sicut
798 4367 998 4422 sancto
1028 4359 1384 4433 evangelista
1415 4358 1706 4414 scribente
1759 4357 2076 4413 didicimus
2106 4358 2258 4428 (Luc.

615 4473 671 4524 x,
703 4455 818 4526 21).
869 4451 1144 4508 Intulisse
1195 4453 1389 4504 autem
1441 4447 1583 4502 Filio
1632 4463 1738 4502 suo
1788 4447 1968 4502 Deum
2028 4451 2258 4503 Patrem

617 4543 839 4599 malum
872 4539 1165 4613 passionis
1196 4541 1252 4593 et
1281 4535 1509 4604 mortis,
1541 4536 1622 4591 ita
1649 4536 1902 4598 dicimus
1933 4537 2257 4592 secundum

615 4629 960 4705 Apostolum
1013 4647 1026 4682 :
1075 4629 1188 4698 Qui
1229 4628 1456 4700 proprio
1503 4627 1642 4681 Filio
1688 4641 1792 4683 suo
1836 4643 1944 4681 non
1990 4629 2256 4698 pepercit,

2365 684 2634 739 datorum
2697 684 2816 754 Dei,
2869 689 3080 739 renatae
3130 683 3191 738 in
3241 683 3500 751 Christo,
3557 683 3901 742 innocentes
3959 692 4018 742 et

2360 771 2658 844 simplices
2679 773 2929 844 operarii
2965 773 3180 828 fuerint
3208 778 3265 828 et
3289 774 3513 830 ﬁdeles.

2447 884 2467 909 α
2504 861 2788 917 Dominus
2815 866 3010 917 autem
3045 847 3340 918 benedixit
3370 862 3706 919 novissimis
3735 863 3844 920 Job
3889 881 4012 921 ma-

2360 949 2450 1022 gis
2488 966 2662 1022 quam
2697 950 2981 1022 principio
3013 951 3162 1021 ejus.
3197 952 3267 1007 Et
3297 952 3450 1008 facta
3478 957 3618 1008 sunt
3645 952 3696 1008 ei
3731 958 4012 1026 quatuor-

2363 1037 2549 1094 decim
2582 1037 2767 1094 millia
2792 1039 3010 1108 ovium,
3065 1045 3122 1095 et
3167 1057 3263 1096 sex
3314 1040 3498 1096 millia
3545 1041 3923 1114 camelorum,
3958 1048 4016 1100 et

2364 1125 2521 1182 mille
2548 1127 2692 1199 juga
2719 1127 2920 1194 boum,
2953 1133 3010 1183 et
3042 1128 3201 1184 mille
3231 1129 3430 1185 asinis.
3466 1153 3494 1179 ››
3524 1131 3819 1202 Principia
3845 1131 4010 1188 Chri-

2364 1215 2439 1272 sti
2470 1216 2592 1281 Dei,
2627 1221 2683 1271 et
2713 1217 2938 1272 Domini
2973 1217 3176 1285 nostri,
3209 1217 3356 1290 legis
3387 1218 3570 1288 Moysi
3600 1219 3837 1275 exordia
3878 1237 4012 1278 esse

2365 1304 2790 1376 signiﬁcantur.
2824 1305 3153 1361 Novissima
3173 1323 3305 1362 vero
3326 1307 3456 1378 ejus
3487 1306 3862 1380 Evangelium
3885 1323 4016 1366 esse

2368 1398 2748 1449 monstratur.
2790 1394 2950 1450 Unde
2997 1395 3374 1451 Ecclesiastes
3424 1395 3507 1450 ait
3557 1412 3571 1450 :
3613 1396 3840 1452 Meliora
3885 1402 4017 1453 sunt

2366 1485 2663 1539 novissima
2709 1485 2999 1550 sermonis,
3046 1499 3212 1557 quam
3256 1486 3482 1540 initium
3529 1487 3647 1557 ejus
3685 1487 3879 1554 (Eccle.
3910 1504 4014 1556 νη,

2368 1577 2443 1642 9).
2479 1573 2724 1628 Proinde
2757 1571 2993 1629 meliora
3024 1580 3163 1628 sunt
3194 1574 3471 1646 mysteria
3518 1574 3814 1648 Evangelii
3858 1592 4016 1636 reve-

2369 1661 2488 1717 lata
2518 1661 2576 1716 in
2606 1662 2858 1729 Christo,
2891 1661 3038 1734 legis
3069 1662 3596 1734 signiﬁcationibus
3640 1669 3698 1720 et
3741 1665 3946 1738 ﬁguris
3997 1685 4012 1723 :

2370 1750 2612 1806 meliora
2637 1751 2923 1807 sacriﬁcia
2951 1752 3215 1807 cordium
3247 1753 3656 1821 contritorum,
3689 1769 3865 1825 quam
3905 1755 4014 1812 ho-

2369 1839 2760 1896 locautomata
2791 1841 3100 1911 pecudum.
3136 1841 3335 1897 Melior
3365 1841 3756 1899 manifestatio
3803 1845 4012 1900 verita-

2371 1929 2447 1985 tis
2476 1929 2534 1984 in
2562 1929 2890 2001 Evangelio,
2923 1947 3101 2002 quam
3130 1929 3543 2003 allegoriarum
3574 1933 3784 1990 umbra
3812 1933 3872 1988 in
3902 1933 4013 1989 Ve-

2368 2019 2476 2074 teri
2531 2019 2924 2074 Testamento.
2975 2019 3069 2075 Sic
3119 2019 3320 2092 itaque
3380 2020 3674 2076 benedixit
3727 2020 4014 2080 Dominus

2370 2107 2706 2163 novissimis
2756 2107 2866 2163 Job
2909 2110 3098 2180 magis
3127 2126 3306 2181 quam
3336 2109 3623 2182 principio
3672 2111 3821 2182 ejus,
3854 2117 3920 2167 ut
3949 2113 4011 2168 in

2369 2203 2615 2268 utroque
2673 2197 2909 2270 populo,
2967 2199 3301 2254 Judaaorum
3359 2205 3416 2256 et
3470 2200 3757 2272 gentium,
3823 2201 4016 2274 gratia

2369 2286 2694 2342 abundaret
2728 2303 2741 2341 :
2775 2303 2924 2358 quos
2956 2287 3200 2360 populos
3225 2289 3550 2345 secundum
3580 2305 3808 2346 morum
3830 2291 4016 2362 quali-

2368 2380 2536 2443 tates,
2568 2375 2738 2448 quasi
2770 2377 2879 2431 sub
2910 2376 3272 2433 diversorum
3303 2377 3645 2435 animalium
3677 2379 4016 2438 nominibus

2370 2465 2490 2520 haec
2519 2466 2819 2536 Scriptura
2845 2465 3029 2522 voluit
3057 2466 3368 2539 appellare.
3403 2468 3587 2532 Quam
3627 2485 3758 2526 vero
3787 2470 4017 2542 signiﬁ-

2370 2555 2659 2610 cationem
2695 2555 2910 2623 eadem
2955 2555 3298 2612 animalium
3333 2558 3389 2612 in
3423 2575 3484 2613 se
3517 2558 3796 2615 vocabula
3823 2560 4017 2616 conti-

2372 2648 2567 2710 neant,
2601 2643 2658 2698 in
2691 2643 2977 2716 principio
3009 2645 3200 2717 operis
3231 2645 3402 2702 istius
3433 2646 3651 2704 dixisse
3699 2665 3793 2705 me
3813 2649 4020 2706 memi-

2372 2733 2450 2788 ni.
2487 2732 2857 2804 Duplicatum
2889 2751 3020 2790 vero
3052 2733 3261 2790 horum
3293 2735 3637 2793 animalium
3677 2754 4016 2810 numerum,

2373 2827 2608 2894 propter
2669 2828 2988 2895 utrumque
3045 2823 3329 2896 populum
3387 2831 3551 2898 puto,
3609 2825 3728 2883 sive
3779 2833 4018 2901 propter

2375 2911 2866 2968 abundantiorem
2890 2912 3137 2984 gratiam
3167 2914 3486 2986 Evangelii,
3509 2920 3575 2971 ut
3588 2916 3710 2986 jam
3733 2916 4016 2985 diximus,

2373 2999 2444 3056 de
2476 3017 2593 3072 qua
2620 2999 2938 3072 Apostolus
2983 3001 3066 3057 ait
3111 3019 3123 3057 :
3177 3002 3525 3074 Su/ﬁcientia
3568 3009 3757 3062 nostra
3798 3021 3869 3062 ex
3901 3010 4017 3062 Deo

2372 3094 2471 3156 est,
2498 3091 2598 3160 qui
2624 3099 2678 3146 et
2706 3089 2923 3146 idoneos
2951 3107 3049 3148 nos
3075 3093 3225 3164 Ῑεείι,
3258 3096 3309 3148 et
3333 3094 3618 3149 ministros
3643 3093 3782 3151 Novi
3821 3095 4017 3152 Testa-

2371 3181 2564 3246 menti,
2596 3195 2705 3235 non
2735 3179 2940 3250 littera,
2973 3179 3065 3236 sed
3099 3182 3324 3252 spiritu,
3358 3182 3554 3240 littera
3599 3184 3748 3239 enim
3789 3183 4020 3247 occidi}:

2371 3269 2600 3338 spiritus
2630 3277 2813 3324 autem
2839 3270 3079 3340 viviﬁcat
3107 3271 3180 3342 (II
3209 3271 3334 3328 Cor.
3376 3288 3460 3337 ιιι,
3488 3272 3544 3339 5,
3574 3273 3652 3344 6).

2448 3399 2475 3425 ‹‹
2506 3375 2572 3430 Et
2603 3377 2840 3432 fuerunt
2867 3377 2918 3432 ei
2951 3381 3173 3449 septem
3206 3376 3310 3432 ﬁlii
3341 3381 3398 3434 et
3426 3383 3543 3434 tres
3573 3377 3725 3436 ﬁliae.
3778 3402 3806 3428 ιι
3853 3379 4020 3444 Quod

2377 3470 2603 3537 septem
2636 3464 2788 3521 ﬁlios
2817 3471 2874 3522 et
2907 3472 3024 3522 tres
3051 3465 3202 3523 ﬁlias
3223 3467 3472 3523 retertur
3491 3467 3788 3540 habuisse,
3802 3469 4021 3543 gratia-

2377 3571 2507 3610 rum
2541 3556 2908 3628 septenarius
2938 3572 3222 3612 numerus
3249 3554 3561 3625 indicatur,
3601 3557 3769 3630 legis,
3800 3563 3857 3616 et
3885 3564 4021 3632 pro.

2376 3644 2604 3718 phetiae,
2637 3651 2696 3701 et
2723 3645 2945 3717 gratias,
2979 3649 3044 3700 ut
3074 3646 3131 3702 in
3163 3645 3450 3719 principio
3483 3646 3662 3718 hujus
3693 3647 3830 3703 dixi.
3861 3649 4021 3714 Quas

2376 3738 2538 3806 pater
2567 3747 2768 3790 earum
2802 3733 3056 3790 moriens
3077 3734 3219 3802 fecit
3249 3734 3574 3792 coheredes
3604 3737 3851 3794 fratrum
3888 3754 4020 3794 suo-

2375 3839 2529 3889 rum,
2560 3821 2617 3878 id
2649 3827 2737 3879 est
2767 3822 2995 3878 animas
3017 3839 3166 3895 quas
3189 3839 3291 3895 per
3311 3824 3584 3897 spiritum
3615 3826 4016 3899 gratiarumin

2374 3917 2722 3968 testamento
2779 3911 3109 3986 divinarum
3168 3913 3602 3985 Scripturarum
3659 3915 4016 3988 incorporat,

2375 4019 2472 4057 eas
2505 4001 2706 4072 utique
2737 4001 3195 4073 promissionum
3227 4018 3471 4058 suarum
3503 4003 3640 4059 facit
3667 4019 3794 4061 esse
3832 4005 4017 4078 parti-

2372 4091 2552 4163 cipes.
2586 4094 2799 4146 Earum
2841 4105 3072 4162 quoque
3103 4089 3356 4147 ﬁliarum
3386 4092 3790 4164 signiﬁcanter
3818 4094 4011 4150 nomi-

2374 4197 2448 4236 na
2479 4179 2670 4252 posita
2695 4195 2976 4251 magnum
3010 4180 3068 4237 in
3100 4195 3161 4235 se
3190 4179 3492 4237 continent
3520 4187 3974 4238 sacramentum.

2447 4310 2474 4337 ‹‹
2507 4287 2572 4342 Et
2600 4286 2820 4343 vocavit
2849 4302 3062 4343 nomen
3093 4288 3271 4344 unius
3291 4286 3476 4359 Diem,
3497 4293 3556 4344 et
3576 4301 3785 4345 nomen
3814 4296 4020 4346 saeuu-

2371 4379 2456 4433 dae
2497 4377 2684 4444 Casia,
2711 4380 2769 4432 et
2799 4392 3012 4433 nomen
3041 4376 3224 4432 tertiis
3252 4375 3446 4434 Cornu
3477 4377 3658 4434 stibii.
3709 4375 3834 4435 Non
3871 4384 4016 4436 sunt

2371 4473 2568 4523 autem
2608 4467 2853 4522 inventis
2903 4465 3180 4524 mulieres
3231 4468 3526 4539 speciosae,
3558 4467 3712 4524 sicut
3740 4465 3872 4525 ﬁliai
3899 4468 4011 4525 Job

2367 4556 2428 4612 in
2459 4556 2732 4612 universa
2759 4562 2932 4612 terra.
2963 4555 3246 4628 Deditqne
3269 4557 3353 4612 eis
3383 4562 3548 4629 pater
3577 4572 3721 4613 suus
3763 4556 4010 4613 heredi-

2365 4650 2546 4701 tatem
2597 4646 2752 4701 inter
2795 4645 3004 4700 fratres
3049 4661 3271 4701 earum.
3318 4645 3476 4701 Vixit
3505 4650 3702 4702 autem
3739 4645 3850 4702 Job
3874 4642 4010 4717 po's't

613 4723 705 4777 sed
731 4735 833 4792 pro
861 4719 1016 4774 nobis
1046 4717 1296 4774 omnibus
1326 4715 1562 4808 tradidit
1590 4732 1714 4772 eum
1751 4717 1925 4808 (item.
1970 4732 2094 4785 vm,
2141 4715 2253 4808 32),
2287 4723 2332 4787 ι)
2364 4735 2593 4807 ﬂagella
2623 4734 2743 4790 Nec
2774 4740 3008 4790 centum
3039 4734 3433 4808 quadraginta
3457 4735 3652 4806 annis,
3681 4739 3740 4791 et
3769 4715 3917 4790 vidit
3943 4733 4008 4789 θ,

613 4812 801 4882 Super
817 4809 970 4880 quod
1006 4823 1278 4878 magnam
1301 4806 1595 4862 sumimus
1615 4805 2254 4877 consolationem,quod

609 4899 778 4956 dabit
806 4898 974 4954 nobis
1004 4898 1157 4954 bona
1187 4914 1315 4962 sua,
1349 4895 1448 4968 qui
1481 4894 1636 4951 mala
1663 4899 1866 4951 nostra
1895 4895 2171 4967 suscepit.

683 5031 711 5060 ‹‹
737 5009 807 5064 Et
835 5008 1124 5064 dederunt
1169 5005 1220 5062 ei
1271 5004 1681 5076 unusquisque
1728 5019 1894 5058 ovem
1945 5019 2146 5069 unam,
2196 5006 2254 5059 et

607 5100 872 5155 inaurem
905 5112 1141 5153 auream
1176 5110 1375 5149 unam.
1408 5112 1434 5144 ιι
1474 5092 1888 5165 Unusquisque
1931 5109 2032 5164 per
2077 5092 2251 5148 ﬁdem

605 5191 676 5244 ad
738 5186 1035 5243 Christum
1084 5183 1464 5245 venientium,
1513 5183 1682 5237 offert
1741 5183 1791 5236 ei
1854 5181 2249 5238 innocentiam

603 5295 795 5345 suam,
829 5276 1162 5347 mentisque
1189 5271 1598 5328 obedientiam.
1645 5269 1790 5334 Quia
1832 5273 1890 5325 et
1931 5269 2249 5341 Apostolus

601 5383 669 5423 ex
700 5365 1102 5439 peccatoribus
1133 5367 1368 5418 sanctos
1399 5360 1656 5427 effectos,
1704 5359 1784 5413 ita
1827 5359 2013 5414 vivere
2058 5359 2244 5428 docet,

601 5456 802 5510 dicens
835 5471 847 5510 :
884 5455 1112 5511 Obsecro
1159 5467 1273 5515 vos,
1324 5452 1550 5520 fratres,
1585 5453 1645 5503 ut
1673 5447 1976 5502 exhibeatis
2017 5464 2244 5519 corpora

601 5549 781 5599 vestra
849 5545 1083 5598 hostium
1150 5543 1356 5605 vivam,
1429 5547 1694 5606 sanctam,
1763 5537 1868 5592 Deo
1935 5537 2246 5608 placentem

597 5632 773 5702 (Rom.
808 5649 906 5699 xu,
959 5635 1030 5705 1).
1075 5632 1164 5686 Sic
1213 5631 1410 5702 itaque
1457 5629 1754 5683 venientes
1805 5627 1875 5681 ad
1921 5627 2239 5698 Christum,

593 5720 928 5780 efﬁciuntur
966 5739 1098 5778 cves
1145 5718 1472 5788 dominica),
1517 5733 1651 5773 oves
1699 5720 1932 5783 sanctis,
1967 5733 2100 5773 oves
2132 5717 2240 5773 illis

2365 4824 2475 4881 lios
2505 4841 2664 4893 suos,
2699 4827 2756 4879 et
2785 4823 2937 4880 ﬁlios
2968 4823 3222 4879 ﬁliorum
3253 4839 3517 4893 suorum,
3536 4840 3723 4896 usque
3743 4823 3815 4880 ad
3837 4833 4010 4896 quar-

2363 4917 2483 4969 tam
2515 4913 2948 4987 generationem
2976 4929 2987 4969 :
3011 4916 3069 4969 et
3089 4917 3358 4969 mortuus
3386 4917 3475 4969 est
3503 4928 3696 4981 senex,
3719 4916 3774 4968 et
3794 4910 4005 4985 plenus

2361 5003 2610 5058 dierum.
2649 5025 2675 5053 »
2706 5002 2838 5058 Dies
2869 5019 3005 5076 ergo
3038 5002 3130 5060 lex
3159 5003 3256 5058 Dei
3287 5005 3396 5066 est,
3429 5018 3556 5075 quis
3595 5002 3668 5058 ad
3716 5000 4006 5074 cognitio-

2362 5109 2494 5148 nem
2525 5092 2806 5160 veritatis,
2838 5092 3108 5148 humanze
3138 5091 3479 5164 ignorantia:
3512 5096 3741 5148 noctem
3784 5089 4007 5147 illumi-

2363 5187 2485 5238 nat.
2516 5181 2686 5238 Casia
2715 5185 2928 5237 sancta":
2959 5182 3257 5236 unctionis
3289 5185 3379 5238 est
3405 5179 3651 5236 donum.
3684 5179 3875 5236 Cornu
3895 5180 4005 5236 sti-

2360 5271 3005 5344 bii,competentissime
3034 5269 3394 5343 Evangelicis
3415 5270 3600 5342 copiis
3621 5267 4004 5342 Ecclesiaque

2357 5359 2575 5416 divitiis
2606 5364 2928 5432 coaptatur,
2957 5376 3085 5430 qua
3111 5359 3508 5430 spiritualium
3541 5375 3735 5415 rerum
3766 5357 4003 5415 thesau-

2357 5467 2458 5505 rus
2490 5454 2597 5505 est.
2625 5453 2813 5504 Cornu
2846 5465 2977 5503 vero
3008 5448 3079 5503 ad
3116 5448 3348 5521 insigne
3377 5449 3627 5521 regium,
3659 5451 3718 5504 et
3745 5447 4001 5520 dignita-

2355 5544 2472 5594 tem
2499 5536 2762 5593 Ecclesia
2794 5536 3062 5615 pertinet,
3096 5539 3248 5593 sicut
3293 5537 3374 5593 ait
3414 5537 3695 5610 prepheta
3726 5554 3740 5593 :
3772 5537 4001 5592 Exulta-

2351 5631 2429 5683 vit
2483 5643 2653 5684 cornu
2700 5625 2906 5682 Christi
2952 5629 3043 5681 sui
3085 5628 3254 5699 (Psal.
3314 5643 3543 5696 CXLVIII,
3610 5627 3686 5698 4).
3722 5625 4000 5698 Figuram

2351 5733 2487 5790 ergo
2533 5720 2773 5773 sanctus
2799 5715 2908 5772 Job
2942 5717 3247 5774 manifeste
3290 5717 3496 5773 habuit
3541 5714 3885 5784 Salvatoris;
3941 5721 4002 5772 et

592 5809 990 5882 rationabiles,
1024 5809 1405 5867 ascendentes
1430 5809 1500 5877 de
1533 5806 1779 5876 lavacro,
1804 5807 2068 5880 geminos
2090 5807 2240 5867 fetus
2348 5808 2408 5865 in
2428 5808 2534 5863 hoc
2555 5806 2710 5878 quod
2733 5823 2801 5863 ex
2822 5805 3116 5865 ditissimo
3136 5823 3312 5880 egens
3336 5812 3393 5864 et
3415 5822 3636 5886 pauper
3671 5804 3858 5877 factus”
3907 5810 4001 5866 est
