4220 6630
354 483 478 550 849

1240 488 1733 553 BREVIABIUM
1781 491 1858 551 IN
1903 488 2288 553 PSALMOS.
2318 522 2395 532 —-—
2426 488 2891 549 ADMONITIO.

3657 490 3779 563 350

359 625 426 680 ut
456 638 562 681 nos
590 621 1087 697 locupletaremur
1118 639 1131 678 :
1164 621 1319 679 circa
1350 640 1563 696 corpus
1595 624 1723 695 ejus
1774 640 2010 680 omnem
2040 633 2095 700 Α
2126 622 2274 693 ritus
2304 622 2564 679 scientiae
2595 626 2651 679 et
2685 621 2923 695 pietatis
2952 637 2964 675 :
3032 619 3276 693 replevit
3335 637 3472 677 eum
3529 622 3776 699 spiritus

362 714 709 785 potestatem
741 729 912 769 suam
943 711 1210 769 diabolus
1240 713 1498 770 exercuit
1530 731 1542 768 :
1574 714 1674 769 sed
1704 713 1853 769 nihil
1887 730 2013 787 pro-

360 801 676 869 fecit,sicut
707 802 832 873 ipse
868 802 1149 857 Dominus
1179 802 1261 858 ait
1293 818 1306 856 :
1334 803 1517 858 Veniet
1557 806 1714 859 enim
1757 806 2014 876 princeps

355 890 553 946 mundi
577 893 630 945 et
661 891 719 945 in
749 907 837 945 me
868 891 1015 946 nihil
1043 893 1286 948 inveniet
1305 892 1482 963 (Joan.
1516 910 1631 959 xxv,
1663 893 1773 964 30).
1801 896 2013 960 Quem-

362 979 680 1035 admodum
708 979 885 1036 etiam
918 980 1127 1037 beatus
1156 981 1266 1035 Job
1288 985 1420 1054 post
1452 981 1737 1037 damnum
1758 982 2011 1038 ﬁliorum

359 1067 687 1125 infidelium
711 1068 933 1124 ditatus
965 1068 1023 1124 in
1056 1068 1193 1125 ﬁliis
1213 1074 1303 1124 est
1332 1086 1344 1124 ε
1380 1070 1463 1125 ita
1493 1075 1551 1126 et
1580 1070 1845 1127 Salvator
1881 1075 2015 1143 post

364 1156 743 1216 amissionem
778 1157 1033 1214 ﬁliorum
1065 1157 1393 1214 inﬁdelium
1409 1158 1629 1215 ditatus
1650 1160 1812 1215 estin
1834 1161 2017 1233 genti-

355 1234 496 1305 bus.
532 1246 638 1305 Per
668 1246 855 1303 multa
892 1262 1029 1321 ergo
1080 1250 1323 1303 sanctus
1369 1248 1478 1304 Job
1541 1249 1769 1305 Domini
1831 1247 2014 1307 nostri

354 1335 697 1409 passionem
730 1352 968 1408 quoque
997 1340 1053 1392 et
1086 1336 1430 1409 patientiam
1463 1338 2016 1411 figuravit,numero

352 1424 635 1492 ﬁliorum,
666 1429 723 1482 et
753 1424 1010 1481 ﬁliarum
1041 1424 1403 1497 nominibus,
1443 1426 1848 1499 septiformem
1889 1445 2017 1502 gra-

354 1512 497 1570 tiam
528 1513 782 1586 Spiritus
813 1513 1000 1570 sancti
1048 1514 1195 1586 legis
1259 1518 1316 1570 et
1373 1516 1794 1588 prophetarum
1843 1522 2016 1589 atque

347 1602 642 1677 Evangelii
669 1603 725 1658 in
762 1602 1119 1659 Salvatorem
1141 1607 1411 1660 nostrum
1434 1604 1862 1677 plenitudinem
1879 1623 2008 1678 por-

2123 713 2355 769 timoris
2385 711 2506 779 Dei,
2541 713 2694 784 quod
2713 711 3163 783 intelligendum
3180 710 3505 784 est,plenus
3525 711 3773 768 dierum.

2194 804 2453 858 Tandem
2518 801 2806 859 relevatus
2858 801 3044 873 longae
3098 800 3522 873 explanationis
3578 818 3773 869 onere,

2123 891 2281 947 velut
2300 892 2562 963 deposito
2594 892 2751 964 gravi
2784 891 2936 947 fasce
2964 890 3282 963 respirans,
3317 892 3388 947 ad
3420 896 3476 947 te
3505 891 3773 949 beatissi-

2125 982 2272 1035 sime
2303 984 2467 1053 pater
2498 978 3084 1041 Vecteri,clausulam
3108 980 3396 1036 sermonis
3421 980 3534 1036 mei
3562 980 3769 1054 dirigo,

2125 1073 2327 1142 petens
2358 1075 2441 1136 ut,
2476 1070 2523 1124 si
2557 1070 2695 1141 quid
2723 1068 2781 1123 in
2814 1068 2922 1123 hoc
2959 1084 3132 1141 opere
3180 1069 3422 1139 dignum
3486 1069 3777 1143 probabili

2124 1159 2362 1214 veritate
2394 1158 2776 1231 perspexeris,
2806 1158 2981 1214 etiam
3014 1158 3167 1214 circa
3181 1176 3371 1215 meam
3394 1159 3774 1233 exiguitatem

2124 1247 2461 1320 largissima
2491 1247 2721 1305 Domini
2760 1247 2943 1304 nostri
2987 1248 3142 1303 dona
3199 1248 3429 1305 mireris
3464 1266 3475 1305 :
3537 1250 3777 1306 obsecro

2126 1355 2198 1394 ne
2228 1343 2330 1393 aut
2361 1338 2548 1395 amico
2575 1338 2767 1399 favore
2791 1337 3177 1412 permulceas,
3208 1342 3309 1394 aut
3356 1339 3635 1395 benevola
3680 1356 3774 1395 ex-

2126 1427 2423 1484 cusatione
2453 1426 2755 1483 defendas.
2785 1426 2932 1493 Quia
2971 1425 3103 1482 nolo
3149 1427 3531 1483 eminentiam
3565 1427 3779 1499 judicii

2126 1517 2212 1572 tui
2244 1534 2277 1573 a
2308 1534 2426 1573 suae
2455 1515 2758 1588 dignitatis
2789 1515 3149 1572 sublimitate
3185 1515 3425 1587 dejicias
3461 1534 3474 1583 ;
3519 1517 3620 1572 sed
3676 1532 3777 1589 po-

2126 1606 2246 1661 tius
2275 1605 2358 1662 sic
2370 1605 2733 1678 Opusculum
2752 1622 2951 1661 meum
2973 1603 3266 1661 laudabile
3290 1604 3489 1672 facias,
3513 1600 3669 1661 dum
3688 1605 3775 1660 in-

354 1691 634 1747 tendebat
660 1692 1012 1749 futuram.ln
1043 1709 1160 1765 quo
1190 1694 1473 1767 requievit
1494 1694 1744 1768 spiritus
1774 1696 2015 1768 sapien-

347 1778 441 1835 tiae
465 1783 522 1836 et
542 1779 879 1837 intellectus
911 1799 925 1837 :
961 1780 1210 1855 spiritus
1232 1782 1465 1839 consilii
1489 1788 1546 1839 et
1574 1784 1809 1842 virtutis
1839 1802 1850 1840 :
1897 1784 2016 1857 spi-

2127 1694 2363 1751 condita
2418 1696 2547 1767 ejus
2596 1694 2936 1767 corrigendo
3000 1695 3302 1760 retractas,
3390 1698 3447 1750 et
3522 1696 3775 1767 perfecta

2130 1784 2540 1841 emendatione
2569 1783 2842 1857 castigas.

1742 2321 2392 2411 ADMONITIO

1192 2606 1270 2666 IN
1317 2605 1829 2681 SUBSEQUENS
1875 2608 2375 2672 BREVIARIUM
2422 2610 2499 2670 IN
2547 2610 2928 2672 PSALMOS.

436 3079 796 3167 Recognitis
817 3082 1075 3167 demum
1100 3083 1477 3167 omnibusin
1506 3083 1863 3167 universam
1893 3085 2283 3167 Scripturam
2315 3084 2600 3165 genuinis
2634 3084 2847 3167 magni
2878 3084 3247 3167 Hieronymi
3278 3086 3772 3160 commentariis,

361 3161 947 3247 huncdeindustria
965 3164 1279 3243 reliquum
1296 3165 1780 3226 fecimuslocum
1794 3161 2112 3227 Breviario
2130 3168 2191 3227 in
2213 3161 2528 3228 Psalmos:
2552 3161 2788 3245 quippe
2821 3165 2929 3244 qui
2958 3161 3136 3247 liber,
3168 3167 3418 3227 tametsi
3440 3184 3772 3247 perperam

356 3245 421 3305 S.
454 3242 629 3304 Patri
659 3242 1030 3313 ascribatur,
1058 3242 1151 3305 est
1175 3251 1387 3305 tamen
1411 3263 1443 3305 e
1467 3247 1959 3325 suppositiorum
1983 3264 2245 3308 numero
2270 3249 2508 3308 fetuum
2537 3242 2778 3307 caeteris
2845 3242 3211 3307 'raastantior
3237 3242 3775 3327 omnib'usfneque

356 3323 417 3386 in
442 3321 732 3386 ultimum
750 3324 1079 3385 amandari
1101 3330 1367 3386 tomum.
1394 3344 1508 3386 nro
1535 3326 1629 3386 sui
1654 3327 1958 3386 dignitate
1981 3329 2240 3386 patitur.
2273 3334 2384 3386 aut
2412 3329 2475 3386 in
2508 3326 2780 3386 vulgatis
2808 3265 3116 3386 liactenus
3146 3327 3604 3386 editionibusin
3627 3347 3769 3386 eum

352 3321 732 3406 inultimum
750 3324 1079 3406 amandari
1101 3330 1367 3406 tomum,
1394 3344 1508 3404 pro
1535 3321 1629 3386 sui
1654 3327 1958 3405 dignitate
1980 3329 2240 3406 patitur,
2273 3334 2384 3389 aut
2412 3329 2475 3387 in
2508 3326 2780 3404 vulgatis
2809 3321 3116 3406 hactenus
3146 3327 3604 3388 editionibusin
3627 3321 3769 3403 eum

352 3404 629 3485 rejectus
655 3403 994 3485 estlocum.
1013 3404 1190 3476 Quod
1211 3403 1467 3482 quidem
1492 3425 1618 3466 non
1641 3403 1951 3467 editorum
1978 3403 2163 3468 modo
2187 3414 2333 3468 ante
2358 3426 2472 3467 nos
2500 3403 2783 3467 omnium
2804 3405 3134 3466 consilium
3158 3407 3294 3479 fuit,
3331 3408 3439 3467 sed
3461 3413 3523 3467 et
3539 3410 3773 3470 summi

354 3481 686 3567 pontiﬁcis,
710 3481 1118 3563 ejusdemque
1136 3481 1512 3567 sanctissimi
1535 3486 1623 3547 Pii
1646 3489 1696 3548 V
1721 3487 1866 3547 fecit
1880 3488 2243 3560 auctoritas,
2267 3486 2542 3548 Victorio
2568 3492 2748 3567 teste,
2774 3491 2845 3546 ut
2865 3485 3074 3567 statim
3096 3493 3238 3567 post
3258 3504 3375 3563 gen
3388 3487 3532 3567 uina
3552 3488 3773 3549 Hiero-

351 3562 526 3644 nymi
555 3562 809 3646 scripta,
836 3571 897 3625 et
917 3571 1257 3644 antequam
1281 3565 1361 3626 ad
1383 3566 1589 3627 aliena
1610 3573 1864 3627 ventum
1889 3574 2068 3639 esset,
2091 3568 2257 3629 istud
2272 3586 2339 3627 su
2350 3566 2761 3646 perPsalmos
2782 3566 3077 3646 volumen
3098 3562 3298 3627 veluti
3315 3566 3574 3627 dubium
3599 3567 3770 3629 loca-

252 3648 253 3651 “
352 3651 545 3728 retur.
571 3644 904 3728 Nosetiam
929 3646 1178 3728 tametsi
1193 3665 1267 3707 ea
1288 3646 1602 3707 rationum
1628 3652 1968 3718 momenta,
1995 3648 2309 3728 queeillud
2340 3644 2419 3708 ab
2460 3648 2842 3726 Hieronymo
2884 3645 3275 3728 abjudicant,
3319 3646 3518 3725 pluris
3563 3648 3759 3709 multo

352 3725 645 3797 facimus:
663 3723 749 3785 sic
771 3731 978 3788 tamen
1001 3726 1092 3809 illi
1113 3726 1389 3806 aliquam
1413 3728 1675 3809 subinde
1698 3729 1897 3789 inesse
1913 3723 2384 3809 Hieronymiani
2408 3723 2908 3809 laborispartem
2933 3723 3057 3787 huc
3080 3723 3358 3805 illucque
3381 3728 3751 3809 dispersam,

350 3823 624 3888 quassae
648 3806 1183 3888 sepr‘opemodum
1206 3808 1343 3868 luce
1364 3808 1613 3887 prodat,
1638 3809 1960 3869 sentimus.
1981 3806 2183 3888 Vulgo
2202 3815 2411 3871 autem
2439 3809 2576 3869 haec
2601 3808 2863 3881 obtinet,
2900 3808 3283 3887 propiorque
3303 3808 3383 3869 ad
3406 3808 3595 3869 ﬁdem
3617 3828 3760 3870 sen-

351 3885 549 3947 tentia
569 3890 683 3957 est,
710 3885 970 3965 hujusce
988 3894 1309 3949 auctorem
1332 3885 1631 3949 Breviarii
1649 3891 2061 3950 vetustiorum
2086 3885 2150 3951 se
2178 3893 2434 3951 Patrum
2459 3885 2940 3967 compilatorem
2977 3885 3129 3961 esse,
3174 3885 3284 3967 qui
3332 3894 3403 3949 ut
3444 3890 3644 3950 multa
3681 3890 3763 3950 ab

352 3967 641 4049 Qrigene,
659 3966 918 4037 Hilario,
945 3969 1235 4049 Eusebio,
1255 3969 1649 4049 multumque
1666 3970 1762 4029 his
1777 3971 2120 4032 recentiore
2142 3970 2545 4049 Lugdunensi
2562 3966 2893 4040 Eucherio,
2915 3988 3102 4047 quem
3126 3966 3344 4041 laudat
3363 3970 3428 4049 in
3444 3970 3761 4031 Psalmum

351 4047 667 4119 decimum
688 4054 956 4129 sextum,
984 4048 1295 4121 delibarit,
1321 4068 1398 4109 ex
1420 4047 2007 4129 Hieronymitamen
2029 4047 2517 4122 commentariis,
2545 4050 2643 4110 vel
2666 4050 2776 4127 qui
2800 4050 3141 4127 perierunt,
3158 4050 3223 4108 in
3246 4048 3520 4110 Psalmos
3541 4068 3579 4109 a
3596 4049 3762 4110 deci-

346 4147 443 4211 _me
473 4142 649 4211 neque
669 4128 750 4187 ad
769 4126 1326 4211 decz'mumiseztum,
1350 4130 1448 4190 vel
1471 4133 1579 4209 qui
1598 4126 1666 4190 in
1683 4130 1840 4191 alias
1861 4138 2007 4191 sunt
2044 4138 2254 4211 partes
2293 4131 2659 4211 Scripturae,
2690 4126 2816 4211 ubi
2854 4129 3199 4208 peregrinis
3239 4129 3303 4211 in
3344 4129 3525 4211 locis
3554 4130 3757 4211 multa

350 4207 1436 4289 subindeexponunturPsalmorum
1452 4207 2142 4285 commata,maximam
2158 4216 2399 4289 partem
2414 4207 2837 4288 descripserit,
2856 4207 3095 4286 Suoque
3108 4209 3295 4286 Operi
3309 4216 3498 4287 atque
3510 4209 3762 4287 ingenio

224 4304 235 4308 ’
351 4287 681 4367 coaptarit.
702 4287 885 4371 Quod
908 4289 1249 4371 utAminime
1263 4290 1611 4371 difﬁtearis,
1636 4293 1884 4370 potiora
1904 4292 2127 4353 saltem
2159 4287 2570 4371 proponenda
2600 4295 2748 4350 sunt
2768 4293 3161 4371 argumenta,
3190 4307 3331 4367 quae
3355 4288 3597 4371 pridem
3616 4291 3764 4351 Era-

352 4385 546 4448 smus,
570 4367 951 4447 tumSyxtus
974 4368 1283 4448 Senensis,
1310 4370 1419 4430 lib.
1439 4389 1497 4433 1v
1518 4367 1902 4433 Bibliotheca
1922 4367 2498 4445 sancta'Victorius
2530 4371 2701 4444 item,
2749 4376 2811 4430 et
2852 4367 3273 4444 Martianaeus,
3320 4368 3648 4448 Dupinius,
3685 4389 3759 4431 ac

349 4440 811 4522 Tillemontius,
849 4453 915 4509 ut
935 4447 1093 4511 alios
1121 4451 1623 4529 praetermittam,
1646 4453 2056 4526 excuderunt,
2082 4440 2351 4532 qumque
2380 4452 2461 4513 ad
2488 4451 2625 4512 haec
2645 4440 2773 4512 fere
2796 4450 3006 4529 capita
3029 4440 3433 4510 reducuntur:

433 4609 670 4687 Primo,
700 4610 991 4692 dictionis
1022 4628 1241 4690 genus,
1266 4616 1327 4671 et
1347 4612 1569 4692 stylus,
1593 4612 1703 4692 qui
1722 4612 2216 4675 internoscendis
2236 4612 2596 4675 auctoribus
2635 4611 2816 4690 quasi
2846 4610 3079 4692 Lydius
3114 4615 3208 4692 est
3237 4610 3431 4692 lapis,
3458 4610 3760 4692 doctrinae

434 4632 670 4687 ΒΓῌΙῙΟ,
700 4632 991 4671 (1101101115
1022 4632 1241 4690 genus,
1266 4632 1327 4671 CI.
1347 4632 1400 4672 SI
1451 4632 1569 4689 IIIS,
1593 4632 1703 4692 (IIII
1722 4632 2216 4675 ιηιθνηοεοθηαιε
2236 4632 2596 4675 ΕΠΟῐΟῐἹουδ
2635 4632 2816 4690 quael
2848 4632 3079 4689 Lycius
3115 4632 3208 4671 881,
3237 4632 3421 4689 ιᾶριδ,
3458 4632 3760 4675 αΟΒιῘΊηῶ

349 4690 745 4772 itemgustus
767 4697 829 4752 et
848 4690 1073 4772 saliva,
1090 4697 1340 4772 tantum
1372 4632 1450 4753 aI;
1467 4693 1957 4772 Hieronymiano
1980 4693 2193 4766 distat,
2224 4700 2293 4753 ut
2311 4693 2561 4753 abunde
2582 4693 2733 4752 satis
2754 4692 2833 4751 sit
2855 4690 3240 4772 Breviarium
3272 4690 3440 4752 istud
3462 4691 3762 4753 lustrasse

353 4771 574 4853 oculis,
588 4778 700 4853 aut
712 4772 1020 4853 tantisper
1038 4771 1193 4832 illud
1219 4791 1360 4833 cum
1382 4772 1513 4833 veri
1534 4771 1897 4853 HierOnymi
1919 4774 2383 4835 commentariis
2402 4773 2811 4844 contendisse,
2833 4777 2901 4832 ut
2918 4771 3130 4853 statim
3154 4772 3471 4851 intelligas
3493 4773 3761 4834 multum

352 4844 511 4933 illud
533 4852 697 4933 infra
728 4852 789 4911 S.
814 4844 1018 4933 Patris
1037 4853 1357 4933 ingenium
1382 4872 1534 4914 esse.
1562 4857 1637 4915 Et
1657 4844 1844 4933 plane
1862 4855 1941 4915 sit
1961 4854 2213 4932 quidem
2236 4853 2301 4913 in
2336 4853 2821 4931 Hieronymiana
2874 4852 3139 4933 lectione
3178 4844 3434 4931 hospes,
3486 4853 3595 4932 qui
3633 4872 3757 4915 non

352 4932 509 5015 illud
534 4932 746 5015 statim
769 4932 1482 5007 animadvertat,contra
1504 4937 1568 4997 S.
1586 4932 1867 4996 Doctoris
1882 4942 2184 5015 perpetuo
2208 4940 2513 4995 retentam
2539 4932 3173 5015 consuetudinemghic
3185 4952 3435 4994 sensum
3454 4933 3757 5015 historiae.

353 5008 676 5095 ipsiusque
696 5012 921 5095 litterae
943 5014 1399 5093 eXpositionem
1422 5015 1808 5095 posthaberi,
1845 5008 2171 5095 totumque
2198 5033 2331 5076 esse
2353 5020 2672 5075 auctorem
2703 5014 2768 5074 in
2787 5013 3103 5093 allegoriis
3154 5013 3625 5095 tropologisque
3663 5015 3760 5095 _de

403 5092 605 5155 hristo
629 5099 690 5155 et
710 5092 983 5155 Ecclesia
1004 5112 1017 5153 :
1041 5092 1579 5157 Hebraicamvero
1603 5098 2017 5158 eruditionem
2044 5092 2106 5157 et
2127 5098 2405 5157 Graecam
2438 5095 2659 5156 leviter
2677 5095 2833 5156 adeo
2856 5092 3145 5167 tractare,
3172 5100 3241 5155 ut
3259 5092 3461 5154 sicubi
3491 5111 3628 5152 eam
3660 5092 3757 5152 in-

355 5175 652 5261 terpnni‘t,
672 5180 893 5261 mutuo
914 5175 1123 5261 potius
1141 5194 1213 5236 ac
1238 5176 1612 5261 verbotenus
1635 5177 1714 5236 ab
1737 5178 1875 5261 aliis
1892 5177 2225 5261 accepisse,
2243 5195 2430 5261 quam
2451 5196 2488 5237 a
2508 5177 2867 5254 semetipso,
2893 5175 3037 5236 vela
3060 5176 3230 5261 fnnte
3252 5180 3536 5261 repetere
3553 5172 3759 5261 viden:

354 5251 479 5331 tur:
505 5253 875 5337 Quinetiam
898 5251 1297 5337 observatum
1330 5258 1718 5337 Martianazo,
1744 5251 2060 5337 siquando
2080 5257 2157 5318 ad
2182 5251 2513 5317 Hebraeum
2559 5251 2800 5317 textum
2844 5261 3063 5317 auctor
3104 5254 3205 5337 hic
3245 5251 3758 5337 provocat,_nihil

353 5352 499 5411 eum
523 5334 697 5417 aliud
713 5353 787 5417 eo
811 5335 1062 5417 nomine
1084 5356 1273 5417 quam
1293 5343 1401 5398 aut
1420 5334 1697 5400 Graecam
1721 5332 1962 5417 Aquilae
1982 5339 2475 5410 versionem,aut
2496 5337 2779 5397 Latinam
2798 5335 3162 5414 Hieronymi
3182 5332 3263 5395 ei
3279 5333 3543 5417 Hebraeo
3563 5332 3759 5393 deno-

352 5420 508 5493 tare,
534 5416 646 5489 Hic
676 5415 764 5475 ait
786 5416 1020 5506 Psalm.
1061 5415 1116 5479 v7
1140 5417 1204 5478 in
1223 5418 1510 5506 Hebraeo
1525 5436 1657 5506 esse
1678 5415 1983 5506 inigoulnv
2023 5438 2133 5498 pro

2125 5439 2139 5478 )
2169 5425 2426 5506 mmet
2452 5421 2515 5506 ΡΣ
2537 5418 2692 5478 salm
2742 5434 2878 5479 CXIX
2911 5422 3244 5506 aigxauflivoz-c
3275 5415 3402 5506 sive
3422 5417 3759 5494 ἀρκευθίναις

350 5515 466 5579 pro
494 5511 725 5580 piari},
759 5514 899 5573 quae
932 5501 1199 5580 utraque
1221 5498 1655 5580 interpretatio
1678 5506 1771 5580 est
1791 5494 2063 5577 Aquilae:
2093 5499 2624 5580 quemadmodum
2649 5504 2708 5558 et
2728 5494 2975 5580 cumait
2992 5494 3349 5580 selaliaberi
3372 5512 3486 5580 pro
3511 5511 3758 5580 semper,

352 5572 526 5660 quod
556 5593 633 5637 ex
655 5572 1018 5660 Hieronymi
1038 5572 1344 5660 versione,
1370 5572 1494 5641 non
1518 5598 1596 5640 ex
1613 5572 1982 5659 archetypo,
2018 5572 2282 5658 accepit.
2302 5579 2582 5658 Denique
2612 5579 2701 5639 ita
2717 5579 2917 5638 modis
2963 5576 3253 5660 omnibus
3292 5575 3372 5660 ab
3399 5572 3762 5660 Hieronymi

352 5654 540 5741 gustu
566 5661 791 5741 auctor
808 5654 908 5716 hic
928 5655 1206 5741 dissidet,
1232 5666 1311 5741 ut
1328 5668 1389 5721 et
1410 5660 1724 5721 interdum
1752 5681 1787 5721 a
1810 5654 2149 5740 semetipso
2171 5654 2623 5727 diversusfnon
2651 5677 2871 5729 unum,
2900 5657 3005 5717 sed
3029 5657 3249 5741 plures
3281 5654 3416 5734 ejus
3445 5655 3761 5741 consarci-

354 5736 616 5822 hatores
629 5736 815 5822 fuisse
835 5736 1044 5817 aperis
1058 5736 1287 5822 indicio
1302 5740 1402 5801 sit.
1422 5745 1466 5803 N
1477 5760 1572 5803 em
1580 5760 1657 5822 pe
1670 5741 1912 5821 aliquot
1931 5736 2207 5821 psalmos
2221 5741 2400 5802 bonis
2414 5741 2679 5822 aliorum
2694 5741 2951 5822 Patrum
2966 5736 3432 5822 sen_tentiis_non
3450 5736 3760 5822 inerudite

354 5816 673 5899 subiectis,
689 5816 768 5883 ad
780 5816 1293 5897 commentatoris
1306 5823 1563 5888 modum
1580 5816 1841 5905 exponit
1859 5844 1872 5887 :
1891 5816 2049 5886 alios
2066 5825 2144 5885 ad
2167 5821 2627 5885 concionatoris
2650 5820 2871 5893 instar,
2893 5817 3253 5880 bomiletico
3274 5817 3522 5881 dicendi
3536 5834 3763 5898 genere
