4220 6596
562 466 678 531 851
2075 480 2227 541 APP

2312 480 2499 544 mlx.
3849 448 3978 554 ᾐδὲ

561 604 1150 702 ad_populum,‘sive
1168 607 1231 668 in
1255 609 1519 702 fratrum
1545 617 1856 702 conventu
1871 617 2152 702 tractat;
2178 615 2423 702 etquod
2447 615 2778 702 maximea
2798 618 2863 678 S.
2890 616 3173 702 Doctoris
3194 617 3468 702 ingenio,
3510 619 3778 702 vitaeque
3793 621 3968 687 insti-

560 686 698 779 tnto
720 686 1043 763 abhorret,
1066 689 1342 779 excurrit
1363 691 1611 779 smpe_in
1631 693 2083 779 allocutionum
2107 686 2432 779 formulas,
2449 698 2576 779 sive
2592 698 2910 779 auditores
2930 686 3516 779 suosinmrnellans,
3541 686 3957 767 sive‘enarra;

560 768 797 857 tionem
811 786 1193 857 suam_prece
1204 769 1422 857 aliqua
1429 768 1512 857 _ad
1525 774 1722 857 Deum
1749 775 1884 834 fusa
1897 776 2299 836 concludens.
2314 778 2684 855 Longiorem
2700 778 2887 856 paulo
2912 778 3225 857 psalmum
3238 768 3646 843 centesimum
3669 791 3966 848 octavum

560 848 884 943 decimum
896 848 1101 947 tribus
1122 848 1743 947 edisse—rit‘homiiiis}
1778 856 2189 947 centesimum
2222 876 2375 947 vero
2404 848 2825 947 undecimum,
2855 848 3023 937 qnod
3045 860 3234 947 latius
3262 862 3645 947 exponendo
3671 867 3966 947 persequi

558 948 689 991 non
719 928 937 1026 possit,
965 930 1184 1026 horam
1207 937 1531 1026 causatur.
1547 932 1657 993 His
1678 933 1927 1026 similia,
1945 953 2085 1014 qua!
2106 936 2258 1026 nihil
2294 938 2499 1026 minus
2522 957 2710 1026 quam
2730 928 3094 1026 Hieronymi
3125 940 3187 1000 in
3212 928 3600 1026 eitplicandis
3622 928 3967 1026 scripturis

560 1027 800 1073 morem
823 1010 1170 1085 redoleant,
1203 1016 1335 1072 toto
1357 1014 1814 1092 propemodum
1840 1010 2023 1089 libro,
2044 1035 2121 1077 ne
2143 1017 2391 1095 singula
2420 1010 2586 1079 nun'c
2618 1020 2813 1080 otiose
2835 1010 3233 1099 repﬁcemus,
3255 1010 3558 1084 invenias.

642 1174 963 1265 Secundo,
981 1175 1211 1265 nedum
1229 1174 1436 1265 aliena
1458 1173 1677 1265 multa,
1705 1174 1815 1265 sed
1836 1181 1898 1236 et
1924 1176 2242 1265 contraria
2262 1178 2512 1265 penitus
2532 1179 3038 1265 Hieronymianis
3068 1181 3300 1265 placita
3322 1190 3543 1245 auctor
3572 1190 3959 1265 propugnat.

560 1256 630 1320 ld
658 1254 856 1336 genus
878 1261 972 1346 est
990 1254 1147 1346 iliud
1170 1254 1557 1346 cumprimis,
1574 1255 2161 1346 quodcynomyiam
2187 1254 2409 1346 psalmi
2428 1276 2524 1321 CIV
2547 1254 3289 1346 interplfetaturcdninam
3318 1254 3624 1343 muscam}
3654 1254 3963 1346 H'iervony-

559 1334 700 1399 mus
721 1356 754 1397 e
784 1336 1122 1424 contrario,
1148 1335 1415 1424 epistola
1437 1335 1673 1409 104,ad
1702 1334 2749 1424 Sunm'am'etfretelam,xowonuzii
2767 1342 2886 1421 legi
2914 1344 3066 1424 vult,
3100 1334 3611 1424 redditqueomne
3628 1334 3961 1408 muscaer

554 1438 763 1500 genus,
791 1416 920 1477 sive
940 1416 1022 1500 ad
1041 1418 1285 1500 Aquilae
1314 1435 1589 1489 sensum,
1617 1418 1725 1496 qui
1746 1427 2062 1499 πᾶμμικτον
2086 1421 2533 1500 interpretatus
2554 1416 2665 1495 est,
2703 1416 3096 1484 omnimodam
3151 1416 3431 1487 muscam.
3494 1428 3743 1487 Psalmo
3791 1428 3959 1488 inse-

601 1499 891 1582 uenticv,
927 1497 1417 1582 Chamiterram,
1440 1516 1631 1582 quam
1666 1497 2084 1581 Hieronymus
2104 1497 2446 1581 Egy'ptum
2465 1521 2598 1564 esse
2620 1522 2923 1582 perquam
2952 1506 3193 1566 erudite
3220 1513 3571 1568 asseruerat
3598 1508 3663 1567 in
3734 1507 3955 1582 Quaest.

619 1580 839 1643 ebraic.
874 1579 935 1639 in
960 1579 1269 1662 Genesim,
1301 1579 1404 1662 hic
1436 1597 1550 1658 pro
1570 1579 1708 1662 ipsa
1730 1579 1960 1660 accipit
1979 1579 2337 1656 Palaestina,
2361 1584 2461 1645 cui
2491 1579 2725 1644 scilicet
2748 1579 2946 1652 terrm,
2976 1587 3268 1662 gentibus
3287 1588 3531 1659 deletis,
3554 1579 3798 1649 Hebraei
3818 1607 3956 1649 suc-

554 1662 855 1746 cesserint
887 1683 900 1725 :
937 1667 1000 1723 et
1019 1661 1189 1740 quod
1210 1662 1275 1722 in
1295 1661 1516 1746 iisdem
1548 1660 1765 1735 Quaest.
1787 1662 1869 1746 ad
1885 1662 2029 1725 Gen.
2047 1681 2107 1725 1v
2128 1665 2321 1724 tradit
2339 1664 2401 1725 S.
2438 1668 2668 1725 Doctor
2698 1664 2882 1737 Naid,
2909 1660 3036 1726 sive
3054 1665 3215 1738 Nod,
3238 1668 3493 1728 minime
3508 1668 3695 1746 juxta
3714 1671 3955 1731 Graeco-

554 1763 694 1806 rum
708 1744 1210 1829 Latinorumque
1232 1743 1592 1829 opinionem
1611 1745 1956 1829 putanidam
1971 1763 2103 1829 esse
2118 1750 2349 1829 terram
2367 1764 2559 1829 quam
2581 1746 2730 1806 Cain
2747 1746 2908 1829 incol
2919 1746 3097 1819 uerit,
3118 1747 3220 1808 hic
3234 1767 3347 1827 pro
3360 1748 3498 1827 ipso
3510 1743 3704 1810 habet
3715 1751 3963 1829 proprii

551 1824 827 1887 nominis
857 1824 1031 1909 loco._
1042 1824 1241 1909 verus
1262 1825 1700 1909 Hieronymus,
1716 1824 1985 1903 epistola
2007 1828 2141 1899 140,
2164 1824 2673 1909 ᾳᾱ-σῃρνιὶῖηωγζ,
2688 1824 3476 1909 psalmumoctogesimnm
3496 1824 3735 1890 nonum
3755 1824 3952 1909 Μόδιιί

552 1905 1036 1989 utpoteauctori
1055 1905 1297 1989 tribnit,
1331 1906 1481 1984 quin
1505 1910 1565 1966 et
1585 1904 2034 1989 subsequentes
2057 1904 2349 1979 undecim,
2365 1904 2477 1989 'qui
2489 1927 2605 1967 non
2625 1906 2840 1989 habent
2876 1907 3103 1989 titulos,
3127 1904 3386 1987 ejusdem
3418 1928 3534 1970 esse
3575 1910 3756 1971 Musis
3796 1904 3950 1972 con-

553 1985 755 2049 tendit
774 1985 882 2047 lib.
899 2003 927 2069 Ii
939 1995 1147 2069 contra
1160 1986 1462 2069 Ruﬁnum,
1484 2004 1750 2069 eamque
1767 1987 2166 2069 sententiam,
2199 1985 2387 2069 quam
2411 1988 2546 2067 ipse
2568 1989 2647 2049 ab
2671 1988 2960 2069 Origene,
2987 1988 3088 2049 hic
3119 1985 3198 2049 ab
3223 1989 3430 2051 Huillo
3452 1997 3949 2069 acceperat,rur_-

553 2086 690 2129 sum
708 2085 850 2129 cum
873 2067 1012 2129 aliis
1032 2066 1097 2127 in
1111 2068 1426 2143 locis,tum
1451 2067 1764 2148 praecipue
1784 2068 2093 2146 prooemio
2114 2069 2178 2129 in
2194 2066 2565 2129 Malachiam
2588 2068 2837 2147 probat.
2854 2070 2945 2128 Ex
2959 2070 3035 2129 ad
3046 2087 3220 2130 verso
3234 2070 3533 2131 Breviarii
3546 2066 3837 2133 atictorin
3853 2066 3949 2133 tot

552 2148 944 2230 expositione
966 2150 1293 2213 titulorum
1326 2152 1595 2230 prolixa,
1628 2167 1734 2210 eos
1766 2167 2018 2227 quoque
2041 2148 2281 2209 mavult
2305 2150 2523 2210 Davidi
2546 2150 2841 2221 tribuere,
2874 2149 3149 2230 satisque
3171 2152 3500 2212 manifesto
3531 2151 3768 2217 indicat
3810 2158 3946 2214 tota

549 2228 660 2291 illa
689 2230 912 2293 incerti
932 2239 1151 2293 sensus
1181 2228 1484 2293 laciniosa
1512 2230 1957 2308 disputatione,
1985 2248 2121 2290 eam
2147 2250 2211 2291 se
2232 2230 2478 2309 penitus
2507 2232 2830 2308 ignorasse
2851 2229 3222 2290 doctrinam.
3245 2231 3382 2292 Alia
3410 2231 3507 2291 his
3526 2233 3779 2309 gemina
3810 2238 3945 2294 tute

548 2310 705 2393 ipse,
724 2311 1251 2387 lector,invenias,
1267 2313 1318 2375 si
1341 2314 1527 2375 modo
1542 2311 1829 2393 laudatas
1852 2310 1928 2370 ad
1953 2311 2255 2393 Sunniam
2270 2316 2331 2372 et
2352 2312 2684 2393 Fretelam,
2703 2316 2832 2370 tum
2851 2310 2929 2393 e_d
2942 2311 3324 2393 Cyprianum
3340 2311 3945 2393 epistolas,duasque

547 2391 726 2462 alias,
751 2394 1015 2455 alteram
1032 2394 1115 2455 ad
1130 2393 1473 2457 Marcellam
1490 2399 1589 2467 34,
1610 2392 1872 2454 alteram
1896 2390 1977 2453 ad
2002 2391 2373 2472 Principiam
2398 2393 2495 2462 65,
2524 2392 2751 2473 quibus
2768 2391 3045 2473 psalmos
3068 2391 3311 2473 aliquot
3330 2390 3397 2454 SI
3428 2394 3612 2454 Pater
3631 2390 3940 2473 exposuit,

545 2489 688 2533 cum
712 2474 832 2536 hoc
853 2476 1140 2537 conferas
1159 2479 1545 2537 Tractatore.
1567 2474 1863 2548 Quadam
1884 2480 1944 2533 et
1966 2492 2077 2533 nos
2097 2471 2411 2534 interdum
2433 2473 2494 2532 in
2519 2472 2683 2532 notis
2699 2471 3279 2545 animadvertimus,
3305 2491 3383 2533 ne
3423 2478 3484 2533 te
3507 2474 3608 2534 hic
3644 2471 3751 2535 ubi
3793 2492 3937 2534 cum

541 2571 806 2636 numero
834 2556 1249 2636 pugnandum
1272 2561 1453 2630 esset,
1478 2556 1725 2635 longius
1750 2554 2164 2617 traheremus.
2186 2557 2268 2636 Ut
2288 2571 2434 2636 vero
2456 2572 2597 2636 qum
2613 2554 3323 2636 pseudonymusauctor
3346 2562 3580 2631 peccat,
3606 2573 3730 2615 non
3758 2555 3942 2615 dissi-

541 2632 857 2718 mulamus
881 2632 1003 2699 :ita
1025 2656 1190 2717 aegre
1213 2636 1489 2718 ferimus,
1512 2632 1743 2718 iniquis
1764 2653 1906 2698 eum
1931 2634 2433 2718 accusationibus
2454 2632 2794 2718 aliquando
2824 2634 3040 2718 premi;
3070 2633 3492 2718 Martianwus.
3513 2636 3941 2718 exemplis"!-

538 2714 648 2789 tia,
667 2735 808 2797 eum
832 2723 1008 2780 notat
1030 2712 1361 2797 imperitiae
1385 2737 1459 2778 ea
1479 2718 1557 2779 de
1581 2712 1790 2792 causa,
1816 2717 1986 2796 quod
2009 2716 2084 2776 de
2105 2715 2417 2797 Iscariotis
2439 2712 2691 2777 nomine
2713 2715 2963 2787 dixerit,
2995 2712 3236 2797 dubium
3259 2732 3337 2773 an
3369 2724 3599 2794 patrem
3639 2712 3937 2797 significet

534 2814 615 2856 an
631 2796 836 2860 villam
856 2799 991 2879 ejus
1013 2818 1026 2860 :
1054 2794 1234 2879 quasi
1249 2817 1432 2859 voces
1453 2799 1643 2878 ipsas,
1660 2794 1895 2879 patrem
1916 2796 2066 2876 ejus,
2091 2800 2223 2869 aut,
2246 2795 2450 2879 villam
2467 2798 2615 2875 ejus,
2649 2802 2901 2879 e_tymon
2919 2794 3162 2879 putarit.
3182 2799 3439 2879 esse._At
3468 2814 3593 2856 non
3641 2794 3742 2857 hic
3786 2794 3929 2857 sen-

535 2894 640 2938 sus
659 2883 721 2940 et
750 2874 1252 2959 mensejus'fuit;
1277 2880 1384 2940 sed
1406 2874 1549 2939 cum
1581 2874 1770 2958 vulgo
1800 2874 2119 2959 receptam
2142 2874 2514 2959 sententiam
2557 2874 2854 2959 probaret
2899 2874 3144 2959 duabus
3200 2876 3456 2959 vocibus
3476 2886 3596 2935 una
3626 2883 3687 2937 et
3730 2887 3929 2959 manu

534 2975 767 3039 nomen
784 2955 1101 3039 componi,
1128 2965 1198 3020 ut
1215 2967 1397 3021 sonet
1416 2955 1720 3020 hominem
1750 2979 1824 3019 ex
1852 2955 2091 3039 gariotlz
2115 2976 2134 3016 :
2157 2957 2462 3039 incertum
2486 2957 2607 3039 hoc
2627 2958 2807 3031 dixit,
2832 2975 2982 3016 num
3002 2955 3202 3039 altera
3226 2957 3431 3039 patris!
3442 2963 3625 3030 esset,
3641 2957 3924 3039 an_villm,

489 3060 509 3099 ,τ
532 3037 663 3119 sive
683 3037 842 3119 ejus,
865 3035 1286 3118 inquanatus
1314 3044 1428 3111 est,
1455 3045 1636 3101 terrae
1659 3035 2164 3119 appellatioiNec
2186 3038 2386 3119 altera
2407 3038 2646 3117 aequior
2667 3042 2758 3099 est
2781 3036 3095 3119 accusatio
3117 3035 3197 3096 ad
3216 3037 3439 3119 psalmi
3460 3055 3578 3119 cxv
3604 3040 3699 3107 11,
3718 3037 3929 3119 locum

531 3116 734 3198 illum,
773 3116 1162 3180 Omnis—homo
1182 3121 1456 3192 mendax,
1481 3120 1589 3181 ubi
1604 3122 1665 3181 in
1686 3116 1992 3182 Hebraico
2024 3117 2246 3178 haberi
2268 3125 2447 3178 notat
2474 3116 2693 3180 auctor
2719 3139 2731 3181 :
2762 3118 2959 3179 Omnis
2980 3116 3169 3189 homo,
3197 3116 3585 3198 mendacium,
3609 3118 3770 3198 quod
3802 3117 3932 3178 ’άί-

528 3197 909 3261 citurhazab.
935 3201 1332 3262 Martianaaus
1353 3218 1465 3280 pro
1485 3201 1674 3262 κιαιαὺ
1701 3202 1765 3262 in
1796 3201 1873 3262 iis
1902 3199 2130 3280 quibus
2153 3218 2296 3280 usus
2326 3207 2418 3260 est
2448 3217 2596 3260 mss.
2628 3199 2866 3260 invenit
2912 3198 3156 3258 zekam:
3180 3197 3395 3280 idque
3446 3197 3527 3258 ab
3582 3197 3718 3277 ipso
3774 3199 3930 3280 scri-

530 3284 713 3361 ptnm
737 3285 1076 3345 tractatore
1105 3277 1444 3355 contendit,
1464 3288 1531 3342 ut
1561 3288 1752 3344 tanta;
1772 3277 2276 3361 eum—imperitiae
2308 3285 2555 3359 arguat,
2572 3280 2741 3360 quod
2763 3286 3154 3361 postremam
3180 3277 3450 3339 litteram
3481 3280 3651 3361 vocis
3672 3298 3795 3361 ειη,
3819 3278 3929 3361 ka-

525 3358 656 3444 ιαρ,
681 3361 1035 3444 confuderit
1063 3380 1202 3444 cum
1226 3362 1430 3444 prima
1445 3363 1958 3444 subsequentisin
1980 3358 2289 3444 Hebraico
2320 3358 2666 3444 exemplari
2686 3358 2953 3444 mima,
2982 3367 3047 3444 et
3073 3358 3267 3444 falsus
3300 3364 3568 3444 praetera
3624 3358 3811 3420 fuerit
3830 3359 3928 3444 _in

523 3460 557 3509 3
583 3438 755 3523 Cap/1
769 3459 882 3521 pro
899 3441 1103 3523 :Beth
1123 3438 1491 3523 accipienda
1508 3464 1520 3506 :
1537 3438 1828 3505 conﬂarit
1849 3443 2118 3522 denique
2134 3441 2365 3501 nullius
2385 3438 2857 3523 signiﬁcationis
2875 3440 3276 3501 vocabulum.
3312 3440 3643 3523 Enimvero
3668 3438 3928 3523 propius

522 3520 603 3581 ad
623 3518 818 3605 ﬁdem
843 3526 959 3597 est,
977 3522 1111 3605 _falli
1141 3518 1388 3605 msfeos
1407 3523 1621 3598 libros,
1654 3518 2038 3605 culpamque
2051 3540 2303 3605 omnem
2318 3518 2463 3605 non
2478 3521 2541 3582 in
2572 3527 2976 3605 tractatorem
2999 3518 3467 3605 conferendam,
3489 3520 3604 3605 qui
3630 3520 3925 3605 primitus

521 3606 688 3685 recte
703 3601 1042 3682 scripserit,
1067 3603 1176 3664 sed
1196 3604 1259 3664 in
1279 3623 1712 3679 amanuenses,
1741 3599 1849 3685 qui
1869 3599 2152 3685 ignotam
2175 3603 2290 3663 sibi
2315 3601 2646 3685 lectionem
2671 3603 3071 3685 postmodum
3091 3601 3255 3685 finde
3277 3599 3701 3685 depravarint.
3716 3602 3923 3679 Atque

518 3679 792 3775 idipsum
811 3679 992 3775 puto,
1022 3684 1334 3775 constabit
1353 3704 1429 3775 ei:
1451 3687 1670 3775 eadem
1690 3679 2755 3775 illaMartianieiargumentatione:
2784 3702 2928 3775 nam
2954 3683 3004 3743 si
3027 3682 3321 3775 Hebraeae
3344 3680 3657 3775 litterasin
3674 3686 3920 3774 tantum

519 3759 744 3847 auctor
762 3759 864 3822 hic
886 3770 1166 3836 noverat,
1192 3770 1262 3825 ut
1281 3765 1693 3847 archetypum
1717 3767 1889 3829 adire
1904 3772 2136 3847 posset,
2162 3784 2238 3847 ex
2261 3759 2461 3847 eoque
2478 3764 2814 3847 accipiens,
2833 3770 3154 3847 utcunque
3190 3761 3322 3822 falli
3341 3780 3362 3847 :_
3381 3759 3507 3838 jam
3560 3767 3659 3847 toi
3698 3779 3823 3847 una
3851 3762 3918 3847 in

519 3841 748 3927 vocula
772 3859 1244 3927 erroreserrare
1264 3841 1520 3907 omnino
1542 3841 1668 3908 non
1692 3841 1925 3927 potuit:
1936 3841 2544 3925 Demusillum‘Caph
2560 3841 2925 3927 properanti
2947 3845 3128 3927 oculo
3153 3842 3466 3927 accepisse
3480 3841 3757 3927 proﬁeth
3769 3862 3793 3902 .·
3806 3841 3916 3902 sed

519 3925 583 3982 et
611 3921 886 4006 primam
913 3940 948 4006 ρ
981 3923 1171 4006 Ca'plz,
1205 3927 1375 3988 vocis
1403 3927 1540 4006 ejus
1569 3921 1843 3989 litteram
1874 3929 2300 3990 formatricem
2334 3921 2733 4006 praetermisit
2768 3944 2780 4006 ;
2817 3926 3088 4003 denique
3118 3931 3181 3986 et
3209 3921 3486 3995 tertiam,
3515 3936 3537 3986 Ἰ
3581 3921 3757 3992 Mem.
3817 3928 3912 3982 te-

519 3946 583 3982 οι
611 3946 886 4001 primum
913 3946 948 3989 δ
981 3946 1171 4006 capn,
1205 3946 1375 3988 V0018
1403 3946 1436 3987 e
1467 3946 1540 3987 us
1569 3946 1843 3989 uueram
1874 3946 2300 3990 Iormatricem
2334 3946 2733 4005 praetermisit
2768 3946 2780 3985 :
2817 3946 3088 4003 denique
3118 3946 3181 3986 et
3209 3946 3483 3995 tertiam,
3515 3946 3537 3986 π
3581 3946 3757 3992 mem,
3817 3946 3912 3982 ιθ-

516 4014 690 4087 inere
718 4002 1067 4087 suﬂ‘ecitiex
1098 4004 1371 4068 dictione
1400 3946 1546 4069 alia.
1582 4009 1910 4070 Hominem
1944 4027 2114 4085 vero,
2149 4024 2335 4087 quem
2372 4012 2439 4087 ut
2468 4003 2731 4084 hujusce
2764 4005 2977 4084 lapsus
3008 4023 3283 4087 accuses,
3317 4021 3431 4087 pro
3486 4008 3659 4087 certo
3671 4081 3683 4087 _
3716 4020 3915 4087 ponas

517 4082 763 4170 Hebraei
791 4084 1023 4170 codicis
1053 4088 1339 4149 versandi
1370 4088 1858 4170 perlegendique
1889 4090 2076 4151 fuisse
2097 4081 2232 4149 non
2265 4081 2570 4170 nescium,
2609 4086 2809 4170 tribus
2830 4081 2900 4147 in
2959 4086 3194 4170 litteris
3240 4084 3499 4170 toticem
3521 4162 3535 4170 _
3558 4081 3912 4170 hallucina-

425 4215 431 4221 .
515 4161 792 4249 tionibus
819 4165 1168 4249 aberrasse,
1200 4187 1317 4249 par
1345 4161 1603 4231 minim'e
1633 4176 1727 4231 est
1751 4161 2029 4233 credere.
2062 4170 2261 4247 Igitur
2289 4168 2543 4248 quando
2573 4168 2810 4246 vulgati
2841 4173 3026 4249 antea
3056 4167 3201 4249 libri
3233 4165 3470 4245 Optime
3520 4162 3755 4249 habent
3811 4162 3916 4225 ka-

510 4243 640 4330 zab,
674 4243 819 4330 haec
840 4251 934 4330 est
961 4243 1221 4311 omnino
1243 4250 1577 4330 retinenda
1608 4250 1815 4324 lectio,
1849 4252 2062 4330 sicque
2090 4243 2224 4330 ipse
2254 4243 2572 4329 putandus
2602 4243 2823 4310 auctor
2850 4247 3193 4330 scripsisse,
3247 4243 3373 4330 non
3395 4326 3410 4330 _
3429 4263 3516 4330 (δξιΔ
3542 4243 3909 4330 _scribarum

509 4325 843 4408 oscitantis.
870 4327 935 4388 in
966 4347 1105 4390 eam
1135 4329 1481 4391 trahendus
1510 4323 1918 4393 calumniam.
1949 4323 2169 4394 Sciunt
2197 4323 2362 4391 enim
2395 4330 2501 4408 qui
2534 4348 2598 4390 se
2629 4348 2774 4389 mss.
2809 4323 3095 4390 codicum
3128 4327 3336 4390 studio
3374 4323 3693 4408 dedidere,
3718 4343 3908 4403 quam

507 4422 685 4487 saapeﬁ
704 4407 1060 4487 quibusque
1089 4410 1426 4471 verborum
1460 4412 1752 4472 monstris
1782 4412 2058 4473 exoticas
2079 4430 2263 4473 voces
2297 4406 2496 4472 Latini
2527 4428 2940 4471 amanuenses
2996 4409 3370 4482 deforment,
3428 4413 3518 4480 ut,
3579 4406 3631 4466 si
3685 4418 3906 4467 eorum

506 4486 803 4547 standum
832 4487 912 4549 sit
940 4486 1109 4563 fidei,
1141 4507 1219 4550 ne
1253 4489 1386 4569 ipse
1415 4491 1669 4570 quidem
1702 4491 2119 4573 Hieronymus
2149 4492 2451 4554 Hebraice
2483 4497 2593 4552 aut
2623 4493 2831 4553 Graece
2862 4490 3112 4552 scivisse
3141 4489 3337 4551 videri
3366 4488 3583 4569 possit.

584 4646 818 4733 Tertio,
852 4648 934 4708 ad
964 4648 1373 4733 evincendam
1402 4652 1758 4732 scriptionis
1783 4654 2067 4715 fraudem
2098 4672 2175 4715 ex
2205 4652 2533 4733 ipsiusmet
2561 4652 2855 4724 auctoris,
2892 4652 3148 4733 verique
3180 4653 3543 4731 Hieronymi
3573 4653 3651 4713 de
3681 4671 3745 4714 se
3777 4660 3904 4714 tes-

504 4724 785 4814 timoniis
813 4735 1190 4814 argumenta
1217 4724 1620 4814 derivantnr:
1656 4753 2043 4814 quanquam,
2079 4743 2149 4795 ut
2179 4724 2392 4813 aperte
2422 4734 2592 4813 quod
2621 4733 2821 4794 sentio
2849 4724 3101 4814 dicam-,7
3130 4752 3289 4814 quas,
3329 4724 3519 4813 vulgo
3569 4735 3903 4813 proferun-

503 4809 631 4900 tur,
662 4806 1010 4900 infirmiora
1041 4810 1194 4900 mihi
1226 4812 1351 4900 sint
1379 4814 1546 4900 vi_sa._
1568 4806 1910 4877 Victorium
1941 4806 2097 4900 iliud
2131 4806 2259 4894 prae
2286 4806 2525 4900 caeteris
2557 4813 2774 4900 movit,
2812 4814 2981 4892 quod
3011 4813 3127 4874 sub
3150 4806 3403 4874 initium
3435 4806 3758 4900 centesimi
3787 4814 3901 4900 tri-

500 4889 715 4979 cesimi
746 4889 1003 4950 secundi
1027 4890 1262 4979 psalmi
1290 4895 1481 4979 tradit
1510 4895 1587 4956 de
1616 4915 1679 4957 se
1706 4903 1950 4979 auctor,
1987 4889 2240 4958 fratrem
2273 4896 2390 4979 sibi
2422 4913 2556 4979 csse
2589 4889 2976 4979 smcularem,
3014 4900 3233 4979 contra
3263 4913 3452 4974 quam
3484 4896 3799 4979 proditum
3820 4897 3900 4957 de

499 4967 904 5059 Hieronymo,
940 4967 1121 5059 cujus
1151 4974 1402 5035 unicum
1436 4977 1689 5059 fratrem
1721 4967 2167 5059 Paulinianum
2199 4977 2348 5037 satis
2380 4975 2585 5059 adhuc
2619 4974 2943 5059 juvenem,
3004 4967 3436 5059 presbyterum
3610 4976 3896 5059 Epipha—

499 5050 648 5137 nius
659 5050 876 5137 jussit.
922 5055 1232 5137 Amovere
1261 5062 1471 5117 autem
1502 5057 1936 5119 difﬁcultatem
1970 5058 2057 5117 sic
2088 5058 2328 5128 nititur,
2394 5065 2463 5116 ut
2506 5050 2676 5117 dicat
2726 5055 2829 5137 vel
2883 5050 3160 5137 non—dum
3190 5050 3412 5119 ’fuisse
3459 5050 3896 5137 presbyterum

498 5129 939 5216 Paulinianum
970 5150 1117 5216 cum
1146 5134 1281 5216 hac
1311 5138 1727 5214 Hieronymus
1756 5140 2074 5209 scriberet,
2113 5138 2205 5197 vel
2240 5138 2428 5197 alium
2463 5137 2521 5195 in
2556 5136 2785 5198 saeculo
2816 5136 3109 5196 habuisse
3138 5137 3419 5209 fratrem,
3446 5129 3631 5216 quem
3647 5129 3899 5215 ignora-

494 5227 656 5297 mus.
674 5211 845 5273 Nihil
859 5232 1003 5275 vero
1016 5214 1073 5275 ei
1085 5215 1302 5297 debuit
1315 5211 1863 5297 negotii'facessere
1879 5218 2166 5279 locusillc
2182 5218 2366 5297 plane
2382 5219 2779 5296 allegoricus,
2797 5216 2903 5277 ubi
2915 5217 3120 5297 ipsum
3136 5218 3432 5278 saeculum
3444 5211 3575 5291 [cui
3589 5211 3898 5280 valedixe-

489 5296 606 5365 rat,
625 5298 849 5354 auctor
859 5300 1041 5379 vocat
1050 5296 1415 5379 saecularem
1430 5301 1710 5360 fratrem.
1727 5301 1815 5359 Ex
1832 5299 1983 5379 ipsis
1998 5299 2116 5379 hoc
2132 5296 2334 5358 verbis
2348 5299 2544 5377 liquet
2567 5316 2581 5357 :
2605 5298 2820 5379 Unum,
2838 5296 3067 5379 inquit,
3077 5296 3327 5379 fratrem
3350 5297 3676 5359 dimisimus
3698 5318 3717 5357 :
3733 5308 3791 5360 et
3807 5319 3896 5360 ec-

487 5389 551 5431 ce
576 5382 828 5459 quantos
857 5375 1181 5459 invenimus
1201 5375 1230 5434 Ι
1258 5377 1473 5440 Frater
1500 5398 1658 5440 meus
1684 5375 1985 5441 saecularis
2016 5377 2204 5458 (quod
2226 5379 2295 5439 de
2323 5375 2446 5441 meo
2475 5381 2707 5459 loquor,
2741 5378 2812 5438 de
2839 5375 3091 5459 singulis
3122 5377 3356 5459 loquor)
3390 5397 3506 5439 non
3534 5388 3758 5439 tantum
3802 5399 3892 5443 me

485 5462 668 5539 amat,
700 5453 806 5539 sed
821 5455 1212 5539 substantiam
1245 5477 1454 5520 meam.
1491 5461 1889 5521 Martianaeus
1919 5453 2136 5522 alia-se
2168 5453 2561 5539 prolaturum
2594 5463 2917 5539 receperat
2937 5453 3347 5539 testimonia,
3371 5459 3599 5537 quibus
3656 5464 3887 5539 tracta-

488 5535 688 5591 torem
720 5532 890 5618 hunc
918 5537 1160 5618 degisse
1185 5538 1247 5598 in
1278 5540 1574 5618 JEgypto,
1608 5540 1819 5618 ibique
1851 5541 1909 5600 in
1942 5532 2395 5602 monachorum
2428 5532 3051 5618 conventu—Psalmos
3111 5538 3304 5600 lectos
3360 5532 3460 5600 vel
3518 5536 3886 5604 decantatas

486 5612 869 5693 exposuisse,
903 5612 1170 5693 ejusmet
1201 5612 1411 5679 verbis
1431 5612 1765 5680 evinceret.
1794 5622 2021 5681 Verum
2055 5621 2163 5682 ubi
2192 5622 2272 5682 ad
2301 5640 2445 5681 eum
2505 5625 2759 5680 ventum
2791 5623 2883 5678 est
2911 5617 3143 5691 locum,
3176 5621 3329 5681 satis
3359 5619 3552 5681 habui
3581 5620 3879 5685 lectorem

484 5691 833 5787 amandare.
856 5691 952 5787 ad
969 5699 1276 5787 psalmum
1311 5717 1523 5775 cxnm,
1556 5700 1617 5760 in
1649 5704 1828 5787 cujus
1858 5710 2004 5787 sunt
2032 5704 2286 5787 quidem
2315 5701 2711 5787 enarratione
2741 5698 3043 5787 nonnula,
3071 5719 3221 5787 quae
3233 5782 3246 5787 _
3266 5700 3675 5787 recentiorem
3733 5702 3878 5787 Hie-

482 5776 730 5866 ronymi
763 5779 944 5866 aetate
973 5776 1334 5866 hominem,
1355 5801 1494 5861 quae
1532 5801 1675 5866 vero
1692 5776 1956 5866 ngypti
1986 5776 2259 5866 incolam
2289 5789 2392 5843 aut
2429 5780 2756 5866 Paiestinae
2787 5776 3314 5866 denotent’nulla.
3348 5782 3505 5844 Hinc
3532 5781 3642 5844 illa
3697 5783 3880 5866 nobis

482 5856 845 5934 conjectura
874 5856 1001 5918 fere
1032 5858 1100 5919 fit
1130 5856 1998 5944 caeteris'verosimilion,“quae
2021 5863 2266 5944 capitur
2295 5883 2369 5924 ex
2400 5861 2643 5942 psalmo
2674 5878 2900 5936 cxxxv,
2935 5862 3041 5923 ubi
3098 5880 3163 5922 se
3220 5867 3441 5926 au’ctor
3489 5863 3871 5927 monachum
