4220 6598
481 483 599 547 sas
1569 511 1581 519 -
1975 487 2400 550 APPENDIX.
3772 445 3892 552 sed

481 618 640 701 lario
672 618 1014 701 ascribunt.
1051 622 1292 683 Caetera
1322 641 1446 684 non
1479 622 1826 684 diffitentur
1854 622 2323 700 Hieronymiani
2355 620 2704 699 exceptoris
2732 638 2863 680 esse
2889 638 2902 694 ;
2936 625 3186 700 arrepto
3218 620 3407 693 enim,
3432 620 3746 701 inquiunt,
3788 643 3891 684 vo-

481 700 719 760 lumine
749 700 1046 760 Breviarii
1078 702 1140 760 in
1175 703 1474 778 Psalmos,
1511 705 1677 782 quod
1713 706 2007 765 Erasmus
2037 711 2098 763 et
2129 701 2446 762 Marianus
2476 702 2783 762 Victorius
2810 708 3026 761 sancto
3059 702 3300 762 doctori
3331 700 3702 778 attribuunt,
3739 705 3893 766 inte-

483 799 628 864 gras
653 782 1087 864 ena‘rrationes
1117 782 1213 864 illi
1240 785 1573 844 attributas
1605 785 1841 853 referri,
1868 784 2236 862 reperimus.
2268 784 2439 864 Nihil
2497 801 2612 864 ego
2670 783 2874 842 dicam
2934 782 3102 864 quod
3160 783 3319 843 falso
3378 785 3707 844 Erasmum
3769 805 3888 864 pro

483 861 788 922 Breviarii
817 870 1124 922 assertore
1157 862 1257 922 hic
1292 865 1586 924 laudant:
1650 865 1804 924 illud
1836 861 1984 924 vero
2017 863 2468 934 contenderim,
2500 863 2588 921 ita
2637 868 2909 940 quatuor
2966 861 3151 922 hosce
3213 869 3516 924 tractatus
3580 861 3889 927 Hilarium

485 948 806 1024 auctorem
841 961 965 1003 non
997 942 1250 1013 habere,
1288 951 1356 1003 ut
1387 945 1662 1022 reliquos
1694 963 1910 1004 omnes
1941 954 2110 1004 certo
2141 944 2373 1002 scimus
2405 943 2654 1024 mentiri
2686 943 3158 1024 Hieronymum.
3223 944 3387 1003 Nulli
3444 964 3569 1006 non
3628 953 3889 1024 pateant

487 1022 622 1101 ejus
653 1022 741 1082 rei
771 1029 1140 1100 argumenta
1171 1042 1245 1082 ex
1276 1025 1554 1101 ipsorum
1589 1025 1853 1085 lectione
1885 1030 2264 1084 tractatuum
2300 1023 2660 1100 repetenda,
2695 1024 2744 1081 si
2775 1042 2915 1082 cum
2949 1023 3166 1083 Hilarii
3213 1025 3606 1086 sermonibus
3629 1022 3883 1087 _cont"e-

486 1108 729 1162 rantur.
763 1103 926 1163 Satis
956 1122 1101 1163 vero
1134 1104 1232 1176 sit,
1270 1111 1339 1164 ut
1369 1105 1759 1183 propositum
1792 1110 2057 1174 teneam,
2095 1111 2281 1181 atque
2310 1104 2663 1175 ostendam,
2698 1103 2855 1184 nihil
2885 1122 3016 1164 esse
3046 1103 3217 1163 aliud
3240 1104 3518 1165 codicem
3547 1107 3886 1184 Aquicinc-

485 1189 724 1243 tensem
771 1201 958 1260 quam
995 1185 1463 1262 Hieronymiani
1496 1186 1863 1245 breviatoris
1895 1186 2083 1262 paulo
2115 1185 2807 1265 diversumexemplar,
2842 1183 2983 1243 illas
3015 1203 3168 1263 quas
3218 1185 3544 1263 proferunt
3601 1183 3712 1265 pro
3772 1206 3882 1248 eo-

485 1283 635 1346 rum!
660 1269 1035 1346 tractatuum
1069 1265 1485 1342 germanitate
1519 1285 1737 1325 causas
1765 1267 1966 1325 obiter
1994 1264 2385 1346 expendisse.
2420 1264 2726 1346 Quatuor,
2757 1263 3078 1346 inquiunt,
3105 1265 3219 1324 iste
3248 1263 3696 1336 enarration'es,
3725 1286 3886 1346 quas

484 1344 751 1403 necdum
785 1345 1072 1421 vulgatas
1102 1347 1161 1404 in
1197 1347 1408 1406 codice
1440 1346 1546 1405 illo
1580 1346 1950 1424 reperimus,
1983 1346 2044 1404 in
2076 1344 2257 1405 editis
2288 1344 2507 1405 Hilarii
2559 1345 2853 1422 operibus
2912 1345 3368 1405 desiderantur.
3426 1344 3883 1408 Animadverti-

485 1443 621 1506 mus
653 1431 957 1501 pralerea
983 1425 1046 1506 in
1070 1424 1201 1506 illis
1232 1426 1449 1486 Hilarii
1480 1427 1538 1484 in
1573 1425 1900 1486 scribendo
1935 1426 2296 1486 methodum
2331 1425 2750 1506 observatam,
2785 1426 3014 1502 stylum
3048 1426 3204 1502 ejus,
3239 1427 3705 1506 Scripturaque
3735 1447 3882 1488 ver-

484 1505 719 1564 sionem
755 1505 1297 1583 antiquissimam:
1332 1507 1613 1584 nihilque
1644 1513 1800 1566 adeo
1832 1506 2220 1566 incommodi
2248 1506 2446 1564 visum
2495 1512 2605 1571 est,
2641 1505 2692 1564 si
2723 1523 2826 1564 eas
2861 1505 3093 1566 Hilario
3124 1506 3631 1568 attribueremus.
3688 1511 3880 1569 Secus

484 1584 616 1644 haec
649 1590 784 1645 erat
812 1585 1086 1644 ineunda
1116 1587 1311 1657 ratio;
1348 1587 1717 1664 colligerent
1745 1587 1909 1647 enim
1947 1587 2110 1646 haud
2146 1587 2360 1664 probe,
2395 1587 2444 1645 si
2475 1593 2747 1664 quatuor
2776 1585 2899 1645 illa:
2923 1585 3230 1647 duntaxat
3250 1586 3329 1645 ab
3353 1587 3671 1648 Hilariano
3704 1593 3887 1650 Com-

485 1665 1229 1746 mentarioexcidissent:
1267 1686 1410 1726 nam
1446 1675 1514 1726 ut
1547 1673 1788 1726 tantum
1823 1667 2016 1746 panni
2046 1666 2296 1736 adsuas,
2332 1677 2636 1744 quantum
2671 1666 3011 1726 sarciendae
3061 1667 3216 1726 vesti
3273 1685 3432 1746 opus
3488 1669 3695 1738 fuerit,
3757 1687 3885 1730 non

483 1746 640 1806 adeo
672 1745 742 1806 fit
769 1745 927 1806 illud
959 1746 1239 1824 ejusdem
1271 1765 1344 1806 ac
1374 1748 1616 1825 reliqua
1646 1745 1839 1807 vestis
1865 1753 2128 1806 texturae
2159 1766 2232 1806 ac
2263 1746 2447 1807 lanas.
2485 1748 2658 1805 Nunc
2691 1765 2837 1805 vero
2894 1765 3034 1807 cum
3091 1747 3289 1807 multo
3321 1745 3578 1825 plures,
3638 1749 3764 1809 sive
3817 1749 3882 1810 in

483 1826 842 1904 quindecim
876 1825 1032 1886 alios
1065 1828 1341 1888 Psalmos
1371 1827 1790 1904 expositiones
1821 1827 2040 1887 Hilarii
2070 1827 2294 1896 desint,
2330 1846 2470 1905 quae
2499 1826 2562 1884 in
2595 1844 2668 1886 eo
2703 1833 2912 1886 tamen
2943 1845 3162 1887 omnes
3191 1834 3336 1887 sunt
3365 1828 3578 1891 codice
3608 1829 3773 1890 ﬂuxe
3794 1830 3892 1889 ni-

489 1907 606 1966 mis
638 1913 909 1983 arguunt
932 1925 1007 1966 ex
1038 1927 1111 1968 eo
1144 1908 1413 1979 defectu,
1447 1909 1808 1986 faciuntque
1839 1927 1987 1967 sane
2021 1926 2132 1985 pro
2162 1907 2444 1981 arbitrio,
2479 1924 2603 1967 non
2635 1906 2714 1966 ad
2747 1907 2976 1967 codicis
3005 1907 3217 1980 ﬁdem,
3252 1926 3394 1968 cum
3417 1908 3587 1971 hisce
3615 1917 3675 1970 et
3706 1916 3885 1970 caete-

485 1987 944 2069 risgrepudiatis
974 1989 1288 2069 omnibus,
1323 1988 1464 2049 illas
1496 1989 1868 2048 adsciscunt.
1906 1991 2062 2048 Tota
2091 1987 2201 2069 illa
2233 1987 2644 2069 pseudonymi
2676 1987 2949 2046 auctor‘is
2980 1988 3264 2069 collectio
3303 1995 3431 2050 est:
3495 1997 3555 2050 et
3610 1991 3718 2069 qui
3772 2009 3882 2069 ge-

488 2067 662 2126 nuini
695 2073 998 2128 tractatus
1027 2070 1092 2128 in
1125 2068 1443 2130 Hilariana
1473 2069 1743 2130 editione
1776 2075 2095 2146 superant,
2131 2068 2208 2127 ab
2243 2068 2337 2127 his
2368 2067 2476 2146 qui
2506 2068 2566 2126 in
2600 2067 2717 2127 hac
2748 2074 2892 2127 sunt
2914 2068 3302 2141 collectione,
3338 2067 3883 2131 recedunt‘imma-

490 2165 567 2228 ne
598 2154 930 2224 quantum.
965 2151 1065 2218 At,
1099 2169 1256 2227 quas
1288 2149 1640 2228 repudiant,
1680 2149 2009 2209 manifesto
2041 2155 2286 2208 constat
2314 2147 2807 2228 Hieronymiani
2835 2149 3360 2209 consarcinatoris
3415 2168 3548 2211 esse
3605 2170 3678 2211 ex
3736 2153 3882 2211 Bre-

484 2227 706 2301 viario,
741 2229 803 2287 in
835 2248 960 2307 quo
993 2230 1255 2290 totidem
1285 2227 1611 2309 descriptae
1642 2236 1786 2289 sunt
1816 2230 2056 2289 verbis:
2093 2228 2414 2289 nonnulla:
2446 2229 2634 2287 etiam
2667 2247 2742 2288 ex
2772 2227 2895 2288 illis
2926 2229 3214 2306 quaedam
3258 2229 3604 2303 continent,
3668 2231 3884 2292 Hilarii

487 2327 620 2368 aevo
651 2315 841 2386 atque
873 2309 1123 2386 ingenio
1157 2330 1280 2370 non
1313 2317 1771 2382 consentanea;
1809 2329 1840 2369 e
1867 2310 2184 2370 contrario
2218 2327 2374 2387 quas
2405 2309 2714 2386 recipiunt
2741 2316 3036 2386 quatuor,
3071 2317 3132 2370 et
3161 2311 3239 2369 ab
3273 2310 3368 2369 his
3423 2330 3568 2388 qua:
3625 2312 3686 2370 in
3744 2312 3881 2371 vul-

486 2395 635 2467 gato
664 2389 982 2470 Breviario
1014 2389 1346 2464 habentur,
1387 2410 1638 2469 prorsus
1667 2390 1806 2450 alia:
1840 2397 1986 2450 sunt
2013 2408 2085 2450 ac
2114 2390 2397 2458 diversas,
2432 2397 2492 2449 et
2521 2407 2558 2449 a
2589 2388 2990 2449 Pictaviensis
3012 2391 3286 2470 episcopi
3316 2391 3478 2468 stylo
3508 2391 3881 2470 ingenioque

488 2488 614 2529 non
646 2468 969 2530 dissident.
1004 2472 1307 2531 Nimirum
1343 2468 1461 2532 hoc
1491 2479 1583 2531 est
1611 2472 1842 2550 ipsum,
1875 2471 2045 2548 quod
2076 2489 2188 2531 nos
2219 2471 2418 2547 magis
2450 2475 2678 2540 movet,
2716 2474 2785 2528 ut
2813 2472 3196 2531 contrarium
3228 2468 3537 2549 putemus
3591 2468 3669 2532 ex
3723 2468 3884 2550 ipso-

492 2559 765 2610 rummet
797 2553 1184 2628 argumentis
1215 2552 1659 2629 colligendum.
1695 2554 1851 2611 Nam
1884 2552 1934 2610 si
1965 2571 2124 2629 opus
2153 2569 2340 2611 omne
2372 2550 2682 2628 reliquum
2715 2557 3086 2627 personatus
3125 2560 3346 2612 auctor
3401 2553 3882 2624 consarcinavit,

489 2647 600 2691 cur
629 2649 753 2690 non
785 2637 847 2691 et
876 2639 1148 2708 quatuor
1174 2633 1342 2711 ipsos
1376 2638 1696 2704 tractatus,
1736 2638 1861 2691 tam
1895 2632 2067 2709 longi
2097 2631 2302 2710 operis
2331 2649 2479 2691 sane
2511 2631 2914 2708 perexiguam
2949 2632 3235 2709 partem?
3265 2631 3413 2703 Quis
3453 2633 3570 2692 sibi
3625 2633 3688 2692 in
3747 2633 3882 2694 aui-

491 2729 662 2771 mum
691 2711 970 2780 inducat,
1004 2731 1147 2773 eum
1181 2733 1320 2774 cum
1357 2719 1584 2774 caetera
1613 2714 1825 2773 omnia
1855 2731 1931 2773 ex
1961 2713 2148 2772 variis
2169 2714 2428 2772 Patrum
2469 2712 2806 2790 segmentis
2829 2711 3171 2789 collegerit,
3233 2713 3386 2772 istos
3413 2717 3686 2788 αύτολεξεὶ
3743 2713 3882 2774 des-

489 2791 774 2870 cripsisse
806 2811 882 2852 ex
915 2793 1172 2867 Hilario,
1209 2794 1490 2872 nihilque
1516 2794 1863 2854 immutatis
1893 2792 2216 2852 sententiis
2243 2797 2353 2851 aut
2383 2792 2609 2872 verbis,
2644 2792 2896 2852 centeni
2927 2811 3039 2853 suo
3070 2793 3446 2853 adtexuisse.
3489 2795 3642 2854 Erat
3695 2792 3888 2872 igitur

487 2871 1040 2962 inferendumhoc
1070 2871 1638 2962 potiu_s.modo_:_Si
1669 2873 1987 2962 nonnullae
2019 2873 2153 2950 ejus
2185 2871 2617 2962 commentarii
2649 2878 2880 2962 partes,
2914 2874 3081 2962 quod
3109 2873 3188 2934 ab
3220 2873 3440 2962 Hilarii
3495 2871 3894 2962 temporibus

491 2952 821 3013 manifesto
854 2952 1184 3025 abludant,
1215 2955 1308 3014 illi
1338 2955 1564 3014 ascribi
1595 2954 1851 3013 omnino
1885 2973 2008 3013 non
2041 2958 2320 3032 possunt,
2358 2953 2545 3011 nullae
2579 2958 2722 3012 sunt
2751 2972 2891 3030 quae
2917 2952 3060 3031 jure
3110 2955 3458 3032 meritoque
3515 2955 3766 3014 veniant
3821 2955 3888 3014 in

491 3033 628 3108 ejus
657 3033 1070 3110 scriptionum
1102 3053 1379 3094 censum.
1414 3035 1609 3094 Aliter
1639 3053 1762 3094 non
1796 3040 2071 3112 quatuor
2100 3040 2340 3092 tantum
2376 3033 2674 3102 homiliae,
2709 3034 2816 3092 sed
2857 3033 2907 3091 si
2965 3053 3106 3112 quae
3163 3034 3302 3094 aliae
3361 3039 3665 3112 praeterea
3720 3042 3886 3107 sunt,

493 3130 635 3191 quas
667 3112 821 3194 nihil
855 3113 933 3173 ab
966 3115 1186 3174 Hilarii
1217 3134 1349 3175 aevo
1380 3115 1743 3184 dissideant,
1781 3133 1894 3192 pro
1927 3113 2260 3174 Hilarianis
2291 3120 2474 3194 erunt
2505 3113 2801 3173 continuo
2834 3113 3164 3186 habendae,
3199 3132 3399 3194 eoque
3458 3120 3639 3192 pacto
3697 3115 3892 3176 etiam

488 3211 646 3270 quas
672 3193 934 3260 dubium
971 3202 1085 3265 est,
1120 3214 1267 3255 num
1298 3194 1700 3255 Pictaviensis
1731 3194 2061 3273 episcopus
2092 3193 2433 3273 aliquando
2467 3194 2715 3264 fuderit,
2763 3194 2984 3254 alienae
3037 3193 3503 3256 lucubrationes
3555 3196 3892 3257 sufﬁcient.

489 3273 668 3354 Quod
699 3281 909 3334 autem
944 3282 1218 3352 quatuor
1247 3275 1369 3336 illm
1404 3277 1652 3354 penitus
1683 3275 1942 3335 diversae
1973 3275 2052 3334 ab
2085 3274 2158 3334 iis
2187 3275 2331 3344 sint,
2369 3292 2526 3352 quas
2556 3274 3025 3354 Hieronymiani
3056 3275 3488 3354 compilatoris
3507 3276 3896 3336 Breviarium

485 3353 764 3436 exhibet,
805 3374 916 3433 pro
949 3355 1184 3417 Hilario
1217 3357 1384 3416 facit.
1407 3353 1581 3417 ’Sunt
1609 3355 1771 3416 enim
1807 3375 1955 3416 vero
1988 3355 2228 3436 passim,
2247 3354 2513 3425 diversa,
2552 3360 2619 3414 ut
2648 3353 2945 3427 diximus,
2980 3355 3116 3433 ejus
3147 3353 3290 3416 libri
3329 3356 3733 3436 exemplaria,
3782 3357 3899 3436 id;

481 3453 603 3514 que
633 3435 912 3496 solemne
943 3444 1034 3497 est
1067 3437 1378 3512 ejusmodi
1410 3437 1924 3497 lucubrationum
1966 3435 2289 3514 symbolis,
2325 3440 2393 3494 ut
2427 3453 2537 3514 pro
2569 3454 2680 3495 suo
2712 3436 2976 3514 quisque
3008 3436 3211 3496 lubitu
3237 3437 3335 3498 vel
3375 3437 3719 3497 orationem
3778 3435 3898 3497 ha-

479 3515 724 3577 biturus
752 3517 831 3577 ad
865 3518 1191 3596 populum,
1229 3518 1328 3578 vel
1358 3517 1474 3578 sibi
1505 3518 1896 3578 conﬂaturus
1929 3517 2211 3577 codicem
2242 3516 2838 3575 commentariorum
2869 3517 2928 3575 in
2973 3517 3278 3590 Psalmos,
3337 3516 3672 3578 nonnullos
3731 3523 3900 3578 trac-

483 3601 649 3657 tatus
679 3616 757 3658 ex
783 3597 922 3677 aliis
954 3598 1314 3658 auctoribus
1346 3600 1727 3676 decerperet,
1766 3597 2033 3675 aliisque
2070 3596 2446 3657 testimoniis
2476 3596 2907 3677 interpolaret.
2944 3597 3211 3658 Fluxum
3239 3597 3398 3659 adeo
3430 3616 3502 3658 ac
3549 3598 3681 3658 leve
3737 3598 3897 3659 alte-

480 3695 621 3736 rum
653 3676 903 3756 quoque
935 3683 1028 3738 est
1057 3686 1501 3756 argumentum
1533 3697 1571 3738 a
1601 3679 1764 3755 stylo
1792 3696 1804 3736 :
1842 3697 1984 3737 nam
2021 3678 2136 3737 etsi
2172 3677 2467 3737 daremus
2499 3685 2819 3755 utcunque
2849 3676 2928 3737 ab
2959 3678 3280 3739 Hilariano
3313 3678 3640 3738 minimum
3673 3677 3901 3740 abhor-

482 3774 642 3828 rere,
679 3757 848 3817 hand
880 3776 1028 3817 sane
1060 3759 1243 3836 pauci
1271 3759 1378 3819 alii
1405 3764 1709 3818 tractatus
1738 3763 1884 3818 sunt
1917 3777 2108 3836 penes
2149 3757 2705 3833 Hieronymianum
2741 3758 3338 3829 consarcinatorem,
3373 3776 3532 3836 quos
3561 3776 3745 3819 nemo
3779 3759 3898 3819 ho-

485 3837 725 3896 minum
755 3838 992 3898 Hilario
1025 3840 1292 3899 tribuat:
1330 3845 1539 3899 tamen
1573 3839 1650 3898 ab
1681 3838 1942 3898 istorum
1975 3843 2253 3914 quatuor
2283 3838 2536 3915 ingenio
2565 3856 2637 3898 ac
2671 3839 2970 3898 methodo
3001 3857 3078 3899 ne
3107 3839 3303 3900 latum
3338 3839 3592 3916 quidem
3622 3857 3900 3916 unguem

485 3917 803 3978 recedant.
841 3920 1078 3997 Nempe
1105 3926 1173 3978 ut
1198 3919 1466 3979 aliorum
1499 3921 1753 3979 Patrum
1785 3919 1872 3978 ita
1902 3923 1965 3978 et
1991 3918 2210 3978 Hilarii
2247 3926 2572 3997 segmenta
2603 3927 2867 3995 uterque
2902 3925 3204 3980 tractator
3233 3920 3535 3998 expilavit
3567 3937 3581 3978 :
3615 3919 3720 3980 ille
3759 3921 3902 3981 Ori-

486 4016 710 4078 genem
741 3998 804 4060 in
828 4018 939 4059 sua
968 4001 1314 4072 transtulit,
1351 3999 1634 4075 nihilque
1668 4000 1894 4059 mirum
1927 3998 2127 4059 sicubi
2157 3999 2325 4058 hunc
2357 3999 2662 4076 illumque
2694 3999 3037 4060 redoleant.

564 4079 684 4139 Sed
710 4080 844 4156 jam
876 4079 1033 4141 alios
1062 4099 1521 4159 persequamur
1551 4079 1855 4159 propositi
1891 4078 2192 4140 Breviarii
2223 4079 2429 4139 varios
2460 4078 2622 4139 inter
2651 4099 2715 4140 se
2745 4080 2989 4140 codices
3030 4097 3419 4159 percensere.
3452 4079 3781 4141 Florentiae
3836 4079 3902 4140 in

483 4159 869 4221 bibliotheca
900 4161 1175 4222 Medicea
1202 4161 1643 4232 Laurentiana,
1670 4161 1884 4240 pluteo
1917 4177 2102 4232 xvm;
2136 4160 2655 4220 membranaceus
2685 4161 2883 4221 codex
2909 4179 3083 4220 num.
3103 4163 3200 4231 20,
3226 4165 3632 4239 prwnotetus,
3653 4160 3903 4222 exordi-

487 4246 590 4300 tur
619 4261 656 4301 a
686 4241 930 4319 psalmo
965 4241 1301 4304 centesimo
1332 4242 1575 4302 decimo
1605 4257 1795 4311 nono,
1830 4241 2203 4318 devenitque
2233 4240 2314 4300 ad
2377 4259 2573 4316 usque
2634 4241 3043 4302 centesimum
3097 4241 3651 4321 quadragesimum
3711 4242 3904 4321 quin-

484 4327 616 4382 tum
649 4321 799 4382 satis
827 4324 1090 4402 antiqua
1121 4341 1332 4394 manu,
1368 4340 1731 4400 quanquam
1763 4321 1826 4380 in
1858 4321 1986 4402 fine
2011 4321 2301 4402 quaedam
2335 4337 2521 4380 exesa
2551 4327 2857 4382 vetustate
2892 4322 3041 4382 folia
3076 4320 3386 4382 recentior
3443 4320 3758 4400 suppleat.
3823 4324 3907 4402 At.

486 4401 848 4480 Hieronymi
881 4401 1134 4482 quidem
1161 4402 1609 4482 Expositionem
1637 4421 1810 4481 super
1838 4401 2110 4482 Psalmos
2135 4401 2455 4482 continere
2485 4402 2749 4462 adnotat
2780 4409 2955 4462 vetus
2987 4402 3280 4482 librarius
3306 4421 3320 4473 ;
3353 4402 3464 4482 qui
3517 4420 3666 4462 vero
3726 4401 3902 4463 codi-

487 4500 622 4543 cem
655 4483 856 4561 primo
887 4481 1236 4562 descripsit,
1264 4481 1391 4542 hoc
1423 4501 1546 4541 uno
1577 4482 1838 4542 donavit
1867 4481 2049 4542 titulo
2076 4500 2088 4540 :
2130 4481 2600 4542 Commentarius
2631 4483 2688 4542 in
2720 4482 2990 4542 Psalmos
3020 4481 3243 4543 David.
3279 4481 3524 4562 Eadem
3556 4482 3621 4542 in
3654 4483 3805 4543 urbe
3835 4483 3919 4542 in.

489 4563 876 4623 bibliotheca
910 4561 1163 4624 Patrum
1195 4563 1393 4623 sancti
1424 4561 1640 4642 Marci,
1673 4562 1799 4622 duo
1831 4562 2208 4640 perantiqua
2238 4563 2624 4640 exemplaria
2655 4569 2988 4642 apponunt
3019 4565 3083 4623 S.
3135 4561 3419 4642 Doctoris
3478 4581 3708 4624 nomen
3735 4582 3749 4622 :
3812 4568 3902 4623 ta-

500 4661 639 4724 men
672 4645 960 4724 alterum,
1001 4644 1440 4724 Commentaria
1584 4641 1941 4724 Hieronymi
1964 4643 2025 4701 in
2061 4642 2370 4724 Psalmos:
2404 4641 3124 4724 alterum,’Breviariumr
3148 4642 3222 4724 D.
3256 4641 3620 4724 Hieronymi
3671 4643 3892 4704 inscri-

493 4723 689 4783 bitur.
721 4723 899 4802 Saape
930 4724 1108 4784 audit
1137 4723 1458 4803 Expositio
1490 4723 1797 4794 Psalterii,
1822 4722 2078 4801 hocque
2110 4723 2290 4783 titulo
2321 4723 2555 4800 passim
2588 4728 2928 4784 occurrunt
2957 4723 3261 4802 sequioris
3291 4722 3407 4783 aevi
3448 4722 3622 4795 mss.,
3675 4742 3707 4784 e
3755 4724 3896 4803 qui-

497 4803 616 4863 bus
647 4822 838 4862 unum
869 4805 1200 4864 laudamus
1235 4809 1302 4864 Β.
1340 4805 1546 4864 littera
1575 4810 1637 4864 et
1669 4823 1839 4863 num.
1873 4807 1949 4863 4‘2
1983 4808 2404 4882 prsenotatum
2431 4803 2495 4862 in
2525 4803 2969 4875 Ambrosiana,
3027 4821 3168 4883 qua:
3226 4803 3562 4864 Mediolani
3622 4809 3736 4874 est,
3795 4803 3892 4864 bi-

496 4883 834 4966 bliotheca.
871 4885 1156 4944 Invenire
1185 4891 1560 4966 quoquerest
1590 4885 1834 4962 aliquos
1868 4885 1986 4966 hac
2008 4902 2134 4966 una
2180 4885 2606 4962 inscriptione,
2667 4884 3032 4966 Hieronymi
3083 4885 3148 4943 in
3205 4883 3522 4966 Psaimos:
3583 4884 3900 4963 talemque

493 4964 725 5026 ibidem
753 4964 1468 5026 observamuslitteraC
1501 4984 1762 5026 numero
1793 4965 2158 5042 insignitum
2205 4983 2331 5024 uno
2390 4983 2582 5043 supra
2639 4963 3164 5026 trecentesimum.
3224 4963 3508 5026 Vidimus
3564 4971 3625 5024 et
3687 4967 3898 5025 Romae

497 5047 856 5118 nonnullos,
887 5066 1044 5126 quos
1074 5047 1232 5106 inter
1267 5046 1618 5106 vetustioris
1649 5046 1731 5107 ob
1763 5047 1963 5106 aetatis
1994 5045 2476 5126 praerogativam
2512 5047 2954 5106 memorandus
2985 5045 3311 5126 catalogus
3340 5045 3403 5104 in
3436 5062 3560 5126 uno
3613 5045 3899 5126 Palatino

496 5129 819 5199 Vaticano,
857 5125 966 5206 qui
998 5146 1256 5188 numero
1287 5127 1879 5204 vicesimoseptimo
1911 5126 2271 5198 denotatur,
2305 5125 2746 5204 prioribusque
2775 5126 3021 5187 duabus
3043 5125 3307 5206 pagellis
3337 5125 3546 5206 nescio
3577 5125 3760 5204 cujus
3789 5143 3901 5185 au-
3965 5179 3972 5184 ,

437 5264 450 5274 ,
504 5209 788 5287 tiquioris
830 5205 1228 5269 bibliothecae
1259 5207 1527 5268 indicem
1560 5207 1865 5268 librorum
1898 5206 2073 5266 texit.
2108 5208 2177 5266 ln
2208 5206 2326 5279 his,
2360 5207 2555 5287 sancti
2580 5206 2942 5287 Hieronymi
2981 5225 3156 5286 super
3203 5205 3564 5272 Psalterium
3615 5225 3655 5266 α
3706 5224 3902 5287 primo

497 5285 740 5350 Ps'almo
769 5310 950 5370 usque
982 5292 1318 5370 ιἠίιχχχνι,
1353 5308 1425 5348 ea;
1463 5287 1714 5370 Origene
1737 5297 2057 5366 sumptum,
2085 5287 2155 5370 in
2185 5306 2302 5370 uno
2318 5285 2534 5370 codice.
2569 5290 2645 5347 Et
2675 5285 2931 5370 ejusdem
2962 5285 3076 5348 alii
3098 5303 3245 5370 xxvi
3278 5287 3424 5364 (leg.
3482 5287 3628 5346 fort.
3691 5285 3903 5370 Lxxiv)

503 5389 680 5451 usque
711 5372 769 5431 in
787 5365 995 5465 ﬁizeuz.
1036 5369 1180 5431 Item
1211 5369 1499 5461 expositio
1529 5365 1903 5465 Psalmorum
1927 5367 2420 5465 pwniten‘tialium
2453 5368 2513 5426 in
2542 5387 2657 5460 uua
2688 5365 2904 5428 codice.
2943 5366 3676 5465 Descripsimusgqoque
3705 5366 3904 5465 multa

501 5446 805 5527 postremi
836 5451 1098 5528 hujusce
1129 5446 1335 5529 operis
1368 5468 1444 5509 ex
1476 5449 1811 5527 quadrato,
1836 5465 2037 5524 eoque
2066 5448 2282 5526 probae
2314 5449 2637 5508 vetustatis
2667 5467 2738 5508 ac
2771 5454 2934 5529 notae
2969 5467 3082 5529 ms.
3119 5447 3267 5529 01i_m
3293 5453 3370 5529 S.
3401 5447 3774 5529 Columbani
3827 5446 3906 5508 de

502 5526 722 5621 Helvio,
748 5526 1364 5621 nunc‘Ambro'siano
1395 5526 1514 5621 sub?
1542 5529 1851 5621 Rulittera
1879 5545 1952 5621 ac
1982 5546 2154 5587 num.
2189 5531 2289 5588 4‘2.
2322 5529 2522 5621 T‘ituls
2552 5529 2708 5621 ‘ejus
2739 5527 2880 5621 libri
2910 5528 3138 5621 habet:
3173 5526 3906 5621 chzhz’unt'Psalnzt°,‘quos

504 5609 699 5692 beatus
736 5611 1130 5692 Hieronymus
1162 5609 1467 5692 ordinavit
1492 5627 1604 5687 pro
1629 5607 1977 5692 pwnitenlia
2006 5627 2123 5668 esse
2149 5609 2572 5692 canendos._At
2601 5628 2742 5688 quae
2775 5613 2923 5692 tunc
2971 5609 3272 5688 temporis
3302 5607 3534 5692 _va'ria‘
3565 5609 3644 5670 ab
3698 5607 3900 5692 editis,

501 5691 874 5768 ineditisque
901 5689 1039 5751 aliis
1068 5692 1249 5752 libris
1279 5691 1659 5768 glossemata
1689 5689 2137 5767 excerpsimus,
2171 5708 2297 5750 non
2330 5689 2489 5749 tanti
2519 5708 2693 5769 nunc
2741 5689 3033 5750 videntur
3089 5708 3244 5763 esse,
3306 5695 3375 5750 ut
3431 5689 3905 5769 Hieronymiani

503 5767 1330 5852 nominis’studiosolectori
1359 5770 1719 5852 offeramus.
1745 5769 1902 5842 Quia
1923 5769 2111 5831 etiam
2138 5769 2203 5831 in
2233 5769 2620 5843 universum,
2652 5767 2703 5830 si
2731 5769 2943 5845 velim,
2979 5789 3121 5852 quae
3153 5770 3487 5852 innumera
3516 5767 3684 5848 sunt,
3725 5769 3902 5852 codi-

500 5869 643 5919 Cum
673 5852 834 5918 inter
864 5870 930 5914 se
961 5851 1216 5914 dissidia
1245 5851 1523 5914 studiose
1552 5851 1929 5915 conferendo
1959 5869 2293 5933 exponere,
2328 5870 2442 5914 nec
2463 5852 2744 5915 facturus
2781 5852 2900 5916 sim
2957 5850 3168 5934 operae
3223 5851 3523 5934 pretium,
3581 5870 3696 5916 nec
3749 5850 3901 5914 satis
