4220 6604
319 497 432 568 861
1201 497 1695 563 BREVIARIUM
1741 500 1819 562 ΙΝ
1867 498 2346 563 PSALMOS.-—
2375 498 2843 599 ADMQNITIO.
3530 551 3533 562 ,
3614 496 3732 561 862

325 637 629 716 praestare
658 631 859 716 ipsam
893 647 1022 690 rem
1053 632 1286 709 possim
1315 649 1328 703 ;
1377 639 1616 716 certum
1649 636 1884 714 quippe
1914 639 2008 694 est
2037 634 2313 695 homiliis
2342 634 2651 714 ejusmodi
2691 633 2807 694 sibi
2865 631 3295 712 decerpendis,
3356 631 3733 716 conflandis-

323 711 446 797 que
474 711 747 797 inhiasse
777 711 927 797 olim
951 717 1334 797 ,tractatores
1364 711 1827 797 ecclesiasticos
1849 733 2081 792 magno
2114 711 2398 797 numero,
2439 721 2503 776 ut
2536 716 2585 775 si
2619 715 2757 794 quis
2787 721 2993 793 speret
3023 731 3228 793 posse,
3263 713 3432 792 quod
3463 712 3731 792 quisque

325 793 682 864 contulerit,
717 793 1048 866 aestimare,
1087 793 1342 870 perinde
1374 794 1460 854 sic
1492 813 1564 855 ac
1595 796 1644 855 si
1669 814 1840 856 mare
1870 796 2205 856 exhaurire
2237 797 2407 857 velit.
2643 793 2651 794 ί
3288 830 3292 835 ι

404 877 604 954 Digna
633 879 840 934 tamen
875 873 1003 933 visa
1036 891 1133 954 res
1155 880 1268 945 est,
1305 891 1504 952 eaque
1537 877 1806 936 maxime
1833 877 1913 936 ad
1943 877 2333 938 eruditorum
2365 876 2554 954 hujus
2585 875 2702 935 sevi
2731 875 3076 954 ingenium,
3113 891 3310 934 unum
3356 891 3544 954 quem
3605 891 3726 934 caeo

323 958 470 1018 teris
489 953 699 1015 multo
731 953 1229 1034 praestantiorem
1261 955 1575 1028 omnibus,
1609 975 1682 1015 ac
1717 961 1846 1016 toto
1879 957 2038 1017 coelo
2070 976 2106 1017 a
2139 957 2410 1034 vulgatis
2441 957 2756 1017 diversum
2787 953 3166 1028 invenimus,
3207 953 3568 1032 diligentius
3627 973 3730 1016 ex.-

320 1036 617 1118 pendere,
653 1033 914 1118 ejusque
945 1033 1200 1118 aliquod
1218 1034 1560 1118 specimen,
1581 1037 1835 1118 quando
1850 1036 2174 1118 integrum
2205 1033 2365 1115 opus
2395 1038 2517 1096 huc
2542 1037 2773 1118 referre
2802 1055 2928 1118 non
2959 1036 3160 1118 licuit,
3192 1035 3530 1096 lectoribus
3547 1035 3724 1118 dare.

322 1114 430 1179 Est
459 1117 652 1195 igitur
681 1117 744 1176 in
776 1115 960 1175 toties
988 1114 1247 1195 laudata
1278 1115 1695 1175 Ambrosiana
1726 1116 2063 1177 Mediolani
2092 1114 2475 1178 bibliotheca
2505 1116 2980 1194 antiquissimus
3012 1116 3256 1176 calamo
3315 1121 3609 1184 exaratus
3647 1115 3725 1174 li-

319 1198 451 1268 ber,
496 1193 607 1276 qui
637 1196 822 1274 plane
854 1195 1040 1276 aliam
1073 1194 1150 1276 ab
1184 1193 1478 1276 his,quee
1511 1195 1814 1255 hactenus
1842 1197 2272 1268 innotuerunt,
2310 1216 2574 1274 eamque
2605 1193 2753 1257 sane
2794 1197 3266 1273 elegantiorem,
3329 1197 3445 1257 sub
3503 1196 3725 1256 Hiero-

322 1277 494 1357 nymi
526 1275 789 1357 nomine
812 1275 1374 1357 Expositionemiin
1408 1276 1693 1336 Psalmos
1723 1277 2076 1336 contineat:
2111 1283 2177 1337 ut
2208 1279 2259 1337 si
2291 1297 2416 1356 qua
2446 1278 2570 1337 alia
2601 1278 2762 1338 inter
2792 1280 2854 1338 S.
2889 1277 3095 1337 Patris
3121 1296 3315 1355 opera
3345 1278 3557 1337 locum
3599 1295 3727 1357 non

320 1354 635 1418 immerito
667 1356 948 1416 obtinere
978 1354 1112 1414 visa
1144 1360 1256 1426 est,
1292 1356 1428 1416 haec
1460 1375 1652 1434 supra
1683 1363 1940 1417 caeteras
1971 1358 2158 1416 etiam
2191 1354 2330 1417 cum
2366 1358 2672 1435 dignitate
2701 1364 2866 1418 stare
2898 1357 3113 1436 possit.
3149 1354 3359 1418 Codex
3383 1357 3498 1416 sub
3530 1357 3572 1415 C
3619 1356 3726 1417 lit-

321 1445 458 1500 tera
490 1456 612 1498 uno
643 1455 835 1515 supra
863 1437 1336 1516 trecentesimus
1369 1455 1630 1497 numero
1674 1444 2082 1515 praenotatur,
2118 1444 2334 1514 estque
2364 1440 2678 1516 oblongaa,
2739 1444 2807 1498 ut
2862 1445 3111 1508 vocant,
3170 1439 3234 1498 in
3295 1437 3421 1497 ﬁlio
3481 1437 3721 1496 formae.

323 1519 484 1580 Olim
519 1518 598 1578 ad
630 1519 694 1578 S.
729 1515 1101 1597 Columbani
1132 1516 1207 1574 de
1248 1517 1444 1577 Bohio
1477 1519 1922 1578 monasterium
1961 1517 2279 1596 pertinuit,
2313 1537 2390 1578 ex
2421 1538 2546 1596 quo
2573 1515 2857 1579 Omnium
2894 1519 3341 1597 pretiosissima
3372 1533 3446 1578 eo
3485 1518 3724 1594 imper;

325 1605 458 1659 tata
487 1605 634 1658 sunt
662 1596 1054 1676 antiquitatis
1088 1597 1498 1658 monimenta.
1534 1598 1906 1659 Charactere
1937 1599 2286 1678 descriptus
2314 1605 2428 1672 est,
2465 1605 2537 1659 ut
2591 1618 2817 1660 vocare
2874 1596 3244 1678 antiquariis
3302 1599 3528 1674 placet,
3589 1615 3730 1656 cur-

322 1680 455 1740 sivo
486 1678 842 1739 vetustioris
871 1679 1117 1758 formae,
1151 1683 1213 1737 et
1239 1679 1389 1755 quid
1421 1679 1500 1738 ad
1532 1697 1668 1739 eam
1705 1679 1988 1756 proxime
2019 1681 2280 1740 accedat
2309 1687 2602 1740 notarum
2636 1680 2926 1756 ﬁguram,
2961 1697 3154 1758 quam
3175 1681 3239 1739 in
3266 1678 3577 1757 ngyptiis
3610 1695 3724 1756 pa-

325 1759 494 1840 pyris
527 1759 877 1840 hodienum
898 1757 1230 1840 cernimus.
1261 1759 1680 1828 Quamobrem
1714 1765 1775 1820 et
1804 1766 1897 1819 est
1924 1778 2089 1837 saepe
2120 1760 2281 1821 lectu
2315 1778 2619 1839 perquam
2653 1760 2943 1830 difﬁcilis,
2983 1757 3050 1819 ut
3080 1760 3258 1824 nolis.
3295 1760 3728 1840 internoscen-

322 1837 418 1901 dis
451 1839 650 1899 multa
679 1838 1124 1900 exercitatione
1157 1858 1314 1917 opus
1345 1840 1424 1898 sit
1451 1859 1464 1898 :
1499 1846 1561 1898 et
1585 1840 1803 1899 litteris
1832 1840 2146 1899 interdum
2178 1837 2378 1900 exesis
2409 1837 2739 1910 vetustate,
2773 1841 2970 1901 aciem
3004 1840 3330 1900 oculorum
3363 1837 3633 1914 diffugit,
3661 1843 3730 1897 ut

323 1920 520 1981 satius
552 1938 678 1980 non
708 1938 835 1979 uno
867 1919 928 1978 in
961 1918 1100 1978 loco
1131 1919 1517 1991 duxerimus,
1553 1920 1683 1998 pati
1715 1919 2039 1980 lacunulas
2070 1921 2334 1999 aliquot,
2367 1940 2558 2000 quam
2589 1940 2665 1981 ex
2694 1921 2948 2000 ingenio
2996 1921 3312 1999 supplere,
3366 1919 3417 1979 si
3479 1917 3612 1978 ﬁeri
3667 1918 3732 1977 id

327 2007 462 2062 tuto
497 2019 620 2060 non
653 2005 881 2077 posset.

401 2081 580 2141 Prior
609 2080 848 2151 charta,
885 2099 1011 2157 qua
1042 2077 1120 2139 ad
1151 2078 1428 2140 codicem
1455 2079 1927 2159 przetexendum
1960 2080 2252 2141 librarius
2277 2086 2371 2141 est
2401 2101 2569 2153 usus,
2604 2080 2837 2142 Latinis
2867 2081 2975 2140 illa
3005 2079 3259 2160 quidem
3314 2079 3540 2140 litteris
3600 2084 3733 2160 tota

326 2160 723 2235 describitur,
755 2160 956 2237 iisque
988 2162 1115 2221 fere
1144 2157 1720 2238 similibus'reliquo
1753 2160 1982 2221 codicis
2011 2162 2384 2233 characteri,
2417 2163 2523 2221 sed
2557 2179 2748 2240 quam
2781 2157 3342 2238 sonantlinguam,
3377 2160 3456 2220 cl.
3483 2160 3601 2240 rvir
3631 2157 3733 2218 cui

325 2259 574 2300 summa
604 2241 816 2300 omnia
849 2240 1082 2312 tribuo,
1114 2240 1395 2316 ignotam
1431 2239 1610 2312 dixit,
1643 2245 1754 2300 aut
1780 2246 2054 2301 veterem
2085 2242 2423 2320 Illyricam.
2461 2239 2612 2319 Ego,
2643 2242 2693 2300 si
2730 2242 2847 2301 hoc
2906 2241 3112 2319 ipsum
3172 2240 3423 2301 lectoris
3477 2239 3737 2299 interest

325 2321 507 2392 scire,
540 2321 910 2380 Hebraicam
945 2339 1076 2380 esse
1111 2321 1460 2380 monuerim
1489 2338 1500 2379 :
1536 2328 1682 2380 sunt
1711 2321 1878 2381 enim
1915 2320 2052 2398 ejus
2082 2323 2170 2381 rei
2201 2322 2454 2393 indicio,
2491 2341 2632 2400 quae
2665 2323 2929 2399 possint,
2955 2321 3270 2400 plerisque
3301 2321 3439 2380 aliis
3477 2319 3732 2380 oblitte-

324 2402 498 2471 ratis,
537 2419 738 2477 pauca
765 2401 887 2478 legi
919 2401 1240 2460 Hebraicse
1277 2401 1756 2469 terminationis,
1793 2409 1853 2460 et
1879 2401 2016 2461 soni
2051 2402 2358 2462 vocabula
2389 2422 2403 2463 :
2439 2422 2578 2462 cum
2617 2403 2832 2480 primis
2861 2421 3010 2462 vero
3041 2401 3283 2473 isthsec,
3317 2420 3459 2480 qua:
3485 2401 3566 2461 ad
3622 2419 3734 2460 vo-

326 2498 465 2541 cem
496 2480 770 2540 lziruzec/z
803 2482 1144 2559 apponitur
1172 2481 1250 2540 ad
1279 2481 1422 2540 libri
1453 2500 1629 2541 oram
1661 2481 2118 2560 interpretatio,
2154 2481 2296 2542 urbs
2324 2482 2700 2560 fortitudinis
2730 2492 2963 2542 nostrae.
2997 2483 3091 2542 lta
3120 2483 3412 2542 nimirum
3447 2500 3588 2559 quae
3619 2499 3731 2540 v0-

326 2578 459 2621 cem
483 2560 655 2620 illam
689 2569 1077 2640 componunt
1109 2562 1322 2632 verba,
1356 2561 1474 2633 Iu'r,
1509 2562 1695 2621 Hebr.
1729 2580 1847 2633 way,
1882 2563 2100 2622 urbem
2129 2580 2140 2620 :
2177 2583 2272 2634 uz,
2307 2564 2495 2624 Hebr.
2530 2584 2615 2640 τῃ,
2647 2562 3058 2641 fortitudinem
3087 2568 3308 2623 sonat:
3343 2561 3732 2641 afﬁxumde-

325 2641 516 2731 hique
547 2641 639 2713 ch,
677 2641 864 2701 Hebr.
899 2656 942 2712 π,
981 2641 1331 2731 pro‘nomed
1363 2648 1477 2712 est,
1516 2653 1707 2731 tuum:
1733 2642 2224 2731 Hescribendum
2255 2643 2469 2731 igitur,
2501 2640 2771 2722 inquies,
2806 2643 3023 2731 Latine
3050 2649 3206 2731 erat,
3241 2641 3376 2702 urbs
3426 2640 3735 2731 fortitudi-

325 2723 416 2781 nis
449 2731 584 2792 tuae,
615 2741 740 2781 non
772 2731 1010 2794 nostrae,
1044 2727 1113 2782 ut
1143 2722 1407 2782 Hebraeo
1441 2723 1868 2801 responderet,
1906 2723 2076 2800 quod
2107 2742 2231 2783 non
2263 2724 2535 2784 difﬁteor
2561 2721 2825 2796 {verum
2857 2724 2944 2782 ita
2972 2723 3193 2795 sentio,
3231 2741 3355 2782 non
3387 2721 3522 2799 ejus
3565 2721 3735 2801 vocis

323 2801 387 2862 in
418 2803 709 2861 Latinum
744 2803 1134 2880 explicandae
1165 2803 1389 2878 gratia,
1429 2800 1635 2862 sed’ut
1668 2803 1988 2881 paulisper
2020 2804 2328 2864 diversam
2363 2805 2442 2864 ab
2473 2805 2582 2864 illa
2614 2804 2995 2882 signiﬁcaret
3023 2821 3154 2863 esse
3187 2803 3550 2864 Latinorum
3608 2800 3733 2860 lec-

326 2882 582 2962 tionem,
617 2883 804 2942 fuisse
833 2883 912 2941 ab
943 2882 1222 2943 studioso
1255 2883 1470 2959 aliquo
1503 2889 1718 2942 notam
1751 2883 2128 2961 appositam.
2167 2886 2222 2943 ls
2246 2903 2392 2944 vero
2425 2885 2786 2962 quicunque
2818 2884 3025 2955 fuerit,
3052 2884 3335 2961 Origenis
3356 2882 3731 2962 industriam

323 2968 417 3023 est
443 2960 724 3023 imitatus
749 2982 766 3020 :
790 2981 976 3041 quem
999 2963 1160 3023 enim
1192 2962 1299 3022 ille
1329 2963 1661 3023 Hebraeum
1697 2960 1934 3024 textum
1967 2965 2193 3025 Graecis
2222 2960 2588 3026 litteris‘sibi
2618 2960 3022 3041 de‘scripsitin
3045 2960 3484 3042 Hex’aplis,hic
3503 2960 3736 3023 Latinis

321 3044 638 3121 reposuit:
678 3043 971 3102 nimirum
1005 3049 1269 3122 uterque
1302 3044 1674 3104 vernaculis.
1711 3046 1999 3104 Fortasse
2031 3046 2218 3106 etiam
2245 3046 2422 3105 illum
2447 3045 2731 3123 Urigenis
2761 3045 3226 3123 apographum,
3255 3063 3378 3104 non
3401 3043 3734 3103 Hebraeum

322 3123 747 3204 archetypum
783 3125 1000 3183 Latine
1034 3126 1550 3202 reprmsentavit:
1585 3124 1775 3203 idque
1806 3144 2011 3185 causae
2043 3126 2181 3198 fuit,
2215 3145 2327 3185 cur
2356 3126 2702 3203 peculiares
2734 3125 3122 3204 primigenia:
3156 3125 3387 3203 linguae
3417 3141 3624 3194 sonos,
3661 3128 3740 3204 et

328 3203 561 3281 quibus
591 3209 790 3264 scatet
820 3204 1277 3285 aspirationum
1315 3205 1556 3276 modos,
1589 3205 1780 3283 idque
1800 3223 1996 3282 genus
2028 3205 2153 3266 alia
2181 3207 2259 3266 de
2290 3202 2517 3267 Graecis
2549 3225 2673 3267 non
2706 3202 2903 3285 usque
2932 3207 3088 3267 adeo
3120 3202 3363 3272 adrem
3403 3204 3566 3284 aptis
3623 3202 3738 3264 ele-

331 3285 583 3366 mentis,
617 3285 695 3344 ad
727 3284 951 3344 Latina
981 3284 1188 3366 minus
1218 3285 1499 3345 fortassis
1521 3286 1853 3346 commoda
1890 3305 2002 3364 per
2031 3286 2156 3346 vim
2187 3288 2434 3348 detorta
2464 3284 2986 3366 Scriptura’saape
3017 3304 3143 3345 non
3185 3286 3436 3356 referat,
3468 3291 3530 3344 et
3589 3285 3741 3345 dare

327 3365 461 3425 sine
492 3370 700 3425 mente
730 3382 951 3424 sonum
985 3365 1290 3424 videatur.

407 3445 531 3506 Sed
565 3445 697 3504 haec
728 3443 966 3505 obiter:
994 3445 1130 3522 jam
1161 3445 1364 3521 ipsum
1399 3444 1750 3505 describere
1782 3444 2314 3506 Commentarium
2347 3463 2823 3523 persequamur.
2859 3445 3142 3504 Diximus
3182 3445 3565 3521 Hieronymo
3627 3443 3736 3503 tri-

324 3523 458 3598 bui,
494 3525 581 3585 sic
613 3524 778 3585 enim
809 3525 1066 3601 praefert
1097 3524 1329 3584 codicis
1358 3525 1706 3602 inscriptio,
1742 3525 2072 3603 primaque
2102 3524 2237 3602 ejus
2268 3525 2436 3596 folia,
2470 3544 2612 3604 quae
2643 3544 2785 3584 vere
2817 3525 3336 3602 Hieronymianas
3372 3523 3436 3604 in
3493 3523 3734 3604 Psalte-

328 3605 489 3664 rium
523 3604 924 3682 praefationes
957 3605 1272 3664 exhibent.
1307 3605 1510 3664 Habet
1538 3605 1783 3664 initium
1836 3605 2020 3667 libri:
2082 3605 2356 3680 Ineipiﬂ
2413 3605 2706 3684 Praefatio
2764 3604 3172 3684 Hieronymi“
3231 3603 3613 3665 Psalmorum
3672 3603 3734 3684 in

330 3683 599 3746 Christo:
637 3685 698 3744 in
729 3684 851 3745 ﬁne
881 3703 894 3744 :
927 3684 1204 3764 Explica
1234 3685 1524 3763 Prologus
1560 3684 1624 3746 S.
1662 3685 2038 3764 Hieronymi.
2073 3685 2480 3746 Praefationes
2514 3683 2639 3745 illae
2671 3687 2823 3764 ipsa:
2855 3683 3018 3758 sunt,
3055 3704 3212 3764 quas
3242 3687 3306 3746 S.
3341 3687 3571 3744 Doctor
3629 3683 3729 3744 vel

326 3765 407 3826 ad
442 3765 701 3826 Paulam
734 3765 1142 3844 epistularum
1176 3766 1309 3826 vice
1340 3766 1533 3836 dedit,
1564 3766 1658 3825 vel
1693 3765 1995 3826 Psalterio
2025 3766 2145 3845 ipsi
2175 3785 2212 3825 a
2243 3784 2308 3826 se
2337 3767 2609 3846 primum
2643 3767 3000 3838 emendato,
3033 3771 3168 3826 tum
3211 3785 3288 3826 ex
3343 3764 3610 3846 Hebraeo
3670 3764 3734 3823 in

325 3846 617 3907 Latinum
675 3865 972 3907 converse
1031 3846 1318 3924 praeﬁxit.
1381 3846 1817 3918 Nihilosecius,
1879 3853 1948 3904 ut
2005 3865 2081 3906 ne
2139 3847 2291 3926 quid
2346 3845 2835 3921 dissimulemus,
2900 3853 3167 3924 utroque
3251 3846 3360 3906 illo
3449 3845 3512 3904 in
3590 3845 3733 3926 loco

326 3926 693 4005 Hieronymi
749 3945 978 3988 nomen
1039 3945 1162 3987 non
1220 3927 1299 3988 ab
1357 3925 1468 3987 illa
1523 3946 1665 4006 qua
1723 3926 2002 3987 codicem
2036 3928 2318 3988 exaravit
2350 3928 2640 4006 primitus
2671 3947 2885 3998 manu,
2929 3927 3035 3987 sed
3067 3927 3147 3986 ab
3179 3927 3328 4000 alia,
3365 3925 3619 3986 tametsi
3677 3931 3739 3986 et

324 4006 437 4067 illa
466 4008 748 4085 antiqua,
784 4025 856 4068 ac
886 4007 1172 4086 suppari,
1205 4008 1475 4084 alioque,
1511 4015 1581 4068 ut
1610 4007 1874 4078 videtur,
1909 4014 2263 4068 atramento
2306 4014 2397 4068 est
2426 4009 2735 4068 additum.
2811 4007 3226 4086 Subsequitur
3284 4006 3511 4066 deinde
3568 4024 3736 4065 com-

326 4088 693 4160 mentarius,
728 4105 804 4148 ex
829 4107 954 4165 quo
985 4088 1175 4165 primi
1205 4095 1267 4148 et
1298 4088 1488 4158 tertii,
1523 4095 1584 4148 et
1614 4088 1894 4149 maxima
1921 4106 1997 4146 ex
2030 4094 2206 4166 parte
2237 4088 2440 4166 quarti
2478 4088 2703 4165 psalmi
2733 4090 3161 4147 enarrationes
3183 4086 3649 4166 descripsimus,
3672 4091 3736 4145 et

325 4167 406 4228 ad
437 4168 796 4229 faciendum
829 4164 906 4228 de
937 4164 1193 4228 auctore
1227 4168 1595 4246 periculum,
1631 4164 2333 4228 exhibemus—Secundi
2361 4164 2669 4245 integram
2705 4167 3156 4245 expositionem
3191 4166 3537 4237 amisimus,
3597 4164 3733 4243 ejus

323 4254 477 4326 puto
511 4247 773 4318 incuria,
811 4247 911 4307 cui
943 4247 1208 4306 schedas
1236 4245 1485 4309 nostras
1517 4249 1888 4308 tradidimus
1917 4248 2356 4308 describendas
2383 4267 2394 4318 ;
2431 4250 2537 4307 sed
2571 4247 2824 4323 quando
2857 4266 2982 4306 non
3017 4247 3132 4306 nisi
3164 4246 3486 4326 quoddam
3519 4245 3729 4324 operis

327 4328 464 4404 ejus
495 4327 809 4407 specimen
840 4327 1086 4398 damus,
1122 4344 1344 4406 parum
1377 4328 1486 4389 illa
1517 4336 1627 4389 aut
1656 4329 1978 4407 proposito
2011 4336 2245 4400 nostro,
2279 4335 2389 4389 aut
2420 4329 2668 4388 lectoris
2699 4327 2904 4388 studio
2954 4327 3206 4405 jactura
3272 4326 3566 4386 obfuerit.
3599 4327 3733 4407 Hoc

327 4413 482 4488 puto
513 4408 720 4488 ipsum
753 4405 1239 4488 internoscendo
1268 4409 1510 4468 auctori
1541 4405 1691 4469 satis
1723 4405 1839 4470 erit
1869 4409 2127 4469 eruditis
2160 4410 2328 4482 viris,
2362 4428 2564 4484 neque
2595 4409 2782 4479 enim,
2819 4409 2870 4468 si
2898 4409 3279 4488 Hieronymo
3325 4406 3728 4488 tribuendum

327 4487 429 4561 sit,
463 4507 540 4549 ex
573 4487 671 4548 his
703 4507 844 4567 quae
875 4487 1182 4549 hactenus
1211 4487 1693 4567 disputavimus,
1725 4489 2031 4568 suspicari
2064 4489 2192 4550 ullo
2223 4496 2408 4568 pacto
2440 4490 2604 4550 licet.
2640 4489 2814 4559 Mihi,
2850 4488 2968 4548 nisi
2998 4487 3297 4568 audacior
3327 4493 3422 4548 est
3474 4487 3727 4566 conjec-

323 4574 488 4641 tura,
522 4587 713 4650 quam
748 4576 819 4629 ut
851 4568 1032 4629 bonis
1063 4587 1262 4650 usque
1294 4569 1450 4629 adeo
1482 4567 1869 4648 argumentis
1900 4567 2241 4648 probetur,
2260 4571 2380 4650 ipsi
2410 4571 2685 4649 placeret
2716 4569 2985 4630 adscribi
3016 4569 3080 4630 S.
3114 4567 3728 4650 Columbano,quem

327 4668 522 4728 supra
545 4648 972 4722 laudavimus,
1007 4649 1282 4728 primum
1313 4650 1685 4710 Luxoviensi
1716 4650 1929 4709 abbati
1957 4650 2018 4709 in
2054 4648 2441 4729 Burgundia’,
2471 4650 2696 4711 deinde
2725 4650 3017 4712 Bobiensi
3074 4651 3136 4709 in
3203 4648 3727 4710 Mediolanensem

324 4729 771 4791 bibliothecam
803 4731 936 4810 ipse
964 4730 1342 4808 importatus
1374 4736 1467 4790 est
1495 4730 1674 4790 liber.
1708 4730 1858 4800 Qum
1889 4749 2094 4807 pauca
2117 4731 2178 4790 in
2212 4733 2437 4809 vulgus
2467 4731 2837 4809 prodierunt
2865 4730 3000 4809 ejus
3033 4729 3267 4808 ingenii
3298 4735 3728 4802 monumenta,

322 4811 624 4890 pleraque
656 4811 818 4871 enim
851 4812 915 4870 in
950 4810 1371 4878 bibliothecis,
1409 4818 1470 4870 et
1502 4811 1818 4890 praecipue
1850 4810 2231 4872 Floriacensi
2263 4813 2560 4871 dicuntur
2589 4812 2806 4884 latere,
2839 4811 3119 4888 ejusdem
3154 4817 3343 4889 atque
3401 4811 3501 4871 hic
3561 4827 3732 4871 com-

324 4892 668 4952 mentarius
701 4891 912 4951 salivae
944 4896 1006 4951 et
1036 4897 1255 4970 gustus
1285 4892 1578 4952 videntur
1607 4911 1773 4952 esse:
1811 4892 2029 4952 eadem
2061 4893 2248 4952 etiam
2281 4893 2747 4971 Scripturarum
2781 4891 3122 4969 expressio,
3156 4898 3463 4970 quantum
3498 4910 3530 4951 e
3557 4891 3728 4950 loco—

325 4991 465 5032 rum
499 4971 834 5032 collatione
865 4972 1109 5050 aliquot
1139 4972 1354 5033 datum
1390 4978 1483 5033 est
1513 4972 1885 5050 intelligere.
1916 4974 2172 5033 Constat
2201 4991 2348 5033 vero
2379 4991 2520 5033 cum
2555 4973 2692 5032 aliis
2723 4973 3108 5045 auctoribus,
3146 4979 3274 5032 tum
3312 4971 3630 5050 pracipue
3652 4987 3728 5027 ex

323 5051 672 5132 Sigeberto,
710 5071 850 5131 cap.
884 5056 984 5124 60,
1021 5055 1084 5113 S.
1124 5054 1580 5114 Columbanum
1619 5063 1779 5114 (ante
1806 5054 2108 5133 sapientiae
2139 5053 2411 5114 thesauro
2439 5053 2718 5121 ditatum,
2781 5063 2848 5112 ut
2891 5051 3086 5113 adhuc
3139 5052 3463 5133 adolescens
3498 5050 3725 5133 librum

325 5133 700 5195 Psalmorum
729 5135 965 5194 etimato
995 5153 1256 5194 sermone
1283 5133 1599 5195 scriberet:
1631 5153 1704 5193 ex
1737 5132 2299 5211 quo’Trithemius,
2334 5153 2472 5211 cap.
2509 5136 2649 5206 223,
2686 5134 2832 5194 Cum
2863 5133 3076 5203 adhuc,
3110 5134 3333 5210 inquit,
3355 5132 3572 5211 junior
3589 5137 3734 5211 esset

321 5233 602 5294 magnum
630 5213 894 5295 studium
927 5215 1139 5274 litteris
1166 5213 1709 5295 sanctzsimpendit.
1747 5210 1890 5274 adeo
1921 5223 1988 5273 ut
2017 5214 2276 5292 eleganti
2302 5210 2452 5295 ston
2479 5216 2782 5294 scripserit
2809 5217 2868 5273 in
2909 5223 3091 5273 totum
3145 5210 3502 5295 Psalterium
3563 5210 3733 5270 Com-

317 5291 742 5356 mentariorum
772 5292 992 5353 librum
1024 5313 1226 5354 unum.
1261 5295 1355 5354 Ad
1389 5291 1525 5354 haec
1557 5295 1695 5372 ejus
1725 5311 1980 5372 quoque
2012 5295 2312 5373 temporis
2341 5291 2524 5368 ratio,
2550 5291 2762 5356 saeculi
2793 5313 3018 5372 nempe
3049 5293 3226 5362 sexti,
3261 5291 3340 5352 ad
3397 5291 3495 5373 cuj
3509 5308 3586 5373 us
3637 5307 3732 5348 us-

318 5394 441 5455 que
473 5375 661 5435 finem
695 5376 758 5455 _S.
780 5373 994 5455 abbas
1023 5373 1298 5447 devenit,
1333 5370 1606 5436 testibus
1627 5370 2044 5455 Fredrehario
2075 5370 2505 5449 in'Chronico,
2538 5382 2602 5437 et
2629 5370 2958 5438 Aimonioi
2977 5375 3081 5433 lib.
3119 5391 3186 5455 ψ
3217 5373 3294 5455 de
3326 5370 3522 5431 Gestis
3544 5371 3730 5430 Fran-

323 5452 564 5528 corum,
598 5453 747 5514 satis
778 5454 937 5513 bene
968 5472 1111 5514 cum
1145 5456 1402 5534 reliquis
1434 5455 1774 5534 Scriptura}
1811 5454 1947 5532 ejus
1979 5455 2466 5517 circumstantiis
2513 5456 2846 5516 convenit:
2909 5456 3079 5514 locus
3132 5452 3403 5534 denique
3461 5468 3540 5534 ex
3596 5468 3725 5529 quo

319 5536 532 5616 prodit
560 5534 714 5596 illud
747 5552 981 5616 nempe
1009 5529 1482 5607 monasterium,
1517 5529 1685 5615 quod
1708 5529 1930 5613 ipse'S.
1964 5537 2398 5598 Columbanus
2429 5537 2734 5606 fundavit,
2761 5536 2994 5616 diuque
3026 5534 3204 5616 rexit,
3267 5531 3346 5616 ad
3403 5529 3727 5616 conjectu:

320 5611 454 5678 ram
490 5615 792 5677 momenti
820 5611 1163 5698 plurimum
1196 5617 1390 5676 addit.
1413 5611 1633 5698 iNih'ilo
1668 5611 1878 5698 tamen
1914 5617 2116 5698 minus
2147 5638 2274 5679 non
2310 5637 2422 5698 pro
2455 5620 2639 5678 certis
2668 5614 3030 5698 constituta
3058 5615 3188 5698 haec
3244 5611 3556 5698 volumus,
3618 5611 3729 5673 sed

313 5716 531 5758 verum
560 5701 880 5756 auctorem
912 5695 1358 5776 internoscere,
1393 5697 1720 5757 doctorum
1755 5692 2110 5774 hominum,
2145 5701 2251 5777 qui
2285 5692 2420 5758 Herc
2454 5698 2668 5757 lecturi
2703 5695 2868 5765 sunt,
2897 5692 3134 5770 judicio
3166 5692 3608 5773 permittimus.

1997 5889 2065 5901 -ιι
