4220 6590
341 447 461 524 868

1506 438 2006 515 BREVIARIUM
2048 439 2129 511 IN
2176 441 2568 512 PSALMOS.

3637 444 3756 528 866

346 597 514 652 ctum
539 589 1082 666 comprehensionis
1115 586 1300 645 ardua
1358 590 1532 659 atque
1586 584 1864 655 difﬁcilis,
1898 601 1995 640 cu-
2029 585 2083 651 Α
2113 584 2388 656 quoniam
2421 583 2564 651 vult,
2599 582 2698 658 qui
2731 583 2810 641 sit
2840 588 3094 657 sectator
3133 583 3508 659 perfectionis
3562 588 3757 660 expri-

344 685 537 743 stodia
566 685 583 722 ί
611 697 744 740 vero
774 679 983 748 facilis,
1014 678 1157 734 Vitae
1209 685 1408 734 autem
1466 675 1614 732 ratio
1672 676 1742 731 ad
1788 673 2000 730 intelli-

353 775 611 848 gendum
656 787 860 845 prona,
893 774 950 825 et
980 785 1154 841 quam
1189 769 1212 802 ²
1243 765 1508 823 omnium
1550 764 1850 822 intellectu
1885 768 2002 820 tam

356 864 416 919 in
449 864 737 920 bonorum
769 858 1056 933 appetitu,
1083 872 1261 930 quam
1296 856 1355 910 in
1409 854 1701 910 malorum
1759 854 1900 925 fuga
1927 851 2007 907 vi-

356 953 562 1009 deatur
592 949 875 1023 exposita.
913 945 1207 1003 Exhibitio
1233 961 1366 1000 vero
1399 959 1512 1000 non
1547 942 1739 1015 operis
1771 957 2004 1014 parum,

356 1055 423 1097 ac
448 1039 690 1108 laboris,
725 1031 826 1095 sed
859 1048 1286 1107 nonnunquam
1315 1033 1446 1088 vita:
1494 1031 1703 1088 merito
1733 1030 1806 1087 ad
1830 1031 2006 1086 ﬁdem

355 1129 552 1186 aditus
582 1127 768 1201 aperit
795 1128 838 1198 ³,
869 1131 926 1182 et
957 1141 987 1180 e
1032 1123 1258 1180 diverso
1308 1122 1380 1178 ad
1436 1121 1750 1194 perfectam
1807 1119 2006 1191 cogni-

356 1219 576 1274 tionem
608 1215 863 1290 peccatis
894 1213 1227 1277 obstruit‘;
1262 1227 1398 1266 nam
1438 1208 1617 1266 veluti
1649 1208 2007 1279 quibusdam

352 1306 611 1364 tenebris
670 1302 1126 1362 conversationis
1179 1304 1403 1356 certum
1459 1296 1797 1354 intercludit
1854 1298 1895 1368 ⁵,
1953 1299 2012 1352 et

368 1395 575 1466 purius
605 1394 856 1467 impedit
884 1407 1064 1448 unam
1093 1391 1246 1446 hanc
1277 1393 1502 1462 partem
1559 1386 1812 1443 maxime
1858 1387 2008 1442 Scri-

360 1489 546 1558 ptura:
581 1483 788 1540 divinae
820 1480 1036 1554 Moysis
1067 1477 1345 1537 excolere.
1403 1478 1474 1534 Et
1529 1477 1658 1533 ideo
1715 1475 1891 1532 etiam
1949 1475 2010 1530 in

359 1572 631 1646 praesenti
661 1570 890 1644 psalmo
921 1573 1055 1626 ante
1085 1570 1442 1625 documenta
1472 1564 1784 1638 disciplina
1813 1581 2011 1620 mora-

359 1663 436 1718 lis
464 1661 747 1719 indicitur
777 1678 791 1730 ;
821 1675 957 1716 nam
1004 1658 1209 1716 abesse
1239 1675 1274 1714 a
1302 1657 1527 1730 pecteta
1582 1656 1698 1712 ﬁde
1727 1655 1747 1690 ⁸
1779 1669 2011 1710 morum

363 1751 524 1823 vitia,
550 1749 824 1823 Apostolo
851 1753 1020 1817 teste,
1055 1749 1379 1815 discamus,
1432 1747 1534 1819 qui
1567 1746 1650 1802 ait
1706 1745 1777 1801 ad
1811 1743 2014 1801 Corina-

365 1840 522 1897 thios
557 1857 568 1896 :
601 1841 726 1896 Non
779 1841 932 1911 potui
978 1839 1128 1895 vobis
1185 1839 1335 1910 loqui
1393 1836 1553 1908 quasi
1601 1833 2012 1907 spiritualibus,

363 1929 458 2029 3'86!
476 1928 998 2029 ςιωξίξανπαίίθαδτ
1035 1930 1215 2029 φιλαίδίῂ
1250 1927 1499 2029 Ιξίνξυαίίδ
1554 1927 1615 1980 in
1661 1925 1926 2029 qhﬁ‘to’
1957 1924 2015 2029 ei
2046 1948 2096 2022 Β
2134 1924 2339 2012 eorum
2369 1955 2661 2011 consortio
2682 1924 3054 2029 jungeretur,
3111 1957 3212 2013 sed
3248 1960 3290 1993 ¹¹

368 2017 678 2090 subjuugit
707 2035 721 2073 :
753 2031 878 2073 cum
904 2018 1053 2073 enim
1103 2015 1217 2072 sint
1264 2017 1412 2072 inter
1471 2031 1584 2082 vos,
1645 2019 1780 2080 etc.,
1836 2027 2020 2068 nonne

370 2107 624 2163 carnales
671 2109 822 2172 estis,
883 2110 937 2161 et
993 2107 1300 2162 secundum
1367 2105 1641 2161 hominem
1727 2101 2021 2158 ambulatis

373 2195 421 2266 (Ι
451 2195 569 2251 Cor.
604 2211 645 2262 ι,
679 2193 822 2265 1-2).
857 2209 991 2250 cum
1019 2196 1344 2250 econtrario
1377 2192 1679 2250 Cornelius
1710 2191 1782 2248 ad
1842 2190 2019 2246 ﬁdem

374 2284 473 2340 sit.
508 2325 521 2338 .
558 2324 571 2338 .
607 2325 619 2339 .
653 2282 789 2354 (Act.
820 2299 900 2354 χι,
933 2281 956 2338 Ι
985 2286 1146 2355 seq.).

447 2373 651 2446 Itaque
681 2376 1096 2445 argumentum
1129 2376 1219 2427 est
1249 2372 1801 2445 praesentis-psalmi
1835 2373 2025 2430 Domi-

376 2475 520 2520 num
551 2459 919 2532 deprecantis
951 2461 1022 2517 ad
1056 2461 1440 2516 reserandum
1473 2461 2024 2528 intellectum,acce-

378 2552 536 2607 dere.
567 2549 638 2604 Et
661 2549 711 2604 si
744 2565 982 2606 necesse
1013 2548 1190 2605 fuerit
1219 2565 1323 2621 pro
1345 2549 1807 2608 consideratione
1829 2556 2032 2607 nostra

381 2637 815 2697 occurrentium
847 2638 1046 2711 aliqua
1077 2637 1256 2694 latius
1309 2637 1621 2710 explicare,
1680 2657 1794 2695 non
1828 2639 2031 2696 oblivi-

385 2740 623 2786 scemur
663 2729 814 2800 ejus,
874 2744 1053 2800 quam
1111 2727 1494 2800 promisimus
1551 2728 1610 2784 in
1668 2727 2034 2797 Praefatione,

386 2817 711 2874 brevitatis.
767 2815 872 2873 Hic
926 2817 1182 2872 maxime
1232 2817 1600 2873 servabimus
1653 2817 1714 2873 in
1767 2819 2037 2890 przesenti

393 2905 644 2980 psalmo,
668 2909 724 2962 et
754 2905 813 2961 in
841 2903 1082 2977 reliquis
1139 2905 1436 2973 omnibus,
1496 2911 1564 2962 ut
1609 2923 1841 2963 omnem
1875 2907 2040 2963 intel-

389 2997 611 3051 lectum
644 2994 705 3050 in
735 3009 1031 3051 summam
1053 2993 1405 3068 redigentes,
1464 2995 1713 3050 strictim
1763 2997 1918 3068 quod
1949 2994 2036 3051 di-

391 3084 642 3140 cendum
675 3087 766 3140 est
797 3081 1156 3156 eXplicemus
1183 3099 1196 3138 :
1232 3083 1513 3155 quoniam
1544 3101 1660 3140 non
1709 3085 1878 3141 nobis
1909 3097 2041 3158 pro-

394 3172 652 3246 positum
685 3173 807 3228 est"
826 3171 1005 3227 latius
1026 3176 1236 3228 cuncta
1256 3172 1551 3245 prosequi,
1573 3173 1674 3229 sed
1697 3175 2041 3230 summatim

398 3262 689 3318 dictorum
722 3259 987 3316 omnium
1018 3275 1231 3316 sensus
1286 3262 1593 3333 attingere,
1624 3266 1690 3318 ut
1745 3263 1931 3335 possit
1959 3263 2040 3318 le-

397 3351 580 3406 cturis
625 3347 1009 3422 eXpositionis
1060 3348 1254 3420 prima
1305 3349 1482 3404 facies
1538 3351 1560 3384 ⁸
1589 3351 1866 3422 relucere,
1921 3349 2038 3406 illis

399 3437 801 3510 relinquentes
848 3436 1184 3493 occasiones
1240 3437 1486 3509 majOris
1536 3438 1960 3512 intelligentia,
1992 3439 2042 3496 si

401 3526 694 3583 voluerint
723 3524 946 3598 aliquid
978 3525 1214 3596 addere,
1247 3542 1374 3598 quae
1413 3531 1608 3584 tamen
1659 3544 1694 3584 a
1743 3529 2048 3601 praemissa

399 3614 876 3689 interpretatione
928 3629 1042 3672 non
1100 3615 1430 3689 discrepent
1479 3635 1493 3686 ;
1553 3617 1667 3674 ista
1717 3619 1872 3674 enim
1928 3617 2046 3675 veri

403 3709 493 3762 est
521 3704 853 3762 intellectus
883 3705 1200 3778 perceptio,
1235 3709 1301 3762 ut
1329 3722 1434 3778 per
1462 3705 1719 3763 historiae
1749 3707 1926 3763 ﬁdem
1964 3712 2050 3764 te-

403 3801 607 3851 nerem
635 3793 1014 3866 expositionis
1046 3798 1338 3866 aptemus,
1370 3800 1428 3851 et
1484 3795 1899 3852 concinnenter
1941 3797 1962 3832 θ
1986 3811 2053 3852 ea

405 3889 536 3956 quae
567 3882 818 3940 dicenda
847 3886 990 3940 sunt
1015 3883 1411 3955 proferamus.

481 3973 687 4028 Beatus
715 3974 824 4039 vir,
849 3973 948 4044 qui
973 3987 1087 4028 non
1113 3972 1252 4028 abiit
1280 3975 1341 4028 in
1370 3974 1620 4042 consilio,
1657 3990 1846 4046 usque
1893 3974 2052 4044 sedit,

411 4060 708 4117 interdum
738 4061 1041 4132 Scriptura
1069 4061 1268 4117 divina
1306 4062 1459 4119 inter
1511 4063 1762 4136 impium
1817 4068 1875 4120 et
1921 4077 2055 4136 pec-

411 4148 667 4205 catdrem
718 4149 856 4204 facit
911 4149 1300 4206 diﬂ'erentiam
1335 4167 1348 4205 :
1383 4151 1632 4224 impium
1689 4169 1901 4209 vocans
1951 4153 2056 4210 Dei

333 4307 336 4309 Α
408 4239 528 4293 veri
561 4237 830 4293 notitiam
882 4253 999 4293 non
1060 4237 1420 4309 habentem;
1479 4245 1846 4313 peccatorem
1899 4259 2054 4311 vero,

409 4325 639 4383 honesti
673 4326 932 4397 rectique
961 4328 1255 4383 tramitem
1305 4345 1420 4384 non
1479 4333 1777 4388 tenentem
1809 4347 1822 4387 :
1858 4335 2055 4389 tamen

315 4419 320 4424 ’
411 4415 512 4472 ubi
569 4414 872 4471 communi
917 4415 1197 4472 vocabulo
1254 4421 1570 4490 utrumque
1626 4419 1935 4492 signiﬁcet,
1995 4421 2055 4476 in

411 4504 679 4578 praesenti
750 4507 947 4560 tamen
1012 4504 1246 4560 videtur
1309 4508 1497 4563 facere
1563 4507 2053 4567 distinctionem:

485 4613 499 4651 ί
530 4611 806 4687 Quaedam
837 4610 977 4674 hinc
1007 4613 1562 4687 verbaexciderint,
1613 4629 1864 4687 quorum
1895 4617 2055 4674 det'e-

411 4682 833 4761 ctu_claudicat
860 4685 1271 4761 sensus.Nullo
1302 4691 1500 4743 autem
1522 4682 1755 4760 negotio
1787 4687 2061 4761 supplere
2088 4689 2136 4755 D
2167 4687 2315 4761 ﬁdei.

413 4772 480 4812 ex
509 4754 743 4826 ingenio
775 4755 1013 4826 poteris.

419 4879 426 4883 _
481 4826 503 4902 3
529 4824 638 4882 Pro
669 4824 899 4902 duabus
928 4826 1170 4896 voculis,
1203 4837 1254 4885 et
1282 4845 1469 4902 quam,
1502 4831 1658 4902 quod
1681 4831 2057 4889 manifestum

412 4901 501 4954 est
526 4898 830 4966 mendum,
861 4902 1013 4956 recte
1061 4898 1358 4973 utcunque
1414 4898 1628 4974 legeris
1683 4919 1800 4959 uno
1858 4905 2052 4976 verbo,

361 5007 365 5012 —
409 4984 595 5042 aequa,
626 4976 728 5026 aut
755 4985 926 5042 aeque.

526 5041 633 5096 Hic
659 5041 891 5116 quoque
920 5042 1187 5116 nonnihil
1229 5043 1512 5116 impedita
1540 5044 1720 5102 series
1775 5046 2057 5103 orationis

413 5115 548 5180 est;
581 5113 691 5190 sed
715 5114 909 5190 multo,
949 5113 1333 5190 impeditior,—
1364 5116 1682 5190 minusque
1716 5133 1905 5190 sane
1926 5118 2058 5190 ipsa

413 5183 702 5242 sententia
728 5185 1014 5268 videatur,
1035 5183 1133 5270 lsi.
1175 5189 1355 5270 proba
1410 5183 1618 5270 merito
1671 5188 1821 5260 vitea,
1879 5183 2056 5245 ﬁdem

409 5271 587 5328 posse
607 5258 947 5329 quempiam
980 5258 1223 5331 adipisci
1254 5259 1502 5315 censuit.
1808 5258 1813 5260 ⁷

418 5398 453 5409 Δ.
483 5327 505 5360 ⁴
540 5323 979 5409 Rescripsimus
1002 5331 1360 5409 conﬁdenter
1387 5331 1642 5409 obstruit,
1697 5347 1802 5402 pro
1835 5347 1951 5403 quo
1980 5331 2059 5387 vi-

414 5399 571 5474 tiose
596 5399 934 5474 apographo
965 5401 1269 5474 legebatur
1295 5403 1580 5460 abstinuit.

487 5470 508 5502 ⁵
538 5469 756 5544 Supple
782 5469 1080 5530 tramitem.
1115 5475 1178 5529 In
1211 5474 1470 5544 reliquis,
1513 5479 1578 5529 ut
1609 5490 1817 5530 sensus
1849 5477 2056 5530 utcun-

417 5555 528 5624 que
555 5543 868 5626 constaret,
900 5544 1002 5616 qui
1035 5543 1233 5626 nullus
1262 5543 1432 5626 plane
1462 5551 1587 5602 erat
1615 5547 1674 5601 in
1720 5561 1855 5608 ms..
1893 5562 2060 5619 repo-

416 5620 648 5691 suimus
678 5620 895 5684 purius,
929 5633 1032 5691 pro
1067 5620 1314 5691 paritas,
1367 5624 1425 5674 et
1480 5633 1669 5691 unam,
1729 5631 1834 5691 pro
1863 5633 2056 5687 unum,

427 5684 679 5772 denique
709 5701 826 5741 uno
856 5684 1030 5772 verbo
1058 5684 1307 5772 fecimus
1337 5684 1747 5772 eacolere,_.pr6
1794 5706 1908 5772 quo
1935 5684 2064 5746 erat

418 5756 770 5835 duobustea:
797 5757 1006 5835 colore,
1060 5759 1206 5835 satis
1254 5762 1464 5835 supino
1511 5756 1840 5835 antiquet-ii
1870 5761 2058 5835 lapsu.

417 5826 583 5976 ἕξιἃά
614 5827 756 5897 seio,
777 5845 920 5888 num
951 5829 1138 5906 pluris
1168 5826 1347 5890 fuerit
1369 5833 1571 5906 Augizs
1602 5826 1902 5891 stabulum
1929 5826 2064 5908 pur-

2111 689 2289 738 mere,
2322 673 2413 729 cui
2445 674 2621 729 etiam
2650 673 3081 730 beatitudinem
3138 675 3322 731 credit
3349 673 3459 731 rite
3516 692 3753 750 compe-

2112 767 2253 828 tere,
2285 761 2374 817 vel
2405 766 2642 835 propter
2692 763 3009 835 perfectam
3066 764 3137 820 de
3194 762 3416 821 Deitate
3460 765 3759 837 notitiam,

2113 858 2200 915 vel
2233 865 2467 932 propter
2487 859 2685 916 studia
2713 861 2844 916 vita:
2893 859 3174 916 melioris.
3235 862 3396 925 Quod
3455 877 3592 919 vero
3653 862 3756 934 ait,

2113 964 2223 1004 non
2247 949 2406 1016 abiit,
2434 963 2545 1003 non
2574 951 2738 1017 sidit,
2774 965 2885 1004 non
2922 948 3083 1016 sedit,
3143 950 3354 1006 animas
3412 956 3610 1008 motus
3639 961 3764 1009 c‘or-

2116 1036 2416 1110 poralibus
2455 1037 2651 1109 signat
2697 1037 2931 1094 indiciis
2969 1056 2981 1094 :
3014 1039 3294 1110 quoniam
3352 1052 3488 1096 cum
3535 1039 3761 1114 aliquid

2118 1133 2398 1189 molimur
2425 1134 2674 1204 efﬁcere,
2708 1135 2963 1207 primum
3021 1137 3095 1192 ad
3155 1137 3557 1210 arripiendum
3616 1143 3764 1212 opus

2118 1239 2532 1280 movemur.....
2567 1223 2778 1279 deinde
2831 1224 3232 1294 subsistimus,
3288 1227 3389 1283 ubi
3446 1245 3540 1284 res
3595 1225 3769 1301 ccepit

2117 1327 2245 1368 esse
2275 1311 2334 1367 in
2362 1313 2640 1368 manibus
2674 1329 2686 1368 :
2723 1313 2790 1369 ad
2827 1313 3150 1370 sedendum
3184 1331 3318 1371 vero
3347 1316 3764 1387 convertimur,

2118 1400 2348 1473 negotio
2370 1401 2497 1472 jam
2530 1407 2731 1474 parato
2763 1404 2823 1460 ¹⁰.
2861 1403 2976 1459 Hoc
3002 1407 3244 1460 sanctus
3277 1403 3454 1461 David
3475 1405 3575 1476 ait,
3608 1399 3765 1479 quod

2119 1495 2217 1554 ille
2247 1515 2378 1555 vere
2408 1500 2616 1555 beatus
2646 1499 2744 1568 sit,
2776 1501 2876 1573 qui
2911 1517 3100 1573 neque
3130 1502 3342 1574 primis
3397 1495 3638 1574 quidem
3667 1519 3764 1560 ve-

2121 1588 2313 1662 stigiis
2344 1589 2659 1661 impietatis
2688 1590 3100 1664 cogitationem
3135 1590 3282 1648 adiit
3311 1591 3401 1648 vel
3460 1591 3767 1675 ingressus

2121 1682 2212 1734 est
2240 1694 2432 1752 neque
2459 1679 2731 1735 affectum
2784 1680 2944 1751 pravi
3001 1681 3314 1753 operis.....
3375 1681 3609 1754 reperit,
3666 1691 3768 1739 ne-

2124 1784 2237 1840 que
2267 1765 2386 1823 ulla
2415 1784 2514 1823 rea
2561 1767 2824 1824 irretitur
2884 1766 3051 1824 mala
3106 1769 3435 1826 dilectionis
3473 1769 3770 1842 illecebra,

2124 1881 2256 1939 quae
2285 1864 2519 1921 nomine
2550 1865 2858 1936 cathedrae,
2917 1871 2976 1923 et
3030 1867 3312 1923 sessionis
3368 1868 3646 1935 ostendit,
3705 1872 3772 1925 ut

3341 1955 3592 2014 aliorum
3626 1958 3770 2014 sim-

2127 2045 2444 2119 plicitatem
2518 2061 2739 2102 veneno
2797 2063 2918 2102 suae
2979 2045 3279 2119 pravitatis
3334 2047 3626 2114 inﬁciunt,
3659 2043 3777 2105 Hos

2129 2136 2285 2192 enim
2315 2133 2654 2208 pestilentes
2682 2138 2847 2190 vocat
2875 2151 3128 2206 quorum
3182 2141 3272 2192 est
3301 2136 3472 2209 plane
3505 2137 3781 2194 morbosa

2132 2225 2488 2296 conjunctio.
2521 2224 2666 2280 Nam
2697 2223 2873 2280 etiam
2902 2222 3246 2296 pestilentiae
3306 2225 3608 2298 proprium
3668 2231 3778 2296 est,

2134 2324 2204 2379 ab
2236 2340 2354 2379 uno
2385 2323 2444 2379 in
2475 2321 2721 2378 alterum
2755 2323 3138 2390 transeundo,
3186 2322 3424 2379 inﬁcere
3453 2324 3778 2380 multorum

2136 2429 2380 2485 corpora
2408 2417 2585 2484 atque
2612 2411 2818 2466 vitiare
2846 2411 2963 2467 Non
2991 2410 3129 2466 abiit
3158 2427 3295 2484 ergo
3353 2411 3620 2484 dicendo,
3681 2429 3779 2469 as-

2139 2518 2350 2559 sensus
2390 2500 2809 2572 cogitationum
2867 2499 3112 2565 notavit,
3172 2500 3390 2572 quibus
3447 2502 3521 2556 ad
3577 2517 3788 2573 pravas

2141 2591 2548 2664 suggestiones
2579 2589 2863 2661 rapimur,
2892 2587 2952 2643 in
2979 2588 3196 2660 quibus
3248 2589 3488 2645 libuerit
3539 2589 3789 2662 implere

2143 2679 2447 2754 proprium
2483 2680 2547 2732 ¹².
2580 2677 2687 2744 Qui
2745 2693 2878 2732 vero
2934 2677 3036 2745 ait,
3090 2693 3202 2732 non
3254 2680 3402 2733 stetit
3434 2721 3450 2750 ,
3484 2693 3789 2749 nunquam

2145 2779 2204 2832 in
2237 2793 2408 2849 opere
2435 2775 2645 2831 exiisse
2677 2775 2918 2842 indicat,
2939 2773 2997 2829 in
3031 2774 3186 2846 quod
3216 2775 3493 2847 cogitatio
3525 2773 3792 2834 animum

2147 2870 2540 2939 suggesserat,
2563 2865 2720 2933 quod
2750 2869 2944 2919 tamen
2976 2863 3293 2935 implemus
3350 2880 3485 2919 cum
3544 2863 3795 2920 delectat

2150 2957 2207 3010 in
2242 2954 2370 3010 aliis
2401 2953 2675 3026 operibus
2701 2954 2947 3026 gradum
2976 2953 3267 3024 ﬁgere.....
3317 2970 3382 3009 ac
3413 2954 3626 3026 saepius
3652 2953 3796 3010 resti

2150 3057 2411 3110 tare.Per
2439 3051 2728 3108 cathedrae
2761 3050 3148 3106 i‘nsessionem
3178 3049 3277 3106 ille
3306 3051 3700 3123 signatur,qui
3714 3051 3798 3107 ita

2153 3141 2495 3203 delectatur.
2527 3144 2584 3197 et
2612 3139 2928 3211 requiessit
2956 3139 3016 3195 in
3048 3138 3205 3196 mala
3249 3140 3702 3208 consuetudine,
3736 3145 3804 3196 ut

2155 3231 2399 3304 reliquis
2429 3231 2696 3302 ejusdem
2727 3228 2908 3286 studii
2939 3228 3283 3285 hominibus
3328 3230 3458 3286 sine
3486 3228 3608 3286 ullo
3637 3245 3799 3286 vere-

2070 3323 2113 3393 C
2152 3320 2376 3376 cundiae
2425 3319 2744 3375 misceatur
2797 3331 3066 3374 assensu.
3123 3316 3232 3383 Qui
3287 3321 3422 3374 vero
3477 3318 3800 3389 impiorum

2153 3417 2400 3475 consilia
2427 3416 2644 3489 posuit,
2679 3413 3048 3488 peccatorum
3105 3428 3242 3470 vero
3300 3428 3496 3486 opera,
3527 3416 3701 3471 satis
3727 3415 3800 3471 ad

2155 3512 2473 3577 utrumque
2504 3504 2779 3576 respexit,
2813 3503 3090 3576 impietas
3119 3501 3276 3559 enim
3312 3503 3387 3559 ad
3421 3504 3799 3575 agitationem

2157 3596 2373 3653 mentis
2402 3595 2736 3668 pertinet,et
2763 3598 2960 3649 motus
2977 3607 3095 3648 non
3124 3597 3277 3648 recte
3302 3592 3509 3649 animae
3540 3592 3802 3648 sentien-

2159 3687 2286 3743 tis:
2331 3689 2637 3758 peccatum
2685 3697 2820 3739 vero
2867 3681 2928 3738 in
2978 3697 3102 3739 rem
3154 3681 3306 3739 actio
3355 3683 3482 3754 jam
3528 3683 3803 3738 deducta.

2161 3784 2424 3841 Tertium
2455 3782 2612 3855 quod
2643 3781 2871 3838 addidit
2899 3781 3210 3854 utriusque
3240 3781 3284 3816 ¹³
3314 3781 3582 3853 subjecit,
3621 3787 3807 3854 quum

2163 3891 2279 3930 non
2310 3872 2504 3929 solum
2535 3871 2595 3926 hi
2627 3869 2967 3943 pestilentes
2994 3870 3469 3942 vocarentur,qui
3501 3868 3656 3926 male
3675 3877 3809 3925 sen-

2163 3963 2360 4019 tiendo
2391 3964 2779 4032 corrumpunt
2807 3957 3085 4032 reliquos,
3117 3964 3175 4015 et
3211 3958 3488 4016 societate
3516 3975 3625 4016 sua
3646 3959 3807 4031 peri-

2165 4057 2337 4109 munt
2365 4068 2378 4106 :
2412 4066 2614 4106 verum
2645 4049 2822 4105 etiam
2854 4047 2943 4104 illi
2973 4048 3075 4121 qui
3104 4048 3237 4104 tabe
3275 4048 3554 4104 consortii
3583 4048 3807 4104 bonum

2164 4136 2621 4196 conversationis
2651 4152 2770 4191 suae
2803 4139 2955 4192 recte
2985 4135 3336 4208 infringunt.
3371 4135 3595 4203 Quibus
3625 4134 3685 4190 in
3713 4135 3808 4191 to-

2165 4233 2292 4285 tum
2324 4243 2438 4282 non
2464 4223 2796 4290 admisceri,
2819 4227 2910 4279 est
2931 4224 3043 4280 sibi
3066 4224 3403 4296 “...optime
3423 4223 3807 4280 consulentis.

2165 4330 2234 4381 Et
2260 4326 2390 4382 ideo
2421 4323 2578 4380 hunc
2627 4322 2729 4394 qui
2778 4338 2881 4395 per
2944 4321 3145 4378 omnia
3190 4320 3444 4377 declinat
3498 4338 3533 4377 a
3585 4319 3807 4378 talibus

2166 4420 2400 4475 beatum
2434 4413 2738 4487 praesentis
2775 4411 2985 4484 psalmi
3017 4411 3186 4469 lectio
3243 4410 3524 4468 deﬁnivit.
3558 4410 3693 4475 μοιιὶ
3724 4411 3809 4468 ἢὸ

2165 4513 2330 4564 actus
2362 4520 2500 4560 suos
2531 4500 2949 4574 circumspicit,
2983 4505 3048 4556 ut
3067 4501 3245 4557 etiam
3277 4501 3349 4556 ab
3373 4499 3639 4556 “alienis
3661 4499 3818 4558 mali.

2235 4616 2256 4650 ⁶
2287 4612 2506 4669 Vitiose
2569 4614 2695 4666 erat
2757 4609 2817 4664 in
2885 4607 3243 4681 apographo,
3311 4607 3496 4665 abesse
3556 4609 3812 4681 perfecte

2237 4759 2256 4834 ἶ
2286 4753 2666 4834 Ijic‘alteram
2694 4751 2945 4834 negandi
2962 4751 3322 4834 particulam
3347 4752 3711 4834 induximus.

2238 4830 2258 4864 ³
2290 4829 2423 4883 Erat
2449 4826 2508 4880 in
2543 4841 2654 4880 ms.
2688 4823 2921 4892 vitiose,
2948 4823 3092 4895 [acie
3124 4841 3138 4892 ;
3171 4829 3230 4880 et
3287 4840 3442 4892 mox,
3500 4826 3814 4897 relinquen-

2165 4901 2330 4966 tibus,
2364 4914 2468 4971 pro
2494 4897 2892 4971 relinquentes.

2235 4974 2256 5008 ⁹
2288 4967 2555 5036 Fortasse
2585 4967 2896 5040 legendum
2928 4970 3019 5040 est
3036 4968 3342 5024 continent.

2236 5044 2280 5080 ¹⁰
2310 5039 2595 5114 Suspicor
2624 5038 3090 5114 rescribendum,
3120 5043 3355 5114 peracto.

2235 5116 2279 5193 TE
2306 5110 2503 5193 Malim
2533 5113 2632 5184 qui
2663 5111 3025 5193 ηεροτιίοφιό
3057 5110 3170 5193 ﬁed-

2238 5188 2281 5222 ¹⁹
2309 5179 2558 5241 Videtur
2577 5179 2764 5239 multo
2795 5179 3013 5240 rectius
3069 5181 3383 5254 legendum
3433 5179 3804 5251 propositum.

2167 5261 2230 5316 In
2259 5255 2641 5338 subsequenti
2673 5255 2934 5338 proxime
2958 5251 3811 5338 versu'adverbiummunquam

2135 5347 2272 5406 ‘pro
2301 5321 2576 5406 exesisin
2611 5321 2807 5406 codice
2835 5325 3047 5406 litteris
3099 5322 3538 5380 substituimus.
3573 5321 3812 5377 Leviora

2168 5397 2434 5476 quaedam
2467 5398 2580 5455 alia
2601 5397 2770 5476 taciti
2801 5397 3177 5476 castigamus.

2243 5475 2286 5510 ‘3
2310 5478 2413 5528 Ms.
2476 5470 2743 5536 praeferre
2789 5466 3114 5536 videbatur,
3174 5466 3460 5534 utriusque
3493 5482 3506 5521 :
3539 5474 3674 5520 mox
3704 5474 3810 5536 pro

2243 5489 2286 5510 ιο
2310 5489 2413 5528 MS.
2517 5489 2743 5525 reeterre
2789 5489 3114 5536 Viuenawr,
3174 5489 3460 5534 ιιινῑιωιιιισ
3493 5489 3506 5521 :
3540 5489 3674 5520 mox
3704 5489 3810 5536 pro

2168 5563 2354 5620 quam,
2389 5489 2589 5598 magim
2618 5539 2782 5613 quod,
2814 5545 2917 5595 aut
2946 5539 3244 5620 quoniam;
3274 5535 3528 5608 denique
3553 5551 3816 5620 vocaren-

2171 5618 2417 5694 ἐπιτερνο
2445 5621 2751 5694 vocaretur.
3169 5679 3184 5694 ,
3304 5682 3376 5693 Η
3565 5685 3575 5694 _
3687 5618 3716 5694 ’δ
3783 5681 3793 5692 ⁸

2247 5679 2290 5726 ιλ
2316 5679 2537 5759 Supple
2568 5700 2670 5759 pro
2698 5699 2879 5740 vacuo
2910 5679 3121 5753 spatio,
3163 5679 3402 5737 hominis
3433 5698 3453 5743 ;
3482 5685 3585 5740 aut
3613 5681 3814 5753 anirm',

2173 5766 2275 5820 aut
2303 5755 2681 5820 quid—simile.

2180 5905 2222 5941 .
2248 5833 2292 5871 ιδ
2316 5823 2519 5890 Deerat
2540 5829 2602 5885 in
2629 5841 2774 5885 mss.
2807 5825 2876 5884 ab
2905 5823 3259 5899 prapositio.
