4220 6570
486 401 603 479 867

1982 399 2403 462 APPENDIX.

3784 400 3906 463 868

486 532 899 590 sollicitatione
924 530 1175 588 declinet
1208 549 1221 602 ;
1253 535 1311 588 et
1338 536 1598 605 veretur,
1633 550 1704 589 ne
1757 534 1964 590 alienis
2023 550 2139 588 ma-
2168 535 2219 601 A
2252 532 2646 587 sustinebunt.
2680 530 2824 585 Nam
2858 530 2878 564 θ
2909 529 2989 584 ita
3018 530 3127 585 erit
3167 545 3478 586 commune
3534 530 3746 588 animae
3778 549 3903 591 cor-

485 620 633 678 culis
662 622 884 678 candor
913 639 1060 678 suus
1090 621 1433 695 puritasque
1489 622 1767 679 fuscetur.
1801 622 2086 689 Quoniam
2117 624 2133 656 ¹

482 712 776 768 tendendo
820 712 894 767 ad
946 711 1388 783 beatitudinem,
1423 729 1536 768 non
1595 713 1814 768 sufﬁcit
1870 713 2137 768 recedere

480 804 715 857 tantum
747 817 781 855 a
812 799 1001 856 malis:
1037 800 1265 857 scilicet
1291 802 1464 857 etiam
1494 802 1647 857 bona
1678 802 1866 857 facere
1899 817 2136 856 necesse

483 894 591 945 est.
625 889 876 945 Inferius
906 892 987 945 ait
1019 908 1032 945 :
1066 889 1169 945 Sed
1199 892 1257 945 in
1289 891 1402 961 lege
1447 891 1668 947 Domini
1721 892 1830 959 fuit
1884 890 2136 946 voluntas

485 993 674 1050 usque
705 978 815 1046 die,
868 996 932 1035 ac
984 988 1154 1035 nocte.
1213 979 1337 1034 Non
1397 978 1609 1047 solum,
1671 979 1883 1052 inquit,
1937 980 2135 1034 studet

486 1067 779 1123 malorum
810 1068 1106 1124 consortia
1173 1067 1486 1140 declinare,
1528 1085 1729 1123 verum
1787 1068 2046 1132 assidua,
2079 1072 2137 1122 et

477 1156 606 1229 jugi
642 1156 1019 1213 meditatione
1053 1156 1218 1230 legis,
1252 1156 1447 1223 discit,
1499 1157 1730 1230 qualem
1766 1174 1828 1212 se
1883 1158 2134 1213 formare

482 1246 809 1302 conveniat.
870 1246 939 1302 Et
996 1250 1060 1301 ut
1129 1246 1496 1303 fructuosum
1556 1246 1923 1317 hujusmodi,
1975 1248 2129 1318 quod

482 1335 892 1390 commendare
924 1334 1134 1390 nititur
1163 1335 1419 1407 praebeat
1446 1335 1709 1391 studium
1746 1353 1758 1391 :
1791 1334 2021 1391 inducit
2051 1335 2129 1390 si-

482 1423 900 1491 militudinem,
934 1440 1036 1495 per
1064 1440 1243 1496 quam
1275 1425 1482 1496 possit,
1532 1425 1774 1492 bonum,
1808 1429 1864 1480 et
1895 1425 2130 1481 beatum

480 1529 655 1584 quem
688 1513 710 1546 ²
738 1513 965 1580 dicunt,
998 1512 1344 1569 hominibus
1392 1513 1670 1570 relucere.
1727 1515 1789 1568 Et
1840 1514 1949 1569 erit
1991 1516 2134 1569 sicut

480 1602 691 1673 lignum
712 1602 851 1674 quod
890 1602 1210 1673 plantatum
1268 1606 1347 1656 est
1402 1618 1557 1658 secus
1604 1601 1883 1670 decursus,
1943 1618 2131 1674 usque

476 1692 963 1764 prosperabuntur.
999 1690 1163 1746 Sicut
1203 1691 1396 1759 arbor,
1457 1691 1671 1763 inquit,
1705 1691 1796 1745 cui
1828 1691 2127 1746 virere.....

478 1785 690 1836 natura
719 1784 826 1847 est,
860 1780 1036 1834 etiam
1067 1778 1178 1834 loci
1203 1781 1245 1850 ³,
1274 1780 1335 1835 in
1377 1797 1493 1851 quo
1523 1780 1784 1852 plantata
1832 1780 2025 1844 fuerit,
2055 1781 2132 1835 vi-

476 1868 745 1925 viﬁcatur
764 1867 1065 1938 beneﬁcio,
1099 1872 1165 1922 ut
1194 1869 1268 1923 ab
1282 1868 1552 1924 ariditate
1583 1868 1752 1940 aquis
1783 1870 2131 1925 defendatur

479 1957 738 2030 irriguis,
772 1961 947 2028 atque
977 1957 1049 2012 ab
1082 1956 1174 2013 his
1205 1956 1410 2012 multis
1442 1958 1521 2012 sit
1553 1957 1841 2014 fructibus
1901 1958 2075 2030 plena
2107 1984 2121 2028 ;

480 2063 607 2119 qua
631 2062 821 2119 neque
842 2045 1015 2113 aeris,
1044 2062 1231 2118 neque
1271 2046 1402 2115 loci,
1441 2063 1626 2117 neque
1656 2046 1936 2120 temporis
1968 2048 2123 2120 inju-

478 2136 598 2192 rias
629 2135 826 2191 sentit.
860 2136 917 2190 Id
953 2134 1109 2191 enim
1139 2136 1379 2204 indicat,
1414 2137 1569 2208 quod
1602 2137 1871 2208 sequitur
1900 2137 2122 2194 dicens:

475 2226 540 2281 Et
567 2227 763 2281 omnia
785 2241 1123 2298 quaecunque
1147 2227 1336 2297 faciet,
1376 2226 1858 2298 prosperabuntur
1889 2247 1910 2293 ;
1940 2229 2124 2283 omni-

476 2315 609 2383 bus,
640 2320 762 2370 tam
794 2320 1072 2387 perpetuo
1103 2316 1308 2383 virore,
1342 2331 1519 2387 quam
1576 2333 1884 2388 pomorum
1917 2334 2122 2373 nume-

478 2404 741 2475 rositate,
774 2404 1107 2475 conspicua.
1144 2404 1227 2460 Ita
1255 2420 1418 2477 seque
1465 2404 1560 2460 ille
1591 2407 1701 2460 erit
1759 2407 1974 2474 clarus,
2023 2408 2121 2479 qui

444 2546 449 2563 ,
479 2509 543 2548 se
573 2497 629 2548 et
659 2510 693 2548 a
717 2491 888 2548 malis
919 2493 1290 2566 abstinuerit,
1324 2500 1383 2549 et
1441 2495 1727 2551 bonorum
1788 2497 2119 2552 studiorum

478 2598 675 2637 amore
706 2581 1230 2654 devinxerit,quem
1264 2598 1369 2637 nec
1400 2582 1519 2639 ulla
1548 2588 1917 2656 peccatorum
1949 2602 2123 2657 opera

476 2670 790 2742 decipiant,
824 2675 882 2725 et
908 2671 1212 2727 meditatio
1244 2672 1521 2727 continua
1568 2673 1713 2745 legis
1745 2678 2001 2742 exornet,
2037 2693 2116 2730 ss.

472 2766 693 2814 aeterna:
890 2760 1006 2815 Non
1034 2762 1113 2815 sic
1158 2762 1340 2833 impii,
1371 2778 1479 2817 non
1535 2763 1633 2829 sic,
1693 2762 1784 2818 sed
1832 2767 2117 2835 tanquam,

470 2862 678 2919 usque,
724 2864 765 2902 a
816 2848 960 2907 facie
990 2852 1169 2903 terrea.
1226 2848 1637 2920 Superioribus
1686 2849 1858 2906 dictis
1915 2867 2120 2906 omnes

473 2937 545 2990 ad
575 2936 809 2991 virtutis
842 2936 1107 2992 studium
1165 2938 1496 3009 provocavit
1530 2982 1543 3007 ,
1579 2939 1966 3010 praesentibus
2023 2940 2119 2995 de-

471 3028 650 3079 terret
682 3042 716 3079 a
743 3024 923 3093 vitiis,
955 3027 1012 3079 et
1028 3026 1463 3097 comparatione
1488 3027 1509 3059 ⁸
1557 3026 1812 3099 pulveris
1842 3028 2114 3084 ostendit.

474 3111 613 3183 quia
644 3115 802 3168 tanta
831 3113 910 3168 sit
957 3109 1152 3168 vilitas
1207 3114 1547 3187 impiorum,
1608 3120 1664 3171 et
1720 3133 1895 3189 quam
1956 3117 2117 3190 digni

466 3200 665 3271 aliquo
695 3201 1022 3259 aestimatur
1048 3202 1069 3236 ⁶
1098 3218 1345 3259 assensu
1381 3220 1393 3259 :
1428 3209 1485 3261 et
1541 3206 1622 3259 ita
1680 3206 1851 3262 malis
1908 3223 2114 3279 super-

2249 622 2523 694 porisque
2555 619 2932 693 supplicium,
2965 618 3118 675 sicut
3162 618 3271 674 fuit
3328 624 3699 692 peccatorum
3731 638 3900 679 com-

2249 710 2447 766 munis
2496 710 2777 765 admissio
2832 711 2968 763 που..
3030 706 3143 764 tale
3200 712 3380 765 est....
3431 711 3810 781 posuerimus
3836 712 3895 768 in

2248 800 2464 870 apertis
2495 799 2845 855 criminibus
2893 814 3057 853 mora
3085 798 3156 854 ad
3215 798 3636 871 inquirendum
3695 801 3894 858 nullas

2244 889 2542 954 adhibere,
2574 889 2673 963 sed
2704 888 2902 943 statim
2935 888 3441 943 condemnationis
3484 888 3633 944 ferre
3663 894 3896 945 senisu-

2242 978 2407 1032 tiam:
2441 977 2524 1031 ita
2553 981 2610 1031 et
2639 976 2803 1048 impii
2826 977 2896 1031 ad
2931 992 3161 1048 pomum
3187 981 3556 1048 resurgentes
3587 995 3703 1034 non
3728 977 3892 1035 illam

2242 1066 2581 1121 dilationem
2616 1066 2653 1098 “
2689 1064 3146 1136 habebunt,qua:
3180 1064 3557 1137 soletjudicii
3587 1067 3642 1121 vi
3665 1067 3725 1122 in
3740 1084 3893 1140 qum-

2244 1154 2538 1210 stionibus
2570 1153 2864 1209 admoveri
2899 1171 2911 1208 :
2941 1171 3089 1225 quos
3120 1154 3355 1226 gravius
3397 1170 3634 1212 manere
3663 1157 3892 1229 suppli-

2243 1243 2403 1299 cium
2430 1242 2656 1315 psalmo
2706 1243 2813 1298 hoc
2870 1241 3162 1298 indicatur
3219 1244 3350 1298 ¹²....
3410 1244 3483 1298 ad
3536 1243 3888 1301 sceleratum

2244 1332 2534 1389 sententia
2562 1332 2620 1388 in
2650 1330 2847 1388 locum
2878 1331 3104 1387 meritis
3137 1331 3260 1387 suis
3318 1332 3582 1388 debitum
3641 1338 3698 1390 et
3754 1332 3892 1391 ulti-

2245 1438 2404 1478 mum
2439 1422 2862 1477 contrudentur
2889 1420 3234 1477 exitium.Et
3265 1421 3392 1477 ideo
3425 1439 3537 1477 non
3560 1422 3705 1478 dixit
3725 1424 3891 1481 abso-

2242 1511 2389 1580 lute,
2423 1528 2530 1567 non
2562 1515 2847 1579 rcsurgent
2876 1514 2901 1563 .9
2926 1511 3025 1566 sed
3075 1510 3324 1579 addidit,
3353 1510 3411 1566 in
3459 1511 3674 1582 judicio
3707 1528 3721 1568 :
3753 1510 3891 1570 licet

2243 1618 2357 1656 non
2383 1605 2690 1672 resurgent
2720 1601 2791 1655 ad
2838 1599 3355 1667 examinationem,
3398 1600 3499 1657 sed
3554 1607 3885 1674 resurgant,

2240 1692 2306 1744 ut
2331 1688 2529 1744 statim
2560 1688 2911 1745 sententiam
2945 1690 3342 1745 damnationis
3371 1689 3684 1763 excipiant.
3715 1690 3782 1746 Et
3811 1708 3885 1748 ne

2242 1781 2386 1834 forte
2416 1794 2486 1834 ex
2514 1778 2813 1833 communi
2864 1779 3305 1835 resurrectionis
3363 1779 3598 1835 nomine
3627 1795 3883 1837 commu-

2241 1884 2375 1923 nem
2428 1868 2787 1923 aestimemus
2829 1868 2872 1903 1³
2932 1870 3106 1923 etiam
3164 1869 3422 1924 futuram
3480 1868 3883 1942 expulsionem

2235 1974 2363 2013 esse
2393 1962 2760 2024 cunctorum,
2794 1957 3229 2029 ostendit,quod
3253 1957 3313 2013 in
3344 1959 3549 2014 eodem
3582 1964 3877 2016 momento

2234 2045 2676 2101 resurrectionis
2735 2060 2949 2117 magna
3006 2044 3203 2100 futura
3286 2046 3363 2101 sit
3419 2045 3761 2119 differentia,
3815 2052 3881 2104 ut

2234 2132 2385 2189 alius
2417 2150 2520 2205 per
2548 2132 2713 2189 illum
2745 2135 2816 2189 ad
2848 2134 3128 2190 honorem
3152 2134 3524 2207 perducatur,
3559 2135 3708 2193 alius
3740 2137 3876 2193 mit-

2234 2228 2395 2279 tatur
2424 2224 2481 2278 in
2518 2240 2769 2295 poenam.
2805 2224 2928 2279 Erit
2971 2223 3129 2279 enim
3190 2224 3445 2296 pretiosa
3499 2224 3650 2294 aliis,
3709 2230 3766 2281 et
3793 2243 3897 2283 re-.

2234 2311 2657 2380 munerabibis,
2685 2311 2816 2367 aliis
2846 2312 3061 2385 gravis,
3093 2316 3268 2384 atque
3326 2312 3627 2370 terribilis.
3661 2313 3760 2370 Vel
3792 2314 3879 2371 in-

2232 2407 2321 2457 ter
2355 2404 2395 2436 ”
2425 2407 2480 2457 et
2509 2402 2782 2475 impium,
2808 2408 2862 2457 et
2894 2406 3253 2474 peccatorem
3285 2402 3420 2458 fecit
3449 2402 3833 2461 dilferentiam
3859 2422 3873 2462 :

2233 2498 2289 2547 et
2318 2491 2531 2565 impios
2561 2491 2800 2564 quidem
2835 2492 2917 2547 ait
2946 2492 3003 2546 in
3028 2492 3323 2563 judicium
3372 2509 3486 2548 non
3545 2509 3868 2567 resurgam,

2231 2580 2287 2636 id
2320 2587 2427 2651 est,
2462 2586 2525 2637 ut
2556 2581 2826 2653 superius
2857 2580 3135 2651 diximus,
3160 2599 3276 2637 non
3308 2582 3367 2637 in
3398 2584 3875 2655 communicatio-

2232 2688 2364 2726 nem
2397 2670 2592 2726 venire
2634 2669 2954 2742 peccatoris
2982 2672 3025 2704 ¹⁵
3058 2688 3070 2725 :
3105 2670 3215 2726 hos
3272 2671 3330 2726 in
3389 2671 3631 2728 consilio
3679 2674 3874 2744 justo-

2231 2777 2385 2828 rum,
2420 2760 2528 2815 hoc
2560 2766 2667 2830 est,
2702 2758 2955 2815 utnulla
2983 2759 3099 2815 illis
3141 2760 3217 2816 sit
3246 2760 3304 2815 in
3345 2761 3646 2831 justorum
3678 2778 3872 2819 remu-

2230 2848 2528 2905 neratione
2559 2847 2912 2904 communio.
2952 2848 3282 2904 Tradentur
3340 2865 3477 2923 ergo
3535 2849 3711 2905 etiam
3755 2851 3868 2923 ipsi

2229 2937 2550 3009 suppliciis,
2584 2954 2698 2991 non
2758 2937 2911 3009 quod
2970 2953 3071 3009 per
3121 2941 3360 3009 peccata
3415 2937 3805 2995 excluduntur
3835 2957 3872 2996 a

2228 3026 2452 3099 primis.
2489 3042 2556 3081 ea
2586 3025 2712 3081 sine
2733 3025 2932 3093 dubio,
2966 3042 3091 3097 quae
3129 3031 3269 3082 sunt
3317 3044 3352 3082 a
3398 3026 3607 3099 primis
3639 3028 3868 3086 diversa

2227 3114 2596 3181 facientibus,
2629 3131 2687 3169 1n
2721 3113 2828 3170 hoc
2859 3115 3011 3170 enim
3056 3117 3165 3170 erit
3221 3116 3566 3185 differentia,
3600 3122 3665 3172 ut
3695 3117 3869 3191 impii

2228 3204 2464 3277 quidem
2497 3208 2807 3275 resurgant
2837 3220 2951 3259 non
2984 3203 3356 3273 discutiendi,
3414 3206 3515 3261 sed
3558 3207 3758 3263 statim
3788 3206 3872 3263 lo-

465 3290 837 3347 venientibus
868 3290 1250 3363 impellantur
1278 3292 1464 3361 facile,
1512 3311 1578 3350 ac
1628 3298 1781 3350 stare
1831 3312 1945 3351 non
1980 3313 2112 3368 pos-
2146 3285 2187 3346 C
2225 3293 2307 3349 cis
2338 3293 2464 3349 suis
2496 3294 2538 3329 ¹⁶
2587 3292 2940 3365 deputanti:
3000 3302 3330 3365 peccatores
3384 3310 3540 3364 vero,
3586 3299 3650 3352 ut
3703 3295 3871 3353 nulla

466 3379 607 3450 sint,
639 3384 705 3436 ut
734 3379 948 3452 pulvis,
989 3381 1089 3454 qui
1121 3398 1235 3453 prae
1266 3383 1550 3439 tenuitate
1607 3401 1714 3440 sua
1742 3402 1808 3441 ac
1858 3384 2110 3457 levitate,

464 3473 769 3526 ventorum
801 3469 1040 3526 ﬂatibus
1070 3470 1185 3526 huc
1208 3470 1462 3544 illucque
1483 3473 1951 3546 dispergitur.....
1992 3476 2113 3531 Ideo

464 3574 576 3614 non
604 3563 897 3631 resurgant
928 3560 946 3593 ⁷
978 3561 1157 3632 impii,
1194 3577 1381 3632 usque
1400 3563 1697 3633 juslorum.
1728 3564 1857 3619 Haec
1888 3566 2111 3631 dicens,

466 3663 581 3703 non
616 3648 1114 3703 resurrectionem
1174 3649 1372 3721 impiis
1430 3650 1700 3723 denegat,
1750 3652 1849 3725 qui
1910 3653 2114 3726 utique

467 3736 658 3791 sinon
691 3739 1053 3808 resugerent,
1104 3736 1493 3795 lucriﬁcarent
1551 3740 1747 3797 futura
1800 3742 2109 3814 supplicia,

466 3840 594 3896 quae
626 3823 866 3895 quidem
898 3841 1013 3879 non
1071 3822 1242 3880 aliter
1266 3825 1287 3858 ⁸
1332 3842 1447 3883 non
1479 3828 1732 3884 restituti
1767 3829 1823 3884 in
1874 3846 2113 3903 corpore

539 3948 557 3981 ¹
591 3946 979 4004 Restituimus
1009 3964 1077 4003 ex
1108 3947 1341 4023 ingenio
1373 3949 1789 4023 hic,Quoniam,
1818 3958 1875 4009 et
1905 3954 1963 4009 in
1997 3955 2111 4011 ﬁne

463 4035 691 4085 versus,
725 4023 957 4088 tantum,
989 4036 1093 4091 pro
1119 4021 1335 4092 quibus
1392 4030 1663 4096 corrupte
1720 4021 1844 4081 erat
1882 4025 1941 4082 in
1972 4042 2110 4099 apo-

464 4090 710 4148 aranho.
740 4106 932 4148 auum.
962 4099 1020 4147 et
1050 4100 1255 4148 tamen.

464 4106 710 4164 grapno,
740 4106 932 4162 quam,
962 4106 1020 4147 et
1050 4106 1255 4149 tamen.

533 4162 555 4196 ²
585 4161 952 4233 Trajectione
1000 4164 1208 4220 vitiosa
1247 4164 1513 4222 laborare
1568 4166 1729 4222 visus
1784 4173 1875 4225 est
1904 4187 2014 4225 ms.
2050 4169 2109 4226 in

463 4238 754 4306 quaerat,
788 4250 953 4306 quam
983 4235 1218 4291 beatum.

528 4305 554 4339 ³
583 4303 686 4361 Hic
717 4303 951 4384 quoque
982 4323 1096 4362 non
1128 4307 1528 4384 dubitavimus
1575 4309 1817 4384 reﬁgere
1849 4311 1971 4384 loci,
2006 4329 2109 4384 pro

461 4393 576 4503 pne
607 4393 718 4433 ms.
772 4382 973 4433 centra
1019 4379 1438 4451 prammaticas
1488 4379 1719 4452 regulas
1772 4379 2111 4453 praeferebat

484 4464 631 4504 acus.
1436 4460 1445 4470 ‘

529 4520 552 4553 ⁴
583 4521 668 4574 Ita
690 4519 1142 4590 compendiariis
1174 4520 1328 4575 notis
1357 4520 1467 4575 hoc
1499 4522 1689 4578 medio
1717 4540 1882 4579 versu
1922 4525 1978 4579 in
2012 4541 2106 4581 co-

459 4589 588 4668 dice
617 4589 902 4668 scriptum
935 4595 1060 4646 est:
1094 4595 1254 4668 puta,
1299 4592 1495 4668 salutis
1546 4598 1798 4668 aeternae,
1832 4597 1986 4668 quod
2019 4602 2109 4653 est

2215 3382 2397 3453 justis
2428 3382 2839 3438 communione
2859 3382 3204 3453 jungantur.
3238 3384 3352 3440 Hoc
3396 3388 3591 3440 autem
3621 3384 3870 3441 manife-

2224 3473 2375 3528 stius
2400 3489 2466 3527 ex
2498 3471 2612 3538 his,
2647 3488 2772 3544 quae
2799 3476 3147 3543 sequuntur,
3182 3473 3515 3529 ostenditur
3544 3474 3871 3547 :Quoniam

2221 3563 2373 3616 novit
2405 3562 2668 3616 Dominus
2698 3563 2847 3616 viam
2863 3561 3163 3632 justorum,
3197 3559 3255 3616 id
3306 3565 3415 3633 est,
3443 3560 3723 3633 placitum
3753 3562 3870 3619 sibi

2222 3655 2279 3705 et
2308 3653 2611 3721 acceptum
2642 3665 2770 3705 esse
2811 3649 3298 3706 remunerationis
3356 3650 3691 3707 testimonio
3737 3667 3867 3724 per-

2222 3739 2452 3793 docebit
2484 3757 2497 3806 ;
2531 3742 2585 3793 et
2616 3740 2721 3793 iter
2760 3730 3057 3810 impiorum
3099 3738 3320 3809 peribit.
3353 3739 3484 3796 Ideo
3542 3739 3698 3795 enim
3750 3756 3865 3797 non

2223 3832 2538 3899 resurgunt
2568 3827 2637 3883 ad
2671 3826 3162 3883 cxaminationem
3188 3827 3378 3900 impii,
3429 3827 3567 3900 quia
3596 3828 3865 3885 omnium

2220 3952 2348 4007 dice
2378 3951 2663 4034 scriptum
2693 3955 2820 4008 erat
2837 3968 2995 4034 non:
3030 3969 3133 4034 pro
3193 3955 3357 4034 sicut_,_
3398 3957 3523 4034 erat
3550 3954 3659 4034 sed.
3694 3954 3863 4034 llisce

2221 4024 2674 4080 amanuensium
2734 4024 3081 4080 certissimis
3162 4024 3393 4081 mendis
3449 4030 3646 4082 textus
3699 4024 3861 4082 labo-

2221 4096 2406 4151 rabat.

2296 4158 3333 4240 {OAElegantissimamexpositionem
3386 4167 3564 4240 nitori
3612 4166 3859 4240 pristino

2220 4238 2450 4321 reddas,
2561 4253 2688 4321 qua:
2748 4236 3088 4321 exciderunt
3138 4238 3259 4321 haec
3287 4239 3484 4321 verba,
3529 4236 3631 4295 aut
3660 4239 3752 4321 bis
3781 4239 3860 4295 si-

2220 4309 2382 4365 milia
2411 4309 2672 4364 sufﬁcias
2705 4326 2718 4364 :
2748 4311 2842 4365 sed
2870 4310 2979 4365 tale
3005 4313 3104 4379 est,
3150 4312 3203 4365 si
3220 4309 3473 4382 judicem
3493 4312 3858 4383 posuerimus,

2219 4388 2674 4536 itiill’lanilesto
2706 4468 2899 4509 errore
2957 4453 3303 4535 dilectionem
3360 4454 3717 4536 praefertms.
3757 4470 3861 4527 pro

2219 4524 2556 4597 dilationem
2585 4541 2599 4591 ;
2634 4540 2768 4597 mox
2798 4540 3051 4596 quoque,
3087 4525 3295 4597 vispro
3322 4524 3395 4579 vi.

2291 4596 2334 4630 ¹²
2362 4593 2768 4667 Supplendum
2798 4593 3048 4663 videtur,
3088 4593 3210 4651 scd'
3234 4597 3421 4652 statim
3470 4596 3862 4653 sceleratorum

461 4661 711 4733 fortasse
737 4655 1037 4733 glossema
1065 4655 1138 4717 ab
1166 4655 1267 4717 ora
1295 4664 1510 4720 codicis
1541 4665 1600 4721 in
1641 4655 1867 4723 textum
1896 4673 2111 4725 temere
2140 4655 2187 4721 D
2216 4655 2504 4722 sententia.
2519 4671 2628 4721 etc.

462 4732 781 4787 importato
794 4748 869 4787 m.

530 4748 886 4887 $333232)
919 4803 1374 4887 mendo_le_gitur
1402 4806 1460 4861 in
1493 4808 1850 4887 apograpbo,
1901 4827 2109 4883 praepa-

456 4876 751 4953 ratiolzem,
781 4892 885 4948 pro
912 4890 1027 4953 quo
1059 4876 1497 4953 substituimus,
1529 4876 1960 4953 comparatione.

528 4948 549 4980 θ
582 4946 1092 5026 Facite;assen_tiar
1113 4946 1489 5026 rescribenti,
1546 4961 1605 5007 ut
1647 4946 1967 5025 'nunguam,
2001 4971 2105 5026 pro

457 5018 836 5097 incommoda
864 5018 1081 5097 codicis
1112 5018 1381 5088 lectione,
1429 5027 1479 5078 et
1536 5039 1703 5097 quam
1734 5042 1752 5078 :
1787 5018 1910 5079 tum
1949 5018 2107 5082 aesti-

455 5093 697 5163 mentur,
730 5107 835 5163 pro
865 5092 1236 5148 aestimantur.

527 5164 546 5197 ⁷
577 5162 815 5233 Notum,
846 5166 1084 5235 veteres
1142 5163 1384 5235 aliquot'
1422 5181 1556 5220 cum
1615 5167 1933 5233 versiones,
1968 5183 2102 5222 cum

457 5238 819 5307 tractatores
834 5234 897 5307 in
929 5236 1169 5291 instanti
1196 5234 1428 5307 legisse,
1448 5242 1760 5306 resurgant.
1784 5238 1990 5293 Noster
2018 5244 2105 5293 ta-

458 5322 593 5379 men
626 5322 742 5362 non
773 5306 885 5362 sibi
920 5323 1105 5379 usque
1135 5306 1278 5362 adeo
1310 5312 1399 5362 est
1427 5314 1724 5376 constans,
1788 5314 1850 5364 ut
1882 5326 2015 5365 mox
2042 5310 2102 5365 in

455 5377 654 5450 futu_ro
683 5394 796 5433 non
828 5377 1112 5449 praeferat,
1147 5383 1458 5450 resurgent.

525 5448 816 5505 3,Rectius
846 5450 1142 5523 constabit
1174 5448 1406 5520 sensus,
1462 5449 1510 5505 si
1568 5467 1737 5523 quam
1793 5449 2099 5518 rescribas,

454 5535 564 5590 pro
594 5536 706 5590 non
736 5520 1046 5589 particula.

524 5590 658 5665 9_Ita
687 5589 879 5665 locum
912 5608 980 5646 ex
1009 5592 1243 5665 ingenio
1275 5593 1537 5664 reﬁgere,
1597 5592 1786 5665 coegit
1816 5593 2100 5649 orationis

455 5660 658 5736 series,
692 5664 757 5736 et
779 5676 1011 5736 sensus,
1044 5660 1145 5736 qui
1181 5669 1350 5720 antea
1385 5660 1490 5736 aut
1546 5660 1747 5736 nullus
1803 5667 1946 5731 erat,
1998 5670 2101 5722 aut

450 5730 625 5813 plane
647 5730 949 5805 scriptoris
978 5730 1159 5792 menti
1193 5735 1538 5794 contrarius.
1571 5734 1680 5794 Pro
1708 5751 1860 5811 nam,
1913 5730 1975 5793 in
2002 5753 2097 5796 co-

2290 4739 2333 4773 ¹⁸
2364 4737 2428 4793 In
2456 4737 2655 4793 codice
2683 4742 2808 4793 erat
2836 4736 3031 4795 hiulco
3061 4755 3261 4806 sensu,
3320 4740 3680 4807 aestimantes,
3712 4743 3772 4795 et
3801 4739 3860 4795 in

2217 4809 2603 4880 subsequenti
2663 4825 2856 4884 versu,
2915 4825 3059 4884 cum,
3117 4826 3222 4882 pro
3256 4812 3445 4884 _quod.
3507 4811 3686 4867 Paulo
3717 4827 3862 4884 quo-

2218 4897 2330 4955 que
2360 4886 2492 4955 post
2520 4896 2715 4955 vocem
2748 4880 3081 4953 differentia,
3112 4880 3512 4955 magisquam
3571 4884 3645 4939 ab
3673 4880 3861 4939 exesis
3946 4940 3957 4949 ,

2308 4951 2420 5008 mis.
2453 4951 2682 5020 litteris,
2714 4966 2783 5007 ex
2814 4951 3086 5009 eontextu
3119 4970 3184 5009 ac
3208 4951 3663 5012 serie—orationis
3692 4971 3861 5011 excu-

2260 5039 2432 5079 imus.

2260 5039 2432 5080 imus.

2291 5096 2335 5169 ‘f
2361 5096 2468 5169 Pro
2498 5097 2661 5169 inter,
2692 5094 2895 5151 vocula
2923 5100 3192 5169 corrupte
3221 5101 3344 5169 erat
3368 5098 3427 5152 in
3460 5113 3571 5154 ms.
3596 5100 3764 5154 enim.

2290 5168 2334 5201 ¹⁵
2362 5166 2469 5222 Vix
2491 5168 2649 5223 dictu
2709 5172 2817 5237 est,
2869 5166 3459 5239 quibus'fcedaretur
3513 5169 3607 5225 hic
3653 5186 3857 5226 versus

2222 5239 2474 5307 mendis,
2498 5256 2629 5311 quae
2657 5256 2726 5294 ex
2750 5239 2987 5312 ingenio
3017 5240 3306 5312 castigare
3337 5257 3575 5297 necesse
3609 5240 3856 5297 fuit.Pro

2212 5313 2789 5375 communicationem,
2806 5315 2932 5365 erat
2957 5311 3015 5364 in
3036 5311 3815 5369 mss.ea‘communicationem
3834 5331 3861 5377 ,-

2209 5391 2651 5457 peccatores,pro
2679 5382 2980 5457 peccatoris
3004 5385 3294 5457 {etquod
3328 5385 3627 5457 negotium
3650 5386 3857 5457 majus

2211 5451 2566 5577 £acessebat,‘
2591 5451 2815 5524 absque
2845 5451 2965 5507 ulla
2995 5451 3605 5521 distinctionis’nota,
3638 5456 3719 5524 hi,
3750 5451 3853 5529 pro

2249 5540 2325 5577 os.

2249 5540 2325 5580 08.

2283 5596 2326 5631 1⁸
2357 5594 2528 5663 Illud,
2560 5598 2697 5663 suis,
2729 5595 2802 5651 ab
2828 5598 3308 5655 evanescentibus
3339 5598 3399 5655 in
3453 5598 3649 5655 codice
3705 5596 3855 5656 litte-

2210 5665 2290 5724 ris
2319 5667 2702 5741 conjectando
2731 5666 3095 5726 excudimus.
