4220 6584
238 395 356 456 869

1406 387 1908 451 BREVIARIUM
1953 387 2034 449 IN
2081 391 2468 460 PSALMOS.

3534 401 3657 462 870

235 528 342 583 viae
375 525 630 599 perfecta
659 519 757 577 Dei
789 518 995 576 notitia
1029 519 1408 575 continentur
1444 537 1456 575 :
1491 526 1667 591 atque
1698 522 1769 576 ab
1802 521 1893 576 his
1925 527 1977 590 Α
2009 526 2246 596 vatoris,
2305 545 2508 583 verum
2568 529 2743 585 etiam
2802 528 3055 586 haeretici
3130 531 3386 587 caecitate
3441 535 3657 590 mentis

239 613 405 673 nulla
452 613 730 670 dilatione
759 609 1246 666 resurrectionem
1278 625 1481 665 eorum
1513 610 1786 672 conditio.
1833 615 1890 664 et

241 721 370 763 sors
402 704 580 775 digna
609 699 909 771 suscipiet.

731 839 1055 896 PSALMUS
1094 838 1402 894 TERTIUS

247 935 497 1010 Psatmus
523 931 718 1010 David,
748 946 874 985 cum
901 933 1112 1010 fugeret
1139 944 1176 982 a
1203 928 1344 1010 facie
1384 928 1616 1010 Absaton
1646 928 1756 996 ﬁlii
1782 929 1889 1009 sui.

315 1004 569 1061 Absalon
603 1008 820 1071 autem,
851 1000 950 1072 qui
984 1001 1421 1070 interpretatur,
1451 1000 1627 1068 patris
1644 1015 1774 1069 pax,
1810 1000 1892 1052 si-

317 1077 557 1138 gniﬁcat
581 1075 794 1129 Judam
830 1071 1206 1138 proditorem,
1244 1087 1277 1125 a
1309 1069 1478 1138 cujus
1518 1071 1661 1124 facie
1694 1069 1892 1134 David,

317 1089 557 1160 gmncat
581 1089 794 1129 Juaam
830 1089 1206 1153 proditorem,
1244 1089 1277 1125 a
1309 1089 1478 1150 cujus
1518 1089 1661 1150 iacie
1694 1089 1894 1149 David,

317 1150 378 1222 id
425 1145 857 1222 eAst,‘Christus2
888 1147 987 1222 Dei
1018 1146 1227 1207 Virtus,
1261 1144 1318 1222 et
1350 1140 1449 1195 Dei
1483 1146 1769 1222 sapientia
1801 1157 1894 1222 ve-

317 1219 404 1276 lut
437 1211 618 1296 fugit,
664 1215 898 1296 quando
932 1213 1119 1296 illum,
1154 1217 1466 1296 postquam
1513 1211 1782 1296 diabolus
1838 1211 1896 1265 in

319 1308 417 1348 cor
445 1283 574 1361 ejus
592 1283 864 1353 intravit,
905 1284 1130 1340 occulto
1153 1283 1378 1355 judicio
1406 1283 1679 1338 deseruit.

319 1425 563 1491 Domine,
591 1421 722 1492 quid
764 1419 1126 1489 multiplicati
1163 1426 1312 1472 sunt.
1373 1420 1495 1471 Vox
1550 1415 1762 1471 Christi
1825 1414 1898 1468 ad

253 1515 479 1572 Patrem
511 1528 613 1584 pro
647 1507 1116 1582 persecutoribus
1157 1506 1303 1576 suis,
1332 1504 1440 1560 hoc
1471 1509 1579 1572 est,
1633 1503 1853 1560 Judeis
1886 1521 1898 1558 :

252 1608 308 1657 et
337 1599 592 1656 Ecclesia
624 1615 726 1670 pro
786 1596 907 1669 [ms.
961 1596 1084 1667 per]
1140 1593 1428 1650 universis
1488 1593 1740 1648 inimicis
1781 1593 1905 1649 suis

258 1691 566 1748 Dominum
601 1686 942 1758 alloquitur.
971 1684 1072 1739 Hic
1095 1689 1290 1740 autem
1324 1683 1607 1739 Dominus
1639 1683 1905 1738 Christus

255 1783 456 1834 contra
478 1793 540 1832 se
559 1773 806 1848 populos
822 1772 1232 1843 excitatos,qui
1257 1771 1327 1826 ad
1351 1788 1448 1826 eos
1471 1775 1704 1825 venerat
1731 1785 1908 1824 causa

258 1865 612 1925 salvationis.
643 1864 914 1930 Dicendo,
941 1862 1208 1917 tribulant
1237 1877 1344 1931 me,
1378 1861 1635 1916 ostendit
1665 1875 1906 1930 magno~

259 1973 394 2031 pere
425 1955 744 2012 caecitatem
776 1951 1010 2006 illorum
1044 1966 1104 2005 se
1137 1948 1417 2015 doluisse,
1467 1948 1566 2020 qui
1599 1948 1912 2004 obstinatis

259 2045 562 2102 mentibus
593 2059 727 2098 eum
760 2043 1130 2112 respuerunt.
1165 2039 1322 2094 Multi
1349 2039 1555 2094 dicunt.
1590 2039 1650 2093 In
1682 2041 1912 2092 tantum

262 2134 432 2192 multi
464 2133 722 2198 fuerunt,
756 2135 821 2185 ut
851 2130 1027 2184 etiam
1059 2131 1129 2184 de
1161 2144 1407 2184 numero
1433 2127 1770 2184 Judmorum
1802 2131 1917 2182 tra-

261 2224 418 2279 ditor
457 2221 635 2277 ludas
666 2218 782 2274 illis
814 2218 991 2274 fuerit
1021 2222 1394 2291 aggregatus.
1455 2217 1624 2272 Multi
1677 2216 1866 2271 dicunt
1901 2233 1913 2270 :

265 2328 401 2368 nam
433 2326 568 2366 cum
599 2308 880 2381 repetitur
909 2309 1031 2379 (ms.
1093 2306 1401 2378 reperitur)
1461 2305 1674 2378 saepius
1728 2305 1915 2372 multi,

265 2401 596 2457 ostenditur
642 2415 792 2453 saeva
853 2396 1244 2451 numerositas
1301 2395 1641 2468 impiorum.
1698 2395 1815 2450 Non
1842 2401 1920 2450 est

267 2491 438 2546 salus.
472 2489 590 2544 Hoc
622 2488 693 2543 ad
726 2486 854 2542 illas
885 2502 1054 2541 voces
1083 2486 1332 2556 pertinet
1358 2485 1696 2540 Judazorum
1728 2483 1918 2539 dicen-

231 2578 418 2634 .tium
479 2595 492 2633 :
551 2578 698 2631 Alios
749 2577 926 2630 salvos
954 2577 1103 2646 fecit,
1163 2589 1220 2628 se
1249 2576 1432 2643 ipsum
1471 2589 1580 2629 non
1607 2581 1777 2644 potest
1805 2573 1915 2627 sat-

267 2684 394 2723 vum
451 2669 637 2736 facere
689 2664 898 2735 (Matth.
961 2680 1135 2733 xxvn,
1169 2663 1278 2733 42).
1331 2663 1403 2716 Tu
1433 2669 1634 2728 autem,
1673 2663 1915 2718 Domine.

269 2756 528 2811 Verbum
589 2770 723 2810 caro
784 2755 1027 2821 factum,
1082 2751 1341 2806 hominis
1400 2757 1488 2806 est
1518 2752 1830 2822 susceptio,
1865 2754 1921 2804 et

271 2844 536 2902 Ecclesia:
589 2860 601 2899 :
649 2846 1005 2914 quapropter
1060 2856 1191 2896 caro
1249 2840 1389 2895 dicit
1444 2839 1691 2911 gloriam
1752 2856 1920 2896 suam

273 2941 330 2991 et
381 2933 788 2989 exultationem
859 2931 1089 3003 capitis,
1162 2947 1338 3002 quam
1412 2930 1673 3001 suscepit
1729 2927 1921 2984 omni-

276 3028 482 3096 potens
560 3021 818 3077 Verbum
881 3038 893 3076 :
960 3022 1086 3076 l'oce
1167 3035 1306 3074 mea.
1394 3018 1511 3074 Hoc
1595 3017 1925 3090 evangelica

275 3113 451 3168 verba
507 3109 824 3176 declarant,
889 3109 986 3164 ubi
1046 3109 1128 3165 ait
1183 3108 1414 3164 Filius:
1463 3113 1626 3164 Pater
1679 3108 1924 3178 clari/lca

275 3203 480 3256 Filium
535 3208 692 3255 tuum
749 3200 926 3270 (Joan.
984 3215 1120 3268 xvu,
1175 3199 1248 3268 1),
1307 3202 1414 3253 etc.
1450 3198 1514 3252 Et
1552 3195 1831 3252 exaudivit
1863 3195 1928 3250 de

275 3298 458 3346 monte
487 3296 669 3344 sancto
698 3304 815 3352 suo,
875 3287 932 3341 id
967 3291 1074 3356 est,
1135 3286 1205 3341 de
1262 3285 1593 3340 Divinitatis
1651 3284 1927 3340 excellen-
1956 3253 1998 3319 C

278 3378 513 3433 tissima
544 3375 902 3442 summitate,
958 3374 1193 3447 quando
1224 3374 1305 3429 ait
1351 3390 1363 3428 :
1398 3374 1463 3428 Et
1515 3373 1839 3442 clari/icavi,
1878 3375 1930 3427 et

281 3469 488 3522 iterum
515 3464 831 3535 clariﬁcabo
864 3465 1039 3535 (Joan.
1088 3479 1188 3529 ΧΠ,
1221 3463 1332 3532 28).
1368 3463 1480 3534 Ego
1532 3461 1784 3516 dormivi.
1817 3460 1926 3514 Ve-

286 3555 372 3610 nit
402 3555 474 3610 ad
506 3554 824 3610 secundam
849 3555 1096 3625 partem,
1129 3551 1188 3604 in
1220 3567 1336 3622 qua
1367 3549 1841 3606 dormitationem
1873 3552 1929 3603 et

282 3643 711 3716 soporationem
743 3641 1056 3714 passionis,
1098 3645 1154 3696 et
1199 3639 1682 3695 resurrectionem
1713 3637 1955 3694 Christi

278 3733 572 3806 exprimit,
605 3733 675 3788 de
706 3748 822 3803 qua
843 3732 967 3803 ipse
997 3729 1142 3785 dixit
1200 3746 1211 3784 :
1267 3731 1586 3784 Potestatem
1617 3728 1779 3784 habeo
1827 3744 1927 3798 po-

276 3821 446 3878 nendi
499 3823 747 3876 animam
801 3836 1000 3889 meam,
1055 3823 1107 3873 et
1158 3821 1478 3890 potestatem
1533 3817 1700 3872 habeo
1728 3817 1929 3871 iterum

273 3911 532 3966 sumendi
560 3927 682 3966 eam
715 3912 894 3980 (Joan.
929 3926 983 3976 x,
1022 3910 1130 3976 l8).
1164 3913 1230 3962 Et
1288 3908 1414 3963 ideo
1467 3906 1736 3976 surrexit,
1791 3905 1929 3978 quia

275 4000 472 4056 divina
503 3999 762 4072 potentia
790 3998 1113 4054 humanam
1154 3999 1282 4068 ejus
1342 4008 1612 4052 naturam
1645 3995 1924 4067 suscepit.

276 4088 458 4144 Aliter
491 4107 503 4145 :
539 4087 820 4144 Dormivit
862 4086 1119 4141 Ecclesia
1150 4101 1251 4156 per
1281 4084 1681 4140 infidelitatem
1720 4105 1734 4151 ς
1797 4101 1927 4139 sur-

279 4178 428 4232 rexit.
448 4181 644 4232 autem
669 4192 772 4248 per
796 4174 1283 4230 illuminationem
1304 4173 1754 4230 fidei.Dormivit
1773 4172 1929 4228 Chri-

276 4270 406 4321 stus
438 4265 716 4319 in-morte
749 4280 852 4334 per
903 4263 1262 4334 passionem,
1311 4264 1630 4319 resurrexit
1682 4281 1783 4335 per
1812 4263 1932 4336 glo-

280 4354 428 4410 riam
489 4351 954 4409 resurrectionis.
1016 4356 1137 4408 Non
1192 4352 1389 4406 timebo
1445 4353 1648 4407 millia.
1705 4354 1763 4407 In
1797 4369 1930 4424 pas-

281 4443 443 4500 sione
465 4442 618 4509 enim
652 4440 961 4496 Salvatoris
985 4456 1198 4512 magna
1228 4456 1361 4495 eum
1385 4439 1582 4512 populi
1617 4441 1930 4498 multitudo

282 4531 688 4602 circumdedit,
720 4547 897 4602 quam
930 4529 1174 4585 minime
1217 4529 1416 4584 timuit
1447 4547 1460 4585 :
1496 4529 1634 4602 quia
1666 4535 1798 4601 post
1825 4531 1928 4586 tri-

2003 616 2437 685 percutiuntur,
2474 619 2575 690 qui
2628 619 2903 675 dentibus
2933 619 3312 676 detractionis
3342 622 3659 678 corrodunt

2005 705 2182 760 verba
2208 708 2491 775 veritatis,
2529 710 2616 764 Ita
2675 715 2733 764 et
2763 709 2950 764 Judaei
2980 710 3212 780 quando
3245 710 3518 766 dicebant
3552 729 3564 766 :
3599 712 3660 767 Si

2003 809 2102 847 rea:
2160 797 2336 850 Israel
2384 805 2478 863 est,
2541 797 2837 852 descendat
2890 796 2954 852 de
3010 814 3188 863 cruce,
3219 801 3270 852 et
3301 801 3577 855 credimus
3608 802 3661 856 ei

2001 883 2214 949 (Matth.
2267 902 2440 948 xxvu,
2502 887 2627 956 42);
2665 886 2884 940 inimici
2945 887 3200 942 nominis
3257 888 3466 944 Christi
3522 907 3658 945 con-

2008 970 2233 1027 fusione
2269 974 2532 1045 percussi
2560 987 2699 1030 sunt
2732 993 2744 1028 :
2775 975 3022 1046 ideoque
3072 977 3303 1031 contriti
3335 983 3492 1044 sunt,
3523 980 3663 1050 quia

2006 1061 2312 1116 confestim
2343 1070 2736 1134 cognoverunt
2767 1081 2899 1119 eum
2935 1067 3253 1120 resurrexsi
3281 1083 3342 1122 se
3365 1067 3422 1121 in
3453 1068 3659 1139 gloria.

2007 1149 2231 1205 Domini
2284 1160 2361 1205 est
2415 1153 2584 1206 salus.
2619 1153 2853 1208 {Eterna
2882 1154 3040 1208 enim
3085 1154 3204 1209 vita
3235 1154 3487 1210 interimi
3547 1175 3660 1214 non

2011 1242 2219 1308 potest,
2253 1256 2356 1294 nec
2388 1239 2703 1296 Salvatoris
2751 1241 2913 1298 salus
2970 1242 3260 1299 ullatenus
3321 1248 3611 1317 amputari
3646 1267 3660 1317 ;

2010 1331 2068 1381 et
2101 1327 2229 1382 ideo
2263 1329 2565 1385 credentes
2596 1330 2656 1384 in
2685 1347 2818 1386 eum
2857 1331 3182 1386 benedictio
3215 1333 3480 1405 sequitur
3509 1353 3662 1392 sem-

2014 1415 2258 1486 piterna.

2483 1562 2815 1617 PSALMUS
2856 1563 3205 1628 QUARTUS.

2018 1665 2078 1720 In
2107 1667 2271 1734 ﬁnem
2305 1669 2361 1720 in
2390 1669 2734 1723 carminibus
2786 1671 3040 1726 Psalmus
3095 1672 3289 1727 David.
3351 1674 3454 1729 Hic
3504 1677 3663 1730 enim

2089 1738 2225 1791 linis
2256 1739 2666 1812 perfectionem
2701 1741 3014 1812 significat,
3059 1759 3174 1798 non
3204 1748 3664 1802 consummatio-

2092 1809 2550 1883 nemspsalmus
2583 1811 2652 1883 ad
2675 1881 2685 1883 4
2710 1809 2877 1883 opus,
2931 1814 3224 1870 canticum
3258 1832 3390 1872 vero
3423 1818 3669 1874 refertur

1942 1887 1988 1950 Β
2090 1880 2162 1934 ad
2195 1881 2524 1949 scientiam,
2558 1881 2642 1938 vel
2675 1880 2959 1940 laetitiam.

2097 2041 2232 2096 Cum
2262 2042 2605 2096 invocaremt
2636 2042 2822 2098 Mater
2855 2043 3110 2100 Ecclesia
3139 2046 3469 2119 gratulatur
3495 2066 3670 2106 exau-

2025 2128 2206 2184 ditam
2261 2146 2322 2185 se
2378 2147 2505 2185 esse
2555 2147 2588 2184 a
2619 2135 2730 2186 Deo
2759 2132 2996 2200 justitize
3028 2150 3168 2200 sua},
3227 2152 3260 2190 a
3318 2153 3433 2208 quo
3473 2138 3520 2192 ei
3584 2143 3673 2194 est

2026 2233 2197 2272 omne
2229 2219 2382 2289 quod
2427 2220 2656 2287 justum
2717 2219 2892 2276 habet
2938 2226 2995 2277 et
3023 2227 3194 2291 recte,
3219 2224 3464 2295 justitice
3506 2243 3624 2282 suae
3659 2245 3673 2286 :

2027 2306 2164 2377 quia
2195 2311 2406 2362 sancta:
2439 2308 2742 2364 Trinitatis
2782 2310 3067 2367 unitatem
3100 2317 3155 2367 et
3186 2314 3672 2387 omnipotentiam

2027 2395 2358 2452 confitetur.
2419 2397 2550 2461 Quae
2603 2414 2664 2453 se
2721 2397 3021 2455 dilatatam
3083 2418 3211 2457 esse
3242 2403 3401 2473 dicit,
3437 2396 3672 2476 quando

2027 2486 2386 2541 contessores
2420 2486 2586 2552 fiunt,
2621 2492 2676 2541 et
2708 2493 2990 2558 martyres
3025 2498 3417 2548 coronantur.
3450 2493 3627 2549 Aliter
3657 2512 3670 2550 :

2026 2574 2110 2627 Ab
2142 2575 2430 2645 angustiis
2449 2575 2699 2630 tristitiae
2724 2575 2778 2630 in
2807 2576 3172 2634 latitudinem
3203 2581 3552 2652 gaudiorum
3582 2599 3674 2638 me

2030 2663 2340 2718 adduxisti.
2405 2663 2659 2719 Miserere
2716 2668 2843 2720 mei.
2902 2667 2996 2722 Pia
3050 2672 3235 2722 mater
3275 2669 3674 2727 miserandum

2029 2767 2157 2806 esse
2189 2753 2416 2808 dicebat
2447 2752 2580 2821 sibi,
2603 2754 2649 2808 si
2685 2771 2787 2826 pro
2821 2755 2954 2810 filiis
2989 2756 3290 2812 audiretur
3319 2759 3448 2830 ejus
3470 2760 3674 2815 oratio.

2031 2841 2160 2895 Filii
2189 2841 2480 2896 hominum
2506 2859 2800 2913 usquequo,
2834 2848 2941 2899 etc.
2999 2846 3200 2901 Merito
3260 2852 3461 2903 sancta
3491 2849 3680 2904 Eccle-

2032 2930 2121 2985 sia
2178 2947 2276 2984 eos
2335 2930 2555 2986 diutius
2615 2948 2817 3004 graves
2871 2934 3042 2988 corde
3096 2935 3276 2990 fuisse
3309 2937 3540 3000 fatetur,
3575 2939 3675 3010 qui

2033 3024 2164 3091 post
2192 3019 2446 3074 veritatis
2497 3021 2964 3091 praedicationem
3007 3023 3248 3080 adorare
3285 3027 3476 3098 magis
3525 3027 3680 3083 idola

2034 3108 2333 3180 elegerunt
2385 3108 2674 3175 falsitatis,
2743 3127 2869 3182 quae
2929 3116 3069 3167 sunt
3097 3113 3323 3170 vanitas
3354 3120 3411 3169 et
3443 3118 3686 3172 menda-

2035 3196 2212 3251 cium.
2273 3198 2343 3251 Et
2400 3197 2605 3254 merito
2655 3197 2770 3254 tale
2827 3216 3038 3256 nomen
3097 3207 3501 3274 susceperunt,
3549 3205 3687 3277 quia

2038 3289 2240 3340 contra
2271 3286 2615 3356 dignitatem
2674 3288 2934 3344 veritatis
2985 3291 3157 3344 erecti
3191 3297 3350 3347 sunt.
3384 3294 3448 3346 Et
3476 3296 3682 3365 scitote,

2038 3373 2146 3428 hoc
2184 3378 2290 3444 est,
2324 3375 2561 3446 credite,
2596 3376 2733 3447 quia
2781 3375 3097 3444 Christum,
3135 3395 3306 3450 quem
3335 3379 3522 3436 Judaei
3554 3399 3684 3438 cru-

2038 3463 2362 3531 cifixerunt,
2424 3467 2576 3519 Deus
2635 3468 2798 3536 pater
2856 3464 3186 3521 mirificavit
3218 3467 3277 3523 in
3318 3470 3690 3526 resurrectio-

2039 3568 2128 3618 ne,
2160 3557 2216 3606 et
2247 3552 2607 3607 ascensione.
2663 3553 2730 3607 Et
2785 3553 2910 3622 ipse
2944 3553 3120 3610 Filius
3175 3557 3467 3612 exaudivit
3500 3559 3688 3615 Eccle-

2038 3640 2187 3695 siam
2221 3657 2412 3706 suam,
2473 3656 2824 3712 quocunque
2885 3643 2942 3697 in
2975 3647 3238 3716 tempore
3289 3645 3689 3713 clamaverunt

2040 3730 2112 3785 ad
2145 3745 2280 3784 eum
2344 3746 2356 3784 :
2417 3735 2472 3785 ct
2532 3730 2762 3796 merito,
2797 3731 2934 3803 quia
2962 3731 3092 3804 ipsa
3121 3733 3355 3805 populis
3415 3735 3581 3793 illum
3617 3738 3686 3793 ad

2041 3819 2472 3874 mirificandum
2551 3821 2902 3891 praedicavit.
2976 3822 3309 3882 Irascimini.
3383 3825 3692 3884 Praeteritis

2043 3908 2293 3979 peccatis
2346 3908 2516 3963 irasci
2574 3909 2819 3971 debetis.
2880 3914 2944 3964 ut
3003 3917 3345 3982 praesentem
3387 3915 3690 3986 nequitam

2041 3999 2294 4069 effugere
2324 3997 2565 4069 possitis
2600 4014 2612 4052 :
2649 4002 2822 4068 atque
2847 3997 3025 4053 nolite
3056 3999 3267 4055 iterum
3301 4001 3487 4058 facere
3513 4003 3688 4058 mala.

2040 4086 2511 4156 Compungimini,
2545 4085 2870 4140 deferentes
2923 4103 3130 4157 pravas
3186 4089 3569 4159 cogitationes
3599 4108 3693 4148 ve-

2042 4178 2216 4229 stras.
2250 4175 2578 4244 Antequam
2638 4173 2856 4228 scelera
2890 4175 3254 4246 perpetretis,
3306 4195 3432 4249 quae
3463 4196 3696 4252 semper

2039 4263 2316 4318 cordibus
2374 4261 2581 4317 vestris
2632 4261 2940 4318 involvitis.
2975 4263 3440 4336 Compungimini,
3472 4269 3545 4322 ad
3578 4285 3700 4340 pa:-

2042 4351 2354 4407 nitentiam
2407 4350 2690 4407 videlicet.
2742 4351 2900 4406 Idem
2950 4369 3103 4420 vero,
3150 4356 3304 4425 quod
3351 4373 3531 4428 supra
3573 4375 3695 4424 cor,

2042 4441 2136 4496 hic
2195 4439 2388 4496 cubile
2439 4439 2782 4495 nominavit.
2835 4440 3152 4510 Sacri/icate
3184 4461 3196 4498 :
3229 4442 3330 4498 Hic
3391 4444 3574 4501 altera
3605 4462 3696 4501 res

2043 4530 2322 4596 inchoat;
2353 4529 2410 4583 in
2443 4545 2560 4599 qua
2589 4529 3049 4585 clementissima
3080 4534 3266 4587 mater
3298 4533 3488 4601 docet,
3520 4538 3696 4607 atque

283 4621 468 4676 duum
522 4637 582 4675 se
645 4622 1106 4676 resurrecturum
1168 4617 1470 4690 ρτωεοίνὶι.
1534 4619 1601 4672 Et
1648 4635 1780 4674 caro
1810 4621 1938 4690 ejus
1969 4625 2015 4690 D
2049 4619 2191 4674 dicit
2225 4633 2236 4673 :
2275 4618 2583 4687 Sacri/icate
2619 4617 2949 4686 sacriﬁcium
2982 4619 3211 4686 iustitiae
3239 4639 3257 4674 :
3292 4620 3346 4674 id
3382 4626 3492 4690 est,
3544 4626 3698 4678 recte

283 4709 443 4765 salva
477 4709 624 4764 facta
657 4713 765 4764 est.
801 4707 1058 4764 Ecclesia
1119 4709 1190 4762 de
1235 4707 1461 4763 Christo
1517 4708 1758 4763 Domino
1808 4726 1936 4780 suo,

286 4798 396 4854 hoc
426 4803 754 4870 est,corpus
784 4797 957 4869 capiti
986 4814 1091 4852 suo
1123 4795 1517 4868 loquitur.Illo
1549 4797 1702 4853 enim
1744 4815 1936 4854 resur-

287 4891 477 4960 gente,
530 4887 659 4958 ipsa
715 4886 935 4942 salvata
992 4890 1098 4942 est.
1163 4886 1430 4954 Quoniam
1484 4892 1545 4942 tu
1602 4889 1936 4958 percussisti.

289 4977 415 5032 Non
470 4975 660 5031 solum
693 4977 1087 5045 adversantes,
1147 4975 1204 5030 id
1246 4980 1353 5046 est,
1389 4983 1786 5048 persecutores
1817 4977 1941 5033 Sal-

2049 4709 2240 4773 vivite,
2275 4711 2332 4762 et
2361 4705 2536 4761 corda
2563 4709 2754 4760 vestra
2785 4705 3074 4762 divinitati
3107 4709 3328 4765 munda
3357 4725 3591 4783 semper
3619 4712 3702 4768 of-

2051 4798 2211 4853 ferte.
2262 4796 2330 4850 Et
2384 4802 2593 4866 sperate
2667 4796 2727 4849 in
2783 4796 3030 4863 Domino,
3091 4801 3157 4852 ut
3220 4799 3399 4855 vitam
3486 4800 3699 4857 bonam

2052 4903 2186 4959 spes
2210 4884 2430 4940 felicior
2459 4883 2870 4956 subsequatur.
2905 4885 3066 4941 Multi
3097 4886 3274 4955 idem,
3303 4893 3411 4954 etc,
3447 4893 3555 4944 etc.

366 5153 504 5236 lisse
527 5153 599 5208 ad
634 5154 928 5236 specimen
962 5153 1158 5236 potius
1187 5153 1378 5236 operis
1409 5156 1779 5236 capiendum,
1813 5156 1966 5236 satis
1989 5155 2338 5236 abundeque
2372 5152 2605 5236 fuerint,
2643 5153 2753 5236 nisi
2786 5157 2842 5208 et
2873 5153 3052 5210 latius
3080 5154 3345 5236 fortasse,
3381 5171 3554 5236 quam
3599 5171 3703 5236 par

297 5231 441 5294 erat,
475 5225 768 5298 descripta
793 5224 1108 5298 incuriosis
1133 5224 1826 5298 hominribus‘videantur.
1859 5228 1968 5282 Sed
2013 5231 2078 5282 ut
2107 5227 2176 5281 ad
2208 5224 2572 5298 propositum
2633 5225 2885 5298 redeam,
2933 5226 3226 5298 Coronidis
3257 5224 3413 5291 loco;
3435 5224 3699 5280 admoni-

300 5299 519 5354 tionem
550 5296 719 5352 istam
752 5313 868 5352 uno
893 5297 1090 5370 adhuc
1122 5297 1384 5370 exemplo
1417 5297 1781 5370 concludam,
1811 5315 1880 5354 ex
1911 5315 2025 5370 quo
2057 5296 2557 5370 intelligasquam
2591 5299 2666 5351 sit
2700 5296 2970 5370 Breviarii
3012 5303 3212 5352 auctor
3237 5297 3513 5370 sublesta:
3546 5298 3701 5366 ﬁdei,

301 5370 623 5454 quinet‘pr‘o
651 5367 984 5454 _Augustino
1017 5385 1079 5454 se
1109 5367 1421 5454 venrditarit
1451 5369 1784 5454 aliquando,
1818 5375 1876 5454 et
1905 5367 2105 5454 ipsam.
2127 5367 2614 5454 Augustinianam
2652 5368 3031 5454 Psalmor‘nm‘
3054 5368 3472 5454 expositionem
3507 5386 3700 5454 perva-

302 5438 463 5498 serit.
498 5438 771 5493 Notatum
808 5439 914 5494 hoc
944 5440 1168 5510 pridem
1204 5438 1592 5496 Benedictinis
1623 5438 1971 5508 editoribus,
2003 5443 2062 5496 in
2094 5438 2280 5495 tribus
2315 5457 2454 5495 mss.
2488 5439 2786 5501 Vaticano,
2820 5438 3058 5503 scilicet,
3094 5446 3151 5494 et
3193 5440 3389 5510 Regio,
3423 5445 3481 5495 et
3509 5438 3704 5496 Claro-

297 5517 584 5584 montano
616 5510 849 5584 Patrum
885 5509 1530 5584 Dominicanorum,qui
1556 5512 1870 5584 Augustini
1895 5517 2178 5568 tractatus
2201 5513 2257 5567 in
2291 5511 2554 5584 Psalmos
2585 5509 3331 5584 eontincnt,e‘narrationein
3366 5528 3459 5566 xxv
3492 5511 3704 5584 psalmi

305 5601 374 5641 ex
399 5581 671 5638 Breviarii
705 5587 960 5655 auctore,
993 5582 1087 5636 vix
1117 5583 1320 5652 paucis
1358 5580 1600 5639 mutatis
1645 5580 1857 5652 verbis,
1907 5583 2106 5639 haberi
2142 5585 2248 5640 hac
2279 5582 2413 5655 poni
2446 5581 2704 5653 proxime
2735 5587 2867 5635 ante
2898 5580 3156 5644 alteram,
3191 5598 3316 5655 quae
3347 5600 3476 5638 vere
3493 5580 3703 5655 'Augu-

307 5655 447 5714 stini
480 5658 588 5709 est.
624 5651 980 5730 Describitur
1008 5651 1161 5730 vero,
1197 5659 1262 5708 ut
1290 5671 1469 5730 penes
1501 5655 1714 5711 falsum
1747 5656 2159 5730 Hieronymum
2192 5656 2264 5711 ab
2280 5651 2461 5710 initio
2511 5671 2526 5730 :_
2553 5657 2891 5730 Opportune
2920 5651 3417 5730 quartusdecimus
3448 5651 3705 5730 Psalmus

309 5731 479 5790 lectus
508 5729 667 5796 est,et
693 5725 998 5782 secundum
1025 5724 1274 5781 ordinem
1290 5722 1372 5783 ita
1400 5734 1657 5802 evenit,et
1679 5733 1885 5786 caetera
1911 5722 1982 5786 ad
2010 5728 2185 5785 finem
2217 5724 2530 5800 usque,qui
2553 5722 3368 5799 ha’c’insupersubscriptione
3400 5729 3668 5790 munitur
3691 5744 3705 5794 :
