4220 6572
553 414 665 481 8η

2043 398 2438 471 APPENDIX
2452 452 2468 469 .

3842 400 3969 475 812'

554 550 799 621 Explica
828 551 1089 605 tractatus
1116 547 1329 604 Aurelii
1357 547 1649 621 Augustini
1675 547 2002 621 episcopide
2029 547 2238 618 psalmo
2268 562 2381 599 x1v.
2404 615 2415 621 _
2435 542 2489 598 Si
2523 541 2771 621 aliorum
2799 546 3081 621 veterum,
3109 541 3241 621 _qui
3301 538 3360 597 in
3392 538 3658 600 Psalmos
3690 620 3693 621 ν
3720 545 3970 621 scripse-

555 612 714 687 runt,
748 622 975 677 codices
1007 635 1186 677 manu
1217 612 1482 677 exaratos
1512 620 1571 676 in
1610 612 1880 692 promptu
1913 612 2285 692 haberemus,
2320 613 2652 692 quin__paria
2681 612 2944 692 exempla
2975 612 3127 684 apud
3160 612 3257 669 eos
3287 620 3722 692 concurrerent,
3762 612 3962 676 nullus

554 686 781 762 dubito,
812 698 913 747 aut
941 692 1099 748 enim
1130 692 1399 748 omnium
1430 697 1563 749 ante
1595 686 1657 748 se
1687 686 2007 749 tractarum
2038 690 2253 762 scripta
2284 686 2635 759 compilavit,
2670 691 2770 740 aut
2797 690 2951 741 certe
2980 702 3259 756 personas
3290 686 3482 742 induit
3516 686 3971 762 pseudOuymus

555 764 669 821 iste
700 764 977 819 Breviarii
1008 768 1225 820 auctor.

3238 924 3430 961 in”
3560 924 3681 964 |,,,
3913 923 3966 969 η

1208 1087 2225 1223 BBEVIARIUM
2327 1087 2491 1215 ΙΝ
2585 1082 3365 1227 PSALMOS.

2039 1473 2478 1535 PROLOGUS.

622 1665 888 1722 Proxime
922 1678 1057 1718 cum
1088 1660 1353 1735 Origenis
1399 1659 1773 1729 Psalterium,
1807 1659 1964 1731 quod
1994 1658 2203 1714 Enchi-
2233 1660 2287 1725 Α
2317 1674 2445 1729 quae
2473 1656 2569 1713 ille
2600 1656 2896 1729 praeteriit,
2958 1657 3063 1714 sed
3128 1658 3283 1729 quod
3316 1674 3383 1715 ea
3428 1675 3554 1731 quae
3583 1660 3643 1716 in
3675 1662 3851 1719 tomis
3877 1662 3967 1721 vel

553 1754 745 1811 ridlon
776 1752 873 1807 ille
903 1752 1166 1821 vocabat,
1202 1749 1421 1805 strictis
1451 1753 1509 1805 et
1542 1748 1887 1805 necessariis
1920 1748 2209 1819 interpre-

550 1842 873 1899 tationibus
930 1841 1298 1906 adnotatum,
1356 1838 1415 1893 in
1466 1853 1777 1893 commune
1828 1836 2208 1909 legeremus:

551 1931 731 1989 simul
762 1935 1003 2001 uterque
1035 1927 1540 2000 deprehendimus
1600 1924 1883 1981 nonnulla
1913 1942 2069 1993 eum,
2119 1923 2207 1979 vel

553 2018 962 2093 perstrinxisse
984 2017 1204 2087 leviter,
1222 2016 1309 2072 vel
1339 2017 1558 2071 intacta
1588 2014 1820 2087 penitus
1851 2014 2159 2085 reliquisse
2192 2031 2204 2068 :

554 2111 627 2166 de
656 2108 874 2182 quibus
904 2108 963 2162 in
994 2105 1109 2162 alio
1140 2121 1313 2178 opere
1358 2104 1642 2159 latissime
1673 2103 2017 2175 disputavit,
2050 2102 2204 2175 quod

553 2196 779 2254 scilicet
807 2213 923 2251 non
955 2198 1187 2267 putaret
1222 2209 1344 2248 rem
1403 2207 1680 2263 magnam
1724 2191 1883 2246 brevi
1936 2206 2207 2247 sermone

551 2286 919 2343 concludere.
954 2284 1140 2356 Igitur
1186 2299 1291 2355 pro
1322 2280 1719 2338 familiaritate
1757 2297 1885 2351 quis
1916 2280 2068 2335 inter
2100 2296 2205 2335 nos

550 2380 664 2444 est,
696 2374 963 2431 studiose
994 2377 1053 2429 et
1081 2370 1283 2428 sedule
1332 2370 1665 2442 postulasti,
1726 2376 1790 2424 ut
1845 2385 2206 2441 quiscunque

552 2464 698 2520 mihi
726 2456 905 2535 digna
934 2461 1217 2517 memoria
1246 2459 1573 2525 videantur,
1627 2457 1814 2529 signis
1844 2457 2203 2528 quibusdam

550 2553 745 2627 potius
776 2568 953 2623 quam
976 2547 1562 2621 interpretationibus
1584 2546 2027 2602 adnotarem.Et
2048 2546 2203 2617 quod

550 2640 742 2699 solent
770 2640 828 2696 hi
862 2640 1068 2707 facere,
1127 2638 1225 2709 qui
1286 2638 1344 2692 in
1378 2636 1534 2692 brevi
1578 2634 1794 2691 tabella
1825 2640 2115 2691 terrarum
2147 2640 2204 2691 et

550 2730 788 2787 urbium
838 2729 989 2785 situs
1038 2727 1309 2800 pingunt,
1361 2730 1419 2781 et
1462 2724 1783 2781 latissimas
1834 2724 2100 2796 regiones
2144 2725 2203 2779 in

552 2819 782 2876 modico
815 2816 1004 2890 spatio
1029 2820 1317 2871 conantur
1338 2814 1647 2870 ostendere
1682 2830 1695 2867 :
1729 2814 1815 2869 ita
1846 2813 1904 2868 in
1940 2812 2203 2869 Psalterii

552 2924 724 2981 opere
754 2906 1064 2970 latissimo,
1122 2904 1291 2976 quasi
1324 2903 1659 2975 praeteriens
1690 2901 1889 2973 aliqua
1918 2901 2200 2972 perstrin-

551 3010 770 3067 gerem,
804 2998 871 3048 ut
899 3009 967 3048 ex
996 2992 1198 3065 paucis
1228 3008 1355 3063 qua:
1394 2991 1740 3063 tetigissem,
1800 2990 2203 3062 intelligantur

550 3087 610 3138 et
667 3086 874 3138 cetera
921 3098 1049 3153 qua:
1105 3082 1323 3157 omissa
1378 3084 1538 3146 sunt,
1586 3094 1765 3151 quam
1794 3080 1913 3134 vim
1946 3079 2200 3136 habeant

549 3174 727 3244 atque
756 3170 1064 3227 rationem.
1098 3170 1223 3228 Non
1257 3170 1410 3241 quod
1441 3173 1643 3240 putem
1692 3185 1726 3223 a
1756 3184 1849 3224 me
1880 3184 2053 3240 posse
2082 3168 2197 3224 dici

2317 1745 2576 1803 bomiliis
2606 1747 2732 1818 ipse
2784 1746 3089 1818 disseruit,
3139 1747 3229 1803 vel
3261 1763 3367 1821 ego
3424 1748 3674 1807 arbitror
3702 1750 3965 1823 lectione,

2316 1835 2377 1889 in
2408 1835 2563 1890 hunc
2594 1840 2912 1907 angustum
2936 1836 3495 1893 Commentariolum
3528 1839 3965 1898 referam.Psal‘

2317 1925 2529 1979 terium
2588 1924 2851 1979 Graecum
2908 1929 3016 1991 est,
3075 1930 3132 1980 et
3162 1926 3362 1982 Latine
3410 1942 3693 1999 organum
3723 1930 3960 2001 dicitur,

2318 2013 2473 2084 quod
2508 2012 2742 2068 Hmbraei
2772 2030 2948 2069 nassa
3004 2019 3231 2070 vocant.
3294 2014 3564 2072 Psalmus
3610 2017 3841 2090 dicitur,
3891 2035 3961 2077 eo

2316 2102 2472 2173 quod
2507 2119 2542 2157 a
2570 2101 2852 2158 Psalterio
2885 2120 3095 2159 nomen
3128 2104 3463 2176 accepit,vel
3496 2121 3600 2178 pro
3631 2106 3955 2178 psalleudo.

2315 2190 2590 2254 Quamvis
2622 2191 2800 2247 David
2843 2209 3046 2248 omnes
3103 2192 3363 2265 psalmos
3421 2199 3734 2265 cantasset,
3762 2201 3957 2254 tamen

2315 2295 2519 2336 omnes
2552 2279 2762 2352 psalmi
2796 2280 2853 2335 in
2887 2298 3137 2353 persona
3164 2281 3379 2337 Christi
3427 2283 3738 2355 pertinent,
3771 2291 3829 2341 et
3855 2288 3959 2358 qui

2314 2368 2648 2439 praelitulati
2709 2384 2838 2425 esse
2878 2386 2993 2424 non
3046 2370 3321 2425 videntur
3348 2372 3501 2443 apud
3532 2372 3824 2439 Bebmos,
3856 2388 3961 2446 pro

2314 2472 2431 2512 uno
2453 2457 2679 2528 psalmo
2710 2457 3018 2514 habentur.
3042 2458 3188 2514 Nam
3216 2473 3319 2530 per
3349 2459 3584 2515 titulum
3615 2460 3962 2534 intelligitur

2317 2545 2779 2618 uniuscujusque
2810 2546 3021 2618 psalmi
3051 2548 3405 2603 intellectus.
3428 2550 3577 2614 Quid
3609 2556 3699 2606 est
3726 2550 3955 2624 titulus,

2315 2634 2427 2690 nisi
2458 2635 2827 2691 clavis‘?Ut
2854 2638 2936 2691 ita
2966 2636 3235 2704 dixerim,
3291 2637 3348 2691 in
3401 2638 3647 2694 domum
3699 2654 3813 2695 non
3868 2641 3961 2697 ius

2312 2723 2575 2794 greditur
2629 2724 2741 2780 nisi
2803 2740 2905 2796 per
2959 2723 3203 2795 clavem,
3262 2726 3341 2781 ita
3398 2730 3456 2781 et
3492 2727 3961 2801 uniuscujusque

2313 2811 2523 2883 psalmi
2555 2812 2883 2868 intellectus
2912 2829 3015 2885 per
3043 2813 3286 2878 clavem,
3308 2814 3419 2870 hoc
3444 2819 3554 2886 est,
3587 2832 3689 2888 per
3716 2818 3954 2874 titulum

2310 2898 2675 2972 intelligitur,
2708 2901 2767 2956 in
2800 2903 2970 2972 cujus
3003 2919 3253 2974 persona
3276 2908 3571 2974 cantatur,
3602 2910 3703 2961 aut
3731 2907 3793 2961 in
3822 2920 3961 2978 pet--

2312 3006 2457 3045 sona
2486 2989 2725 3060 Christi,
2754 2996 2855 3046 aut
2889 2992 2945 3045 in
2981 3008 3231 3063 persona
3280 2991 3572 3061 Ecclesiae,
3604 2998 3703 3050 aut
3732 2995 3790 3051 in
3819 3011 3952 3068 pert

2306 3093 2450 3134 sona
2479 3078 2794 3150 prophetae.

552 3402 564 3413 .
620 3331 637 3365 ¹
693 3332 976 3414 Sumpta"
1002 3346 1070 3414 ex
1126 3328 1357 3414 Origine
1414 3328 1774 3414 comparatio
1846 3333 2193 3414 est,nquam
2305 3330 2377 3385 ad
2420 3329 2842 3414 Przn‘l'ationem‘
2874 3328 3122 3414 alterius
3172 3332 3547 3414 Expositionis
3577 3332 3952 3414 Psalmoruin,

549 3402 799 3473 ipsemet
829 3398 900 3457 ab
932 3401 1169 3483 Hebraeo
1202 3398 1456 3483 quodam
1477 3398 1751 3455 didicisse
1779 3416 1839 3454 se
1868 3398 2191 3471 profitetur.
2304 3417 2481 3472 quam
2514 3401 2715 3457 itidem
2770 3399 2915 3457 falso
2947 3400 3230 3458 tributam
3254 3398 3610 3477 Hieronymo
3641 3398 3959 3463 subnecte;

546 3473 773 3533 Placuit
828 3478 885 3529 et
940 3473 997 3528 S.
1032 3472 1274 3529 Hilario.
1308 3471 1581 3527 Dicemus
1638 3472 1709 3527 de
1739 3487 1806 3526 ea
1837 3487 1946 3527 nos
1993 3477 2194 3543 postea
2308 3489 2463 3527 mus.

1248 3642 1249 3645 η
3792 3642 3943 3684 ηε

1434 3812 1833 3901 PSALMI
1895 3813 2475 3903 INCIPIUNT
2532 3816 3065 3904 EDISSERI.

1032 4122 1363 4182 PSALMUS
1402 4120 1693 4180 PRIMUS.

613 4236 641 4263 «
676 4210 888 4269 Beatus
918 4213 1007 4268 vir
1037 4212 1139 4285 qui
1196 4230 1313 4271 non
1371 4212 1515 4268 abiit
1571 4212 1629 4268 in
1689 4211 1931 4269 consilio
1988 4212 2193 4286 impio-

541 4318 695 4359 rum.
728 4325 755 4352 »
788 4300 1036 4366 Quidam
1097 4301 1303 4356 dicunt
1330 4300 1485 4356 hunc
1515 4300 1811 4372 psalmum
1843 4301 2011 4371 quasi
2047 4320 2191 4374 pra:-

2218 4127 2260 4193 C
2297 4124 2617 4180 ambulavit
2644 4150 2659 4193 ;
2690 4124 2799 4181 hoc
2830 4125 3047 4199 quippe
3078 4125 3440 4199 impossibile
3478 4131 3567 4184 est
3595 4144 3607 4183 :
3642 4128 3781 4200 quia
3810 4128 3945 4185 nul-

2302 4214 2395 4270 lus
2426 4215 2647 4286 absque
2670 4220 2925 4287 peccato,
2952 4230 3056 4271 nec
3089 4214 3138 4270 si
3170 4215 3347 4272 unius
3372 4216 3611 4290 quidem
3642 4216 3795 4273 hora:
3826 4217 3947 4275 fue-

2305 4302 2378 4357 rit
2406 4303 2527 4358 vita
2555 4304 2704 4373 ejus.
2748 4302 2987 4359 Nullum
3019 4303 3146 4359 sine
3188 4310 3422 4376 peccato
3472 4304 3614 4361 dicit
3645 4323 3658 4361 :
3692 4306 3791 4362 sed
3827 4327 3850 4357 ι
3885 4306 3946 4361 in

540 4391 819 4447 tationem
853 4406 981 4447 esse
1013 4388 1268 4461 Spiritus
1301 4388 1512 4458 sancti,
1544 4392 1601 4444 et
1633 4388 1761 4444 ideo
1787 4387 2025 4445 titulum
2077 4407 2192 4445 non

537 4478 774 4535 habere.
804 4478 917 4533 Alii
949 4479 1009 4533 in
1039 4494 1105 4535 eo
1138 4478 1295 4549 quod
1329 4476 1553 4549 primus
1583 4476 1911 4543 sit,ordinis
1942 4478 2067 4535 suis
2088 4479 2191 4534 ha-

540 4568 678 4624 bere
707 4566 1090 4640 principium,
1146 4572 1203 4622 et
1232 4562 1574 4639 πλεονασμὸν
1619 4582 1748 4623 esse
1805 4566 2010 4623 vitium
2056 4585 2187 4624 eum

541 4655 799 4727 primum
831 4654 1045 4721 dicere,
1068 4660 1199 4711 ante
1232 4671 1405 4728 quem
1430 4653 1629 4711 nullus
1650 4655 1743 4710 sit.
1772 4655 1953 4713 Aliter
1985 4672 1997 4712 :
2024 4657 2190 4729 Apud

544 4744 831 4814 Hebrazos,
866 4748 923 4800 et
970 4743 1195 4817 primus
1255 4750 1312 4801 et
1366 4745 1661 4802 secundus
1719 4762 1875 4800 unus
1922 4750 2011 4801 est
2041 4744 2192 4818 psal-

541 4849 676 4889 mus
706 4832 860 4905 quod
892 4833 951 4888 in
1010 4833 1407 4905 apostolorum
1463 4850 1697 4906 quoque
1750 4834 1991 4890 Actibus
2028 4851 2191 4891 com-

538 4923 838 4997 probatur.
898 4922 1161 4995 Denique
1218 4923 1358 4995 quia
1413 4941 1447 4979 a
1502 4923 1867 4979 beatitudine
1915 4927 2187 4995 coeperat,

546 5013 605 5068 in
660 5011 1024 5068 beatitudine
1080 5012 1315 5081 desinit,
1357 5013 1605 5069 dicens:
1664 5014 1821 5068 Beati
1861 5028 2044 5069 omnes
2097 5014 2193 5083 qui

539 5102 827 5173 conﬁdunt
857 5103 916 5157 in
946 5117 1074 5158 eum
1108 5103 1277 5173 (Psal.
1338 5120 1400 5169 ιι,
1453 5102 1562 5173 13).
1596 5100 1771 5157 Aliter
1803 5117 1816 5155 :
1852 5102 2059 5157 Beatus
2089 5100 2189 5173 qui

536 5204 653 5249 non
684 5191 978 5264 cogitavit,
1013 5208 1129 5247 non
1162 5192 1314 5262 fecit,
1349 5208 1466 5247 non
1499 5190 1696 5247 docuit
1727 5188 1900 5247 mala.
1933 5188 2114 5245 Aliter
2172 5206 2185 5247 :

536 5286 749 5338 Beatus
779 5279 878 5351 qui
901 5296 1016 5336 non
1044 5284 1135 5336 est
1161 5280 1421 5348 Judaaus,
1455 5280 1712 5353 gentilis,
1739 5277 2188 5334 hmreticus.Ali-

533 5374 625 5426 ter
658 5387 671 5424 :
705 5368 1123 5436 Tertullianus,
1183 5369 1242 5424 in
1303 5369 1450 5425 libro
1480 5369 1545 5425 de
1574 5368 1921 5440 Spectaculis,
1978 5368 2189 5423 asserit

2300 4391 2394 4447 via
2423 4398 2795 4463 peccatorum
2828 4409 2942 4449 non
2998 4392 3197 4463 stetit,
3232 4393 3341 4449 hoc
3371 4399 3481 4463 est,
3540 4394 3641 4467 qui
3672 4410 3784 4450 non
3816 4410 3945 4467 per-

2302 4480 2583 4536 severavit
2610 4480 2668 4535 in
2702 4478 2935 4551 delicto,
2970 4481 3071 4537 sed
3131 4497 3234 4554 per
3272 4482 3674 4554 paenitentiam
3727 4483 3798 4539 ad
3829 4498 3946 4539 me-

2301 4568 2446 4625 liora
2493 4585 2810 4625 conversus
2854 4574 2967 4627 est.
3017 4592 3047 4620 «
3096 4574 3163 4625 Et
3208 4570 3268 4626 in
3298 4570 3572 4628 cathedra
3602 4570 3943 4644 pestilentia:

2302 4675 2415 4713 non
2449 4658 2616 4714 sedit.
2653 4682 2681 4708 »
2712 4658 2821 4715 Pro
2852 4658 3261 4731 pestilentibus
3292 4660 3352 4716 in
3382 4659 3618 4717 Hebraeo
3663 4660 3944 4718 delusores

2301 4746 2495 4815 habet,
2529 4747 2684 4818 quod
2725 4745 2948 4803 scilicet
3003 4764 3207 4805 omnes
3264 4748 3585 4822 discipulos
3642 4764 3945 4822 perversus

2302 4836 2503 4891 doctor
2532 4834 2759 4891 illudat.
2794 4836 2956 4892 Unde
3001 4837 3286 4893 Jeremias
3335 4854 3350 4893 :
3407 4838 3526 4895 Non
3566 4838 3701 4907 sedi,
3751 4838 3854 4907 ait,
3884 4840 3947 4894 in

2300 4925 2536 4981 concilio
2566 4925 2877 4982 ludentium
2906 4927 3123 4997 (Jerem.
3155 4943 3247 4997 xv,
3277 4928 3388 4999 17).

2375 5012 2545 5068 «Sed
2602 5014 2662 5068 in
2721 5012 2848 5086 lege
2908 5014 3141 5070 Domini
3173 5015 3444 5073 voluntas
3492 5018 3643 5089 ejus,
3674 5036 3701 5071 ο
3735 5015 3943 5072 Tribus

2299 5102 2414 5157 duo
2472 5101 2688 5169 retulit,
2749 5107 2814 5157 ut
2864 5102 3077 5159 habeat
3129 5103 3511 5173 voluntatem,
3569 5109 3626 5162 et
3658 5103 3943 5162 voluntati

2291 5190 2506 5264 jungat
2531 5195 2589 5246 et
2611 5190 2895 5248 studium.
2929 5215 2956 5242 «
2992 5192 3057 5247 Et
3085 5194 3146 5248 in
3177 5193 3295 5263 lege
3319 5194 3440 5265 ejus
3478 5193 3835 5251 meditabitur
3860 5192 3951 5248 die

2297 5296 2359 5335 ac
2381 5283 2553 5336 nocte.
2588 5301 2617 5329 ››
2648 5278 2944 5336 Meditatio
2976 5280 3121 5353 legis
3152 5287 3260 5349 est,
3293 5298 3408 5339 non
3435 5283 3625 5339 solum
3652 5284 3713 5338 in
3744 5282 3943 5355 legens

2296 5369 2388 5424 dis
2416 5364 2757 5440 Scripturis,
2789 5368 2890 5425 sed
2935 5370 3108 5425 etiam
3159 5371 3219 5426 in
3251 5371 3343 5428 his
3383 5389 3510 5444 quae
3543 5372 3758 5445 scripta
3809 5372 3947 5426 sunt

539 5460 693 5513 hunc
722 5458 1019 5530 psalmum
1052 5464 1111 5513 et
1147 5459 1219 5513 de
1265 5458 1484 5532 Joseph
1549 5472 1720 5529 posse
1777 5454 2027 5528 intelligi
2086 5456 2184 5529 qui
2218 5492 2265 5557 Β
2296 5457 2579 5513 faciendo.
2609 5460 2815 5513 Justus
2846 5456 3045 5529 igitur,
3099 5460 3217 5516 sive
3248 5461 3559 5530 nanducet,
3615 5461 3734 5517 sive
3765 5448 3947 5527 bibat,

538 5560 750 5618 corpus
781 5545 1013 5602 Domini
1043 5546 1327 5620 sepelivit,
1351 5548 1497 5603 etde
1518 5546 1612 5601 his
1634 5545 1734 5617 qui
1766 5547 1835 5601 ad
1860 5547 2191 5617 spectacula
2218 5545 2261 5557 ⁶’
2300 5545 2420 5602 sive
2475 5546 2747 5613 dormiat,
2804 5545 2865 5600 in
2898 5548 3134 5604 nomine
3172 5549 3405 5606 Domini
3448 5551 3647 5607 omnia
3700 5548 3944 5616 faciens,

538 5632 803 5706 gentium
836 5651 953 5690 non
984 5638 1355 5693 conveniunt.
1389 5659 1417 5687 ‹‹
1452 5636 1521 5691 Et
1559 5634 1619 5689 in
1673 5635 1767 5691 via
1814 5640 2185 5707 peccatorum

538 5735 654 5785 non
688 5720 872 5781 stetit.
900 5744 928 5775 ››
960 5722 1085 5781 Non
1116 5723 1286 5797 dixit,
1340 5730 1399 5782 et
1426 5725 1487 5783 iu
1525 5723 1618 5781 via
1648 5731 2019 5796 peccatorum
2067 5738 2184 5781 non

2300 5636 2619 5691 meditatur
2645 5633 2835 5706 legem
2868 5635 2996 5705 ejus
3022 5637 3115 5693 die
3146 5654 3213 5693 ac
3242 5644 3430 5696 nocte.

2367 5747 2396 5775 «
2418 5724 2490 5782 Et
2517 5724 2627 5781 erit
2655 5727 2936 5796 tanquam
2967 5724 3193 5800 lignum
3225 5730 3381 5801 quod
3411 5725 3737 5803 plautatum
3766 5729 3875 5801 est,
3914 5751 3939 5781 ι
