4220 6608
307 468 424 585 aia

1502 515 1995 577 BREVIARIUM
2045 515 2122 576 ΙΝ
2175 515 2550 578 PSALMOS.

3595 515 3720 624 874’

305 654 414 718 etc.
447 649 554 705 Pro
585 648 932 720 plantatum,
978 648 1461 715 transptantatum.
1512 645 1720 718 Aquila
1753 650 1946 702 trans-
1977 647 2033 714 Α
2064 645 2356 717 dirigitur.
2393 646 2487 701 Sic
2519 653 2574 701 et
2603 647 2843 718 impius,
2877 647 2977 719 qui
3019 647 3196 703 semel
3230 648 3415 704 Deum
3469 665 3714 722 negave-

305 738 459 794 tulit.
512 736 755 808 Lignum
803 741 998 791 autem
1041 734 1135 790 cui
1191 735 1278 789 vir
1318 736 1522 790 beatus
1561 741 1952 806 comparatur,

305 826 652 898 sapientiam
714 829 873 896 puto,
946 825 1017 880 de
1080 840 1196 895 qua
1252 828 1309 878 et
1357 823 1628 878 Solomon
1672 823 1951 894 loquitur.

304 917 544 982 Lignum
586 916 720 969 vita:
763 922 843 968 est
891 913 976 968 his
1023 916 1120 984 qui
1159 917 1466 984 sequuntur
1493 930 1617 968 eam
1648 914 1829 979 (Prov.
1865 930 1950 980 ιιι,

304 1004 413 1072 18).
457 1002 752 1074 Sapientia
801 1007 996 1056 autem
1047 1017 1152 1072 per
1179 999 1521 1071 Apostolum
1554 1000 1820 1055 Christus
1853 1001 1952 1056 Dei

303 1091 482 1147 Filius
512 1090 1156 1146 declaratur.Christum
1188 1090 1289 1154 ait,
1326 1091 1422 1145 Dei
1451 1091 1730 1152 virtutem,
1749 1093 1815 1142 -ει
1849 1091 1953 1143 Dei

298 1182 639 1252 sapientiam
678 1179 724 1249 (1
751 1180 872 1234 Cor.
907 1180 948 1246 l,
982 1179 1074 1247 24,
1107 1177 1215 1232 hoc
1245 1184 1352 1244 est,
1395 1177 1623 1232 Christo
1676 1177 1817 1232 Filio
1848 1177 1949 1232 Dei

299 1269 614 1324 conformis
643 1269 846 1338 utique
869 1268 1057 1322 factus
1075 1267 1302 1338 corpori
1325 1265 1522 1337 glorise
1546 1265 1696 1334 ejus.
1728 1287 1754 1317 ιι
1785 1265 1947 1330 Quod

296 1357 554 1412 fructum
587 1373 762 1411 suum
793 1355 956 1410 dabit
985 1355 1044 1410 in
1077 1359 1340 1426 tempore
1373 1372 1497 1409 suo.
1539 1376 1565 1402 »
1601 1355 1762 1408 Dabit
1791 1354 1948 1408 enim

299 1447 554 1501 fructum
584 1461 698 1499 non
729 1459 1080 1515 quocunque
1111 1448 1394 1514 tempore,
1429 1443 1528 1497 sed
1563 1442 1896 1514 praescripto
1932 1458 1944 1498 :

299 1534 398 1589 illo
431 1533 652 1588 scilicet
681 1549 815 1588 cum
869 1532 1110 1588 devictis
1168 1532 1556 1603 potestatibus
1607 1530 1947 1602 principati-

300 1625 529 1693 busque
563 1621 863 1676 tradiderit
894 1637 1138 1692 regnum
1174 1626 1285 1675 Deo
1325 1620 1498 1686 Patri,
1549 1621 1946 1675 conformatus

299 1711 549 1766 claritati
581 1710 839 1781 corporis
872 1709 984 1764 sui.
1021 1709 1182 1774 Quod
1217 1714 1412 1763 autem
1445 1725 1507 1764 se
1538 1705 1804 1763 arborem
1838 1712 1946 1762 Do-

301 1800 497 1854 minus
529 1799 642 1853 dici
673 1798 878 1861 voluit,
903 1799 984 1852 ait
1016 1814 1030 1853 :
1065 1799 1169 1852 Aut
1195 1799 1365 1867 facite
1393 1797 1640 1852 arborem
1676 1797 1876 1852 bonam
1895 1799 1948 1852 et

297 1889 548 1962 fructum
579 1891 702 1957 eius
734 1887 934 1942 bonum
981 1887 1190 1957 (Matth.
1224 1904 1326 1950 xu,
1367 1887 1478 1957 33).
1513 1886 1675 1950 Quod
1720 1883 1945 1958 lignum

297 1977 382 2053 ita
433 1977 624 2032 dixit:
660 1976 721 2031 Si
768 1977 827 2032 in
874 1976 1045 2031 viridi
1099 1975 1252 2045 ligno
1292 1976 1390 2030 hoc
1434 1977 1668 2045 faciunt,
1704 1976 1762 2032 in
1789 1973 1946 2029 arido

297 2068 389 2138 ﬁet
417 2067 571 2136 (Luc.
604 2081 767 2130 xxm,
798 2066 891 2118 31.

373 2195 393 2220 α
427 2173 497 2226 Et
528 2169 730 2226 folium
779 2171 908 2241 ejus
953 2187 1066 2224 non
1098 2170 1345 2227 decidet.
1383 2193 1410 2220 ››
1444 2171 1635 2226 Verba
1665 2169 1942 2226 doctrina:

297 2277 423 2335 qua
446 2261 517 2316 ad
541 2259 792 2316 salutem
814 2259 1091 2330 gentibus
1114 2258 1612 2331 proﬁciunt,juxta
1635 2259 1775 2314 illud
1795 2263 1943 2331 Apo-

297 2348 548 2422 calypsis
582 2363 596 2402 :
628 2349 692 2404 Et
719 2346 864 2420 [alia
893 2348 1039 2419 ligni
1065 2348 1227 2419 hujus
1273 2349 1352 2404 ad
1379 2351 1676 2404 sanitatem
1702 2350 1946 2419 gentium

295 2438 479 2510 (Apoc.
513 2455 650 2508 xxu,
675 2437 752 2509 2).
775 2459 804 2486 «
838 2437 907 2491 Et
926 2437 1124 2492 omnia
1154 2453 1563 2509 quzecunnque
1595 2437 1947 2508 fecerit,pro-

299 2527 712 2600 aperabuntur.
753 2549 778 2575 »
806 2525 990 2581 Judaei
1027 2525 1182 2581 hunc
1232 2526 1531 2582 Psalmum
1563 2525 1784 2581 dictum
1818 2542 1946 2581 esse

298 2616 635 2672 existimant
663 2615 735 2670 de
763 2614 952 2672 Josia:
979 2615 1137 2686 quod
1175 2615 1336 2671 solus
1369 2615 1518 2670 inter
1550 2616 1823 2688 profanos
1857 2631 1944 2668 re-

299 2722 402 2778 ges
433 2723 547 2760 non
595 2704 803 2760 abierit
833 2705 891 2758 in
924 2702 1167 2758 consilio
1210 2704 1547 2792 impiorum,
1581 2705 1676 2758 sed
1712 2709 1948 2758 secutus

299 2795 376 2850 sit
401 2793 588 2864 legem
623 2791 744 2848 Dei.
776 2791 992 2847 Verum
1025 2791 1132 2846 hoc
1179 2793 1333 2862 quod
1379 2791 1550 2846 modo
1591 2791 1803 2848 lectum
1837 2795 1946 2846 est.

301 2906 328 2933 κ
387 2883 454 2937 Et
501 2881 699 2937 omnia
756 2897 1116 2952 quzccunque
1169 2881 1337 2936 faciet
1369 2882 1888 2952 prosperabuntur,
1918 2902 1945 2928 ››

300 2987 412 3042 non
446 2970 637 3026 solum
668 2971 747 3044 de
767 2970 948 3034 Josia,
969 2970 1070 3026 sed
1103 2970 1173 3024 de
1205 2968 1363 3024 nullo
1397 2974 1729 3024 sanctorum
1763 2968 1949 3038 accipi

307 3064 517 3131 potest,
569 3059 681 3113 nisi
731 3059 873 3114 forte
923 3059 979 3112 in
1015 3059 1211 3114 futuro
1261 3057 1495 3113 saeculo.
1532 3057 1740 3113 Melius
1771 3058 1951 3129 igitur

302 3149 372 3204 de
409 3165 474 3203 eo
505 3147 889 3219 intelligimus
922 3147 1180 3210 homine,
1231 3147 1330 3218 qui
1362 3164 1396 3202 a
1427 3146 1720 3202 Salvatore
1753 3151 1949 3202 nostro

302 3241 647 3308 assumptus
677 3241 765 3292 est
795 3241 972 3308 atque
1001 3235 1261 3291 salvatus
1295 3253 1308 3290 :
1342 3253 1453 3291 non
1487 3253 1602 3308 quo
1649 3235 1830 3291 alium
1863 3252 1950 3290 as-

303 3326 622 3397 sumpisse,
655 3323 836 3380 alium
887 3329 1260 3396 assumptum
1308 3341 1437 3380 esse
1474 3328 1794 3390 testemur;
1849 3324 1950 3380 sed

302 3432 419 3487 quo
451 3431 606 3470 unus
637 3418 810 3485 atque
839 3413 997 3468 idem
1031 3412 1211 3467 Filius
1263 3413 1363 3468 Dei
1397 3417 1453 3468 et
1483 3414 1640 3468 filius
1670 3412 1946 3480 hominis,

303 3505 404 3576 qui
436 3507 568 3559 ante
599 3503 812 3558 saecula
839 3503 1098 3558 Verbum
1131 3518 1363 3574 semper
1413 3504 1542 3569 fuit,
1599 3502 1722 3573 ipse
1749 3507 1952 3573 postea

304 3597 363 3648 et
391 3609 625 3648 carnem
657 3596 745 3647 est
774 3590 1050 3663 dignatus
1081 3607 1404 3646 assumere.
1650 3594 1657 3599 '

374 3721 400 3747 «
435 3699 557 3754 Non
591 3698 674 3753 sic
707 3697 892 3770 impii,
928 3715 1042 3753 non
1076 3697 1180 3752 sic.
1215 3720 1242 3748 »
1292 3699 1352 3752 Id
1387 3699 1537 3769 quod
1573 3699 1830 3752 secundo
1861 3698 1948 3752 di-

304 3789 476 3855 citur,
503 3805 614 3843 non
642 3787 806 3853 sic,in
842 3787 1093 3843 Hebraeis
1121 3786 1517 3842 voluminibus
1543 3805 1655 3842 non
1680 3787 1948 3858 habetur,

303 3877 404 3932 sed
437 3893 511 3933 ne
541 3877 598 3931 in
630 3877 774 3948 ipsis
806 3876 1041 3949 quidem
1071 3875 1208 3931 LXX
1237 3875 1676 3948 Interpretibus.
1712 3877 1856 3932 Nam
1891 3875 1949 3930 in

302 3964 582 4038 exemplis
614 3965 883 4038 Origenis
907 3965 963 4019 in
995 3964 1328 4020 Cmsariensi
1355 3965 1705 4020 bibliotheca
1727 3965 1948 4037 legens,

305 4054 485 4110 semel
533 4060 763 4110 tantum
810 4054 1095 4126 scriptum
1143 4055 1350 4126 reperi.
1403 4056 1559 4110 inter
1605 4055 1852 4127 impium
1895 4058 1954 4108 et

315 4148 674 4216 peccatorem
731 4143 839 4197 hoc
903 4142 1162 4209 interest,
1209 4143 1309 4214 qui
1356 4143 1574 4216 impius
1621 4149 1728 4208 est,
1782 4146 1956 4213 negat

301 4229 494 4286 Deum
530 4249 542 4287 :
577 4231 676 4302 qui
705 4235 970 4302 peccator
997 4235 1108 4297 est,
1139 4233 1451 4287 conﬁtetur
1465 4239 1522 4288 et
1546 4237 1761 4305 peccat.
1793 4232 1956 4288 Sicut

287 4322 504 4392 justus
539 4319 626 4376 vir
651 4322 1029 4390 comparatur
1057 4319 1216 4392 ligno
1247 4339 1260 4376 :
1289 4321 1373 4376 sic
1405 4321 1623 4394 impius
1653 4337 1956 4394 compara-

308 4417 404 4464 tur
435 4408 679 4482 pulveri.
717 4407 824 4473 Qui
855 4409 1051 4479 justus
1081 4413 1188 4480 est,
1222 4408 1379 4482 ligno
1413 4410 1664 4482 paradisi
1716 4426 1959 4480 compa-

310 4504 474 4554 ratur
505 4515 518 4553 :
553 4497 652 4571 qui
687 4501 883 4552 autem
915 4495 1134 4570 impius
1165 4503 1272 4569 est,
1300 4498 1518 4570 pulveri
1562 4503 1954 4570 comparatur.

383 4629 411 4656 «
443 4605 550 4660 Sed
583 4609 866 4676 tanquam
901 4605 1111 4678 pulvis,
1137 4623 1308 4678 quem
1343 4605 1572 4678 projicit
1601 4611 1807 4662 ventus
1829 4621 1862 4659 a
1883 4605 1960 4685 fas

311 4696 397 4750 cie
427 4700 614 4750 terras.
646 4716 673 4744 ››
708 4693 906 4749 Pulvis
937 4694 1070 4750 licet
1099 4695 1169 4750 de
1208 4699 1361 4751 terra
1395 4695 1490 4766 sit,
1524 4700 1714 4751 tamen
1748 4694 1963 4750 desinit

313 4799 440 4840 esse
472 4789 645 4838 terra.
679 4784 824 4838 Tam
858 4783 1060 4839 infelix
1112 4783 1223 4840 erit
1279 4785 1518 4857 impius,
1553 4790 1618 4840 ut
1649 4800 1752 4839 nec
1785 4789 1960 4839 terre-

315 4889 426 4929 nus
447 4872 683 4944 quidem
712 4872 789 4927 sit
819 4872 1282 4944 pulvis.Vidctur
1303 4875 1541 4946 quidem
1564 4873 1774 4929 habere
1797 4879 1962 4927 terra:

315 4961 732 5031 substantiam,
769 4962 868 5016 sed
901 4961 1078 5018 habet
1139 4979 1306 5019 suam
1341 4963 1734 5019 substantiam
1770 4980 1782 5017 :
1819 4959 1966 5018 nihil

314 5051 492 5107 habet
523 5049 800 5118 solidum,
837 5052 936 5107 sed
975 5053 1129 5122 quod
1161 5051 1358 5120 habet,
1394 5053 1464 5108 ad
1513 5070 1739 5126 pcenam
1775 5053 1965 5106 habet.

295 5139 440 5218 .Huc
489 5137 742 5209 illucque
793 5139 1174 5213 dispergitur,
1227 5158 1532 5213 nunquam
1583 5142 1639 5196 in
1670 5158 1786 5196 uno
1846 5139 1968 5195 loco

317 5235 406 5284 est
435 5247 451 5298 ;
485 5245 833 5301 quocunque
865 5233 1074 5286 ventus
1107 5230 1361 5298 traxerit,
1393 5229 1531 5285 illuc
1562 5232 1688 5300 ejus
1719 5230 1971 5301 impetus

293 5402 300 5408 -
390 5371 406 5404 ί
441 5370 708 5445 Diximus
738 5386 770 5445 a
801 5375 1036 5445 Servato
1069 5373 1250 5445 Lupo,
1297 5375 1356 5428 in
1391 5372 1727 5445 Collectaneo
1757 5373 1821 5427 de
1865 5375 1969 5428 tri-

320 5446 417 5515 bus
449 5443 859 5515 quastionibus,
917 5443 1344 5500 laudariihunc
1393 5444 1722 5515 Hieronymi
1778 5447 1970 5499 locum

272 5571 280 5576 _
320 5514 414 5568 bis
443 5512 632 5566 verbis
667 5529 677 5565 :
717 5536 743 5586 (ς
779 5514 933 5567 ldcm
968 5515 1178 5586 Doctor
1201 5512 1631 5586 (Hieronymus;
1658 5516 1770 5568 alio
1800 5517 1972 5570 verbo

321 5600 558 5640 sensum
596 5584 1122 5658 praulcstinationis
1153 5584 1528 5658 eXpressitiu
1565 5588 1974 5656 explanatione

324 5658 491 5729 primi
531 5656 781 5725 psalmi:
821 5656 924 5721 Qui
968 5668 1149 5729 autem
1199 5656 1310 5712 non
1360 5661 1556 5721 credit,
1614 5660 1976 5729 inquit,jam

324 5677 491 5726 [)i‘lllll
531 5677 781 5725 [)Stllillll
821 5677 921 5721 υιιι
968 5677 1149 5710 autem
1199 5677 1310 5712 non
1360 5677 1556 5721 creati,
1614 5677 1698 5711 ιιι(
1723 5677 1973 5729 un,]am

312 5728 598 5799 judicatus
653 5729 917 5802 e.st,~jam
954 5728 1108 5782 enim
1161 5731 1580 5800 prejudicatus
1639 5677 1712 5784 ad
1745 5747 1973 5802 poenam

322 5803 432 5856 est.
465 5819 494 5849 ››
528 5798 736 5856 Confer
781 5815 938 5858 nunc
987 5798 1189 5858 verum
1241 5798 1690 5876 Hieronymum,
1737 5798 1976 5874 Dialogo

606 5924 871 5990 Ριτιιοι..
917 5927 1133 5992 XXVI.

2063 734 2159 804 rit,
2211 751 2563 807 quocunque
2608 735 2774 791 illum
2823 753 2965 792 aura
3013 737 3228 792 diaboli
3277 738 3534 806 traxerit,
3574 737 3712 794 illuc

2063 839 2255 878 errore
2288 825 2644 894 perducitur.

2137 935 2164 960 ››
2199 914 2329 967 Ideo
2363 929 2477 967 non
2506 921 2814 986 resurgent
2839 914 3003 986 impii
3029 915 3083 968 in
3109 915 3389 986 judicio.»
3413 916 3536 972 Non
3571 917 3710 990 quia

2063 1016 2176 1054 non
2210 1007 2538 1071 resurgant,
2573 1002 2671 1056 sed
2706 1003 2843 1073 quia
2875 1003 2928 1056 in
2959 1002 3180 1072 judicio
3213 1020 3326 1058 non
3359 1012 3704 1078 resurgant:

2051 1088 2176 1157 jam
2209 1089 2364 1143 enim
2397 1090 2467 1143 de
2500 1089 2590 1144 bis
2623 1091 3065 1160 praejudicatum
3099 1099 3188 1148 est
3219 1094 3256 1146 ί.
3291 1113 3318 1145 α
3349 1093 3548 1165 Neque
3579 1110 3708 1165 pec-

2059 1183 2284 1232 catores
2313 1177 2372 1232 in
2420 1177 2664 1233 concilio
2701 1179 3024 1248 justorum.
3063 1204 3082 1229 υ
3121 1181 3180 1236 Si
3216 1199 3330 1238 non
3385 1190 3704 1256 resurgunt

2059 1269 2387 1336 peccatores
2420 1267 2475 1320 in
2509 1267 2752 1323 concilio
2777 1269 3097 1338 justorum,
3119 1271 3348 1326 diversa
3378 1278 3466 1327 est
3498 1289 3706 1344 pecca-

2058 1359 2246 1408 terum
2271 1355 2693 1427 justorumque
2725 1357 3088 1412 resurrectio.

2130 1465 2156 1490 ‹‹
2185 1442 2332 1506 Quia
2353 1445 2650 1514 cognoscit
2673 1444 2952 1499 Dominus
2979 1447 3132 1501 viam
3156 1448 3468 1517 iustorum.
3492 1467 3518 1498 ιι
3547 1449 3705 1505 Nihil

2057 1529 2216 1584 aliud
2268 1532 2565 1603 cognoscit
2618 1533 2917 1600 Dominus,
2971 1535 3081 1589 nisi
3131 1536 3284 1606 quod
3335 1536 3538 1592 notitia
3575 1539 3705 1608 ejus

2057 1619 2300 1691 dignum
2333 1626 2440 1675 est.
2475 1622 2754 1689 Cognoscit
2803 1625 3003 1694 quippe
3054 1625 3312 1679 Dominus
3349 1642 3436 1681 eos
3464 1627 3560 1696 qui
3587 1628 3706 1697 ejus

2055 1716 2184 1762 sunt
2213 1709 2286 1779 (II
2317 1709 2450 1772 Tim,
2496 1727 2559 1777 ιι,
2595 1709 2682 1780 19)
2734 1727 2746 1764 :
2797 1719 2850 1766 et
2881 1714 2932 1767 si
2975 1714 3075 1785 qui
3119 1716 3308 1776 nescit,
3359 1718 3632 1770 nescietur
3661 1717 3710 1786 (Ι

2058 1797 2178 1850 Cor.
2212 1813 2326 1862 xlv,
2358 1799 2468 1867 38).
2504 1797 2572 1852 Et
2602 1799 2672 1852 ad
2708 1804 3038 1870 peccatores
3070 1801 3285 1878 dicitur
3316 1819 3329 1857 :
3369 1803 3640 1858 Discedite
3665 1819 3708 1859 α
3740 1795 3750 1805 ’

2055 1901 2158 1956 me,
2185 1888 2428 1957 operarii
2458 1888 2790 1956 iniquitatis,
2821 1903 2932 1944 non
2961 1891 3091 1944 novi
3121 1906 3209 1945 vos
3241 1891 3390 1962 (Luc.
3423 1892 3702 1962 xvm,27).

2053 1973 2224 2030 Viam
2271 1981 2467 2030 autem
2490 1975 2791 2046 justorum
2822 1975 2990 2033 illum
3023 1983 3163 2050 puto
3221 1995 3351 2036 esse
3381 1979 3479 2052 qui
3511 1979 3702 2052 loqui-

2054 2067 2151 2118 tur
2183 2081 2195 2119 :
2227 2064 2338 2132 Ego
2379 2081 2500 2119 sum
2559 2067 2649 2119 via
2679 2067 2862 2135 (Joan.
2895 2084 2988 2134 xv,
3016 2069 3092 2136 6).
3127 2073 3205 2122 De
3236 2085 3351 2140 quo
3381 2072 3438 2124 et
3467 2068 3710 2141 prophe-

2053 2156 2114 2207 ta
2145 2152 2285 2207 dicit
2319 2169 2331 2206 :
2374 2154 2556 2210 Videte
2586 2169 2712 2224 quae
2737 2156 2807 2210 sit
2836 2157 2928 2210 via
2959 2157 3100 2211 bona
3131 2156 3348 2227 (Jerem.
3382 2174 3457 2226 v1,
3489 2159 3598 2226 16).
3631 2159 3708 2214 Et

2050 2241 2155 2296 iter
2183 2237 2483 2312 impiorum
2508 2243 2728 2314 peribit.
2783 2241 2970 2307 Quam
3016 2243 3352 2311 clementer,
3393 2263 3507 2301 non
3539 2246 3708 2318 impii

2056 2331 2344 2400 peribunt,
2380 2331 2478 2385 sed
2513 2331 2814 2403 impietas.

2667 2456 2989 2514 PSALMUS
3032 2458 3101 2514 ΙΙ.

2125 2564 2311 2627 Quare
2381 2562 2743 2618 fremuerunt
2807 2569 3029 2636 gentes,
3085 2569 3142 2620 et
3189 2566 3388 2639 populi
3444 2567 3707 2624 meditati

2056 2657 2195 2706 sunt
2250 2651 2470 2706 inania.
2527 2670 2553 2701 ιι
2609 2653 2863 2707 Audacis
2894 2659 2982 2708 est
3011 2653 3169 2709 hunc
3203 2657 3498 2726 psalmum
3527 2657 3706 2711 inter-

2059 2741 2269 2812 prctari
2295 2739 2438 2796 velle
2471 2745 2602 2812 post
2634 2745 2868 2796 Petrum
2905 2759 2917 2796 :
2951 2742 3068 2797 imo
3099 2743 3170 2798 de
3200 2760 3266 2798 eo
3297 2743 3514 2800 sentire
3544 2743 3705 2800 aliud

2059 2846 2237 2902 quam
2269 2829 2326 2883 in
2354 2829 2594 2885 Actibus
2625 2829 3020 2902 apostolorum
3057 2832 3266 2888 dixerit
3295 2837 3522 2889 Petrus.

2131 2940 2157 2967 ‹‹
2213 2919 2531 2974 Astiterunt
2581 2937 2742 2990 reges
2773 2924 2962 2987 terra),
2996 2926 3052 2976 et
3083 2921 3374 2994 principes
3421 2939 3704 2980 convene-

2060 3011 2197 3061 runt
2241 3007 2301 3062 in
2353 3024 2536 3062 unum
2588 3009 2866 3065 adversus
2925 3011 3235 3066 Dominum
3301 3015 3360 3066 et
3427 3011 3706 3068 adversus

2060 3096 2354 3152 Christum
2386 3097 2538 3169 ejus.
2577 3120 2604 3146 »
2639 3097 2765 3153 Non
2797 3097 2987 3154 solum
3039 3101 3296 3156 Herodes
3329 3117 3427 3158 rex
3456 3103 3592 3171 (Act.
3629 3117 3706 3170 xv,

2057 3186 2172 3256 27),
2207 3187 2306 3241 sed
2339 3185 2513 3242 etiam
2547 3185 2627 3240 illi
2674 3203 2836 3259 reges
2887 3189 3166 3245 adversus
3217 3189 3533 3247 Dominum
3563 3207 3704 3246 con-

2067 3275 2364 3339 stiterunt,
2389 3291 2640 3345 quorum
2662 3292 2834 3346 regna
2866 3275 2916 3331 ei
2949 3276 3008 3332 in
3037 3282 3254 3349 puncto
3279 3279 3559 3350 temporis
3580 3279 3705 3334 dia-

1981 3384 2024 3452 C
2065 3362 2525 3452 bolusostendit
2555 3363 2772 3452 (Matth.
2805 3381 2882 3452 iv.
2913 3366 2989 3435 8).

2135 3473 2162 3500 «
2195 3450 2619 3521 Dirumpamus
2651 3450 2881 3506 vincula
2901 3468 3126 3520 eorum,
3159 3459 3216 3508 et
3247 3454 3644 3527 projiciamus,
3677 3478 3707 3506 ››

2061 3543 2170 3594 etc.
2221 3540 2483 3602 Quatuor
2539 3541 2929 3611 praecedentes
2972 3559 3177 3598 versus
3223 3543 3311 3598 vel
3355 3543 3568 3616 angeli,
3617 3543 3706 3600 vel

2060 3627 2351 3700 prophetae
2382 3631 2521 3682 sunt
2550 3627 2749 3698 locuti,
2783 3630 3063 3686 mirantes
3104 3648 3284 3704 quare
3333 3633 3592 3690 humana
3621 3639 3706 3689 te-

2061 3717 2298 3772 meritas
2328 3718 2604 3772 adversus
2625 3718 2720 3773 Dei
2745 3717 2953 3774 Filium
2982 3723 3479 3778 consurrexerit.A
3499 3724 3706 3796 quinto

2059 3811 2253 3862 autem
2280 3805 2564 3862 versiculo
2596 3806 2879 3863 Dominus
2900 3808 3025 3881 ipse
3046 3811 3363 3883 respondit,
3395 3811 3707 3870 cohortans

2063 3895 2342 3967 pepulum
2374 3895 2704 3968 gentilium,
2736 3902 2792 3952 et
2823 3904 3051 3954 montes
3109 3900 3210 3972 qui
3241 3901 3355 3956 sibi
3386 3919 3455 3957 ex
3482 3902 3705 3959 Judaeis

2063 3985 2342 4040 credituri
2402 3989 2562 4048 sunt,
2609 3990 2673 4040 ut
2719 3984 2928 4056 legalia
2973 3987 3204 4044 vincula
3259 3989 3601 4055 dissolvant,
3650 3995 3708 4047 et

2061 4089 2235 4144 grave
2283 4089 2432 4127 onus
2497 4072 2642 4143 legis
2691 4073 2990 4143 abjiciant,
3040 4078 3196 4147 quod
3240 4067 3354 4132 non
3395 4082 3711 4148 potuerunt

2061 4166 2294 4232 portare
2325 4165 2515 4232 patres
2543 4176 2744 4215 eorum
2777 4161 2911 4231 (Act.
2960 4179 3052 4229 xv,
3106 4165 3212 4234 10),
3255 4165 3355 4220 sed
3388 4174 3712 4238 sequantur

2064 4265 2198 4304 eum
2233 4249 2402 4320 cujus
2427 4248 2640 4320 jugum
2685 4265 2860 4306 suave
2907 4255 3014 4317 est,
3067 4256 3124 4308 et
3166 4269 3316 4308 onus
3347 4253 3470 4310 leve
3499 4253 3708 4326 (Matth.

2065 4354 2143 4409 XI,
2174 4339 2287 4405 30).
2699 4333 2704 4340 ’

2139 4450 2167 4478 ‹‹
2226 4427 2332 4491 Qui
2384 4427 2609 4484 habitat
2660 4427 2719 4482 in
2748 4427 2909 4484 ccelis
2939 4429 3206 4486 irridebit
3247 4447 3364 4488 eos.
3401 4453 3429 4482 »
3468 4433 3571 4489 Per
3602 4431 3713 4488 hu-

2067 4533 2251 4572 manae
2283 4517 2792 4574 sermocinationis
2820 4518 3105 4591 exempla,
3130 4519 3372 4576 affectus
3404 4521 3505 4577 Dei
3537 4521 3718 4578 disci-

2070 4624 2204 4662 mus
2236 4623 2248 4660 :
2282 4623 2395 4660 non
2427 4623 2542 4678 quo
2573 4606 2668 4662 ille
2712 4607 3046 4680 quempiam
3097 4609 3379 4679 derideat,
3427 4611 3527 4666 sed
3560 4613 3716 4685 quod

2073 4712 2178 4750 nos
2207 4693 2400 4750 derisu
2437 4695 2616 4766 digna
2646 4694 2950 4750 faciamus.
3010 4699 3074 4754 Et
3121 4699 3383 4755 Dominus
3409 4700 3718 4756 subsanna-

2073 4785 2151 4838 bit
2179 4799 2286 4838 eos.
2320 4783 2714 4838 Subsannatio
2749 4785 2977 4857 proprie
3007 4793 3220 4859 rugata
3251 4790 3462 4856 fronte,
3494 4794 3553 4844 et
3583 4806 3719 4845 con-

2073 4877 2257 4928 tracto
2307 4889 2447 4928 naso
2497 4873 2862 4945 exprimitur.
2905 4876 3076 4932 Absit
3122 4877 3322 4950 itaque
3375 4879 3481 4935 hoc
3513 4879 3720 4934 nosade

2077 4961 2192 5017 Deo
2243 4959 2622 5033 corporaliter
2664 4963 3018 5036 existimare,
3073 4967 3228 5037 quod
3278 4967 3454 5022 etiam
3501 4966 3560 5021 in
3591 4983 3722 5038 gra-

2076 5051 2246 5106 vibus
2312 5050 2454 5106 viris
2524 5051 2761 5122 quidam
2823 5054 3237 5125 reprhensione
3286 5056 3530 5127 dignum
3568 5055 3724 5109 arbi-

2081 5144 2207 5194 tran
2217 5146 2330 5195 tur.

2157 5252 2176 5276 α
2230 5229 2393 5286 Tunc
2431 5229 2706 5302 loquetur
2735 5232 2805 5286 ad
2837 5247 2936 5287 eos
2964 5232 3021 5287 in
3054 5231 3140 5287 ira
3171 5249 3298 5288 sua.
3338 5256 3357 5280 ι»
3393 5232 3473 5286 De
3507 5230 3595 5286 ira
3626 5231 3724 5286 Dei

2082 5378 2282 5446 contra
2331 5371 2692 5444 Pelagianos,
2744 5390 2904 5428 num.
2955 5375 3070 5426 28:
3108 5395 3136 5424 «
3169 5375 3230 5428 In
3272 5374 3480 5444 primo,
3502 5371 3724 5446 inquit,

2081 5444 2315 5499 Psalmo
2346 5447 2595 5513 canitur,
2627 5447 2884 5516 quoniam
2908 5461 3025 5516 non
3057 5453 3345 5512 resurgunt
3375 5445 3536 5514 impii
3565 5444 3619 5498 in
3640 5447 3730 5515 ju~

2081 5517 2240 5570 dicio.
2272 5518 2398 5571 Jam
2450 5516 2606 5571 enim
2638 5515 2713 5569 fin
2763 5515 3142 5586 perditionem
3180 5519 3320 5568 sunt
3343 5517 3724 5586 prmmrlicati.

2085 5589 2262 5658 Neque
2289 5597 2587 5656 peccatores
2637 5589 2696 5640 in.
2726 5587 2954 5641 com-ilio
2999 5587 3267 5651 iustorum
3317 5605 3334 5640 :
3384 5589 3541 5641 aliud
3573 5589 3730 5643 enim

2083 5657 2179 5713 est
2201 5659 2444 5730 gloriam
2479 5660 2724 5730 pendere
2777 5658 3137 5725 resurgeudi,
3187 5657 3344 5712 aliud
3385 5661 3571 5730 perire
3603 5677 3732 5732 per-

2085 5738 2279 5802 petua.
2315 5755 2342 5779 »ι
