4220 6588
526 524 643 583 875
1574 612 1579 619 Ι
2018 521 2161 580 APP

2270 519 2441 579 lDlX.
3814 530 3935 590 876

525 662 582 713 et
629 655 964 711 Lactantius
1016 654 1229 709 librum
1281 654 1742 725 pulcherrimum
1801 652 2054 723 scripsit,
2115 654 2170 705 et
2199 655 2251 716 Α
2281 648 2594 705 noluerunt
2622 651 2861 707 adorare
2910 652 3139 720 Filium,
3186 653 3372 710 iratus
3419 660 3508 711 est
3538 630 3844 727 Dominus,
3878 666 3937 716 et

526 745 652 818 ipse
683 745 963 817 Origenes
992 742 1343 798 creberrime
1389 743 1672 813 disputat,
1726 759 1837 796 non
1870 746 1989 795 tam
2024 740 2169 794 iram

526 850 862 905 esse,quam
894 831 1315 888 neccessariam
1349 832 1873 900 correptionem,ut
1905 829 2085 900 patrie
2113 828 2171 881 in

530 922 740 990 ﬁlium,
767 922 975 977 medici
1007 921 1065 975 in
1097 918 1674 991 aegrotum,magistri
1702 919 1762 973 in
1794 916 2169 988 discipulum.

528 1012 621 1068 Ira
650 1016 845 1067 autem
877 1010 1232 1083 patientibus
1257 1008 1434 1063 videri
1473 1012 1799 1078 potest,non
1836 1007 1990 1077 quod
2025 1010 2173 1060 Deus

530 1102 801 1157 emendet
860 1100 1064 1155 iratus.
1134 1122 1160 1147 ‹‹
1215 1099 1282 1152 Et
1311 1097 1370 1152 in
1412 1098 1604 1152 furore
1653 1112 1759 1150 suo
1799 1092 2174 1149 conturbabit

528 1206 648 1245 eos.
682 1211 709 1239 »
745 1188 905 1244 Sicut
955 1186 1012 1241 in
1064 1184 1313 1257 Lipistola
1353 1184 1424 1237 ad
1476 1184 1769 1238 Romanos
1803 1200 1814 1235 :
1853 1182 2169 1244 Revelatur,

529 1278 740 1349 inquit,
780 1279 869 1331 ira
918 1276 1016 1330 Dei
1055 1277 1226 1346 (Rom.
1262 1292 1299 1340 ι,
1338 1274 1444 1343 18),
1478 1278 1542 1326 ut
1573 1272 1670 1342 qui
1705 1288 1830 1326 eam
1868 1276 2169 1324 venturam

528 1366 884 1438 intelligunt,
919 1365 1196 1420 studeant
1224 1363 1477 1418 devitarc
1512 1378 1524 1416 :
1556 1356 1643 1416 ita
1684 1366 1742 1416 et
1786 1360 1841 1414 in
1900 1358 2169 1431 praesenti

527 1455 651 1511 loco
680 1454 951 1527 benigne,
1005 1470 1117 1508 non
1168 1453 1269 1517 ait,
1322 1451 1521 1522 puniet
1574 1467 1587 1505 :
1643 1450 1764 1519 sed,
1795 1448 2073 1517 turbabit,
2108 1452 2172 1501 ut

523 1544 746 1616 absque
778 1543 964 1615 poenis
994 1543 1088 1612 qui
1124 1541 1394 1595 turbatus
1424 1544 1533 1605 est,
1568 1538 1909 1608 corrigatur.

596 1657 623 1682 «
659 1634 775 1705 Ego
815 1637 1031 1687 autem.
1068 1652 1095 1678 ››
1129 1630 1249 1683 Vox
1277 1627 1490 1683 Christi
1530 1645 1543 1682 :
1580 1649 1607 1677 ‹‹
1640 1625 2005 1682 Constitutus
2036 1640 2169 1679 sum

520 1739 639 1789 rex,
678 1744 705 1770 »
739 1738 842 1794 pro
874 1726 1035 1793 parte
1067 1717 1260 1774 carnis
1290 1717 1522 1773 dicitur.
1558 1739 1585 1766 ι(
1619 1716 1704 1770 Ab
1737 1731 1824 1781 eo,
1862 1736 1886 1761 ››
1920 1718 2030 1768 Deo
2065 1718 2169 1767 Pa-

522 1816 631 1865 tre.
665 1832 692 1860 «
725 1810 913 1880 Super
942 1808 1104 1875 Sion,
1141 1830 1160 1854 ιι
1194 1806 1250 1861 id
1282 1810 1390 1872 est,
1425 1821 1601 1876 super
1630 1801 1970 1858 Ecclesiam.
2003 1802 2167 1867 Sion,

520 1900 740 1970 specula
764 1899 892 1954 vitae
925 1897 1393 1969 interpretatur.«
1411 1894 1663 1949 Montem
1683 1895 1952 1948 sanctum
1979 1892 2161 1961 ejus.»

2284 739 2580 809 perierunt
2610 740 2680 794 de
2710 743 2802 794 via
2836 745 3010 796 recta.
3044 741 3152 797 Via
3195 744 3377 814 justa,
3427 744 3513 800 vel
3559 752 3736 817 recta,
3768 749 3929 804 Chri-

2284 831 2411 882 stus
2478 834 2584 882 est.
2658 829 2717 883 In
2782 829 2874 884 via
2938 847 3165 899 sumus,
3218 833 3452 903 quando
3501 837 3780 892 mandata
3832 840 3927 894 Dei

2283 915 2616 987 implemus.
2651 916 2731 971 De
2760 918 2852 973 via
2883 920 3162 989 perimus,
3194 922 3429 992 quando
3461 922 3533 978 ab
3563 923 3648 978 eis
3675 924 3929 982 declina-

2284 1020 2439 1058 mus.

2353 1115 2378 1139 ‹‹
2416 1092 2476 1146 In
2521 1093 2675 1148 brevi
2726 1094 2811 1149 ira
2840 1096 2987 1166 ejus.
3020 1119 3069 1166 n,
3113 1097 3231 1152 Hoc
3270 1104 3380 1169 est,
3431 1102 3488 1155 in
3535 1100 3689 1157 exitu
3721 1105 3925 1160 unius-

2281 1181 2567 1252 cujusque
2599 1181 2878 1237 hominis.
2924 1183 3024 1239 Vel
3055 1185 3216 1240 brevi
3246 1186 3332 1242 ira
3362 1188 3421 1242 in
3444 1189 3538 1244 die
3559 1190 3790 1261 judicii,
3822 1202 3927 1248 aut

2280 1266 2422 1323 illud
2459 1286 2472 1323 :
2511 1270 2652 1325 Cum
2671 1273 2819 1325 enim
2844 1271 3091 1328 dixerint
3120 1274 3391 1347 homines,
3415 1295 3527 1348 pax
3552 1282 3602 1334 et
3628 1284 3922 1350 securitas,

2281 1366 2411 1412 tunc
2442 1362 2618 1414 veniet
2680 1362 2764 1414 eis
2812 1362 3129 1432 repentinus
3178 1366 3433 1421 interitus
3480 1368 3531 1436 (Ι
3557 1368 3725 1423 Thess.
3764 1387 3812 1437 v,
3842 1372 3919 1439 3).

2284 1467 2306 1494 ι
2343 1445 2499 1500 Beati
2531 1462 2734 1501 omnes
2765 1448 2863 1519 qui
2896 1451 3201 1506 conﬁdunt
3229 1452 3288 1507 in
3321 1468 3476 1508 eum.
3514 1477 3541 1503 »
3572 1456 3694 1511 Non
3727 1457 3788 1512 in
3818 1458 3923 1515 ho-

2280 1532 2561 1601 minibus,
2597 1552 2784 1606 neque
2830 1535 2887 1590 in
2934 1539 3286 1611 semetipsis,
3341 1543 3439 1597 sed
3482 1542 3540 1597 in
3573 1543 3773 1601 Deum.
3811 1548 3923 1604 Iste

2280 1621 2565 1693 psalmus,
2626 1629 2690 1701 ut
2747 1625 2969 1695 praefati
3002 1644 3230 1697 sumus,
3268 1630 3325 1684 in
3358 1632 3779 1690 beatitudinem
3812 1642 3921 1692 ter-

2279 1710 2557 1782 minatur,
2592 1713 2744 1767 unde
2775 1715 3040 1786 superior
3088 1717 3314 1789 incipit,
3364 1724 3420 1774 et
3449 1719 3577 1777 ideo
3626 1724 3776 1795 apud
3809 1724 3918 1780 He-

2283 1798 2468 1855 brzeos
2501 1817 2573 1872 po
2605 1818 2721 1856 uno
2756 1801 3067 1859 habentur.

2869 1909 3188 1966 PSALMUS
3242 1912 3333 1969 III.

522 2004 699 2092 mons
723 1991 810 2041 est
841 1984 1113 2086 Ecclesia,
1146 1984 1244 2092 vel!
1265 1986 1391 2055 ipse
1421 1982 1705 2092 Christu‘s,
1763 1985 1829 2035 ut
1872 1978 2016 2092 illud
2054 1995 2065 2034 :
2103 1982 2168 2035 Et
2201 2028 2247 2092 Β
2278 1995 2529 2092 Psalmus
2558 1998 3141 2092 D‘avid,quan‘do_/ugit
3170 2018 3201 2092 a
3230 2005 3373 2071 [acie
3400 2004 3648 2092 Absolom
3668 2006 3785 2092 ’ῆιἰί
3808 2010 3916 2063 sui.

521 2078 625 2131 erit
676 2077 737 2130 in
780 2076 1090 2131 novissimis
1134 2074 1325 2129 diebus
1370 2075 1727 2145 praeparatus
1764 2086 1922 2124 mons
1976 2070 2170 2124 domus

525 2168 749 2222 Domini
777 2167 835 2220 in
863 2167 1063 2220 vertice
1092 2165 1361 2219 montium
1392 2162 1523 2233 (lsa.
1558 2179 1619 2228 ιι,
1661 2162 1737 2231 2).
1780 2182 1805 2208 ‹‹
1844 2158 2170 2212 Przedicans

522 2260 876 2328 prieceptum
927 2253 1178 2309 Domini.
1228 2274 1255 2300 ι)
1306 2256 1421 2306 Hoc
1482 2254 1571 2305 est
1617 2249 1940 2304 doctrinam
1992 2247 2170 2301 Evan-

523 2345 681 2420 gelii.

596 2458 624 2485 ‹‹
652 2435 937 2490 Dominus
968 2433 1113 2487 dixit
1142 2433 1212 2486 ad
1248 2447 1357 2497 me,
1402 2429 1581 2484 Filius
1629 2444 1795 2482 meus
1824 2444 1885 2481 es
1916 2431 1976 2481 tu
2014 2442 2026 2479 :
2063 2441 2167 2495 ego

521 2524 694 2579 hodie
724 2523 897 2595 genui
932 2526 1005 2576 te.
1043 2545 1069 2571 ››
1102 2522 1273 2575 Jesus
1309 2518 1575 2574 Christus
1608 2522 1695 2572 est
1733 2515 1853 2569 heri
1887 2520 1940 2569 et
1972 2514 2163 2583 hodie,

520 2617 578 2668 et
629 2612 685 2666 in
720 2616 997 2667 aeternum
1052 2611 1235 2677 (Hebr.
1267 2625 1389 2673 x111,
1424 2608 1500 2677 8).
1551 2610 1721 2660 Recte
1751 2609 1945 2659 autem
1976 2608 2032 2658 et
2065 2601 2162 2672 qui

515 2706 692 2757 natus
722 2705 811 2756 est
840 2700 900 2754 in
936 2705 1213 2771 tempore,
1248 2697 1465 2752 dicitur
1499 2712 1511 2751 :

589 2813 617 2841 ‹‹
650 2789 888 2846 Postula
916 2806 949 2843 a
982 2805 1093 2854 me,
1127 2793 1183 2841 et
1212 2787 1361 2841 dabo
1390 2785 1492 2839 tibi
1525 2789 1729 2855 gentes
1762 2781 2161 2837 hiereditatcm

514 2885 698 2936 tuam.
752 2901 780 2929 ››
831 2885 914 2933 Ac
961 2878 1011 2932 si
1062 2878 1217 2931 dicat
1267 2893 1280 2931 :
1332 2875 1514 2929 Deum
1545 2872 1732 2928 Judaei
1765 2877 1818 2926 te
1851 2870 2163 2925 noluerunt

515 2968 770 3039 recipere
802 2982 815 3020 :
846 2983 1051 3021 omnes
1099 2968 1299 3036 gentes
1352 2963 1457 3017 tibi
1505 2961 1733 3016 venient
1763 2959 1822 3014 in
1858 2958 2160 3013 haeredita-

513 3061 655 3112 tem.

591 3167 619 3195 «
654 3145 839 3217 Reges
870 3160 968 3199 eos
1000 3143 1057 3197 in
1089 3143 1249 3214 virga
1278 3141 1483 3195 ferrea.
1522 3161 1546 3187 ››
1580 3139 1641 3194 In
1674 3138 1821 3193 dura
1853 3134 2162 3207 disciplina

517 3236 936 3292 Romanorum.
988 3232 1087 3288 Vel
1122 3249 1225 3304 per
1279 3231 1496 3302 virgam
1551 3230 1815 3295 ferream,
1849 3223 2162 3297 disciplina

520 3322 944 3380 intelerabilis:
1000 3322 1137 3393 quia
1187 3320 1363 3375 corda
1410 3317 1646 3372 illorum
1678 3321 1941 3371 tortuosa
1970 3319 2154 3369 erant.

2352 2067 2465 2147 Iste
2491 2067 2754 2150 psalmus
2773 2067 3080 2150 posterior
3097 2067 3598 2150 estsequentibus
3628 2075 3915 2148 plurimis,

2352 2140 2451 2219 qui
2487 2140 2555 2219 ad
2590 2140 2780 2219 Saulis
2799 2140 3401 2219 viden_tur_historiam
3435 2140 3741 2219 pertinere.
3772 2140 3918 2206 Ante

2350 2210 2640 2292 siquidem
2675 2212 2852 2292 David
2886 2230 2919 2267 a
2949 2212 3085 2269 Saul
3109 2220 3196 2269 est
3228 2210 3914 2292 passusiinsidiasquam

2348 2281 2619 2364 Absalom
2653 2282 2936 2364 adversus
2960 2301 3095 2364 eum
3118 2281 3281 2342 arma
3308 2281 3916 2364 corriperetsed‘quia

2352 2354 2712 2423 propositum
2740 2354 2791 2409 ei
2822 2360 2966 2421 erat,
2999 2362 3062 2410 ut
3091 2373 3203 2412 non
3228 2354 3558 2416 tantum—de
3587 2377 3649 2417 se
3681 2354 3913 2419 referret

2349 2440 2474 2493 quae
2510 2442 2735 2507 passus
2784 2432 2892 2507 est,
2952 2444 3126 2507 quam
3177 2435 3242 2507 ut
3276 2447 3391 2507 per
3445 2432 3771 2507 exemplum
3819 2436 3911 2490 sui

2349 2512 2551 2550 omnes
2582 2495 2848 2576 homines
2880 2495 3230 2576 institueret,
3271 2495 3400 2576 ideo
3433 2495 3636 2573 primis
3667 2508 3921 2562 secunda

2348 2570 2659 2637 praeposuit
2706 2573 2768 2622 ut
2826 2570 3209 2625 tentationum
3258 2570 3518 2629 ordinem
3578 2576 3793 2632 doceat.
3825 2578 3913 2633 Si-

2347 2638 2583 2723 quidem
2642 2645 2778 2723 ante
2834 2647 3078 2723 propter.
3130 2648 3364 2723 peccata
3424 2645 3788 2723 corripimur,
3850 2655 3909 2723 et

2345 2714 2545 2791 postea
2619 2716 2852 2791 propter
2906 2714 3176 2791 virtutem
3231 2714 3680 2791 probamurfln
3734 2714 3901 2776 David

2344 2797 2476 2835 vero
2524 2785 2909 2837 tentationum
2961 2785 3100 2839 ordo
3153 2790 3413 2842 mutatus
3461 2793 3569 2843 est.
3622 2789 3741 2845 Sub
3778 2792 3913 2847 Saul

2344 2852 2766 2933 persecutione,
2820 2853 3099 2933 innocens
3148 2857 3275 2911 fuit.
3338 2858 3457 2913 Sub
3503 2859 3756 2927 Asalom,
3789 2880 3913 2917 ma-

2345 2924 2723 2978 nifestissime
2776 2924 3040 2981 criminis
3093 2942 3227 2982 reus
3269 2933 3516 2996 tenetur,
3550 2929 3683 2985 Uria
3731 2924 3913 2988 inter-

2344 2996 2522 3076 fecto;
2568 3000 2708 3066 Lege
2762 2997 3238 3076 quinquagesimi
3287 3000 3497 3076 psalmi
3544 3002 3801 3067 titulum,
3853 3011 3915 3061 et

2341 3065 2631 3191 itntttalliges
2661 3065 2794 3121 eum
2819 3065 2991 3138 juxta
3007 3065 3556 3143 ordinem-priorum
3581 3089 3706 3130 esse
3738 3065 3917 3148 quam

2369 3154 2429 3191 er
2459 3154 2601 3191 ium.

2369 3154 2601 3191 BPUUII].

2340 3248 2367 3273 ‹‹
2398 3225 2660 3295 Domine,
2694 3227 2833 3297 quid
2869 3228 3239 3300 multiplicati
3282 3237 3441 3301 sunt,
3500 3235 3600 3304 qui
3631 3233 3914 3290 tribulant

2266 3311 2398 3376 hac.
2432 3313 2601 3369 multi
2645 3321 2966 3387 exsurgunt
3015 3318 3324 3375 adversum
3374 3337 3487 3377 me.
3518 3342 3544 3374 η
3594 3322 3786 3379 Potest
3816 3324 3915 3381 hic

515 3436 543 3463 ‹‹
585 3415 890 3485 Tanquam
924 3392 1033 3466 vasi
1072 3408 1235 3483 figuli
1268 3408 1599 3479 confringes
1632 3422 1749 3460 eos.
1785 3428 1811 3455 ››
1846 3404 1958 3459 Vas
1990 3402 2151 3475 ﬁguli
2188 3392 2230 3458 C
2271 3402 2535 3474 psalmus
2564 3409 2621 3459 et
2651 3405 2721 3458 ad
2759 3406 2954 3472 David,
2987 3411 3044 3460 et
3071 3407 3142 3462 ad
3185 3407 3506 3475 Christum.
3539 3416 3595 3466 et
3624 3426 3725 3483 per
3749 3429 3906 3481 eum,

513 3507 828 3574 antequam
859 3501 920 3555 in
952 3506 1161 3555 testam
1215 3498 1387 3553 fuerit
1417 3496 1792 3560 obduratum,
1825 3492 1873 3549 si
1905 3492 2155 3564 dissipe-

510 3588 1029 3661 tur,‘rel‘ormabile
1075 3593 1181 3643 est.
1236 3587 1384 3657 Lege
1427 3584 1740 3640 Jeremiam
1786 3585 2150 3650 (Jerem.x1x,

511 3681 620 3749 11).
656 3679 711 3733 Si
747 3683 940 3733 autem
975 3675 1151 3730 semel
1187 3681 1335 3730 testa
1365 3676 1548 3728 fracta
1581 3673 2152 3742 fuerit,nequaquam

508 3768 567 3821 in
596 3766 890 3837 integrum
921 3764 1213 3836 compingi
1250 3769 1455 3834 potest.
1478 3762 1692 3817 Verum
1718 3778 1847 3832 quae
1879 3760 2031 3831 apud
2058 3759 2154 3814 ho-

507 3856 697 3910 mines
729 3852 1116 3926 impossibilia
1149 3858 1305 3920 sunt,
1357 3852 1508 3923 apud
1571 3850 1753 3905 Deum
1798 3855 1936 3903 sunt
1967 3847 2150 3919 possi-

506 3942 650 4000 bilia
679 3945 829 4014 (Luc.
858 3959 1017 4011 xvm,
1046 3942 1157 4013 '27).
1195 3939 1454 4013 Figulus,
1479 3939 1744 3994 Christus
1778 3955 1790 3992 :
1827 3937 2147 4007 vas,homo,

506 4038 572 4088 ut
618 4038 706 4089 est
751 4033 894 4088 illud
955 4050 966 4086 :
1017 4034 1168 4087 Sicut
1212 4047 1306 4085 vas
1354 4031 1414 4084 in
1444 4045 1614 4083 manu
1654 4028 1834 4097 ﬁguli,
1864 4030 1943 4081 sic
1972 4042 2060 4081 vos
2091 4028 2152 4081 in

503 4139 675 4177 manu
704 4139 850 4188 mea,
881 4121 1018 4176 dicit
1047 4121 1310 4176 Dominus
1340 4119 1554 4191 (Jerem.
1610 4134 1771 4181 xvm,
1802 4117 1879 4185 6).
1913 4115 2092 4171 Aliter
2133 4132 2146 4171 ε

505 4211 901 4285 Confringitur
934 4211 989 4264 in
1022 4209 1417 4281 pcenitentiam
1451 4207 1567 4274 hic,
1599 4205 1686 4261 vel
1731 4206 1789 4261 in
1822 4205 1915 4260 die
1937 4203 2148 4275 judicii

502 4299 562 4354 in
603 4300 809 4372 ignem.

574 4413 586 4440 ‹
635 4390 800 4445 Nunc
844 4406 1009 4461 reges
1061 4386 1389 4458 intelligite.
1441 4407 1468 4434 ››
1498 4385 1684 4456 Reges
1714 4383 1907 4438 saculi
1941 4398 2147 4439 omnes

498 4478 585 4534 vel
616 4496 781 4551 reges
813 4477 999 4533 sancti
1033 4473 1617 4547 apostoli,intelligite
1642 4473 1755 4528 ista
1786 4472 2142 4543 supradicta.

500 4587 528 4615 ‹‹
575 4566 922 4620 Erudimini.
983 4587 1002 4612 ιι
1059 4565 1174 4619 Hoc
1226 4568 1335 4632 est,
1388 4560 1797 4633 vosmetipsos,
1851 4559 1933 4614 vel
1976 4559 2140 4614 alios.

503 4676 531 4704 ι(
562 4654 667 4719 Qui
691 4654 972 4725 judicatis
1007 4659 1271 4722 terrram,
1306 4673 1334 4700 »
1366 4655 1629 4707 sanctam
1667 4649 1999 4707 Ecclesiam.

576 4764 598 4792 ι
634 4743 852 4798 Servite
883 4741 1124 4796 Domino
1178 4741 1237 4795 in
1287 4740 1515 4795 timore.
1554 4760 1575 4788 ι
1609 4738 1841 4793 Timore
1883 4738 2046 4808 dixit,
2079 4742 2143 4792 ut
2173 4760 2219 4826 Β

496 4830 807 4887 elationem
856 4831 940 4885 eis
988 4829 1215 4885 tolleret
1247 4846 1258 4884 :
1293 4829 1430 4901 quia
1478 4844 1641 4900 reges
1667 4844 1767 4883 eos
1797 4826 2137 4899 appellarat.

496 4944 526 4971 «
560 4922 630 4976 Et
683 4919 968 4976 exsultate
1006 4919 1078 4974 ei.
1126 4940 1151 4971 η
1207 4919 1279 4974 Ut
1321 4935 1419 4973 eos
1466 4917 1679 4972 iterum
1712 4918 2041 4986 cofortaret,
2075 4922 2141 4970 ut

492 5010 641 5066 illud
675 5027 687 5064 :
722 5033 751 5060 «
802 5010 1057 5065 Gaudete
1096 5026 1163 5063 ex
1193 5008 1497 5071 exsultate,
1528 5023 1661 5060 cum
1694 5011 1980 5072 tremore;
2018 5027 2044 5055 ››
2077 5011 2141 5059 ut
2224 5005 2393 5060 .mihi
2434 5005 2559 5060 sine
2611 5022 2806 5061 causa.
2861 5028 2888 5055 ››

2266 3492 2336 3547 ad
2369 3509 2572 3548 omnes
2602 3498 2836 3548 sanctos
2867 3494 3175 3565 pertinere.

2337 3604 2364 3629 «
2401 3582 2703 3637 anudivit
2732 3600 2824 3637 me
2854 3584 2924 3638 de
2956 3589 3153 3641 monte
3200 3590 3402 3643 sancto
3433 3605 3560 3645 suo.
3595 3612 3622 3640 »
3654 3593 3906 3648 Montem

2264 3676 2533 3727 sanctum
2559 3675 2697 3742 puto
2730 3671 3098 3743 unigenitum
3126 3691 3253 3730 esse
3276 3675 3485 3732 Filium
3515 3678 3705 3745 Dei,ad
3732 3696 3908 3751 quem

2264 3760 2323 3814 in
2357 3760 2692 3815 novissimis
2721 3761 2928 3816 diebus
2978 3762 3177 3834 populi
3206 3765 3539 3821 conﬂuituri
3569 3774 3727 3832 sunt,
3761 3769 3914 3824 Isaia

2261 3854 2318 3903 et
2348 3849 2585 3904 Michaea
2642 3850 2749 3905 hoc
2798 3850 2992 3921 ipsum
3043 3852 3496 3911 vaticinantibus
3543 3857 3670 3927 (Isa.
3726 3874 3788 3925 ιι,
3838 3861 3910 3928 2;

2259 3938 2421 3992 Mich.
2464 3955 2538 3994 ιν.
2594 3938 2668 3999 1).
2724 3938 2835 3993 Sed
2879 3942 2935 3992 et
2981 3938 3053 3995 de
3083 3939 3339 3997 Ecclesia
3370 3942 3733 4017 intelligitur,
3768 3946 3910 4018 quia

2260 4044 2374 4082 non
2412 4031 2601 4098 potest
2639 4026 2840 4083 civitas
2880 4028 3160 4084 abscondi
3202 4047 3380 4103 super
3418 4040 3674 4090 montem
3714 4035 3905 4107 posita

2259 4115 2465 4187 (Matth.
2498 4133 2551 4182 ν,
2587 4116 2692 4185 14).

2330 4226 2357 4253 .‹
2409 4205 2526 4276 Ego
2585 4204 2799 4271 dormi,
2846 4209 2903 4260 et
2958 4212 3265 4278 soporatus
3296 4225 3455 4278 sum,
3500 4215 3557 4266 et
3586 4211 3903 4280 exsurrexi,

2256 4293 2397 4364 quia
2426 4291 2709 4349 Dominus
2731 4294 2990 4365 suscepit
3013 4312 3164 4351 me.»
3187 4296 3362 4361 Quasi
3393 4315 3658 4368 somnus,
3688 4301 3899 4373 inquit,

2256 4389 2315 4438 et
2342 4380 2505 4438 locus
2536 4385 2665 4453 ejus
2696 4383 3044 4454 persecutio.

2331 4494 2352 4524 ι
2391 4472 2514 4528 Non
2548 4473 2765 4528 timebo
2799 4472 2985 4529 millia
3012 4474 3211 4547 populi
3243 4478 3662 4534 circumdantis
3695 4495 3805 4534 me.
3870 4503 3900 4529 ››

2256 4567 2320 4617 Et
2348 4562 2527 4617 David
2559 4567 2752 4634 potest
2781 4562 2889 4618 hoc
2919 4563 2990 4619 de
3018 4562 3315 4633 Absolom,
3366 4571 3423 4622 et
3471 4568 3720 4624 exercitu
3773 4570 3903 4639 ejus

2252 4650 2443 4706 dicere
2477 4667 2489 4704 :
2523 4656 2579 4705 et
2613 4650 2891 4706 Dominus
2922 4650 2994 4706 de
3022 4652 3241 4707 Judaais
3272 4652 3662 4711 frementibus
3697 4656 3901 4711 adver-

2251 4756 2383 4795 sum
2415 4755 2497 4808 se,
2528 4744 2585 4794 et
2613 4737 3005 4795 clamantibus
3062 4756 3074 4796 :
3114 4741 3273 4811 Tolle,
3307 4742 3459 4811 tolle,
3490 4745 3745 4815 cruciﬁge
3774 4760 3903 4800 eum

2251 4829 2431 4899 (Joan.
2469 4845 2578 4892 xxx,
2610 4827 2664 4897 6,
2701 4828 2810 4898 15).

2321 4938 2350 4966 ‹‹
2403 4916 2683 4982 Quoniam
2733 4921 2793 4971 tu
2852 4919 3196 4989 percussisti
3256 4937 3460 4977 omnes
3519 4922 3897 4980 adversantes

2947 5008 3202 5063 Percutit
3259 5010 3559 5076 Dominus,
3602 5017 3658 5065 et
3696 5012 3894 5069 vineas

497 5116 632 5155 cum
683 5105 933 5155 tremore
983 5103 1199 5163 essent,
1252 5097 1308 5151 id
1340 5103 1447 5163 est,
1482 5100 1731 5151 tremore
1761 5095 2038 5166 corporis,
2080 5099 2138 5149 et
2244 5094 2703 5167 alienigenarum
2762 5096 2821 5149 in
2880 5096 3184 5167 grandine,
3217 5103 3273 5153 et
3325 5097 3608 5167 Salvator,
3640 5101 3735 5173 qui
3787 5117 3892 5172 pro

492 5190 702 5245 timore
733 5189 959 5244 animae.
2244 5185 2413 5240 nobis
2446 5183 2633 5239 factus
2664 5187 2752 5239 est
2782 5184 2997 5254 omnia,
3031 5201 3349 5256 percussus
3402 5204 3435 5243 a
3487 5188 3651 5244 Patre
3681 5189 3889 5244 scribi-

561 5301 589 5328 ‹‹
621 5277 1052 5351 Apprehendite
1093 5276 1485 5348 disciplinam,
1536 5291 1609 5329 ne
1652 5273 1886 5344 quando
1913 5271 2131 5328 irasca-
2238 5279 2336 5329 tur
2368 5290 2379 5327 :
2414 5273 2727 5328 Percutiam
2754 5276 3105 5343 pastorem,et
3132 5291 3256 5331 oves
3297 5276 3675 5348 dispergentur
3704 5278 3886 5349 (Zach.

483 5372 581 5423 tur
624 5367 928 5423 Dominus.
966 5389 992 5416 υ
1043 5367 1150 5422 Pro
1201 5382 1266 5421 eo
1337 5364 1492 5435 quod
1541 5363 1597 5416 in
1649 5362 1844 5417 Graeco
1893 5361 2128 5428 dicitur,
2238 5380 2361 5433 xm,
2391 5364 2467 5434 7).
2501 5363 2606 5418 Pro
2634 5363 2754 5416 sine
2800 5377 2965 5416 causa
3013 5366 3231 5430 autem,
3281 5366 3520 5421 maxilla
3567 5365 3779 5439 legitur
3830 5368 3891 5422 in

484 5450 735 5524 ὃρόξασθε
793 5452 1012 5515 παιδίας
1049 5472 1062 5509 :
1107 5455 1167 5510 in
1234 5454 1470 5509 Hebraeo
1531 5450 1743 5521 legitur
1774 5466 1952 5505 NESCU
1996 5467 2125 5519 ean,
2237 5453 2493 5518 Hebraeo,
2531 5452 2585 5506 id
2618 5456 2725 5517 est,
2771 5465 2954 5504 LECHI.
3006 5451 3074 5507 Et
3119 5454 3257 5523 quia
3303 5454 3603 5509 maxillam
3659 5456 3887 5527 praemi-

482 5545 636 5613 quod
688 5545 1051 5615 interpretari
1105 5549 1312 5616 potest,
1364 5542 1586 5596 adorate
1632 5539 1832 5608 ﬁlium.
1867 5540 2124 5611 Apertis-
2235 5548 2418 5609 surat,
2452 5544 2877 5609 consequenter
2903 5538 3187 5609 infertur;
3223 5548 3485 5599 «Dentes
3517 5549 3885 5615 peccatorum

480 5631 633 5684 sima
685 5631 880 5702 itaque
925 5637 992 5687 de
1040 5633 1268 5687 Christo
1311 5628 1610 5702 propheta,
1657 5633 1714 5683 et
1742 5629 1882 5682 ordo
1915 5645 2121 5699 prmce-
2235 5630 2579 5685 contrivisti.
2616 5651 2642 5675 υ
2672 5628 3083 5698 Respondeant
3112 5648 3247 5703 ergo
3280 5632 3450 5687 amici
3484 5632 3667 5687 solius
3696 5633 3882 5688 histo-

479 5718 587 5791 pti,
619 5718 854 5775 adorata
916 5722 1123 5776 Filium
1159 5739 1172 5791 ;
1215 5737 1287 5776 ne
1317 5720 1461 5776 forte
1494 5718 1777 5772 irascetur
1818 5716 2120 5785 Dominus,
2234 5721 2352 5785 ria},
2392 5718 2683 5792 quomodo
2737 5718 2883 5772 Deus
2918 5720 3235 5781 maxillam
3294 5721 3597 5793 percutiat,
3650 5726 3706 5777 et
3752 5739 3886 5776 ron-

481 5808 592 5866 hoc
623 5811 731 5879 est,
762 5811 951 5864 Pater.
987 5814 1053 5866 Et
1078 5810 1313 5882 pereatis
1344 5808 1410 5866 de
1438 5809 1528 5864 via
1562 5808 1741 5879 justa.
1770 5806 1991 5864 Judaeis
2021 5809 2121 5880 qui
2233 5809 2445 5881 fringat
2477 5809 2679 5864 dentes
2700 5810 3393 5886 peccatorum,pugillum
3413 5815 3615 5867 contra
3636 5826 3699 5867 se
3720 5827 3881 5868 more
