4220 6582
388 528 504 585 877

1548 526 2042 587 BREVIARIUM
2088 528 2164 586 IN
2210 529 2352 587 PSA
2370 529 2593 588 LMOS.

390 655 763 712 certantium.
788 677 815 705 ‹‹
842 657 1050 709 Dentes
1074 658 1442 725 peccatorum
1466 656 1856 712 contrivisti.»
1882 656 2041 711 Prin-
2069 663 2124 725 Α
2223 658 2413 740 David.
2448 658 2526 713 De
2567 657 2818 740 Ecclesia
2862 676 2989 740 quae
3039 658 3096 713 in
3146 657 3260 713 fine
3310 661 3390 740 et.
3419 674 3793 740 consomma-

389 746 547 815 cipes
587 744 972 799 Judasorum:
1026 744 1255 810 dentes,
1310 743 1395 799 vel
1448 744 1699 799 hmretici
1749 746 2037 812 doctores,

390 834 474 889 vel
506 835 678 907 verba
717 833 1002 904 ipsorum.

464 943 491 974 α
523 923 749 976 Domini
779 927 869 977 est
900 920 1081 977 salus.
1117 945 1143 971 υ
1197 926 1317 977 Hoc
1366 928 1474 988 est,
1508 940 1621 978 non
1664 925 1734 978 ab
1777 924 2034 991 homine,

387 1012 487 1065 sed
522 1028 555 1066 a
586 1017 718 1066 Deo.
744 1012 872 1082 Ipse
902 1009 1064 1065 solus
1096 1014 1307 1081 potest,
1335 1015 1393 1065 et
1426 1027 1528 1081 per
1557 1011 1752 1082 ipsum
1785 1028 1818 1065 a
1848 1018 2034 1067 morte

383 1098 443 1154 in
477 1100 653 1154 vitam
684 1099 955 1154 transire.
998 1119 1020 1146 ι
1044 1100 1110 1152 Et
1141 1115 1319 1169 super
1349 1100 1630 1170 populum
1666 1106 1852 1154 tuum.
1883 1123 1903 1148 ν
1933 1104 2034 1154 Po-

385 1189 522 1260 pulo
562 1189 924 1244 credentium
972 1187 1434 1243 benedictionem
1488 1188 1789 1243 infundit:
1840 1193 2029 1244 trans-

274 1300 278 1304 ’
384 1279 625 1332 mittens
652 1278 735 1332 eis
756 1277 1039 1348 Spiritum
1062 1281 1351 1347 sanctum,
1376 1276 1462 1331 vel
1488 1277 1545 1330 in
1569 1277 1763 1331 futuro
1796 1278 2030 1347 quando

383 1367 646 1420 dicturus
698 1366 854 1420 erit:
910 1367 1106 1430 Venite,
1152 1364 1415 1419 benedicti
1462 1366 1644 1420 Patris
1688 1367 1816 1429 mei,
1847 1368 2027 1435 perci-

377 1456 492 1527 pite
510 1471 747 1523 regnum
777 1454 915 1527 quod
937 1455 1085 1510 vobis
1109 1462 1377 1524 paratum
1404 1462 1481 1509 est
1511 1454 1579 1508 ab
1604 1454 1815 1523 origine
1834 1454 2030 1508 mundi

381 1544 588 1615 (Matth.
623 1561 751 1609 xxv,
785 1544 897 1612 34),

970 1649 1301 1739 PSALMUS
1342 1649 1433 1704 IV.

377 1744 443 1794 In
492 1740 659 1808 ﬁnem
708 1741 767 1792 in
813 1740 1174 1800 carminibus,
1219 1738 1471 1808 psalmus
1502 1739 1693 1793 David.
1730 1738 1792 1792 In
1826 1738 2022 1808 ﬁnem,

450 1810 506 1864 id
564 1815 673 1874 est,
725 1812 782 1864 in
833 1809 1080 1865 Christo.
1134 1810 1291 1864 Finis
1336 1809 1495 1881 enim
1544 1810 1710 1881 Legis
1752 1810 2024 1881 Christus

448 1882 519 1936 ad
565 1881 853 1951 justitiam
900 1882 1059 1936 omni
1092 1880 1368 1935 credenti.
1403 1881 1464 1936 In
1500 1880 1882 1951 carminibus,
1917 1881 2025 1936 hoc

447 1957 554 2017 est,
587 1954 644 2007 in
691 1952 986 2008 laudibus.
1025 1952 1288 2007 Psalmus
1340 1952 1538 2019 David,
1591 1952 1697 2007 hoc
1745 1956 1852 2018 est,
1893 1951 2023 2008 laus

443 2023 674 2078 Christi.

447 2135 477 2163 ‹‹
506 2117 647 2168 Cum
692 2102 1033 2167 invocarem
1092 2112 1385 2166 exaudivit
1434 2128 1526 2167 me
1576 2112 1731 2167 Deus
1774 2111 2020 2182 justitia:

374 2217 535 2256 meae.
574 2223 601 2251 »
654 2201 1046 2272 Incongruum
1078 2206 1166 2255 est
1197 2201 1303 2256 hoc
1335 2201 1405 2256 de
1434 2201 1614 2256 David
1646 2201 1925 2272 accipere,
1958 2204 2023 2255 ut

374 2290 473 2361 qui
524 2289 581 2343 in
633 2289 919 2359 superiori
967 2288 1192 2361 psalmo
1226 2295 1460 2361 propter
1487 2289 1838 2345 occisionem
1876 2289 2019 2343 Uriae

372 2394 519 2449 pene
578 2384 663 2433 cst
721 2378 1065 2433 interfectus
1122 2395 1154 2433 a
1202 2377 1320 2432 filio
1376 2379 1449 2448 (II
1496 2378 1620 2448 Reg.
1671 2395 1747 2444 x1,
1803 2378 2016 2447 15-17),

370 2484 527 2521 nunc
557 2468 768 2522 audeat
797 2467 987 2522 dicere
1021 2482 1034 2520 :
1082 2489 1102 2514 α
1142 2467 1445 2522 Exaudivit
1478 2482 1567 2521 me
1601 2472 1749 2520 Deus
1771 2466 2016 2537 justitiae

370 2572 532 2610 mese.
567 2578 594 2605 »
638 2556 820 2611 Totus
850 2555 1048 2627 itaque
1082 2555 1346 2626 psalmus
1378 2555 1447 2609 ad
1481 2554 1798 2619 Christum,
1832 2560 1888 2609 et
1918 2572 2020 2626 per

368 2644 661 2699 Christum
696 2647 768 2699 ad
792 2646 988 2715 justos
1023 2645 1360 2699 referendus
1413 2650 1520 2699 est.
1556 2649 1770 2699 Horum
1825 2643 2018 2698 simile

368 2734 505 2804 quid
540 2733 713 2788 etiam
737 2734 915 2789 Jacob
946 2733 1178 2788 locutus
1208 2738 1314 2799 est,
1343 2734 1542 2790 dicens
1577 2751 1589 2788 :
1636 2733 1903 2788 Exaudiet
1931 2748 2019 2788 me

370 2839 490 2879 cras
510 2824 740 2894 justitia
769 2840 890 2878 mea
919 2823 1071 2892 (Gen.
1105 2840 1235 2893 xxx,
1269 2824 1381 2894 33).

443 2934 463 2960 ιι
502 2911 561 2966 In
613 2911 991 2967 tribulatione
1047 2928 1175 2966 mea
1225 2911 1480 2966 dilatasti
1533 2911 1695 2966 mihi.
1744 2911 2015 2967 Miserere

367 2999 501 3066 mei,
556 3005 612 3055 et
667 3002 873 3055 exaudi
932 3000 1253 3056 orationem
1316 3016 1590 3055 meam.»
1654 3000 1813 3054 Licet
1871 2999 2015 3054 mihi

367 3088 650 3144 auxilium
709 3088 929 3158 tuleris,
976 3095 1032 3145 et
1083 3089 1142 3143 in
1192 3090 1567 3144 tribulatione
1600 3106 1728 3143 mea
1758 3088 2014 3144 dilatasti

367 3178 511 3233 mihi
536 3196 549 3233 :
583 3183 781 3233 tamen
811 3194 916 3249 ego
948 3178 1349 3233 misericordia
1374 3181 1473 3232 tua
1498 3194 1729 3248 semper
1758 3177 2010 3248 indigeo.

442 3290 463 3315 ι
502 3267 574 3321 Ut
603 3267 743 3338 quid
776 3266 1022 3339 diligitis
1062 3267 1398 3330 vanitatem,
1431 3270 1488 3320 et
1535 3267 1800 3337 quaeritis
1849 3283 2012 3320 men-

365 3355 598 3411 dacium
621 3355 648 3409 ?
694 3354 1045 3426 Diapsalma.
1082 3375 1109 3402 »
1166 3354 1420 3408 Verbum
1469 3371 1624 3419 sum,
1660 3353 1796 3408 LXX
1826 3355 2008 3408 Inter-

2223 730 2377 783 tione
2427 730 2632 785 mundi
2690 730 3083 784 hiareditatem
3124 734 3508 784 consecutura
3538 734 3626 785 est
3660 731 3795 786 uni-

2219 801 2400 873 versis
2452 801 2788 856 nationibus
2828 801 3053 856 Christo
3103 801 3493 865 credentibus,
3528 802 3792 873 psalmus

2218 872 2357 945 iste»
2391 874 2737 927 contexitur.
2803 874 3058 945 Denique
3117 878 3174 926 et
3228 889 3297 927 ex
3356 889 3604 945 persona
3661 874 3789 944 ejus

2214 943 2397 997 oratio
2431 945 2500 997 ad
2536 945 2846 998 Dominum
2887 944 3178 1016 dirigitur.

2222 1068 2242 1095 α
2277 1050 2462 1104 Verba
2494 1067 2622 1104 mea
2652 1051 2893 1106 auribus
2926 1051 3174 1122 percipe,
3208 1050 3473 1107 Domine.
3506 1074 3533 1100 υ
3573 1050 3784 1108 Nullus

2142 1136 2317 1191 habet
2366 1138 2513 1192 hanc
2563 1139 2835 1194 ﬁduciam
2888 1139 2996 1194 nisi
3055 1139 3325 1195 Ecclesia.
3360 1139 3466 1205 Qui
3520 1145 3786 1211 peccator

2140 1238 2248 1293 est,
2284 1244 2396 1282 non
2431 1233 2519 1282 est
2548 1244 2731 1283 ausus
2774 1229 2964 1283 dicere
2997 1246 3009 1283 :
3061 1252 3089 1278 ιι
3123 1228 3312 1283 Verba
3360 1245 3492 1284 mea
3540 1229 3787 1284 auribus

2138 1316 2390 1386 percipe,
2425 1315 2703 1383 Domine;
2744 1339 2764 1367 ιι
2801 1317 2901 1388 qui
2935 1318 3207 1373 irascitur
3235 1322 3291 1371 et
3321 1316 3639 1389 maledicit,
3664 1334 3779 1374 non

2137 1409 2226 1458 est
2272 1422 2454 1459 ausus
2502 1405 2737 1460 dicere:
2791 1432 2814 1452 ι·
2850 1405 3039 1461 Verba
3085 1390 3213 1460 mea
3257 1405 3498 1461 auribus
3531 1407 3782 1477 percipe,

2138 1493 2380 1547 Domine
2407 1511 2419 1559 ;
2459 1515 2479 1542 ι
2538 1494 2638 1549 sed
2680 1500 2842 1565 optat
2872 1499 2937 1549 ut
2965 1494 3119 1549 Deus
3153 1493 3385 1548 claudat
3417 1511 3590 1549 aures
3620 1512 3782 1551 suas.

2138 1604 2163 1628 α
2206 1581 2460 1653 lntellige
2492 1582 2807 1637 clamorem
2842 1600 3059 1649 meum,
3087 1604 3115 1631 »
3146 1588 3255 1638 etc.
3280 1582 3511 1637 Clamor
3542 1583 3602 1637 in
3634 1583 3789 1638 Scri-

2136 1671 2326 1741 pturis
2371 1687 2485 1724 non
2516 1674 2692 1739 vocis,
2728 1672 2829 1727 sed
2862 1672 3054 1727 cordis
3085 1675 3192 1727 est.
3227 1671 3486 1743 Denique
3517 1672 3591 1726 ad
3622 1672 3782 1744 Moy-

2096 1764 2101 1771 ’
2135 1775 2239 1813 sen
2290 1758 2501 1827 dicitur
2535 1777 2547 1815 :
2597 1760 2743 1830 Quid
2771 1761 2977 1815 clamas
3012 1759 3089 1815 ad
3128 1775 3219 1814 me
3260 1759 3460 1831 (Exod.
3490 1776 3608 1826 xxv,
3641 1761 3729 1831 15)
3753 1759 3783 1814 ‘?

2134 1864 2269 1904 cum
2316 1852 2539 1920 Moyses
2587 1853 2720 1904 ante
2770 1866 2887 1904 non
2934 1848 3263 1905 clamasset.
3296 1849 3544 1920 Intellige
3570 1849 3779 1904 clamo-

2131 1954 2253 1992 rem
2302 1955 2502 1993 meum.
2562 1939 2631 1992 Et
2680 1938 3039 2009 Apostolus:
3092 1937 3398 1993 Clamantes
3436 1939 3498 1992 in
3524 1938 3779 1995 cordibus

2052 2048 2099 2112 Β
2127 2028 2353 2092 nostris,
2407 2026 2546 2081 abba
2586 2036 2744 2097 pater
2793 2027 2993 2096 (Galat.
3041 2043 3119 2097 1v,
3149 2028 3225 2098 6).
3273 2027 3484 2098 Utique
3522 2027 3624 2101 qui
3654 2027 3777 2084 cla-

2132 2119 2272 2173 mat.
2308 2131 2420 2169 non
2472 2115 2529 2168 in
2579 2116 2752 2170 corde
2798 2114 3030 2181 clamat,
3064 2116 3166 2170 sed
3208 2118 3266 2170 in
3305 2114 3509 2188 lingua
3537 2115 3772 2172 clamat.

2130 2203 2197 2257 Et
2225 2204 2516 2273 quomodo
2547 2203 2690 2258 dicit
2722 2204 3053 2275 Apostolus,
3087 2205 3382 2260 clamantes
3422 2206 3479 2259 in
3521 2206 3777 2261 cordibus

2128 2293 2332 2346 nostris
2386 2291 2623 2362 (Ibid)?
2672 2292 2911 2356 Quando
2957 2292 3138 2365 igitur
3175 2293 3429 2365 gemitus
3470 2299 3685 2360 noster,
3719 2299 3777 2350 et

2130 2380 2488 2435 conscientia
2536 2382 2898 2453 deprecatur,
2929 2382 3110 2437 istum
3155 2382 3469 2438 clamorem
3502 2382 3777 2455 intelligit

2133 2471 2301 2524 Deus.
2336 2469 2498 2525 Unde
2545 2470 2687 2526 dicit
2732 2477 2788 2526 et
2833 2471 3115 2526 Jeremias
3151 2489 3163 2527 :
3216 2473 3336 2527 Non
3371 2472 3530 2530 sileat
3553 2472 3775 2544 pupilla

2128 2559 2277 2614 oculi
2302 2560 2412 2613 mei
2439 2559 2654 2630 (Thren.
2690 2577 2750 2625 ιι,
2787 2561 2893 2631 18).
2926 2559 3130 2615 Videte
3160 2560 3299 2632 quid
3334 2561 3489 2616 dicat
3524 2579 3537 2616 :
3586 2584 3612 2610 ‹‹
3646 2561 3772 2616 Non

2127 2651 2317 2701 taceat
2361 2646 2582 2719 pupilla
2633 2646 2782 2701 oculi
2834 2648 2987 2712 mei;
3021 2670 3048 2697 η
3100 2653 3158 2703 et
3204 2648 3520 2720 aliquando
3552 2648 3775 2720 pupilla

2128 2734 2278 2789 oculi
2328 2734 2542 2790 clamat
2587 2736 2657 2790 ad
2709 2736 2911 2790 Deum.
2947 2736 3158 2807 Utique
3206 2735 3255 2791 si
3305 2735 3539 2802 clamat,
3570 2735 3775 2809 lingua

2126 2822 2359 2888 clamat,
2386 2840 2496 2877 non
2533 2824 2753 2896 pupilla
2783 2824 2956 2882 oeuli.
2981 2825 3090 2880 Sed
3126 2825 3420 2896 quomodo
3444 2823 3772 2880 clamamus

2125 2911 2184 2967 in
2217 2912 2492 2968 cordibus
2524 2913 2760 2977 nostris,
2785 2914 3020 2984 quando
3046 2930 3179 2968 cum
3212 2913 3433 2986 gemitu
3458 2913 3768 2969 Dominum

2126 3000 2542 3072 deprecamur:
2575 3002 2657 3056 sic
2690 3002 2924 3072 quando
2952 3002 3244 3074 lacrymas
3272 3003 3343 3056 ad
3367 3001 3551 3058 Deum
3582 3002 3772 3058 fundi-

2124 3104 2279 3154 mus,
2312 3105 2378 3144 co
2429 3096 2689 3162 tempore
2739 3089 2961 3162 pupilla
3008 3090 3160 3146 oculi
3211 3090 3397 3146 nostri
3444 3091 3662 3147 clamat
3699 3092 3771 3147 ad

2124 3177 2450 3232 Dominum.
2506 3201 2533 3227 ‹‹
2569 3179 2687 3233 Rex
2717 3195 2905 3245 meus,
2938 3184 2997 3234 et
3027 3185 3177 3235 Deus
3207 3197 3391 3236 meus.
3430 3202 3458 3229 »
3506 3179 3610 3236 Ille
3640 3196 3770 3235 vere

2123 3282 2305 3320 ausus
2335 3273 2424 3320 est
2454 3268 2665 3331 dicere,
2706 3287 2727 3315 α
2762 3268 2877 3322 Rex
2908 3284 3074 3322 meus
3106 3273 3162 3322 et
3192 3269 3346 3323 Deus
3379 3285 3566 3340 meus,
3600 3290 3628 3319 »
3674 3269 3769 3324 cui

2123 3369 2240 3407 non
2300 3359 2503 3425 regnat
2558 3360 2863 3425 peccatum
2912 3354 2972 3409 in
3025 3355 3254 3410 mortali
3307 3372 3547 3427 corpore
3590 3357 3769 3428 (Rom.

361 3448 576 3513 pretes,
606 3416 995 3515 Symmachus
1026 3447 1082 3496 et
1109 3442 1444 3507 Theodotio,
1477 3416 1788 3512 diapsatmu
1812 3446 2004 3497 trans-
2042 3416 2083 3482 Ε
2121 3458 2195 3508 νι,
2234 3443 2341 3509 16).
2364 3416 2424 3493 ν(
2463 3416 2577 3498 Rex
2624 3459 2789 3499 meus
2820 3449 2878 3499 et
2908 3444 3062 3499 Deus
3094 3460 3280 3511 meus,
3317 3466 3346 3494 »
3394 3416 3532 3516 quia
3561 3416 3772 3517 regnas

360 3531 645 3587 tulerunt.
677 3531 891 3604 Aquila
918 3549 1075 3595 vero,
1107 3547 1364 3602 semper;
1403 3536 1461 3585 et
1495 3537 1632 3601 puto
1663 3538 1764 3585 aut
1795 3530 2004 3585 musici

357 3621 664 3690 cujusdam
716 3621 844 3676 soni
887 3638 1014 3677 esse
1051 3619 1445 3690 signaculum,
1479 3625 1580 3674 aut
1611 3625 1764 3674 certe
1794 3636 2002 3691 perpe-

354 3710 624 3765 tuitatem
682 3726 884 3765 eorum
936 3727 1061 3781 quis
1113 3710 1389 3781 praedicta
1437 3714 1595 3772 sunt,
1641 3709 1907 3773 indicari,
1945 3713 2006 3763 ut

358 3799 693 3871 ubicunque
745 3816 898 3869 SELA,
945 3799 1054 3854 hoc
1104 3804 1212 3865 est,
1258 3798 1587 3870 diapsa/ma,
1625 3797 1763 3863 sive,
1796 3813 2009 3867 semper

360 3889 692 3958 apponitur,
744 3888 821 3943 ibi
873 3888 1131 3944 sciamus
1181 3905 1295 3943 non
1346 3891 1573 3941 tantum
1625 3887 1696 3940 ad
1751 3902 2007 3957 praesens

361 3979 617 4048 tempus,
661 3994 861 4033 verum
917 3978 987 4031 ad
1041 3982 1342 4043 aeternum,
1383 3975 1468 4030 vel
1501 3992 1625 4046 quae
1657 3981 2004 4045 sequuntur,

361 4065 448 4119 vel
480 4083 606 4137 quas
640 4066 1063 4138 praeesserint,
1098 4066 1403 4136 pertinere.

436 4177 463 4203 «
498 4156 633 4220 Quae
665 4153 861 4208 dicitis
890 4153 949 4207 in
982 4155 1261 4209 cordibus
1291 4154 1518 4220 vestris,
1540 4158 1597 4207 et
1628 4153 1683 4206 in
1716 4152 2008 4207 cubilibus

361 4242 574 4297 vestris
623 4241 1112 4314 compungimint.
1148 4264 1174 4291 ››
1235 4242 1397 4306 Quod
1448 4242 1503 4295 in
1556 4242 1648 4296 die
1699 4241 2008 4313 cogitando

362 4331 638 4403 peccatis,
675 4336 841 4386 nocte
872 4330 1099 4401 expiato
1133 4347 1233 4401 per
1275 4330 1579 4401 lacrymas.

433 4443 461 4469 «
496 4420 830 4476 Sacriﬁcate
876 4419 1230 4474 sacriﬁcium
1286 4417 1541 4488 iustitiae,
1574 4423 1632 4473 et
1672 4423 1900 4489 sperate
1949 4418 2008 4471 in

360 4510 630 4565 Domino.
661 4529 688 4559 ι»
742 4506 1101 4564 Sacriﬁcium
1138 4513 1246 4561 Deo
1278 4507 1580 4561 immolate
1611 4506 1921 4576 justitiam,
1952 4512 2011 4561 et

361 4604 785 4671 consequenter
816 4596 1129 4671 sperabitis
1159 4597 1218 4652 in
1250 4595 1516 4651 Domino.

433 4712 461 4738 ‹‹
495 4690 805 4761 Signatum
840 4692 928 4743 est
958 4702 1136 4759 super
1166 4703 1274 4741 nos
1304 4684 1502 4739 lumen
1537 4683 1731 4739 vultus
1763 4683 1869 4753 tui,
1899 4683 2007 4737 Do-

2117 3530 2177 3585 in
2213 3547 2325 3598 me,
2359 3536 2415 3585 et
2453 3547 2566 3585 non
2617 3538 2823 3603 regnat
2876 3536 3216 3604 peccatum;
3269 3537 3572 3605 propterea
3626 3534 3774 3589 Deus

2117 3636 2285 3674 meus
2315 3636 2396 3674 es.
2432 3621 2516 3674 Tu
2558 3637 2620 3675 es
2657 3621 2812 3676 Deus
2860 3639 3046 3688 meus,
3076 3621 3215 3693 quia
3264 3639 3378 3677 non
3433 3627 3524 3677 est
3566 3627 3767 3678 venter

2117 3712 2268 3763 Deus
2304 3725 2507 3770 meus;
2551 3708 2687 3780 quia
2719 3726 2832 3765 non
2864 3714 2952 3765 est
2982 3728 3191 3765 aurum
3223 3710 3375 3767 Deus
3407 3727 3595 3778 meus,
3630 3711 3769 3782 quia

2117 3813 2231 3852 non
2286 3804 2375 3853 est
2425 3797 2603 3852 libido
2645 3805 2793 3855 Deus
2833 3817 3016 3855 meus.
3052 3801 3337 3865 Quoniam
3375 3805 3432 3855 tu
3468 3800 3651 3856 virtus
3681 3818 3765 3869 es,

2118 3892 2173 3942 et
2204 3903 2308 3958 ego
2341 3887 2511 3958 cupio
2541 3887 2753 3944 habere
2782 3888 3051 3957 virtutes,
3085 3896 3389 3961 propterea
3420 3895 3480 3944 tu
3513 3906 3575 3945 es
3608 3889 3761 3945 Deus

2119 3993 2311 4037 meus,
2341 3976 2449 4030 hoc
2482 3982 2570 4031 est
2599 3977 2782 4032 virtus
2815 3994 2963 4033 mea.

2198 4084 2219 4111 α
2253 4065 2418 4118 Mane
2451 4065 2725 4120 exaudies
2755 4082 2951 4120 vocem
2998 4082 3211 4121 meam.
3248 4089 3275 4114 ››
3325 4065 3572 4129 Quidam
3625 4066 3767 4121 sim-

2118 4152 2330 4224 plicius
2377 4152 2856 4223 interpretantur,
2905 4153 3012 4207 hoc
3061 4158 3178 4223 est;
3211 4170 3458 4224 exsurgo
3508 4153 3767 4209 diluculo

2119 4241 2189 4295 ad
2223 4241 2532 4305 orandum,
2565 4246 2621 4296 et
2651 4242 2930 4312 deprecor
2960 4246 3035 4297 te.
3072 4243 3135 4296 Et
3166 4259 3294 4314 quae
3325 4247 3412 4297 est
3444 4242 3558 4297 ista
3589 4242 3766 4298 inter-

2123 4330 2387 4401 pretatio,
2422 4347 2539 4401 qua
2586 4330 2816 4392 dicitur,
2868 4346 3039 4385 mane
3088 4348 3193 4385 nos
3246 4330 3498 4396 exaudit,
3532 4348 3769 4401 vespere

2118 4436 2232 4473 non
2264 4419 2519 4481 exaudit,
2556 4420 2746 4473 media
2777 4425 2943 4473 nocte
2974 4436 3089 4474 non
3125 4420 3379 4475 exaudit.
3414 4420 3522 4475 Sed
3574 4419 3770 4474 videte

2119 4508 2260 4579 quid
2290 4509 2445 4562 dicat
2481 4524 2492 4563 :
2536 4508 2799 4573 Quandiu
2840 4507 2895 4562 in
2929 4509 3185 4563 tenebris
3219 4508 3431 4563 erroris
3463 4525 3617 4574 sum,
3653 4524 3769 4563 non

2122 4614 2212 4651 me
2260 4597 2513 4651 exaudit.
2548 4597 2789 4659 Quando
2838 4612 2971 4651 vero
3020 4596 3108 4652 sol
3150 4598 3396 4667 justitiaa
3443 4596 3667 4652 venerit
3708 4596 3770 4652 in

2120 4686 2292 4740 corde
2347 4701 2494 4747 meo,
2542 4690 2681 4739 tunc
2737 4701 2828 4739 me
2888 4684 3142 4740 exaudit.
3204 4708 3231 4735 «
3276 4685 3447 4742 Mane
3493 4685 3803 4741 exaudies'

364 4779 543 4844 mine,
572 4800 599 4827 »
632 4778 693 4832 In
727 4778 897 4848 cujus
929 4776 1074 4832 faeie
1102 4775 1302 4830 lumen
1326 4774 1552 4829 Domini
1579 4764 1873 4844 signatum
1901 4777 2011 4841 est,
2044 4786 2089 4850 ι)
2118 4790 2316 4828 vocem
2371 4790 2582 4828 meam.
2621 4796 2648 4822 »
2702 4773 2823 4829 Non
2875 4772 3039 4839 dixit,
3074 4774 3246 4829 tertia
3283 4774 3446 4841 hora,
3480 4791 3595 4829 non
3629 4773 3776 4828 dixit

361 4867 471 4924 iste
526 4867 777 4924 revelata
828 4867 974 4923 facie
1028 4865 1272 4939 gloriam
1311 4863 1531 4919 Domini
1585 4860 2014 4933 contemplatur

366 4958 439 5029 (II
483 4957 603 5012 Cor.
658 4974 744 5022 111,
800 4957 909 5028 i8).
962 4954 1101 5010 Tale
1151 4955 1385 5027 signum
1436 4958 1492 5007 et
1539 4953 1595 5006 in
1651 4950 2010 5023 gementium

366 5046 658 5102 frontibus
708 5046 763 5099 in
818 5045 967 5100 libro
1006 5042 1325 5099 Ezechielis
1359 5042 1651 5113 prophetae
1684 5039 1870 5095 notari
1902 5038 2010 5093 Do-

367 5135 561 5191 minus
596 5135 866 5207 praecepit
901 5134 1113 5205 (Etccli.
1148 5149 1227 5197 1x,
1260 5132 1333 5199 4).

438 5246 465 5274 ‹‹
497 5227 541 5279 Α
568 5225 759 5279 fructu
788 5223 1091 5290 frumenti,
1114 5227 1173 5278 et
1195 5220 1312 5275 vini
1342 5236 1544 5275 eorum
1565 5217 1767 5289 repleti
1797 5222 1955 5272 sunt.
1985 5239 2012 5265 »

366 5313 425 5368 Id
459 5315 613 5385 quod
649 5313 707 5367 in
741 5312 1012 5384 pluribus
1045 5310 1345 5368 codicibus
1377 5308 1692 5373 invenitur,
1723 5316 1774 5362 et
1799 5308 1904 5362 olei
1932 5322 2016 5362 eo-

363 5420 508 5470 rum,
544 5419 676 5458 cum
727 5406 1024 5458 vetustum
1076 5400 1342 5472 Origenis
1385 5396 1714 5468 exemplum
1749 5395 2011 5450 Psalterii

365 5492 741 5557 revolverem,
774 5490 931 5562 quod
964 5490 1150 5562 ipsius
1182 5505 1359 5544 manu
1399 5490 1584 5541 fuerat
1614 5485 2013 5555 emendatum,

368 5598 474 5637 nec
526 5580 582 5634 in
636 5580 896 5643 Hebraeo,
949 5594 1052 5633 nec
1102 5578 1162 5633 in
1212 5576 1435 5632 cazteris
1482 5574 1859 5644 editionibus,
1913 5589 2017 5627 nec

372 5671 524 5742 apud
563 5670 720 5740 ipsos
752 5667 1133 5738 Septuaginta
1164 5666 1511 5737 Interpretes
1558 5663 1764 5735 reperi.

969 5753 1306 5810 PSALMUS
1354 5753 1421 5809 V.

379 5848 436 5904 In
455 5846 623 5917 ﬁnem
643 5863 740 5919 pro
763 5862 829 5902 ea
849 5861 967 5918 qua
987 5842 1365 5906 haereditatem
1384 5842 1750 5914 consequitur,
1770 5842 2018 5897 Psaimus

2123 4869 2283 4918 sexta
2311 4862 2473 4923 hora,
2510 4879 2622 4917 non
2655 4862 2802 4917 dixit
2834 4862 3005 4934 plena
3034 4862 3163 4918 luce
3196 4881 3208 4918 :
3263 4864 3365 4919 sed
3406 4864 3598 4918 videte
3629 4861 3769 4934 quid

2124 4950 2323 5005 dicat:
2376 4952 2549 5021 Mane,
2583 4951 2783 5006 statim
2836 4955 2902 5005 ut
2950 4952 3202 5005 tenebras
3248 4951 3447 5023 fugere
3477 4949 3774 5020 creperint,

2121 5039 2362 5095 exaudis
2397 5055 2409 5093 :
2447 5039 2645 5094 statim
2681 5040 2740 5094 in
2775 5040 3063 5111 principio
3090 5039 3227 5095 boni
3258 5040 3450 5110 operis
3484 5054 3576 5092 me
3605 5053 3779 5092 exau-

2123 5130 2234 5198 dis,
2259 5146 2374 5184 non
2398 5128 2612 5200 quaeris
2645 5130 2841 5183 tinem.
2873 5129 2972 5183 Est
2992 5128 3147 5182 enim
3184 5140 3378 5182 meum
3411 5124 3579 5191 velle,
3603 5128 3773 5179 tuum

2124 5220 2416 5289 perlicere.
2478 5239 2505 5267 κ
2538 5217 2705 5272 Mane
2748 5216 2954 5271 astabo
2995 5215 3120 5269 tibi.
3156 5237 3186 5264 »
3236 5215 3437 5269 Videte
3485 5212 3775 5277 ordinem,

2128 5323 2313 5376 mane,
2350 5323 2462 5362 non
2518 5322 2775 5376 vespere,
2824 5321 2938 5360 non
2990 5304 3044 5357 in
3097 5302 3376 5369 tenebris,
3425 5302 3527 5356 sed
3579 5316 3773 5356 mane.

2126 5418 2153 5445 ‹‹
2188 5396 2353 5451 Mane
2385 5396 2587 5450 astabo
2618 5393 2721 5447 tibi
2752 5410 2764 5460 ;
2802 5415 2828 5441 ››
2884 5392 3051 5447 stabo
3101 5394 3455 5460 constanter,
3491 5394 3548 5443 et
3579 5388 3775 5445 imita-

2126 5486 2231 5540 bor
2253 5485 2505 5555 Moysen.
2541 5506 2566 5531 ‹‹
2596 5482 2763 5537 Mane
2795 5481 2998 5536 astabo
3029 5479 3133 5534 tibi
3160 5504 3173 5545 ;
3199 5504 3226 5528 κ
3264 5479 3369 5533 tibi
3403 5478 3632 5557 astabo,
3657 5494 3776 5533 non

2126 5574 2275 5629 aliis.
2310 5573 2453 5627 Cum
2505 5576 2698 5626 autem
2754 5585 2923 5624 mane
2976 5568 3171 5634 fuerit,
3205 5572 3262 5622 et
3310 5573 3547 5635 stetero,
3580 5572 3638 5623 et
3666 5565 3775 5621 tibi

2128 5667 2361 5725 stetere,
2406 5666 2546 5715 tunc
2606 5658 2872 5713 merebor
2931 5663 2984 5710 te
3041 5655 3252 5711 videre.
3303 5680 3329 5707 ι‹
3363 5657 3432 5712 Et
3485 5656 3709 5713 videbo.
3746 5676 3774 5705 η

2128 5750 2510 5815 Subauditur,
2543 5752 2599 5802 te
2645 5746 2872 5810 videbo,
2908 5743 3074 5799 multi
3127 5745 3277 5802 male
3326 5746 3550 5817 legunt,
3581 5750 3639 5801 et
3686 5743 3775 5799 di-

2133 5844 2293 5909 cunt,
2325 5836 2413 5889 καὶ
2462 5834 2650 5906 trdits:
2704 5849 2815 5905 μεε
2873 5835 2973 5890 sed
3024 5834 3282 5892 sciamus
3326 5850 3581 5893 errorem
3612 5847 3776 5905 esse;

3680 529 3801 587 878
3822 486 3824 489 ’

3934 1572 3961 1591 Α
