4220 6584
466 534 589 595 8'19

1965 527 2385 592 APPENDIX.

3761 530 3884 593 880

467 666 550 720 sic
596 664 830 733 dicitur,
863 662 952 717 καὶ
1004 661 1298 737 επόψομαι,
1348 664 1457 720 hoc
1506 669 1613 727 est,
1660 663 1875 727 videbo,
1928 668 1992 718 ut
2038 663 2199 729 sitA
2231 664 2334 727 mi,
2369 668 2427 719 et
2474 681 2546 719 ex
2593 664 2719 735 ipso
2767 663 2970 719 ordine
3013 662 3340 735 intelligere
3370 678 3707 734 possumus,
3741 664 3883 734 quia

468 754 608 810 ordo
659 770 834 825 quem
884 753 1163 820 diximus,
1196 754 1507 825 incipiente
1554 754 1681 809 luce
1727 754 2011 807 virtutum
2054 753 2113 807 in

470 842 668 899 anima
698 858 849 908 mea,
881 843 1114 913 quando
1147 848 1300 898 stare
1335 843 1437 897 tibi
1471 859 1709 913 cepero,
1743 858 1855 896 non
1891 841 2115 906 sedere,

470 948 587 986 non
611 932 829 1002 jacere,
864 932 964 987 sed
999 935 1189 997 stare;
1224 940 1281 986 et
1310 936 1531 986 statues
1561 948 1740 1002 supra
1769 935 1994 1001 petram
2027 946 2120 1000 pe-

472 1020 576 1075 des
630 1036 791 1077 meos
836 1020 1241 1091 (Psal.xxx1x,
1274 1022 1350 1089 3),
1399 1026 1539 1075 tunc
1584 1037 1683 1091 per
1728 1020 1870 1074 istos
1902 1020 2118 1090 gradus

477 1110 744 1164 merebor
800 1115 853 1164 te
908 1110 1121 1165 videre.
1175 1110 1522 1175 «Quoniam
1580 1113 1643 1163 tu
1692 1126 1752 1163 es
1802 1108 1955 1163 Deus
2004 1125 2119 1162 non

476 1197 672 1253 volens
718 1199 1108 1269 iniquitatem.
1145 1222 1171 1247 ››
1223 1198 1531 1269 Propterea
1572 1215 1689 1252 non
1722 1214 1813 1252 me
1844 1198 2120 1252 exaudies

474 1286 647 1359 plena
674 1286 821 1356 luce,
856 1289 957 1343 sed
991 1305 1181 1357 mane,
1216 1288 1494 1359 quoniam
1531 1304 1643 1342 non
1674 1287 1785 1356 vis,
1820 1293 1988 1353 Deus,
2015 1286 2121 1341 ini-

473 1376 777 1446 quitatem.
801 1376 945 1432 Cum
974 1377 1128 1431 enim
1163 1377 1426 1431 recedere
1448 1392 1672 1447 ccnpero
1694 1378 1764 1431 ab
1790 1376 2116 1446 iniquitate,

473 1464 673 1519 statim
707 1466 971 1520 merebor
998 1465 1429 1520 exauditionem
1471 1470 1653 1519 tuam.

554 1573 575 1601 ι
608 1553 805 1624 Neque
837 1553 1123 1610 habitabit
1163 1556 1334 1625 juxta
1362 1558 1417 1607 te
1449 1552 1763 1624 malignus.
1801 1575 1827 1601 ››
1878 1552 2120 1616 Quando

471 1640 686 1712 aliquis
720 1643 937 1698 recedit
967 1659 1001 1697 a
1031 1642 1202 1697 nobis
1232 1642 1333 1713 qui
1362 1640 1557 1696 malus
1590 1631 1713 1707 est,
1734 1640 2119 1711 gratulemur,

471 1730 582 1785 hoc
613 1731 672 1786 in
704 1731 873 1786 nobis
907 1731 971 1784 fit
1002 1732 1156 1802 quod
1190 1732 1407 1787 factum
1438 1735 1528 1785 est
1556 1740 1611 1785 et
1644 1729 1704 1783 in
1734 1729 2001 1784 Domino.
2022 1728 2118 1783 Vi-

475 1819 605 1873 dete
646 1818 804 1874 enim
856 1818 997 1890 quid
1048 1818 1201 1873 dicat
1245 1818 1497 1889 Spiritus
1548 1821 1807 1875 sanctus.
1863 1839 1891 1868 «
1922 1817 2119 1889 Neque

475 1904 953 1975 habitabitjuxta
974 1910 1028 1961 te
1051 1904 1346 1977 malignus
1368 1923 1381 1974 ;
1402 1928 1428 1955 »
1457 1922 1582 1976 que
1615 1905 1771 1959 enim
1791 1904 2119 1959 communi-

475 1993 623 2048 catio
666 1992 781 2049 luci
830 1999 887 2049 et
932 1994 1237 2051 tenebris?
1284 1995 1382 2065 qui
1437 2011 1760 2051 consensus
1790 1995 2018 2049 Christo
2063 1998 2121 2049 et

472 2082 652 2137 Belial
702 2084 775 2155 (II
800 2087 926 2141 Cor.
960 2101 1037 2155 vr,
1074 2084 1161 2151 14,
1194 2084 1279 2155 15)
1308 2084 1335 2139 ?
1382 2084 1614 2155 quando
1662 2100 1798 2155 ergo
1841 2084 2121 2139 recedunt

473 2170 653 2243 aliqui
681 2188 750 2227 ex
778 2173 968 2240 nobis,
1002 2172 1270 2229 dicamus
1314 2176 1372 2229 et
1414 2189 1520 2228 nos
1555 2190 1568 2227 :
1622 2175 1889 2229 Exierant
1920 2190 1989 2229 ex
2019 2190 2118 2230 no-

471 2260 573 2325 bis,
605 2260 700 2315 sed
744 2278 856 2317 non
897 2264 1126 2332 fuerunt
1173 2279 1242 2317 ex
1285 2264 1464 2318 nobis.
1509 2263 1569 2317 Si
1609 2264 1757 2317 enim
1786 2264 2022 2334 fuissent
2050 2279 2119 2318 ex

470 2350 647 2417 nobis,
702 2352 1034 2407 mansissent
1084 2353 1275 2422 utique
1330 2352 1613 2407 nobiscum
1665 2353 1841 2423 (Joan.
1891 2369 1953 2418 ιι,
2010 2352 2117 2424 19).

475 2438 691 2493 Dicitur
738 2441 808 2495 ad
855 2440 1086 2496 Deum:
1140 2440 1325 2496 «Non
1374 2440 1663 2496 habitabit
1704 2442 1875 2511 juxta
1904 2446 1961 2495 te
1993 2458 2117 2496 ma-

468 2526 683 2598 lignus.
720 2550 741 2578 ι
801 2528 860 2584 Si
908 2529 1064 2584 enim
1113 2529 1269 2585 Deus
1312 2530 1465 2602 ignis
1494 2536 1601 2597 est,
1634 2536 1691 2585 et
1721 2530 1874 2601 ignis
1906 2547 2115 2585 consu-

470 2633 656 2683 mens,
690 2618 1023 2689 quicunque
1072 2619 1290 2690 stipula
1342 2624 1450 2690 est,
1502 2619 1839 2691 quicunque
1889 2619 2116 2691 lignum

470 2709 577 2773 est,
611 2706 759 2788 fugit
788 2707 860 2762 ab
894 2707 1046 2779 igne,
1082 2724 1152 2763 ne
1181 2714 1566 2763 consumatur
1597 2709 1669 2763 ab
1702 2708 1836 2779 igne
1872 2725 1885 2762 :
1946 2729 1973 2758 ‹‹
2008 2712 2117 2762 Ne-

472 2810 583 2864 quc
647 2798 1078 2866 permanebunt
1146 2797 1346 2867 injusti
1416 2802 1551 2852 ante
1616 2796 1815 2852 oculos
1880 2801 2032 2851 tuos.
2083 2817 2112 2847 »

468 2884 711 2949 Quando
760 2886 997 2952 dicitur,
1054 2903 1240 2957 neque
1296 2887 1744 2957 permanebunt,
1788 2885 2119 2941 ostenditur

468 2974 623 3043 quod
670 2972 983 3044 aliquando
1031 2976 1373 3030 manserint.
1408 2978 1744 3029 Manserunt
1782 2980 1977 3036 autem
2009 2974 2114 3029 ali-

470 3060 707 3130 quando
755 3061 961 3132 injusti
1003 3069 1137 3117 ante
1167 3062 1367 3118 oculos
1400 3062 1501 3118 Dei
1537 3080 1550 3116 :
1606 3068 1951 3118 manserunt
2004 3069 2115 3118 Deo

468 3153 841 3219 exspectante
894 3150 1294 3222 penitentiam
1344 3151 1646 3223 ipsorum;
1695 3152 1795 3207 sed
1836 3151 2113 3223 quoniam

466 3243 920 3309 permanserunt
970 3240 1199 3311 injusti,
1254 3245 1560 3313 propterea
1610 3258 1724 3297 non
1777 3257 2112 3311 permanse-

466 3331 605 3381 runt
636 3332 770 3382 ante
801 3327 1002 3384 oculos
1033 3329 1155 3384 Dei.

535 3414 782 3475 «Odisti
840 3433 1042 3473 omnes
1110 3418 1212 3489 qui
1279 3423 1595 3490 operantur
1653 3420 2043 3491 iniquitatem.
2082 3442 2111 3469 ››

462 3502 670 3558 Infelix
716 3510 827 3573 est,
860 3523 1033 3577 quem
1088 3508 1211 3563 odit
1263 3513 1433 3564 Deus.
1468 3509 1607 3575 Quis
1654 3516 1743 3564 est
1793 3509 1887 3564 ille
1936 3526 2112 3581 quem

463 3592 588 3647 odit
644 3594 844 3651 Deus?
903 3596 1001 3666 qui
1060 3602 1335 3668 operatur
1392 3598 1782 3669 iniquitatem.
1837 3599 1893 3654 Si
1954 3599 2112 3655 enim

465 3697 671 3736 omnes
735 3698 1077 3755 peccamus,
1146 3691 1203 3740 et
1268 3686 1607 3759 quicunque
1684 3692 1911 3759 peccat,
1979 3688 2111 3743 odio

466 3769 718 3825 habetur
766 3788 801 3826 a
845 3772 981 3841 Deo,
1015 3790 1150 3845 ergo
1199 3776 1330 3829 odio
1375 3776 1661 3830 habemur
1691 3793 1724 3831 a
1752 3776 2017 3831 Domino.
2051 3776 2110 3832 Si

471 3862 668 3913 autem
718 3860 849 3916 odio
899 3861 1184 3917 habemur
1225 3880 1259 3918 a
1305 3864 1567 3929 Domino,
1599 3865 1891 3934 quomodo
1923 3865 2111 3937 gratia

467 3947 675 4003 salvati
705 3966 913 4005 sumus
935 3950 962 4004 ?
993 3952 1176 4007 Odisti
1200 3970 1401 4008 omnes
1432 3954 1528 4025 qui
1551 3959 1870 4024 operantur
1902 3954 2110 4025 iniqui-

462 4041 663 4093 tatem.
705 4039 830 4095 Non
887 4041 1052 4109 dixit,
1102 4043 1199 4114 qui
1254 4043 1472 4114 operati
1522 4047 1661 4098 sunt
1714 4043 2103 4115 iniquitatem,

460 4127 561 4182 sed
614 4150 640 4177 ‹‹
673 4128 774 4200 qui
821 4136 1137 4201 operantur
1179 4132 1566 4203 iniquitatem.
1602 4155 1630 4182 »
1683 4133 1787 4197 Qui
1844 4150 2103 4205 perseve-

458 4221 590 4271 rant
619 4217 679 4272 in
712 4225 966 4290 peccato,
1001 4220 1083 4275 illi
1117 4222 1248 4277 odio
1279 4221 1574 4278 habentur
1603 4239 1638 4276 a
1669 4223 1912 4278 Domino
1947 4240 1959 4278 :
2002 4224 2102 4295 qui

456 4312 652 4362 autem
684 4309 1057 4377 dimiserunt,
1089 4310 1175 4365 illi
1209 4316 1487 4366 amantur
1517 4328 1552 4366 a
1580 4311 1825 4366 Domino
1859 4329 1871 4366 :
1907 4335 1933 4360 ‹‹
1971 4313 2100 4368 Per-

454 4394 555 4451 des
585 4413 789 4454 omnes
818 4402 919 4471 qui
952 4399 1277 4470 loquuntur
1306 4400 1696 4455 mendacium.
1739 4424 1759 4448 ι
1820 4400 1961 4455 Rem
1995 4418 2099 4457 no-

450 4499 581 4540 vam
629 4486 816 4542 video.
862 4487 969 4551 Qui
1026 4488 1247 4543 malum
1296 4494 1586 4559 operatur,
1619 4490 1752 4545 odio
1801 4489 2094 4546 habetur:

447 4571 548 4642 qui
599 4574 897 4644 mentitur,
944 4575 1110 4646 perit.
1142 4576 1457 4632 Videamus
1488 4578 1627 4649 quid
1661 4577 1736 4633 sit
1776 4577 1929 4649 plus,
1962 4580 2093 4636 odio

402 4667 413 4676 '
447 4657 676 4715 haberi.
708 4679 743 4717 a
779 4662 1047 4731 Domino,
1080 4682 1153 4720 an
1186 4666 1392 4736 perire.
1448 4666 1651 4722 Infelix
1709 4667 1946 4739 quidem
2005 4675 2094 4724 est

2228 752 2299 807 de
2348 753 2632 808 hereticis
2681 753 2839 807 dicit.
2898 776 2925 802 «
2958 752 3066 816 Qui
3110 753 3266 807 enim
3300 756 3572 823 operatur
3600 751 3879 824 iniquita-

2228 845 2368 905 tem,
2404 863 2425 889 ιι
2481 858 2650 896 suam
2680 845 2910 896 tantum
2943 840 3201 895 animam
3235 840 3451 895 occidit
3482 856 3495 895 :
3549 840 3650 911 qui
3679 844 3877 896 autem

2230 928 2535 985 hereticus
2567 935 2673 995 est,
2706 934 2765 984 et
2800 928 3061 1000 loquitur
3102 929 3496 997 mendacium,
3530 933 3618 984 tot
3664 929 3878 985 occidit

2230 1017 2516 1085 homines,
2551 1023 2692 1091 quot
2723 1018 3037 1073 induxerit.

2300 1106 2564 1161 «Virum
2615 1107 2970 1177 sanguinum
3002 1111 3059 1160 et
3110 1104 3379 1161 dolosum
3436 1106 3879 1162 abominabitur

2233 1194 2536 1250 Dominus.
2575 1218 2602 1244 »
2652 1195 2757 1249 Vir
2800 1194 3181 1266 sanguinum,
3210 1193 3403 1249 omnis
3429 1194 3735 1249 hereticus
3765 1200 3875 1266 est,

2231 1284 2494 1354 quotidie
2542 1285 2874 1338 animarum
2906 1284 3254 1355 sanguinem
3290 1282 3499 1338 fundit.
3534 1284 3705 1339 Recte
3735 1284 3881 1339 dixit

2231 1372 2499 1427 dolosum
2534 1389 2546 1426 :
2584 1377 2640 1427 et
2673 1372 2965 1427 homicida
2994 1376 3101 1442 est,
3134 1376 3191 1427 et
3219 1370 3480 1427 dolosus.

2304 1462 2482 1531 «Ego
2534 1466 2730 1517 autem
2782 1462 2839 1516 in
2896 1461 3273 1516 multitudine
3318 1460 3731 1516 misericordie
3764 1466 3880 1518 tue

2232 1549 2483 1604 introibo
2513 1550 2571 1604 in
2603 1552 2844 1605 domum
2879 1556 3059 1604 tuam.
3102 1572 3127 1597 ››
3178 1549 3266 1604 Illi
3313 1549 3372 1605 in
3427 1549 3735 1620 iniquitate
3773 1567 3882 1606 sua

2230 1640 2612 1712 egrediuntur
2658 1640 2729 1694 de
2758 1639 2932 1694 domo
2963 1643 3083 1707 tua,
3116 1654 3223 1709 ego
3255 1638 3314 1693 in
3345 1643 3448 1693 tua
3476 1637 3877 1694 misericordia

2231 1730 2528 1801 ingrediar
2577 1728 2636 1783 in
2689 1729 2931 1783 domum
2972 1712 3169 1798 tuam,
3220 1727 3472 1782 introibo
3524 1726 3583 1781 in
3632 1726 3877 1783 domum

2231 1825 2414 1879 tuam.
2446 1834 2575 1890 que
2604 1822 2693 1873 est
2721 1816 2999 1872 Ecclesia.
3034 1839 3061 1865 «
3097 1816 3367 1871 Adorabo
3399 1816 3471 1870 ad
3503 1816 3808 1887 templum,
3840 1839 3869 1866 ››

2229 1912 2336 1963 etc.
2370 1907 2504 1980 Ipsa
2533 1911 2622 1963 est
2650 1907 2861 1961 domus
2893 1922 3020 1977 quae
3051 1911 3107 1960 et
3135 1903 3444 1977 templum.

2306 2019 2334 2047 «
2368 1997 2627 2066 Domine,
2661 1996 2848 2051 deduc
2878 2011 2974 2051 me
3006 1995 3063 2049 in
3104 1999 3205 2049 tua
3237 1993 3492 2064 justitia.
3543 2017 3569 2043 «
3606 1994 3723 2067 Ego
3770 2011 3875 2051 au-

2228 2090 2344 2142 tem
2378 2086 2549 2157 cupio
2581 2085 2799 2139 intrare
2830 2084 2887 2138 in
2919 2084 3160 2139 domum
3192 2087 3378 2152 tuam,
3412 2087 3467 2138 et
3496 2081 3624 2138 volo
3654 2084 3876 2140 intrare

2230 2194 2331 2248 per
2358 2176 2511 2231 viam
2560 2180 2723 2230 tuam
2770 2178 2989 2229 rectam
3023 2189 3037 2229 :
3092 2174 3192 2229 sed
3226 2174 3506 2245 quoniam
3536 2173 3877 2229 continuata

2228 2265 2455 2322 semitis
2505 2262 2784 2320 scandala
2825 2266 3056 2334 ponunt
3103 2260 3329 2317 inimici
3376 2261 3511 2328 mei,
3544 2266 3601 2318 et
3639 2262 3780 2318 mihi
3811 2263 3871 2318 in

2228 2356 2468 2411 domum
2521 2359 2682 2410 tuam
2723 2351 2808 2408 ire
2844 2351 3123 2424 cupienti,
3158 2351 3397 2423 laqueos
3429 2357 3653 2423 ponunt
3682 2352 3739 2407 in
3770 2350 3873 2406 iti-

2229 2462 2364 2500 nere
2396 2460 2410 2500 :
2460 2448 2788 2516 propterea,
2822 2458 3019 2513 queso
3051 2446 3126 2505 te,
3162 2445 3223 2495 ut
3253 2440 3474 2513 dirigas
3503 2440 3678 2512 pedes
3709 2457 3869 2497 meos

2229 2548 2414 2603 usque
2440 2531 2511 2586 ad
2536 2530 2735 2585 finem.
2761 2528 2953 2584 Meum
2978 2532 3068 2583 est
3098 2529 3273 2600 pedes
3301 2544 3514 2600 ponere
3538 2528 3596 2583 in
3618 2529 3710 2584 via
3733 2534 3836 2584 tua
3862 2546 3878 2585 :

2228 2625 2397 2675 tuum
2447 2624 2536 2675 est
2582 2618 2869 2689 corrigere
2914 2633 3152 2689 gressus
3199 2632 3381 2672 meos.
3435 2640 3463 2666 «
3493 2621 3735 2687 Propter
3762 2616 3878 2673 ini-

2229 2710 2412 2765 micos
2441 2725 2599 2764 meos
2627 2707 2810 2778 dirige
2844 2707 2900 2761 in
2934 2709 3248 2778 conspectu
3280 2711 3380 2761 tuo
3412 2705 3562 2761 viam
3595 2722 3804 2763 meam.
3846 2728 3873 2756 υ

2227 2803 2344 2854 Hoc
2375 2802 2484 2864 est,
2516 2797 2669 2851 viam
2710 2801 2875 2851 tuam
2915 2800 3130 2850 rectam
3182 2796 3271 2851 fac
3321 2799 3556 2868 propter
3603 2795 3874 2853 inimicos

2228 2904 2409 2957 meos,
2443 2886 2544 2957 qui
2589 2885 2945 2941 insidiantur
2993 2884 3160 2939 mihi.
3193 2884 3325 2947 Que
3375 2889 3465 2939 est
3512 2888 3710 2939 autem
3761 2884 3874 2940 ista

2224 2977 2360 3031 via?
2394 2976 2585 3031 Lectio
2610 2976 3067 3047 Scripturarum,
3092 2974 3198 3028 hoc
3228 2978 3335 3039 est,
3362 2990 3433 3029 ne
3463 2972 3523 3028 in
3553 2972 3867 3044 Scripturis

2223 3066 2363 3132 tuis,
2399 3082 2501 3137 per
2548 3081 2695 3137 quas
2740 3063 2965 3135 ingredi
3017 3062 3187 3133 cupio
3232 3061 3290 3116 in
3330 3061 3650 3117 Ecclesiam
3680 3067 3866 3129 tuam,

2225 3171 2515 3210 corruam.
2548 3154 2756 3209 Omnis
2802 3152 2959 3208 enim
2992 3152 3091 3223 qui
3126 3150 3277 3208 male
3306 3149 3581 3223 intelligit
3609 3151 3870 3223 Scriptu-

2225 3261 2344 3313 ras,
2376 3243 2436 3298 in
2469 3243 2563 3299 via
2593 3242 2689 3298 Dei
2723 3241 2962 3297 corruit.

2303 3356 2321 3382 ι
2361 3332 2644 3399 Quoniam
2678 3348 2793 3388 non
2824 3335 2913 3386 est
2946 3330 3004 3385 in
3035 3346 3132 3385 ore
3163 3345 3366 3384 eorum
3407 3328 3642 3384 veritas.
3682 3351 3709 3377 ››
3761 3328 3878 3384 De-

2144 3404 2186 3472 C
2225 3422 2565 3479 scribuntur
2594 3420 2871 3490 heretici,
2898 3418 3315 3474 describuntur
3344 3417 3431 3474 vir
3461 3417 3879 3489 sanguinarius

2224 3517 2280 3566 et
2301 3510 2560 3581 dolosus,
2588 3527 2762 3581 quem
2789 3507 3227 3565 abominabitur
3247 3507 3552 3562 Dominus.
3587 3529 3615 3556 α
3641 3506 3765 3562 Non
3788 3512 3877 3563 est

2224 3601 2281 3654 in
2314 3617 2412 3656 ore
2441 3617 2643 3656 eorum
2674 3598 2905 3655 veritas.
2939 3620 2966 3648 ››
3023 3597 3149 3652 Non
3194 3596 3411 3652 habent
3441 3594 3736 3651 Christum
3766 3612 3870 3651 ve-

2223 3690 2455 3745 ritatem
2516 3691 2575 3745 in
2624 3705 2721 3744 ore
2769 3705 2896 3754 suo,
2947 3686 3087 3759 quia
3135 3702 3240 3741 nec
3295 3685 3355 3741 in
3404 3684 3576 3741 corde
3626 3683 3866 3741 habent.

2226 3802 2246 3827 ι
2286 3781 2393 3834 Cor
2433 3794 2633 3834 eorum
2676 3793 2892 3832 vanum
2922 3780 3030 3830 est.
3068 3797 3096 3825 »
3150 3773 3357 3829 Melius
3387 3772 3635 3829 habetur
3663 3773 3721 3828 in
3754 3773 3863 3829 He-

2221 3869 2372 3923 breo
2403 3860 2713 3922 επίϐοὺλον.
2765 3865 2911 3922 Vere
2942 3862 3097 3920 enim
3146 3862 3457 3919 insidiatur
3502 3879 3601 3919 cor
3630 3863 3861 3919 hereti-

2219 3972 2418 4012 corum
2453 3956 2728 4012 omnibus
2758 3971 2906 4026 quos
2937 3952 3171 4025 decipit.
3221 3973 3247 4006 α
3278 3951 3622 4024 Sepulcrum
3653 3957 3860 4024 patens

2217 4051 2305 4099 est
2352 4049 2552 4115 guttur
2601 4061 2887 4099 eorum.»
2944 4041 3209 4097 Infelices
3260 4045 3401 4097 sunt
3452 4040 3724 4109 heretici,
3757 4041 3859 4113 qui

2215 4133 2486 4205 sepulcra
2533 4137 2671 4188 sunt
2698 4132 2985 4199 dealbata,
3020 4129 3191 4202 plena
3222 4130 3457 4186 ossibus
3489 4134 3854 4187 mortuorum

2213 4222 2418 4294 (Matth.
2451 4239 2615 4289 χχιιι,
2646 4224 2756 4289 27).
2816 4242 2843 4271 ‹‹
2875 4218 3222 4292 Sepulcrum
3272 4223 3475 4291 patens
3523 4223 3611 4275 est
3653 4224 3857 4291 guttur

2210 4328 2433 4368 eorum.
2470 4332 2499 4361 »
2543 4312 2738 4378 Arius,
2773 4308 3119 4376 Eunomius,
3150 4314 3207 4364 et
3237 4307 3424 4363 ceteri
3456 4307 3708 4363 heretici
3738 4307 3855 4363 lin—

2208 4417 2355 4471 guas
2387 4400 2633 4472 sagittas
2665 4400 2883 4454 habent
2915 4416 2928 4453 :
2981 4398 3178 4453 fauces
3209 4413 3349 4453 suas
3380 4395 3716 4468 sepulcrum
3748 4396 3851 4452 ha-

2208 4489 2364 4545 bent.
2416 4513 2442 4540 ‹‹
2476 4488 2821 4561 Sepulcrum
2860 4493 3065 4560 patens
3093 4491 3182 4542 est
3211 4491 3415 4558 guttur
3444 4502 3667 4542 eorum.
3706 4509 3733 4535 ››
3784 4485 3854 4541 Et

2205 4585 2355 4633 recte
2384 4578 2527 4633 dixit
2553 4586 2765 4650 patens,
2793 4576 3264 4649 quandocunque
3294 4573 3451 4630 enim
3481 4573 3605 4630 vult
3634 4573 3850 4646 aliquis

2203 4669 2480 4739 deceptus
2511 4667 2749 4729 intrare,
2784 4670 3023 4738 paratus
3067 4670 3155 4721 est
3203 4663 3529 4733 hereticus,
3563 4668 3619 4720 et
3668 4664 3849 4720 susci-

446 4748 549 4819 qui
588 4749 720 4842 odio
764 4750 1011 4842 habetur
1056 4771 1089 4810 a
1138 4754 1404 4821 Domino,
1437 4757 1537 4834 sed
1568 4756 1760 4812 adhuc
1793 4757 1948 4813 vivit.
1983 4758 2089 4823 Qui
2124 4775 2169 4842 ι)
2202 4756 2304 4827 pit.
2359 4756 2670 4828 Nunquam
2732 4755 2987 4811 heretici
3037 4752 3322 4842 claudunt
3377 4770 3442 4809 os
3501 4768 3695 4821 suum,
3732 4754 3849 4842 sed

444 4842 640 4894 autem
698 4837 961 4911 loquitur
1013 4844 1382 4899 mendacium
1441 4828 1723 4916 eb'perit,
1775 4847 1901 4916 jam
1962 4863 2089 4904 esse

442 4927 690 4983 desistit.
722 4929 870 5002 Ergo
902 4930 1189 4988 infelicior
1217 4939 1324 5000 est,
1360 4935 1459 5005 qui
1493 4935 1862 4990 mendacium
1896 4935 2085 5007 loqui-

436 5022 554 5087 tur,
583 5034 761 5089 quam
792 5019 889 5075 ille
918 5021 1016 5092 qui
1046 5030 1319 5093 operatur
1349 5024 1720 5095 iniquitatem
1748 5042 1761 5091 ;
1795 5025 1893 5096 qui
1925 5025 2082 5081 enim

434 5111 710 5177 operatur
758 5109 1154 5183 iniquitatem,
1202 5112 1333 5166 odio
1386 5112 1679 5168 habetur:
1733 5113 1835 5185 qui
1885 5118 2081 5169 autem

430 5194 693 5267 loquitur
722 5200 1117 5265 mendacium,
1156 5201 1321 5272 perit.
1373 5202 1440 5258 0s
1488 5205 1656 5267 enim,
1690 5203 1839 5273 quod
1877 5205 2081 5258 menti-

430 5289 546 5353 tur,
578 5286 771 5342 accidit
800 5290 1045 5343 animam
1076 5290 1223 5360 (Sap.
1262 5307 1298 5359 1,
1333 5290 1440 5361 ll).
1493 5291 1557 5345 Et
1588 5290 1877 5361 quomodo
1932 5289 2075 5345 scri-

430 5377 597 5443 ptum
630 5381 761 5431 est:
816 5379 881 5434 Ut
926 5380 999 5433 sit
1050 5379 1189 5433 Deus
1238 5395 1424 5445 verax,
1473 5381 1650 5433 omnis
1692 5382 1875 5434 autem
1920 5381 2077 5434 homo

426 5461 664 5517 mendam
692 5464 869 5535 (Rom.
906 5482 989 5530 ιιι,
1024 5466 1097 5536 4).
1132 5466 1188 5520 Si
1222 5472 1417 5521 autem
1452 5466 1786 5538 quicunque
1815 5465 2077 5536 loquitur

426 5551 819 5619 mendacium,
858 5555 985 5623 jam
1036 5554 1205 5625 perit,
1241 5560 1297 5609 et
1327 5555 1538 5610 occidit
1589 5556 1847 5610 animam
1882 5571 2070 5625 suam,

423 5654 628 5692 omnes
657 5644 851 5696 autem
886 5644 1222 5711 mentimur,
1258 5662 1393 5715 ergo
1438 5661 1642 5699 omnes
1695 5645 2017 5715 peribimus
2046 5645 2073 5699 ?

418 5728 540 5781 Hoc
584 5732 778 5783 autem
829 5732 985 5801 quod
1038 5733 1230 5788 dicit:
1291 5758 1311 5783 α
1350 5733 1561 5788 Perdes
1603 5750 1807 5789 omnes
1852 5734 1949 5805 qui
1983 5733 2067 5789 lo-

419 5819 685 5889 quuntur
712 5819 1104 5888 mendacium,
1141 5844 1167 5871 ››
1199 5825 1256 5877 et
1284 5839 1351 5877 ex
1382 5822 1879 5895 consequentibus
1902 5822 2063 5882 Psal-

2199 4863 2432 4917 semper
2477 4846 2747 4917 aperiunt
2792 4862 2857 4900 os
2906 4860 3104 4899 suum.
3158 4865 3185 4893 «
3222 4841 3463 4915 Linguis
3496 4843 3621 4898 suis
3651 4841 3849 4899 dolose

2197 4937 2465 5006 agebant.
2504 4957 2532 4984 »
2578 4934 2746 4990 Aliud
2804 4934 2862 4988 in
2908 4933 3079 4988 corde
3114 4931 3408 4999 tenebant,
3444 4930 3601 4987 aliud
3633 4929 3693 4986 in
3724 4947 3847 4986 ser-

2196 5039 2367 5079 mone
2400 5022 2841 5095 pollicebantur.
2879 5023 3153 5079 Pietatem
3201 5019 3615 5093 loquebantur,
3647 5025 3703 5074 et
3733 5019 3844 5076 im-

2194 5112 2467 5183 pietatem
2517 5114 2802 5168 celabant.
2837 5112 3136 5167 Christum
3183 5108 3528 5182 loquuntur,
3561 5113 3617 5164 et
3647 5108 3842 5165 occul-

2190 5207 2316 5258 tant
2345 5202 2793 5258 Antichristuin.
2829 5202 3034 5257 Sciunt
3073 5199 3228 5256 enim
3264 5199 3417 5271 quod
3453 5215 3623 5254 nemo
3656 5198 3845 5270 possit

2190 5290 2409 5359 induci,
2442 5292 2493 5347 si
2542 5294 2839 5363 proferant
2888 5288 3338 5345 Antichristum.
3375 5287 3589 5343 Lucem
3650 5289 3840 5360 profe-

2188 5385 2343 5447 runt,
2377 5386 2443 5435 ut
2488 5381 2675 5436 celent
2726 5380 3018 5445 tenebras,
3063 5382 3128 5434 ut
3157 5394 3259 5449 per
3289 5376 3481 5432 lucem
3514 5376 3736 5432 ducant
3765 5375 3837 5430 ad

2185 5470 2476 5524 tenebras.
2510 5493 2535 5519 «
2561 5469 2769 5524 Judica
2800 5468 2952 5537 illos,
2976 5467 3150 5522 Deus.
3186 5488 3206 5516 ιι
3244 5465 3444 5521 Sciunt
3468 5469 3525 5519 te
3548 5464 3834 5533 judicem,

2184 5556 2380 5612 sciunt
2425 5565 2479 5614 te
2523 5559 2809 5629 respicere
2859 5573 2949 5612 res
2984 5556 3294 5611 humanas.
3332 5553 3439 5620 Qui
3470 5552 3833 5608 indicaturus

2182 5646 2240 5700 in
2292 5648 2404 5702 line
2452 5665 2535 5711 es,
2568 5647 2745 5702 etiam
2779 5646 2835 5700 in
2882 5646 3149 5717 presenti
3196 5643 3418 5716 judica.
3454 5643 3559 5709 Qui
3592 5659 3832 5715 genera-

2180 5734 2312 5791 liter
2354 5737 2730 5806 judicaturus
2781 5752 2863 5804 es,
2922 5752 3078 5791 nunc
3124 5751 3194 5790 ex
3242 5738 3407 5806 parte
3454 5732 3679 5804 judica.
3723 5733 3830 5798 Qui

2179 5831 2406 5896 patrem
2454 5825 2666 5883 sentire
2721 5824 2953 5896 nolunt,
3001 5824 3259 5886 sentiant
3306 5822 3585 5896 iudicem.
3615 5820 3828 5879 Judioa
