4220 6606
401 448 512 511 881

1560 443 2059 508 BREVIARIUM
2100 443 2182 506 IN
2226 442 2616 507 PSALMOS.

3684 441 3806 505 882

402 582 555 647 illos,
614 585 786 637 Deus.
846 578 1082 644 Quare?
1138 594 1255 651 qua
1308 579 1380 634 de
1439 580 1674 635 causa?
1732 579 2047 650 Sequitur?
2078 578 2130 647 Α
2160 577 2205 647 (Ι
2242 579 2399 633 Joan.
2454 594 2515 643 ιι,
2564 578 2639 647 6).
2692 576 2960 632 Christus
3010 573 3110 631 Dei
3160 571 3341 630 Filius
3388 589 3504 629 non
3553 574 3711 630 venit
3743 581 3805 629 ut

475 693 503 721 ‹‹
544 671 821 726 Decidant
861 686 895 725 ε.
938 667 1389 741 cogitationibus
1439 670 1583 724 suis.
1616 692 1641 718 ››
1691 668 1750 724 Si
1783 669 1937 724 enim
1988 668 2048 723 in

406 759 677 831 presenti
715 759 1040 814 reddideris
1072 757 1188 813 illis
1221 758 1374 828 quod
1406 762 1722 828 merentur,
1758 757 2050 828 incipiunt

403 848 671 903 recedere
703 865 737 903 a
766 847 938 903 malis
979 846 1434 919 cogitationibus
1481 847 1644 902 suis:
1688 845 1952 919 quandiu
1992 849 2047 899 te

394 938 654 1009 judicem
688 954 803 993 non
853 936 1133 1001 sentiunt,
1164 952 1281 991 non
1322 935 1553 991 timent.
1595 958 1624 985 ‹‹
1678 934 1960 990 Decidant
2015 950 2049 989 a

402 1025 855 1097 cogitationibus
888 1024 1032 1103 suis,
1067 1023 1306 1096 Egregie
1337 1024 1501 1090 dixit,
1535 1040 1567 1079 a
1597 1021 2048 1093 cogitationibus

405 1115 553 1171 suis.
589 1137 617 1164 »
650 1114 918 1181 Quotidie
949 1113 1103 1168 enim
1135 1112 1391 1168 hmretici
1423 1111 1743 1167 immutant
1772 1112 2050 1181 dogmata

398 1220 527 1259 sua.
560 1204 823 1275 Denique
854 1203 904 1257 si
935 1202 1022 1257 vir
1050 1201 1450 1258 ecclesiaticus
1472 1202 1541 1256 de
1567 1200 1887 1272 Scripturis
1916 1216 2047 1255 eru-

400 1293 559 1348 ditus
591 1291 955 1348 contenderit
1003 1295 1204 1346 contra
1231 1306 1351 1357 eos,
1383 1294 1440 1346 et
1469 1289 1788 1362 Scripturis
1828 1288 2046 1344 sanctis

399 1381 727 1454 coarguerit
772 1398 892 1447 eos,
935 1380 1135 1436 statim
1185 1379 1515 1451 requirunt,
1548 1379 1841 1450 quomodo
1889 1376 2048 1432 aliud

400 1462 618 1526 novum
649 1471 863 1543 dogma
923 1469 1235 1541 reperiant.
1269 1468 1394 1524 Non
1445 1470 1714 1539 quaerunt
1757 1466 2046 1538 quomodo

397 1559 715 1626 salventur,
750 1559 849 1615 sed
882 1558 1178 1631 quomodo
1208 1560 1515 1629 superent.
1550 1557 1861 1628 Propterea
1890 1571 2047 1610 nunc

397 1647 563 1703 dixit:
588 1647 873 1702 Decidant
902 1665 935 1702 a
965 1645 1417 1720 cogitationibus
1447 1644 1598 1713 suis,
1622 1649 1680 1700 et
1706 1648 1762 1700 te
1792 1644 2049 1699 habeant

398 1752 578 1792 unam
609 1735 1044 1809 cogitationem.

471 1848 499 1875 «
540 1826 873 1882 Secundum
925 1823 1368 1880 multitudinem
1425 1822 1794 1896 impietatum
1844 1837 2045 1877 eorum

398 1912 621 1986 expelle
667 1930 787 1971 eos.
839 1937 867 1965 »
918 1913 1041 1969 Non
1093 1912 1273 1969 dixit:
1325 1913 1478 1968 unde
1527 1929 1625 1969 eos
1657 1910 1942 1983 expellat:
1974 1911 2047 1966 de

397 2003 539 2059 cmlo
570 2019 668 2059 eos
699 2001 968 2075 expellat,
1004 2003 1076 2058 de
1102 2006 1257 2057 terra
1286 2018 1385 2057 eos
1424 1999 1709 2073 expellat:
1743 2000 1899 2056 unde
1946 2016 2045 2055 eos

399 2091 648 2164 expellat
670 2092 969 2164 Scriptura
1006 2107 1122 2146 non
1156 2091 1333 2146 dicit:
1369 2091 1468 2146 sed
1505 2082 1800 2164 ὑπερϐατὸν
1848 2092 1958 2159 est,
1990 2092 2046 2144 et

399 2178 617 2255 ὕστερον
650 2178 936 2254 πρότερον.
988 2180 1277 2235 Debemus
1324 2195 1459 2249 ergo
1491 2178 1713 2250 legere:
1760 2199 1788 2226 ‹‹
1822 2177 2041 2233 Secun-

399 2269 540 2326 dum
564 2268 1005 2326 multitudinem
1027 2268 1396 2341 impietatum
1418 2283 1620 2324 eorum
1643 2266 1864 2338 expelle
1885 2282 2036 2322 eos.»

397 2356 559 2420 Quod
592 2357 758 2423 dixit,
791 2356 902 2413 hoc
932 2362 1024 2413 est
1055 2374 1068 2412 :
1117 2358 1202 2412 Ab
1234 2356 1639 2429 impietatibus
1685 2355 1812 2411 suis
1842 2354 2042 2410 multis

398 2450 633 2517 propter
660 2450 825 2503 tuam
856 2445 1319 2502 misericordiam
1352 2444 1573 2517 expelle
1621 2460 1741 2510 eos,
1793 2444 1901 2499 hoc
1932 2447 2039 2510 est,

396 2551 511 2589 non
544 2535 664 2590 sint
692 2534 751 2590 in
782 2533 988 2591 multis
1018 2534 1425 2608 impietatibus
1447 2533 1593 2589 suis.
1625 2533 1822 2588 Potest
1851 2536 1908 2587 et
1935 2531 2040 2587 ali-

395 2628 485 2679 ter
512 2623 894 2696 inerpretari:
928 2623 1213 2690 Quoniam
1264 2621 1565 2695 plurimun
1611 2620 1777 2693 impii
1806 2621 2044 2677 fuerunt

396 2717 455 2767 et
511 2712 825 2768 noluerunt
877 2713 1143 2769 decidere
1190 2728 1223 2766 a
1276 2709 1730 2782 cogitationibus
1782 2709 1927 2776 suis,
1987 2713 2043 2764 et

396 2799 727 2872 impietates
782 2800 1181 2872 impietatibus
1231 2802 1466 2872 augent,
1516 2805 1573 2853 et
1610 2798 1871 2869 quotidie
1903 2813 2041 2853 con-

396 2894 658 2963 gregant,
719 2895 776 2946 et
830 2889 1028 2962 plures
1081 2889 1302 2945 habent
1351 2887 1704 2960 impietates,
1737 2891 2042 2959 propterea

395 2977 615 3049 expelle
668 2996 787 3035 eos.
822 2979 987 3036 Unde
1011 2979 1038 3033 ‘I
1073 2980 1161 3034 Ab
1201 2994 1269 3034 ea
1299 2994 1427 3049 quae
1468 2976 1866 3032 haereditath
1899 2992 2049 3031 con-.

396 3067 681 3138 sequitur.
712 3068 799 3123 Tu
847 3066 1069 3139 expelle
1099 3083 1198 3123 eos
1246 3066 1405 3133 inde,
1450 3070 1515 3120 ut
1552 3065 1831 3137 quoniam
1865 3065 2040 3119 ﬁdem

395 3171 513 3210 non
561 3156 783 3211 habent
829 3156 1116 3221 Ecclesiae,
1168 3172 1241 3210 ne
1266 3159 1573 3211 versentur
1617 3153 1678 3208 in
1710 3169 1795 3209 ea.
1836 3176 1856 3202 α
1890 3153 2040 3216 Quo-

394 3244 554 3300 niam
606 3244 979 3303 irritaverant
1010 3249 1085 3301 te.
1128 3244 1394 3310 Domine,
1432 3264 1458 3291 »
1490 3247 1595 3312 Tu,
1630 3242 1888 3310 Domine,
1940 3259 2044 3314 per

394 3337 664 3389 naturam
699 3331 890 3388 dulcis
923 3350 1006 3402 es,
1041 3333 1139 3387 sed
1172 3332 1509 3404 quicunque
1534 3336 1865 3404 peccatores
1897 3334 2038 3388 sunt
2066 3315 2110 3382 C

395 3425 451 3476 et
481 3421 760 3488 haeretici,
795 3426 1067 3477 naturam
1098 3425 1210 3476 tum
1243 3419 1570 3476 dulcedinis
1598 3420 1740 3475 vitio
1770 3436 1877 3475 suo
1908 3434 2036 3475 ver-

393 3514 528 3564 tunt
551 3510 611 3564 in
639 3510 1110 3565 amaritudinem.

466 3621 493 3647 ‹‹
536 3598 606 3653 Et
633 3598 904 3655 laetentur
932 3615 1138 3656 omnes
1170 3598 1268 3671 qui
1302 3602 1540 3670 sperant
1569 3597 1626 3652 in
1648 3600 1762 3652 te.»
1790 3586 1877 3653 Illi
1907 3612 2035 3669 per-

392 3693 545 3760 eant,
579 3692 635 3742 et
681 3687 1057 3745 ecclesiastici
1088 3687 1374 3743 laetentur.
1411 3709 1438 3739 «
1470 3687 1534 3741 In
1564 3690 1843 3742 aeternum
1876 3684 2036 3740 exul-

392 3776 622 3833 tabant.
656 3799 686 3826 »
718 3777 841 3844 Hic,
874 3778 935 3832 in
963 3786 1253 3847 aeternum,
1287 3793 1404 3832 non
1433 3777 1504 3831 de
1525 3775 1793 3847 praesenti
1826 3774 2036 3829 saeculo

393 3865 676 3921 debemus
697 3867 907 3938 dicere,
941 3867 1042 3922 sed
1075 3867 1147 3921 de
1179 3867 1394 3920 futuro.
1420 3864 1682 3937 Denique
1713 3880 1828 3919 non
1869 3864 2035 3931 dixit,

392 3952 450 4008 in
484 3945 696 4011 saaculo
726 3954 1040 4024 exsultant,
1075 3955 1174 4011 sed
1207 3954 1580 4024 exsultabant,
1626 3954 1695 4008 de
1722 3953 1918 4008 futuro
1949 3952 2036 4008 di-

391 4042 558 4098 citur.
595 4042 697 4099 Hic
727 4044 885 4101 enim
917 4043 1160 4100 tristitia
1180 4048 1289 4115 est,
1320 4043 1401 4099 ibi
1431 4059 1565 4098 vero
1595 4042 1815 4096 laetitia.
1848 4045 2035 4098 Haere-

388 4132 489 4187 tici
522 4132 593 4188 de
625 4132 894 4203 praesenti
918 4132 1131 4197 rident,
1156 4132 1256 4188 sed
1284 4133 1344 4186 in
1372 4130 1889 4201 futurolugebunt.
1920 4130 2037 4185 Nos

387 4234 523 4274 vero
553 4219 612 4273 in
639 4220 907 4291 praesenti
938 4219 1231 4291 lugemus,
1280 4223 1346 4274 ut
1391 4219 1448 4273 in
1482 4220 1676 4274 futuro
1717 4218 2033 4274 rideamus.

394 4330 415 4358 σι
459 4308 522 4362 In
575 4311 856 4363 aeternum
907 4307 1302 4363 exsultabant.
1338 4328 1366 4358 »
1415 4308 1549 4371 Quae
1589 4307 1697 4363 erit
1727 4294 2036 4363 exsultatio

390 4401 729 4453 sanctorum
761 4396 1059 4455 virorum?
1102 4417 1128 4446 «
1160 4396 1229 4451 Et
1257 4395 1617 4452 inhabitahis
1643 4397 1699 4451 in
1732 4397 1837 4452 eis.
1872 4417 1900 4446 »
1936 4396 2034 4452 Fe-

388 4485 531 4542 lices
577 4489 747 4542 erunt
778 4485 879 4557 qui
935 4484 1232 4540 Christum
1284 4483 1572 4555 hospitem
1604 4484 1816 4540 habere
1859 4500 2038 4539 mere-

390 4574 653 4629 buntur:
708 4574 903 4629 felices
951 4573 1053 4647 qui
1104 4571 1546 4629 tabernaculum
1580 4571 1792 4627 Christi
1842 4576 2031 4628 erunt.

461 4683 487 4714 α
527 4664 595 4718 Et
628 4663 1040 4737 gloriabuntur
1069 4661 1128 4717 in
1159 4667 1214 4717 te
1245 4677 1450 4750 omnes
1499 4662 1598 4733 qui
1648 4660 1901 4750 diligunt
1925 4677 2034 4750 no-
2063 4684 2112 4750 D

389 4768 521 4809 men
555 4757 746 4808 tuum.
780 4773 809 4801 ››
859 4751 1204 4823 Quicunque
1235 4749 1427 4822 diligit
1457 4754 1658 4817 Deum,
1692 4748 2035 4822 gloriabitur

387 4841 443 4895 in
475 4841 740 4897 Domino.
774 4863 802 4891 ‹‹
836 4841 941 4906 Qui
976 4840 1249 4912 diligunt,
1285 4864 1306 4893 ι
1343 4856 1460 4895 non
1493 4839 1658 4905 dixit,
1691 4839 1791 4911 qui
1822 4838 2033 4894 timent

388 4931 489 4985 sed
528 4953 548 4979 ι
586 4930 688 5002 qui
720 4929 992 5002 diligunt.
1025 4951 1054 4978 »
1114 4929 1457 5000 Ubicunque
1506 4928 1661 4983 enim
1717 4928 1893 4984 timor
1921 4933 2027 4997 est,

386 5018 463 5073 ibi
499 5036 611 5074 non
643 5023 733 5073 est
769 5018 1022 5074 dilectio.
1069 5020 1324 5089 Per/ecta
1367 5017 1581 5089 quippe
1628 5018 1846 5073 dilectio
1884 5019 2033 5088 foras

386 5110 559 5162 mittit
589 5110 836 5164 timorem
866 5108 1043 5179 (Joan.
1104 5125 1183 5173 Iv,
1240 5108 1344 5177 18).
1379 5108 1721 5177 Quicunque
1751 5105 1905 5161 enim
1937 5106 2029 5159 di-

387 5194 580 5267 ligunt
625 5212 836 5251 nomen
894 5195 1146 5262 Domini,
1208 5195 1291 5250 illi
1352 5194 1782 5266 gloriabuntur.
1819 5195 2030 5250 Gloria-

387 5286 617 5344 buntur:
651 5284 846 5339 futura
875 5288 964 5339 est
1010 5284 1309 5339 beatitudo
1357 5290 1593 5338 nostra:
1629 5286 1817 5339 totum
1875 5283 2027 5354 quod

385 5372 748 5445 promittitur
778 5373 849 5426 de
877 5372 1075 5427 futuro
1101 5379 1209 5428 est.
1258 5371 1368 5427 Alii
1400 5376 1675 5443 regnent:
1712 5370 1807 5426 alii
1840 5371 2031 5443 possi-

386 5463 587 5529 deant;
623 5460 719 5515 alii
779 5459 1119 5529 glorientur.
1174 5462 1291 5517 Nos
1340 5461 1435 5516 hic
1474 5477 1680 5516 sumus
1712 5459 1932 5524 miseri,
1969 5464 2034 5515 ut

387 5555 587 5622 postea
639 5547 833 5604 felices
882 5548 1088 5604 simus.
1123 5550 1454 5622 Sequemur
1491 5549 1787 5604 Christum
1835 5550 2032 5603 Domi-

388 5656 529 5693 num
562 5642 848 5693 nostrum.
879 5638 986 5705 Qui
1021 5637 1154 5692 dicit
1181 5654 1235 5694 se
1275 5640 1335 5694 in
1394 5639 1607 5694 Christo
1652 5638 1888 5709 credere,
1939 5639 2032 5693 de—

389 5728 471 5783 bet
518 5726 783 5797 quomodo
830 5726 927 5781 ille
985 5725 1304 5797 ambulavit,
1355 5732 1410 5782 et
1460 5730 1577 5800 ipse
1630 5729 1714 5782 sic
1752 5728 2037 5784 ambulare

2075 1950 2124 2016 B

2164 665 2616 732 ministraretur,
2642 666 2741 721 sed
2774 669 2840 719 ut
2863 664 3241 720 ministraret.
3274 662 3397 717 Non
3421 662 3578 718 venit
3610 667 3675 717 ut
3702 663 3807 719 im-

2160 759 2407 826 peraret,
2461 756 2558 810 sed
2616 760 2679 809 ut
2723 755 2982 811 serviret.
3038 752 3162 808 Non
3195 750 3351 807 venit
3382 756 3447 806 ut
3475 751 3809 807 lavarentur

2159 843 2242 898 illi
2275 843 2470 914 pedes,
2505 844 2605 899 sed
2639 848 2703 898 ut
2735 843 2951 899 lavaret
2984 841 3159 914 pedes
3192 839 3641 911 discipulorum.
3674 840 3803 897 Non

2158 932 2315 987 venit
2346 936 2411 987 ut
2440 932 2714 1000 caederet,
2749 932 2849 987 sed
2885 935 2948 985 ut
2977 931 3315 986 caederetur.
3349 930 3473 985 Non
3504 930 3664 986 dedit
3692 930 3808 987 ala—

2158 1036 2315 1091 pam,
2364 1020 2463 1075 sed
2517 1021 2755 1091 accepit.
2808 1020 2931 1075 Non
2983 1019 3288 1086 cruciﬁxit,
3330 1019 3430 1074 sed
3486 1019 3803 1076 crucifixus

2158 1114 2264 1163 est.
2300 1108 2424 1163 Non
2457 1108 2603 1163 alios
2636 1108 2868 1177 occidit,
2897 1107 2999 1162 sed
3029 1107 3156 1175 ipse
3187 1124 3397 1180 passus
3427 1111 3534 1164 est.
3578 1112 3806 1179 Pauper

2155 1196 2285 1261 fuit,
2320 1202 2385 1251 ut
2416 1214 2520 1252 nos
2549 1196 2756 1252 divites
2790 1197 3025 1252 faceret.
3087 1195 3189 1251 Ille
3235 1195 3458 1268 accepit
3501 1213 3603 1268 pro
3638 1196 3805 1253 nobis

2157 1284 2412 1358 plagam,
2445 1290 2509 1340 ut
2539 1303 2644 1340 nos
2676 1284 2955 1341 verberati
2990 1302 3104 1341 non
3151 1283 3501 1342 doleremus.
3539 1285 3801 1349 Quoties-

2157 1391 2389 1445 cunque
2421 1375 2721 1443 caedimur,
2772 1374 3141 1446 praebeamus
3190 1371 3512 1446 maxillam,
3564 1374 3807 1430 dorsum

2158 1479 2561 1534 opponamus,
2621 1462 2923 1518 imitemur
2977 1462 3309 1518 Christum.
3371 1460 3479 1525 Qui
3528 1463 3802 1535 caeditur,

2154 1552 2453 1606 Christum
2484 1550 2789 1608 imitatur:
2825 1550 2925 1622 qui
2974 1550 3161 1622 caedit,
3193 1549 3640 1605 Antichristum.
3688 1551 3807 1607 Hoc

2155 1642 2345 1695 totum
2382 1656 2560 1712 quare
2591 1639 2764 1695 dico?
2794 1639 2867 1694 Ut
2895 1640 2955 1694 in
2984 1637 3250 1711 praesenti
3282 1638 3491 1693 saeculo
3524 1632 3678 1712 quod
3711 1657 3807 1695 su-

2157 1729 2468 1794 stinemus,
2500 1745 2603 1801 pro
2634 1728 2864 1784 Christo
2895 1727 3291 1801 gloriﬁcemus
3311 1744 3524 1785 nomen
3548 1717 3801 1784 Domini.

2156 1817 2306 1873 Dum
2338 1817 2661 1890 loquimur,
2694 1819 2835 1873 dum
2869 1816 3264 1887 ambulamus,
3306 1821 3542 1889 repente
3569 1818 3801 1872 subtra-

2156 1907 2373 1963 himur.
2409 1908 2522 1979 Ego
2574 1907 2698 1979 ipse
2731 1906 2827 1979 qui
2859 1907 3023 1962 vobis
3066 1905 3241 1961 hodie
3270 1905 3499 1979 loquor,
3546 1905 3638 1960 die
3680 1923 3801 1961 cra-

2156 1996 2311 2053 stina
2341 1995 2480 2067 quid
2529 1996 2600 2051 de
2659 2012 2751 2051 mc
2805 1996 3069 2050 futurum
3111 1995 3208 2065 sit,
3239 1994 3456 2050 nescio.
3491 1993 3551 2050 Si
3581 1995 3803 2050 venerit

2153 2085 2296 2140 levis
2326 2085 2626 2155 febricula,
2662 2085 2760 2140 ubi
2792 2090 2883 2140 est
2906 2084 3019 2140 ista
3048 2082 3202 2140 vox?
3233 2083 3339 2139 Ubi
3369 2088 3459 2138 est
3488 2082 3802 2155 superbia?

2154 2172 2414 2246 Repente.
2459 2174 2703 2229 vertitur
2751 2175 2811 2227 in
2853 2174 3129 2228 cinerem.
3162 2172 3310 2236 Quid
3352 2172 3640 2244 gloriatur
3688 2178 3804 2228 ter-

2154 2280 2219 2318 ra
2247 2266 2304 2319 et
2332 2262 2480 2318 cinis
2506 2279 2734 2318 sumus.
2761 2262 2938 2317 Terra
2966 2278 3049 2326 es,
3083 2265 3140 2317 et
3168 2261 3227 2316 in
3249 2266 3463 2316 terram
3498 2261 3614 2317 ibis
3643 2260 3798 2333 (Gen.

2152 2367 2238 2423 ιιι,
2276 2352 2399 2423 19);
2432 2356 2490 2407 et
2521 2357 2672 2407 terra
2720 2350 3002 2423 gloriatur
3032 2354 3234 2429 contra
3283 2350 3560 2405 factorem
3603 2366 3799 2405 suum.

2150 2440 2445 2512 Sequitur.

2224 2570 2249 2596 α
2285 2546 2568 2611 Quoniam
2591 2550 2653 2600 tu
2675 2546 2985 2602 benedices
3010 2546 3227 2616 justo.»
3266 2549 3330 2600 In
3366 2545 3631 2601 futurum
3662 2561 3800 2618 ergo

2152 2634 2416 2690 differtur
2445 2635 2767 2690 beatitudo.

2224 2764 2251 2791 ‹‹
2286 2741 2549 2807 Domine,
2582 2745 2647 2796 ut
2676 2745 2842 2796 scuto
2871 2740 3034 2795 bonae
3064 2738 3403 2806 voluntatis,
3435 2761 3454 2785 υ
3488 2741 3598 2794 etc.
3634 2740 3796 2810 Apud

2152 2829 2430 2886 smculum
2483 2830 2642 2885 aliud
2693 2834 2782 2885 est
2829 2832 3084 2895 scutum,
3144 2826 3300 2883 aliud
3350 2844 3596 2883 corona:
3639 2829 3796 2900 apud

2152 2923 2331 2974 Deum
2379 2935 2511 2974 vero
2556 2919 2679 2990 ipse
2727 2923 2817 2974 est
2864 2922 3118 2985 scutum,
3178 2916 3305 2989 ipse
3353 2920 3443 2971 est
3472 2920 3530 2971 et
3559 2933 3793 2983 corona,
3848 2940 3853 2941 ν

2151 3008 2319 3080 quasi
2369 3013 2601 3064 scutum
2652 3007 2925 3080 protegit,
2976 3006 3144 3079 quasi
3196 3006 3348 3061 Deus
3380 3011 3637 3074 coronat,
3671 3007 3797 3078 ipse

2152 3102 2240 3154 est
2269 3102 2503 3154 scutum
2537 3102 2825 3167 nostrum,
2858 3097 2984 3169 ipse
3026 3100 3114 3151 est
3142 3099 3199 3150 et
3229 3111 3443 3151 corona
3469 3098 3709 3152 nostra:
3743 3098 3800 3151 et

2151 3187 2223 3242 ob
2246 3186 2355 3241 hoc
2387 3187 2554 3241 dicit:
2593 3209 2621 3237 «
2651 3185 2919 3255 Domine,
2951 3189 3017 3240 ut
3063 3189 3229 3241 scuto
3258 3184 3424 3239 bona:
3472 3184 3794 3241 voluntatis

2150 3279 2267 3331 tuae
2297 3276 2585 3330 coronasti
2619 3292 2745 3330 nos.
2785 3297 2811 3323 ››
2858 3274 3163 3329 Protexisti
3219 3290 3326 3331 nos
3379 3278 3544 3330 scuto
3591 3277 3715 3341 tuo,
3743 3278 3801 3330 et

2148 3364 2431 3435 protectio
2476 3368 2579 3419 tua
2625 3380 2840 3419 corona
2889 3367 3089 3418 nostra
3131 3362 3259 3432 fuit,
3295 3362 3402 3417 hoc
3441 3358 3551 3432 est,
3582 3379 3800 3419 corona

2147 3457 2347 3507 nostra
2399 3457 2627 3507 scutum
2675 3458 2837 3507 tuum
2894 3451 3024 3521 fuit,
3057 3451 3114 3505 id
3162 3454 3273 3520 est,
3305 3455 3507 3506 nostra
3535 3450 3793 3506 victoria.

2147 3541 2373 3597 Corona
2395 3541 2550 3597 enim
2571 3539 2813 3595 victoria
2833 3540 3272 3612 interpretatur.
3298 3539 3528 3595 Gratias
3553 3555 3796 3609 agamus

2148 3635 2280 3698 Deo,
2304 3634 2359 3685 et
2380 3631 2763 3702 deprecemur
2782 3628 2969 3697 illum,
2993 3634 3057 3683 ut
3088 3629 3144 3683 in
3175 3628 3331 3684 bona
3355 3626 3652 3684 voluntate
3684 3644 3794 3683 sua

2144 3719 2271 3791 ipse
2303 3719 2381 3775 sit
2410 3723 2642 3775 scutum
2674 3723 2731 3775 et
2759 3735 2972 3774 corona
3004 3722 3223 3785 nostra,
3258 3721 3320 3773 ut
3369 3733 3673 3789 nunquam
3701 3733 3792 3773 re-

2146 3809 2424 3864 cedamus
2472 3808 2544 3863 ab
2591 3824 2677 3875 eo,
2712 3812 2778 3863 ut
2821 3824 3141 3880 sequamur
3170 3806 3360 3875 illum,
3410 3810 3467 3861 et
3525 3806 3792 3863 dicamus

2148 3914 2283 3954 cum
2312 3896 2605 3953 Jeremia:
2639 3900 2710 3952 Et
2751 3905 2873 3968 post
2914 3901 2968 3953 te
3009 3900 3336 3967 subsequens
3390 3912 3503 3951 non
3547 3895 3795 3950 laboravi

2145 3987 2376 4057 (Thren.
2397 3986 2445 4056 ἰ,
2489 3984 2575 4055 6).’
2609 3986 2857 4051 Domine,
2888 3988 2948 4039 ut
2990 3992 3138 4040 scuto
3170 3987 3327 4040 bona:
3357 3982 3654 4039 voluntatis
3684 3987 3791 4041 tua:

2144 4076 2417 4130 coronasti
2462 4089 2579 4128 nos.
2632 4072 2809 4127 Scuto
2858 4073 3241 4144 protegimur,
3289 4076 3345 4127 et
3385 4088 3520 4126 cum
3552 4071 3791 4141 perfecti

2144 4162 2455 4230 fuerimus,
2496 4176 2866 4219 coronamur.

2748 4318 3068 4379 PSALMUS
3102 4318 3193 4374 VI.

2144 4450 2206 4506 In
2235 4447 2401 4517 ﬁnem
2425 4462 2528 4519 pro
2557 4446 2899 4519 carminilgus
2917 4515 2928 4519 Α
2938 4460 3041 4515 pro
3076 4453 3271 4501 octava
3299 4444 3551 4519 Psutmus
3594 4444 3786 4519 David.

2217 4514 2329 4574 Iste
2360 4514 2784 4574 et'undecimus
2805 4514 3094 4589 Psalmus,
3117 4533 3217 4588 pro
3240 4520 3440 4589 octava
3456 4514 3788 4589 inscriptio-

2216 4607 2349 4646 nem
2407 4590 2644 4654 habent,
2678 4587 3143 4658 resurrestionis’,
3185 4593 3241 4643 et
3292 4587 3663 4659 paenitentiae,
3724 4604 3790 4642 ac

2215 4678 2319 4733 per
2348 4660 2475 4733 hoc,
2500 4660 2706 4715 salutis
2765 4665 2977 4714 nostrae
3026 4658 3369 4733 mysterium
3402 4658 3785 4733 continentes.

2216 4730 2280 4786 in
2314 4748 2429 4803 quo
2464 4732 2789 4786 humanum
2814 4746 2999 4803 genus
3032 4730 3310 4801 postulat,
3336 4736 3400 4785 ut
3423 4730 3791 4803 corrigamur

2215 4802 2450 4875 quidem
2482 4809 2540 4857 et
2561 4802 2898 4871 judicemur
2928 4820 2962 4857 a
2989 4802 3125 4875 Deo,
3161 4803 3261 4857 sed
3295 4819 3408 4858 non
3439 4802 3500 4859 in
3530 4802 3619 4875 ira
3645 4808 3707 4875 et
3730 4803 3789 4857 in

2176 4912 2179 4917 -
2214 4873 2603 4946 furoreejus.
2642 4879 3039 4946 Longum_est
3082 4874 3152 4929 de
3193 4877 3555 4946 sacramento
3609 4873 3793 4946 hujus

2214 4944 2443 5001 numeri
2483 4942 2666 5018 'plura
2713 4942 2977 5016 exempla
3031 4961 3326 5018 revocare.
3387 4945 3524 5018 Octo
3580 4942 3787 5018 animae

2218 5013 2515 5087 ingressa;
2544 5022 2683 5071 sunt
2741 5018 2799 5070 in
2859 5013 3081 5088 arcam,
3110 5017 3248 5079 Noe,
3292 5032 3416 5088 quae
3461 5014 3520 5068 in
3552 5013 3787 5088 diluvio

2213 5085 2444 5144 salvataa
2505 5092 2662 5143 sunt.
2718 5092 2969 5143 Octavus
3029 5086 3186 5141 filius
3231 5085 3396 5141 Jesse
3431 5085 3606 5138 David
3651 5085 3784 5154 fuit,

2254 5160 2313 5241 ui
2346 5165 2402 5215 et
2423 5160 2817 5241 desperatura
2843 5165 3025 5241 patre,
3055 5163 3112 5213 at
3142 5174 3176 5213 θ.
3204 5158 3318 5238 Deo
3341 5155 3500 5241 solus
3526 5155 3780 5241 eligitur.

2263 5236 2425 5287 ctavo
2457 5226 2551 5286 die
2595 5226 3100 5286 circumciduntur
3146 5226 3555 5300 primogenita,
3586 5232 3644 5282 et
3672 5226 3784 5281 im-

2215 5303 2435 5359 munda
2464 5319 2591 5358 esse
2621 5302 2932 5357 desistunt.
2975 5299 3282 5355 Zacharias
3326 5312 3563 5422 quoque
3622 5302 3787 5369 pater

2215 5375 2456 5422 Joannis
2481 5378 2681 5422 octava
2709 5373 2803 5422 die
2832 5370 3294 5422 circumcisionis
3368 5368 3425 5421 lii
3461 5365 3553 5421 sui
3596 5368 3784 5422 loqui-

2212 5375 2456 5428 Joannis
2481 5378 2681 5428 octava
2709 5373 2803 5426 die
2832 5370 3294 5427 circumcisionis
3326 5365 3425 5422 filii
3461 5365 3553 5421 sui
3596 5365 3784 5440 loqui-

2213 5450 2328 5499 tur.
2362 5446 2431 5499 Et
2462 5450 2592 5515 post
2622 5445 2747 5499 dies
2777 5443 3061 5515 octosive
3106 5458 3205 5515 sex
3238 5442 3578 5515 (utrumque
3623 5441 3781 5500 enim

2217 5518 2274 5572 in
2306 5510 2549 5571 diversis
2597 5513 2968 5586 evungelistis
3008 5510 3251 5586 legitur)
3283 5510 3566 5586 Dominus
3598 5515 3785 5568 trans-

2219 5589 2499 5645 formatur
2526 5588 2583 5642 in
2636 5581 2852 5649 monte,
2901 5589 2964 5639 ut
3015 5581 3097 5637 sic
3145 5581 3479 5639 octonarius
3533 5583 3593 5641 in
3627 5589 3786 5640 sexto

2214 5675 2458 5713 numero
2519 5656 2905 5723 contineatur,
2968 5655 3259 5724 quomodo
3310 5670 3466 5709 nunc
3514 5652 3573 5709 in
3625 5659 3786 5712 sexto

2213 5729 2469 5796 Psalmo,
2502 5728 2803 5803 inscriptio
2835 5724 3074 5798 ponitur
3099 5725 3401 5798 ogdoadis.
