4220 6598
407 456 531 521 883

1903 444 2321 507 APPENDIX.

3700 439 3824 503 884

487 612 513 642 α
543 586 809 653 Domine,
834 602 908 641 ne
928 585 987 640 in
1010 585 1205 639 furore
1224 587 1326 638 tuo
1359 597 1572 655 arguas
1602 597 1715 651 me,
1740 583 1847 635 etc.
1877 578 2059 633 Peeni-
2089 583 2133 646 Α
2172 584 2279 642 est,
2316 582 2554 633 caeteros
2584 579 2776 642 docet,
2803 574 2891 631 vel
2937 574 3303 641 cohortatur,
3334 577 3400 629 ut
3428 590 3463 629 a
3491 590 3555 629 se
3584 574 3818 630 abeant.

412 677 603 733 tentia:
665 675 929 747 psalmus
985 678 1092 736 est,
1154 677 1211 727 et
1268 688 1381 726 non
1427 669 1721 726 emendari
1755 670 1966 723 refutat
2011 672 2065 720 et

415 765 754 837 corripi,sed
781 764 837 817 in
874 765 1063 817 future
1094 766 1149 817 et
1180 762 1235 815 in
1273 761 1376 829 ira,
1403 760 1540 830 quia
1573 759 1847 813 infirmus
1880 756 1976 819 sit,
2008 760 2065 810 et

413 855 650 909 turbata
671 853 790 909 sint
810 869 944 907 ossa
974 852 1122 921 ejus.
1151 850 1215 903 Et
1234 849 1551 920 aliquando
1584 847 1745 918 prius
1778 847 1938 900 furor
1954 850 2067 909 est,

414 949 473 999 et
503 947 706 1015 postea
735 942 857 1007 ira;
885 940 982 995 sed
1018 938 1268 993 maxime
1303 953 1484 991 unum
1520 942 1626 990 est.
1659 936 1877 989 Tamen
1906 934 2069 987 furor

414 1034 474 1088 in
508 1030 802 1104 praesenti,
834 1031 921 1083 ira
952 1029 1008 1083 in
1036 1028 1251 1082 future.

495 1160 521 1187 «
545 1137 813 1193 Miserere
836 1135 970 1204 mei,
1005 1132 1266 1188 Domine.
1297 1154 1323 1180 υ
1345 1131 1464 1186 Vox
1489 1129 1771 1185 Ecclesim.
1797 1128 2069 1183 Miserere

421 1227 555 1292 mei,
610 1227 746 1298 quia
779 1224 959 1280 miser
989 1239 1142 1278 sum.
1194 1221 1264 1274 Et
1310 1220 1435 1291 ipse
1478 1219 1935 1275 misericordiam
1968 1217 2067 1271 Dei

409 1316 654 1382 invenit,
713 1315 812 1386 qui
869 1331 929 1368 se
982 1311 1262 1367 miserum
1325 1309 1653 1364 confitetur.
1711 1331 1730 1355 ι
1780 1306 2067 1372 Quoniam

412 1406 688 1461 infirmus
719 1419 872 1468 sum,
933 1418 1075 1457 sana
1124 1416 1238 1464 me,
1293 1398 1551 1453 Domine.
1588 1418 1616 1445 »
1666 1402 1744 1451 Ac
1790 1395 1840 1450 si
1875 1395 2065 1449 dicat:

416 1494 691 1548 inﬁrmus
722 1508 877 1559 sum,
903 1507 1006 1562 pro
1040 1493 1296 1561 peccato:
1319 1503 1461 1542 sana
1491 1502 1604 1555 me,
1640 1484 1777 1556 quia
1807 1484 2070 1538 medicus

418 1599 501 1638 es.
536 1583 651 1654 Ego
688 1598 819 1637 sum
848 1582 1125 1651 zegrotus,
1161 1583 1224 1631 tu
1275 1593 1337 1631 es
1366 1573 1651 1630 medicus.
1713 1574 1827 1643 Ego
1885 1571 2070 1626 habeo

420 1671 923 1736 intirmitatem,tu
948 1668 1130 1722 habes
1153 1665 1486 1720 sanitatem.
1512 1663 1627 1734 Ego
1649 1678 1780 1716 sum
1803 1659 2073 1715 infirmus

421 1777 527 1833 per
553 1763 883 1831 peccatum,
919 1760 981 1811 tu
1010 1772 1155 1810 sana
1185 1769 1289 1826 per
1320 1750 1804 1807 misericordiam.

494 1885 516 1915 ι
560 1864 844 1929 Quoniam
896 1860 1242 1917 conturbata
1288 1861 1427 1913 sunt
1473 1855 1671 1912 omnia
1695 1873 1828 1911 ossa
1861 1872 2009 1910 mea.
2049 1877 2070 1904 ι

419 1958 502 2009 Ac
533 1954 581 2009 si
611 1953 799 2008 dicat:
836 1967 1041 2006 omnes
1097 1949 1363 2019 virtutes,
1400 1965 1526 2019 qum
1568 1963 1703 2001 ossa
1741 1944 2075 2017 appellavit,
2107 1952 2155 2017 Β

420 2044 482 2098 in
514 2042 702 2114 primo
736 2040 974 2097 homine
1007 2045 1385 2111 transgressae
1436 2040 1594 2108 sunt,
1650 2034 1771 2090 sive
1816 2035 2077 2107 perditis.

501 2172 529 2199 ‹‹
563 2149 777 2204 Anima
823 2164 953 2203 mea
1005 2146 1212 2203 exinde
1264 2145 1497 2200 turbata
1534 2148 1640 2199 est.
1676 2166 1705 2193 »
1747 2147 1857 2197 Per
1903 2142 2082 2213 poeni-

432 2238 679 2293 tentiam
713 2241 778 2292 ut
805 2237 1206 2292 emendemur.

507 2367 535 2394 «
566 2345 636 2399 Et
656 2348 740 2414 tu,
764 2342 1031 2410 Domine,
1056 2358 1382 2414 usquequo.
1408 2362 1435 2389 »
1458 2339 1839 2409 Subauditur,
1870 2354 2084 2409 usque-

433 2450 550 2505 quo
581 2432 839 2488 animam
865 2448 1081 2499 meam,
1113 2448 1241 2501 quae
1284 2435 1374 2485 est
1403 2430 1749 2484 conturbata
1780 2428 2082 2482 vehemen-

430 2528 540 2591 ter,
576 2539 690 2577 non
722 2522 921 2593 eripis,
956 2537 1070 2575 non
1096 2521 1360 2590 corrigis,
1393 2536 1507 2573 non
1532 2516 1855 2572 emendas?

509 2654 529 2679 ι
565 2630 930 2691 Convertere,
966 2627 1224 2691 Domine,
1259 2632 1316 2681 et
1346 2626 1502 2696 eripe
1533 2624 1791 2679 animam
1828 2639 2079 2678 meam.»

438 2719 557 2775 Nisi
590 2719 847 2773 animam
901 2721 1163 2771 nostram
1203 2722 1335 2770 ante
1374 2713 1737 2776 converterit,
1789 2729 1900 2767 non
1953 2724 2079 2766 eam

434 2811 623 2881 potest
651 2822 852 2862 eruere
881 2806 952 2860 de
993 2804 1269 2877 periculo.
1308 2803 1407 2858 Vel
1456 2802 1631 2857 illud:
1683 2802 1950 2866 Domine,
1983 2800 2084 2870 qui

435 2896 690 2953 avertisti
723 2894 947 2950 vultum
982 2900 1149 2949 tuum
1190 2911 1225 2948 a
1254 2892 1444 2962 nobis,
1497 2896 1832 2946 convertere
1884 2896 1940 2944 et
1976 2906 2083 2944 nos

432 2985 630 3040 videre
663 2983 927 3054 dignare,
961 2990 1016 3036 et
1043 2998 1181 3036 erue
1210 2981 1467 3036 animam
1502 2985 1785 3034 nostram.

513 3111 541 3140 «
568 3087 852 3153 Quoniam
886 3104 998 3142 non
1032 3091 1122 3142 est
1150 3086 1209 3141 in
1241 3090 1425 3141 morte
1451 3085 1550 3157 qui
1583 3101 1807 3139 memor
1835 3084 1910 3139 sit
1940 3085 2082 3139 tui.»

439 3179 566 3235 Non
588 3178 745 3234 enim
764 3176 976 3231 mortui
999 3175 1327 3231 laudabunt
1356 3179 1427 3229 te.
1451 3174 1714 3241 Domine,
1741 3174 1839 3229 sed
1860 3190 1964 3228 nos
1987 3175 2085 3245 qui

437 3268 697 3323 viventes
745 3282 972 3335 sumus,
1016 3264 1153 3337 quia
1199 3280 1315 3319 non
1360 3267 1448 3319 est
1493 3263 1646 3317 Deus
1696 3266 2082 3332 mortuorum,

450 3315 695 3323 ...νη---
745 3315 972 3335 -_-_-_-,
1023 3315 1152 3337 ν---
1366 3315 1444 3319 η-
1495 3315 1637 3317 _-,,

441 3357 540 3413 sed
570 3356 851 3411 vivorum.
892 3376 913 3404 ι
954 3356 1016 3409 In
1058 3354 1284 3409 inferno
1316 3358 1508 3408 autem
1552 3351 1683 3422 quis
1713 3352 2085 3407 confitetibur
2115 3315 2158 3383 Ο

439 3446 592 3503 tibi?
621 3468 649 3497 »
691 3445 814 3500 Non
844 3461 946 3517 pro
975 3441 1352 3515 impossibili,
1390 3441 1488 3496 sed
1546 3458 1647 3512 pro
1681 3458 1809 3496 raro
1866 3441 2081 3512 posuit.

442 3536 505 3591 In
529 3534 807 3591 omnibus
839 3522 996 3589 enim
1045 3531 1145 3587 Dei
1183 3529 1426 3603 judiciis
1458 3529 1780 3585 delectatur
1822 3534 2080 3597 sanctus,

440 3629 497 3681 et
526 3624 727 3680 laudat
748 3622 973 3693 judicia
1001 3623 1149 3691 ejus.

515 3755 542 3781 ‹‹
576 3728 854 3786 Laborevi
896 3728 952 3781 in
983 3727 1181 3799 genitu
1228 3743 1377 3781 meo.
1412 3748 1439 3776 η
1476 3726 1747 3780 Miserere
1781 3725 1913 3791 mei,
1948 3726 2087 3796 quia

439 3819 563 3874 hac
594 3823 651 3873 et
678 3817 800 3871 haec
833 3834 958 3888 qua:
991 3821 1337 3887 sequuntur,
1361 3813 1486 3869 feci.
1516 3835 1543 3864 ι(
1575 3814 1799 3869 Lavabo
1832 3831 1933 3885 per
1963 3815 2087 3869 sin-

441 3898 611 3981 gulas
644 3908 842 3961 noctes
862 3904 1075 3959 lectum
1102 3919 1320 3958 meum.
1348 3925 1373 3951 »
1401 3902 1507 3967 Qui
1540 3901 2087 3974 quetidielacrymis

444 4001 701 4053 stratum
733 3994 901 4067 rigat,
935 4011 1051 4048 non
1099 3996 1287 4064 potest
1324 3992 1383 4046 in
1418 3992 1765 4063 cogitatione
1797 3991 1925 4062 ejus
1955 3990 2085 4047 libi-

444 4086 648 4141 dinum
680 4100 895 4155 pompa
925 4097 1246 4153 surrepere.
1284 4104 1307 4130 κ
1348 4083 1407 4135 In
1454 4079 1725 4153 lacrymis
1754 4080 1900 4135 meis
1933 4084 2087 4136 stra-

438 4178 567 4229 tum
590 4188 785 4228 meum
804 4171 1024 4244 rigabo.
1052 4193 1079 4219 n
1098 4170 1324 4233 Quanta
1349 4168 1663 4224 multitudo
1694 4167 2085 4241 lacrymarum

441 4266 507 4317 ut
538 4265 791 4318 stratum
823 4262 952 4331 ejus
983 4258 1257 4330 lacrymis
1289 4258 1541 4328 rigatum
1577 4257 1671 4312 sit.

515 4391 536 4417 α
573 4367 871 4423 Turbatus
901 4370 991 4420 est
1020 4381 1053 4419 a
1082 4364 1273 4419 furore
1297 4361 1502 4418 oculus
1525 4379 1711 4417 meus.
1751 4386 1770 4410 ιι
1806 4361 1915 4416 Ubi
1945 4367 2088 4418 sunt

437 4456 615 4513 amici
644 4454 889 4511 litteris?
931 4457 1092 4507 Certe
1139 4451 1345 4506 oculus
1396 4451 1508 4505 iste
1559 4466 1872 4521 corporeus
1904 4451 1980 4506 ibi
2013 4452 2083 4506 ab

434 4545 525 4600 ira
552 4561 669 4600 non
701 4541 1105 4601 conturbatur,
1152 4538 1264 4593 nisi
1308 4538 1453 4593 forte
1498 4538 1557 4592 in
1588 4541 1815 4593 tantam
1863 4539 2084 4595 rabiem

437 4631 793 4701 extollimur,
826 4635 893 4685 ut
920 4627 1118 4683 vultus
1149 4643 1381 4698 quoque
1412 4627 1593 4682 nostri
1626 4632 1682 4682 et
1712 4644 1812 4683 ora
1854 4634 2082 4683 muten-

437 4726 555 4775 tur.
594 4718 693 4774 Ille
722 4719 919 4789 itaque
950 4717 1220 4770 turbatur
1248 4714 1479 4770 oculus:
1514 4714 1613 4786 qui
1645 4715 1689 4770 si
1722 4715 2079 4771 scandaliza-

432 4814 533 4865 tus
580 4806 776 4873 fuerit,
837 4810 1089 4860 eruetur.
1144 4804 1265 4859 Non
1317 4809 1512 4859 autem
1546 4804 1663 4859 ait:
1702 4804 1780 4858 Ab
1814 4804 1899 4858 ira
1952 4821 2079 4859 mea

432 4897 709 4954 turbatur
737 4893 943 4950 oculus
975 4910 1167 4948 meus:
1192 4895 1314 4961 sed,
1348 4895 1418 4949 ab
1448 4893 1534 4948 ira
1562 4899 1681 4948 tua.
1715 4893 1759 4948 Ο
1783 4898 1950 4960 Deus,
1979 4911 2079 4965 per

433 5001 611 5058 quem
643 4983 930 5058 supplicia
959 4983 1104 5037 mihi
1135 4983 1312 5038 timeo
1341 4987 1693 5054 praeparata:
1729 4983 1961 5037 turbata
1990 4986 2079 5037 est

435 5092 603 5131 mens
636 5091 785 5142 mea,
818 5078 875 5129 et
906 5076 1093 5127 totum
1124 5072 1316 5128 cordis
1354 5072 1465 5126 mei
1502 5070 1821 5143 principale
1852 5076 2077 5126 contre-

430 5165 603 5221 muit.
628 5186 657 5214 «
690 5162 1004 5219 Inveteravi
1036 5162 1094 5215 in
1126 5162 1401 5216 omnibus
1434 5157 1688 5215 inimicis
1715 5162 1917 5216 meis.»
1951 5166 2075 5215 bon

430 5270 578 5310 nova
606 5254 914 5308 adversum
940 5267 1033 5306 me
1065 5249 1286 5305 inimici
1322 5248 1470 5304 bella
1498 5253 1728 5320 gerunt,
1756 5265 1922 5303 meus
1945 5247 2077 5303 hos-

428 5343 508 5399 tis
540 5342 817 5414 antiquus
856 5344 963 5396 est.
1012 5337 1227 5394 Aliter:
1264 5338 1632 5393 Pubertatem
1662 5335 1791 5406 ejus
1822 5335 2076 5391 hominis

429 5433 528 5503 qui
560 5436 871 5488 renovatur
900 5430 972 5484 de
1003 5426 1095 5483 die
1126 5428 1184 5481 in
1215 5426 1390 5493 diem,
1425 5442 1537 5480 non
1586 5441 1826 5496 possum
1866 5440 2075 5478 conse-

426 5520 566 5591 qui;
601 5518 737 5589 quia
781 5524 1031 5574 veterem
1084 5516 1381 5571 hominem
1424 5531 1558 5570 cum
1590 5513 1761 5581 vitiis
1798 5513 2071 5584 concupi-

426 5604 665 5662 scentiis
692 5605 819 5673 ejus
853 5604 1107 5659 inimicis
1140 5594 1623 5659 meis’adversum
1651 5617 1742 5657 me
1766 5607 1932 5672 porto
1963 5618 2070 5672 pu-

424 5692 766 5767 gnantibus.

498 5784 527 5832 ἀ
560 5777 850 5834 Discedite
875 5794 907 5832 a
940 5795 1053 5844 me,
1084 5796 1288 5835 omnes
1312 5780 1411 5851 qui
1443 5777 1763 5850 operamini
1790 5778 2066 5849 iniquita-

422 5875 559 5926 tem.
588 5888 615 5921 ιο
667 5869 989 5937 Postquam
1036 5867 1157 5937 ipse
1206 5867 1667 5924 misericordiam
1709 5872 2066 5924 consecutus

2110 4679 2159 4744 D

2176 666 2297 721 Non
2329 666 2483 721 enim
2526 666 2646 720 vult
2690 666 3026 735 iniquorum
3063 662 3277 718 habere
3303 663 3686 719 consortium.
3723 664 3820 718 Si-

2179 754 2295 808 mul
2331 761 2523 809 autem
2555 761 2610 810 et
2639 755 2778 808 illud
2814 755 3135 808 notandum
3168 757 3277 822 est,
3309 753 3464 823 quod
3493 753 3614 821 jam
3646 770 3818 824 supe-

2175 843 2297 898 rius
2323 843 2618 898 diximus:
2670 844 2822 915 quod
2876 859 2994 897 non
3025 856 3123 896 eos
3157 841 3259 912 qui
3289 840 3510 913 operati
3537 846 3677 896 sunt
3703 841 3819 896 ini-

2175 932 2479 1002 quitatem;
2504 934 2599 986 sed
2637 932 2734 1003 qui
2765 935 3101 998 operantur,
3127 947 3161 984 a
3190 946 3253 984 se
3290 929 3501 999 jubeat
3529 931 3818 986 recedere.

2250 1043 2277 1069 ‹‹
2311 1021 2732 1075 Cenvertantur
2780 1024 2834 1075 et
2883 1020 3232 1075 erubescant
3263 1018 3429 1073 valde
3467 1018 3753 1074 velociter.
3792 1043 3821 1071 υ

2178 1113 2301 1163 Non
2334 1115 2536 1164 contra
2576 1109 2864 1174 inimicos,
2917 1108 3017 1163 sed
3070 1123 3174 1179 pro
3229 1106 3488 1161 inimicis
3532 1112 3704 1163 orat:
3760 1114 3827 1164 ut

2116 1224 2121 1229 -
2177 1201 2591 1251 convertantur
2620 1200 2676 1251 et
2706 1196 3055 1251 erubescant
3085 1211 3119 1248 a
3148 1194 3399 1265 peccatis
3430 1194 3575 1250 suis:
3602 1199 3658 1249 et
3688 1210 3823 1250 eru-

2177 1287 2420 1341 bescant
2448 1303 2562 1341 non
2596 1287 2816 1353 leviter,
2837 1286 2938 1340 sed
2970 1284 3379 1339 vehementer:
3424 1300 3525 1338 nec
3556 1286 3826 1340 recrasti-

2182 1381 2320 1431 nato
2350 1380 2632 1446 tempore,
2663 1376 2762 1430 sed
2797 1375 2929 1429 cito.

2747 1481 3069 1537 PSALMUS
3128 1481 3245 1536 VII.

2180 1572 2431 1627 Psalmus
2484 1571 2680 1640 David,
2733 1586 2893 1641 quem
2943 1571 3183 1625 cantavit
3229 1570 3459 1625 Domino
3500 1573 3834 1642 proverbis

2256 1644 2421 1716 Qhusi
2466 1645 2582 1716 ﬁlii
2632 1645 2853 1698 Jemini.
2907 1642 3192 1716 Plerique,
3229 1646 3288 1696 et
3335 1642 3587 1716 maxime
3622 1641 3689 1716 hi
3730 1646 3833 1716 qui

2256 1714 2476 1767 Hebraei
2532 1731 2819 1769 sermoms
2869 1713 3173 1767 scientiam
3220 1729 3334 1766 non
3392 1713 3628 1779 habent,
3679 1713 3833 1770 hunc

2255 1786 2550 1856 psalmum
2575 1786 2939 1840 arbitrantur
2971 1801 3035 1839 eo
3068 1789 3330 1855 tempore
3359 1798 3489 1839 esse
3527 1790 3827 1842 cantatum

2261 1873 2374 1927 quo
2407 1857 2585 1911 Chusi
2620 1856 2778 1910 filius
2812 1856 3042 1923 Arachi,
3068 1856 3295 1909 amicus
3326 1856 3523 1922 David,
3551 1858 3836 1913 destruxit

2256 1927 2567 1983 consilium
2599 1927 2978 1999 Architephel
3008 1945 3020 1981 :
3055 1933 3110 1999 et
3153 1928 3223 1980 ad
3256 1942 3392 1999 eum
3439 1928 3675 1983 nuntios
3719 1930 3836 1984 mi-

2264 2001 2359 2065 sit,
2394 2015 2464 2053 ne
2498 2001 2553 2053 in
2590 2016 2781 2073 eremo
2830 1998 2984 2052 Ultra
3015 1998 3262 2073 sederet,
3296 1998 3395 2052 sed
3430 1998 3629 2073 procul
3671 2000 3832 2073 fuge-

2267 2077 2372 2134 ret,
2424 2086 2495 2142 ne
2526 2071 2955 2142 opprimeretur
2985 2086 3019 2123 a
3066 2069 3203 2142 tilio.
3266 2069 3480 2124 Verum
3530 2069 3831 2127 sciendum

2262 2149 2352 2196 est
2406 2139 2777 2198 vehementer
2833 2157 3045 2195 errare.
3102 2139 3381 2208 Primum,
3417 2143 3569 2212 quod
3623 2159 3834 2199 nomen

2264 2214 2439 2269 Chusi
2465 2230 2567 2283 per
2593 2214 2810 2268 samech
2847 2212 3098 2265 litteram
3133 2212 3415 2283 scriptum
3447 2218 3555 2268 est:
3579 2212 3675 2269 hic
3704 2230 3835 2270 vero

2262 2301 2366 2356 per
2393 2286 2499 2337 sin.
2534 2285 2751 2339 Deinde
2772 2285 2926 2354 quod
2956 2298 3255 2356 nunquam
3282 2283 3458 2356 David
3484 2284 3583 2355 qui
3610 2284 3754 2341 Joab
3776 2290 3835 2342 et

2263 2354 2485 2410 caeteris
2537 2357 2787 2410 ducibus
2836 2354 3153 2409 excercitus
3204 2354 3294 2409 sui
3345 2354 3719 2427 praeceperat,
3753 2358 3838 2411 di-

2265 2444 2432 2481 cens:
2469 2430 2687 2482 Parcite
2729 2443 2894 2497 puero
2928 2428 3221 2480 Abessalon
3256 2427 3331 2493 (II
3362 2427 3487 2494 Reg.
3523 2445 3683 2491 xvm,
3718 2429 3830 2498 12),

2263 2500 2333 2552 de
2366 2504 2546 2553 morte
2582 2499 2684 2551 lilii
2717 2500 3089 2569 loqueretur:
3116 2519 3141 2545 ‹‹
3168 2498 3744 2569 Concepltdolorem,
3778 2507 3836 2554 et

2264 2570 2505 2652 peperit.
2533 2567 2943 2652 iniquitatem:
2999 2572 3209 2622 Lacum
3260 2567 3488 2652 aperuit
3531 2574 3587 2623 et
3635 2570 3836 2651 ell'odit

2271 2639 2426 2703 eum,
2458 2646 2515 2695 et
2548 2639 2747 2695 incidit
2777 2642 2836 2694 in
2868 2642 3087 2693 foveam
3114 2639 3456 2709 quam’fecit
3485 2659 3549 2705 »;
3585 2642 3836 2696 maxime

2271 2713 2392 2783 qui,
2420 2717 2604 2783 morte
2644 2713 2771 2781 ejus
2813 2711 3031 2772 audita,
3062 2710 3290 2782 operuit
3336 2715 3511 2781 caput
3549 2728 3743 2779 suum,
3777 2718 3837 2768 et

2263 2782 2492 2852 ejulans
2543 2782 2854 2837 clamaret:
2907 2783 3082 2855 Filius
3129 2798 3280 2855 meus
3311 2783 3620 2853 Abessalon,
3679 2785 3834 2855 ﬁlius

2263 2870 2414 2926 meus
2455 2854 2756 2926 Abessalon
2809 2852 2967 2926 (Ibid.
3003 2853 3113 2926 33).
3140 2854 3249 2926 γ,ᾼά
3296 2852 3618 2926 extremum
3677 2852 3832 2926 quod

2265 2925 2381 2978 illic
2412 2924 2608 2997 Chusi,
2640 2926 2864 2997 amicus
2896 2924 3093 2997 David,
3122 2924 3285 2997 titius
3310 2925 3517 2997 Arachi
3549 2924 3832 2997 scriptum

2268 3002 2393 3069 est:
2433 2996 2536 3069 hic
2584 3013 2716 3051 vero
2774 2996 2930 3069 tilius
2986 2995 3221 3069 Jemini.
3275 2996 3587 3069 Sciendum
3638 2995 3835 3069 itaque

2268 3067 2444 3121 Chusi
2468 3067 2859 3139 interpretari.
2892 3068 3219 3139 nElhiopem,
3241 3072 3298 3121 et
3318 3071 3505 3123 totum
3536 3067 3838 3124 Psalmum

2267 3143 2467 3193 contra
2484 3138 2635 3193 Saul
2653 3154 2781 3193 esse
2812 3138 3231 3209 conscriptum,
3254 3139 3352 3211 qui
3378 3140 3839 3211 persequebatur

2266 3226 2437 3264 eum:
2493 3216 2549 3264 et
2580 3212 2638 3264 in
2688 3211 2907 3263 foveam
2956 3225 3133 3279 quam
3176 3210 3417 3279 foderet,
3456 3210 3578 3281 ipse
3613 3211 3834 3266 incidit.

2270 3281 2450 3344 Quem
2486 3280 2807 3353 {Ethiopem
2841 3286 3023 3345 vocat,
3060 3286 3294 3353 propter
3324 3280 3749 3353 sanguinarios,
3784 3288 3841 3337 et

2268 3357 2448 3407 tetros
2479 3359 2534 3406 et
2565 3351 2827 3407 crudeles
2864 3368 3076 3424 mores.
3110 3351 3363 3424 _Jemini_
3392 3351 3542 3419 vero,
3591 3356 3837 3424 familia,

2271 3425 2423 3495 quod
2459 3424 2528 3477 ad
2562 3424 2778 3496 tribum
2803 3423 3087 3496 pertineat
3109 3421 3432 3496 Benjamin,
3456 3425 3525 3478 de
3546 3421 3662 3496 qua
3698 3425 3839 3480 Saul

2268 3501 2429 3549 ortus
2461 3500 2566 3549 est.
2627 3495 2960 3565 Regnorum
3020 3494 3149 3547 libri
3209 3494 3743 3566 testimonio‘sunt,
3778 3498 3839 3552 in

2311 3568 2485 3620 uibus
2527 3566 2827 3635 Scriptura
2874 3572 3330 3620 commemorat:
3377 3567 3443 3620 Et
3481 3577 3603 3622 erat
3647 3570 3733 3622 vir
3772 3567 3840 3623 de

2307 3639 2396 3691 liis
2419 3638 2740 3710 Beniamin,
2776 3642 2825 3691 et
2872 3652 3073 3710 nomen
3097 3636 3228 3710 ejus
3275 3637 3382 3710 Cis,
3433 3637 3581 3706 ﬁlius
3620 3638 3834 3710 Abi/iel,

2266 3705 2375 3776 ﬁlii
2406 3705 2617 3774 Sarelh,
2651 3709 2760 3777 ﬁlii
2788 3710 3008 3772 Becher,
3042 3705 3159 3776 ﬁlii
3202 3709 3361 3778 Aphi,
3394 3705 3504 3779 ﬁlii
3528 3712 3643 3764 viri
3667 3705 3833 3765 Jemi;

2266 3781 2347 3843 ni,
2374 3780 2459 3832 vir
2486 3784 2697 3849 potens,
2731 3783 2783 3831 et
2832 3779 2961 3833 huic
3005 3779 3175 3849 ﬁlius,
3224 3784 3273 3833 et
3305 3796 3499 3834 nomen
3540 3781 3661 3850 ejus
3701 3780 3836 3836 Saul

2267 3852 2312 3920 (I
2364 3853 2486 3920 Reg.
2511 3868 2597 3922 IX,
2631 3852 3028 3922 1,2).ASemei
3060 3865 3292 3922 quoque
3338 3851 3423 3904 illi
3469 3852 3568 3922 qui
3610 3851 3832 3922 lapides

2266 3927 2324 3976 et
2368 3920 2649 3992 pulvirem
2699 3920 2759 3974 in
2805 3920 2981 3975 David
3008 3920 3283 3992 jaciebat,
3312 3922 3382 3977 de
3422 3920 3643 3977 familia
3670 3920 3831 3991 Saul,

2266 3991 2381 4047 hoc
2424 3998 2531 4056 est,
2563 3992 2862 4047 Jemmeus
2917 3992 3060 4047 fuit:
3096 3991 3249 4047 sicut
3295 3992 3352 4047 in
3411 3993 3630 4048 eisdem
3662 3994 3826 4051 libris

2268 4064 2560 4135 scribitur,
2594 4064 2986 4133 Egrediebatur
3011 4064 3178 4118 virile
3203 4064 3618 4135 propinquitate
3646 4065 3835 4121 domus

2267 4134 2421 4200 Saul,
2456 4139 2527 4208 el
2559 4150 2779 4208 _nmnen
2833 4137 2887 4188 ei
2947 4138 3151 4208 ςιηηρί,Δ
3205 4136 3354 4208 ﬁlius
3408 4140 3548 4208 Gera
3589 4138 3659 4204 (II
3704 4138 3831 4208 Reg.

2267 4222 2380 4273 xw,
2413 4207 2506 4275 5):
2540 4206 2610 4259 de
2642 4222 2756 4276 quo
2790 4211 2988 4276 postea
3023 4206 3198 4261 David
3229 4206 3473 4277 loquens
3504 4206 3831 4264 inducitur:

2270 4281 2400 4331 Ecce
2427 4277 2578 4345 ﬁlius
2616 4293 2766 4330 meus
2817 4278 2912 4347 qui
2959 4294 3197 4345 egressus
3244 4287 3322 4332 est
3366 4278 3432 4333 de
3469 4283 3654 4333 ventre
3697 4296 3833 4345 meo,

2268 4350 2471 4419 quwrit
2521 4350 2803 4401 annimam
2850 4364 3066 4403 meam:
3114 4359 3164 4404 et
3212 4358 3422 4419 quanto
3469 4367 3645 4417 magis
3690 4367 3838 4405 nunc

2266 4418 2413 4487 ﬁlius
2442 4420 2646 4472 Jemini
2676 4419 2837 4489 (Ibid,
2866 4420 2981 4484 ll)?
3001 4418 3398 4491 Aquila’hunc
3428 4419 3617 4476 locum
3642 4421 3722 4475 ita
3752 4422 3837 4475 in-

2266 4494 2619 4559 terpretatus
2651 4496 2758 4544 est:
2794 4492 2898 4545 Pro
2922 4493 3260 4560 ignoratione
3281 4491 3469 4556 David,
3502 4494 3598 4562 qui
3634 4495 3839 4547 cecinit

2266 4562 2492 4615 Domino
2520 4577 2620 4631 pro
2650 4562 2823 4616 verbis
2862 4562 3091 4632 [Eliopis
3112 4579 3131 4623 ;
3172 4564 3555 4633 Symmachus
3586 4564 3643 4617 in
3678 4564 3835 4618 hunc

2267 4633 2534 4686 modum:
2575 4638 2676 4686 Pro
2708 4635 3050 4702 ignoratione
3092 4633 3286 4697 David,
3318 4634 3459 4703 quod
3494 4636 3700 4689 cecinit
3729 4636 3832 4689 Do-

2260 4705 2412 4773 mino
2458 4719 2557 4773 pro
2606 4707 2782 4757 verbis
2818 4704 2987 4758 Clausi
3031 4705 3142 4773 ﬁlii
3187 4706 3409 4760 Jemini.
3469 4705 3596 4760 Haec
3635 4707 3833 4761 omnia

2263 4772 2774 4848 latius’exsecutus
2808 4790 2961 4848 sum,
2997 4772 3136 4846 quia
3168 4775 3549 4830 eruditissimi
3596 4776 3698 4830 viri
3733 4794 3835 4848 pu-

2258 4850 2525 4899 taverunt
2577 4846 2730 4901 hunc
2781 4846 3071 4916 psalmum
3123 4864 3237 4902 non
3296 4852 3499 4902 contra
3539 4848 3695 4915 Saul,
3728 4846 3831 4903 Sed

2259 4922 2461 4969 contra
2488 4916 2811 4971 Abessalon
2871 4934 3000 4971 esse
3054 4917 3466 4991 compositum,
3518 4921 3672 4990 quod
3725 4936 3829 4991 pro

2258 4992 2422 5058 parte
2454 5004 2569 5041 non
2603 5005 2729 5042 esse
2762 4988 3104 5043 monstravi.

2258 5097 2284 5123 ‹‹
2328 5075 2572 5131 Domine
2595 5080 2744 5130 Deus
2779 5093 2963 5141 meus,
2994 5077 3053 5131 in
3100 5083 3153 5131 te
3185 5077 3431 5149 speravi,
3467 5100 3495 5127 ››
3546 5083 3653 5134 etc.
3704 5078 3830 5133 Non

2184 5160 2423 5233 sperant
2479 5163 2538 5217 in
2594 5162 2787 5235 gladio
2846 5182 3016 5220 meo:
3076 5182 3193 5221 non
3253 5167 3481 5237 speravi
3531 5168 3590 5222 in
3621 5167 3833 5223 virtute

2185 5266 2352 5318 mea;
2388 5252 2489 5306 sed
2522 5253 2748 5323 speravi
2780 5252 2838 5307 in
2863 5253 3077 5309 auxilio
3110 5258 3232 5309 tuo.

2258 5362 2284 5389 ‹‹
2316 5340 2397 5394 Ne
2427 5341 2659 5411 quando
2693 5342 2881 5412 rapiat
2914 5347 2978 5396 ut
3006 5341 3094 5397 leo
3126 5343 3386 5398 animam
3418 5360 3630 5412 meam,
3656 5367 3683 5396 »
3718 5350 3829 5400 etc.

2183 5427 2299 5483 Hoc
2330 5430 2599 5484 convenit
2631 5428 2813 5492 Sauli,
2845 5429 3167 5485 Abessalon
3198 5448 3312 5486 non
3346 5434 3638 5488 convenit.
3670 5433 3831 5496 Quo-

2185 5515 2353 5570 modo
2412 5516 2568 5570 enim
2616 5522 2841 5587 poterat
2871 5517 3193 5573 Abessalon
3234 5519 3461 5575 leonem
3487 5537 3713 5585 vocare,
3759 5523 3831 5576 de

2182 5620 2296 5675 quo
2344 5604 2529 5661 dicit:
2591 5607 2813 5659 Parcite
2867 5622 3039 5676 puero
3086 5624 3210 5661 meo
3250 5608 3550 5664 Abessalon
3601 5610 3671 5681 (II
3696 5612 3825 5679 Reg.

2179 5710 2337 5761 xviii,
2374 5694 2490 5763 12)?
2516 5694 2571 5748 Si
2607 5693 2687 5747 ibi
2732 5692 2901 5748 illum
2932 5712 3181 5766 puerum
3211 5702 3399 5762 vocat,
3431 5703 3486 5753 et
3534 5698 3699 5770 quasi
3735 5700 3825 5755 in-

2179 5780 2471 5836 fantulum
2504 5787 2561 5836 et
2587 5781 2987 5853 ignorantem:
3023 5786 3315 5855 quomodo
3345 5785 3441 5841 hic
3469 5785 3695 5842 leonem
3725 5804 3825 5843 vo-

2179 5869 2313 5924 cat?
2343 5868 2461 5924 Hoc
2492 5869 2724 5925 interim
2783 5874 3106 5929 secundum
3157 5874 3483 5947 historiam,
3528 5875 3825 5932 et-multa
