4220 6614
335 454 454 518 885

337 593 478 645 sunt
507 605 632 662 quae
666 589 955 661 dicantur,
1005 592 1062 646 et
1105 592 1266 645 totus
1312 588 1579 662 psalmus
1623 589 1683 644 in
1733 606 1984 661 persona
2012 590 2064 655 Α

337 677 476 733 Saul
505 678 877 750 interpretari
906 681 1117 751 potest.
1150 678 1436 734 Caeterum
1472 680 1609 750 quia
1642 679 1809 734 nobis
1833 696 1984 733 curae

336 773 463 835 est;
480 784 595 822 non
628 766 817 822 solum
849 767 1174 822 secundum
1204 752 1644 833 historiam,sed
1682 772 1737 822 et
1776 784 1981 822 secun-

335 855 475 910 dum
509 854 873 926 spiritualem
903 854 1351 928 intelligentiam
1385 855 1780 927 interpretari;
1807 856 1982 911 Chusi

334 944 514 999 istum
545 942 870 1015 Ethiopem
903 962 1019 1001 non
1053 943 1255 1016 alium,
1304 944 1416 999 nisi
1461 945 1759 1000 diabolum
1802 946 1980 1000 inter-

332 1036 651 1104 pretamur.
686 1033 993 1105 Quaeritur,
1025 1033 1135 1089 iste
1164 1032 1343 1088 Chusi
1375 1035 1668 1104 quomodo
1701 1033 1861 1089 ﬁlius
1903 1034 1981 1088 sit

330 1121 544 1177 Jemini
580 1137 593 1176 :
629 1122 922 1193 quomodo
954 1120 1223 1178 diabolus
1252 1120 1517 1193 rEtbiops
1548 1120 1705 1176 ﬁlius
1731 1125 1819 1176 est
1849 1122 1981 1176 dex-

331 1209 472 1265 tras?
502 1210 664 1273 Quod
695 1210 980 1283 .Ethiops,
1003 1210 1141 1266 vitio
1174 1227 1280 1266 suo
1309 1215 1403 1267 est
1430 1228 1441 1266 ε
1467 1211 1618 1282 quod
1654 1210 1810 1265 ﬁlius
1842 1211 1976 1266 dex-

330 1303 436 1355 tra.-
467 1303 575 1367 est,
611 1303 839 1355 creatus
871 1317 905 1354 a
934 1300 1051 1355 Deo
1080 1315 1092 1352 :
1128 1303 1281 1354 recte
1311 1300 1382 1354 de
1414 1299 1526 1355 isto
1557 1298 1770 1354 dicitur
1795 1315 1807 1354 :
1837 1321 1863 1349 α
1894 1300 1976 1355 Ne

324 1387 560 1458 quando
594 1387 784 1458 rapiat
833 1390 900 1442 ut
944 1387 1033 1443 leo
1081 1386 1355 1443 animam
1395 1403 1606 1442 meam.
1642 1409 1669 1435 ››
1704 1388 1976 1443 Adversa-

314 1475 437 1529 rius
497 1480 693 1531 noster
747 1475 1016 1532 diabolus
1075 1475 1245 1547 quasi
1304 1475 1393 1531 leo
1458 1475 1716 1548 rugiens,
1765 1476 1978 1531 circuit

315 1581 582 1635 quaerens
613 1581 791 1637 quem
825 1565 1030 1637 rapiat.

390 1694 417 1721 «
475 1672 716 1727 Domine
765 1672 919 1728 Deus
968 1688 1156 1739 meus,
1200 1671 1248 1727 si
1295 1670 1401 1726 feci
1447 1670 1622 1725 istud.
1663 1693 1682 1719 ι
1719 1670 1860 1727 Ecce
1890 1670 1973 1726 vir

320 1760 595 1833 princeps
627 1760 832 1816 mundi
863 1759 1033 1816 istius
1066 1779 1078 1815 :
1117 1759 1253 1816 etin
1284 1764 1378 1815 me
1409 1776 1524 1814 non
1557 1759 1777 1814 invenit
1806 1760 1975 1832 quid-

323 1865 522 1920 quam.
560 1871 587 1898 «
618 1848 677 1903 Si
708 1853 797 1904 est
826 1849 1110 1921 iniquitas
1137 1848 1196 1904 in
1230 1848 1504 1903 manibus
1555 1848 1717 1903 meis.
1768 1869 1795 1897 ››
1826 1848 1973 1912 Quia

321 1942 624 2009 peccatum
656 1954 771 1993 non
803 1937 956 2009 fecit,
991 1955 1094 1994 nec
1125 1936 1295 1993 dolus
1327 1937 1598 1993 inventus
1644 1941 1732 1992 est
1781 1939 1839 1992 in
1873 1953 1970 1994 ore

323 2027 473 2097 ejus.
1666 2072 1677 2083 .

392 2137 421 2165 «
454 2114 512 2169 Si
542 2115 771 2170 reddidi
824 2115 1293 2171 retribuentibus
1345 2115 1488 2170 mihi
1540 2115 1717 2175 mala.
1751 2137 1779 2165 ››
1832 2114 1971 2171 Saul

322 2204 416 2258 his
447 2204 506 2258 in
539 2219 751 2259 manus
781 2206 909 2275 ejus
938 2205 1188 2260 traditus
1219 2209 1325 2272 est,
1367 2221 1543 2276 quem
1577 2203 1765 2260 noluit
1793 2204 1969 2260 inter-

320 2293 508 2356 ﬁcere,
585 2292 787 2347 dicens
858 2310 871 2348 :

323 2382 367 2453 (I
395 2382 522 2449 Reg.
554 2398 707 2452 xxw,
737 2381 815 2451 7).
849 2380 966 2436 Hoc
998 2384 1088 2436 est
1117 2397 1253 2453 ergo
1284 2397 1400 2437 non
1433 2382 1740 2437 restituere
1773 2382 1822 2436 ei
1871 2398 1972 2453 pro

327 2468 499 2525 malis
528 2468 686 2525 mala
718 2470 869 2541 :,qui
902 2470 1011 2526 sibi
1046 2487 1149 2541 pro
1198 2469 1367 2526 bonis
1414 2470 1569 2526 mala
1607 2470 1970 2526 restituebat.

324 2558 406 2625 Si,
437 2558 650 2630 inquit,
684 2558 938 2614 inimicis
969 2558 1115 2614 meis
1164 2558 1320 2614 mala
1368 2558 1593 2614 reddidi
1644 2575 1747 2630 pro
1779 2558 1973 2623 malis,

326 2663 440 2700 non
475 2662 777 2719 resurgam
811 2664 823 2702 :
858 2652 913 2702 et
945 2648 992 2702 si
1026 2664 1129 2719 pro
1162 2647 1333 2702 malis
1372 2647 1525 2702 mala
1581 2647 1838 2719 quaesivi,
1887 2646 1974 2702 illi

325 2752 427 2805 pro
460 2735 630 2791 bonis
661 2734 817 2791 mala
862 2736 1190 2791 restituent.
1237 2759 1265 2785 ‹‹
1318 2736 1588 2791 Decidam
1641 2735 1844 2790 merito
1902 2736 1974 2791 ab

320 2821 578 2878 inimicis
612 2824 756 2879 meis
785 2823 995 2879 inanis.
1035 2847 1063 2873 ››
1098 2826 1159 2879 In
1190 2824 1428 2879 Hebraeo
1463 2841 1565 2896 pro
1591 2823 1751 2879 inani
1784 2841 1973 2879 RECAM

321 2911 617 2967 scribitur.
652 2911 816 2967 Unde
845 2911 1232 2984 intelligimus
1260 2912 1318 2967 id
1354 2914 1507 2984 quod
1561 2913 1619 2967 in
1666 2913 1975 2985 Evangelio

765 3002 871 3069 Qui
915 3003 1095 3073 fratri
1138 3017 1237 3056 suo
1283 3002 1510 3072 dixerit,
1557 3020 1687 3057 mea
1733 3006 1785 3057 et
1825 3004 1978 3076 fatue

321 2999 652 3055 continetur
701 3017 713 3054 :

322 3088 531 3159 (Matth.
580 3107 635 3157 v,
675 3090 788 3161 22),
821 3107 998 3161 quam
1029 3090 1243 3146 habeat
1270 3090 1839 3163 interpretationem.

398 3220 423 3245 ‹‹
462 3196 849 3267 Persequatur
896 3196 1174 3251 inimicus
1222 3197 1478 3252 animam
1532 3215 1745 3263 meam,
1781 3220 1808 3246 ››
1858 3203 1970 3253 etc.

322 3285 650 3340 Novissima
679 3285 888 3340 animae
922 3285 1160 3340 inimica
1193 3287 1491 3341 destructa
1518 3291 1607 3341 est
1636 3303 1811 3341 mors.
1853 3309 1879 3334 ››
1902 3286 1972 3342 Et

317 3374 621 3429 conculcet
650 3374 707 3428 in
743 3378 894 3430 terra
924 3374 1102 3429 vitam
1136 3390 1349 3431 meam.
1388 3396 1415 3423 »
1448 3376 1571 3430 Non
1604 3380 1796 3447 potest
1826 3393 1962 3430 con-

312 3461 549 3528 culcari,
597 3463 735 3533 quia
785 3479 900 3517 non
951 3462 1087 3518 fecit
1135 3479 1317 3535 supra
1355 3463 1527 3518 dicta.
1566 3487 1593 3512 ‹‹
1629 3465 1695 3518 Et
1719 3464 1965 3536 gloriam

311 3567 502 3606 meam
544 3551 600 3605 in
652 3549 946 3622 pulverem
978 3551 1247 3606 deducat.
1284 3574 1312 3600 ››
1350 3551 1428 3619 Si,
1460 3551 1674 3622 inquit,
1709 3551 1965 3607 inimicis

250 3663 259 3672 -
309 3639 455 3694 meis
488 3637 641 3693 mala
672 3638 895 3694 reddidi
931 3656 1033 3711 pro
1067 3639 1261 3711 malis,
1295 3656 1407 3695 non
1443 3657 1766 3712 resurgam.

375 3769 403 3795 «
437 3747 718 3818 Exsurge,
773 3747 1033 3817 Domine,
1089 3746 1148 3801 in
1200 3745 1288 3802 ira
1334 3752 1455 3802 tua.
1510 3769 1538 3797 »
1586 3747 1872 3813 Quoniam
1906 3751 1962 3803 te

307 3852 422 3889 non
453 3840 769 3890 senserunt
800 3852 901 3907 per
930 3835 1232 3903 beneﬁcia,
1268 3836 1525 3891 sentiant
1584 3852 1686 3907 per
1726 3836 1958 3891 iracun-

303 3924 483 3978 diam.
518 3946 545 3973 ‹‹
582 3924 647 3978 Et
686 3923 939 3978 exaltare
987 3923 1045 3979 in
1099 3923 1315 3980 finibus
1368 3925 1740 3980 inimicorum
1792 3942 1957 3980 meo-

306 4029 457 4067 rum.
496 4034 517 4063 α
553 4012 660 4067 Pro
693 4012 951 4067 inimicis
982 4016 1168 4085 rogat,
1206 4017 1273 4068 ut
1303 4013 1358 4067 in
1398 4013 1765 4068 inimicorum
1820 4014 1954 4069 fini-

304 4099 416 4155 bus
458 4098 763 4155 exaltetur.
797 4100 942 4154 Cum
988 4099 1211 4156 inimici
1244 4117 1372 4156 esse
1404 4101 1779 4168 cessaverint,
1812 4107 1953 4157 tunc

303 4192 388 4255 tu,
425 4188 685 4256 Domine,
712 4186 1056 4242 exaltaberis
1092 4187 1149 4241 in
1181 4188 1285 4244 eis.

374 4316 393 4341 ε
431 4294 498 4347 Et
527 4308 793 4364 exsurge,
826 4293 1072 4348 Domine
1116 4292 1271 4348 Deus
1316 4310 1501 4360 meus,
1552 4296 1610 4349 in
1664 4301 1949 4367 praecepto

296 4383 451 4456 quod
476 4381 794 4448 mandasti;
835 4404 855 4429 ι
890 4387 1007 4436 etc.
1050 4384 1167 4436 IIoc
1213 4398 1318 4437 nos
1351 4383 1604 4438 dicimus
1637 4400 1649 4437 :
1684 4384 1794 4439 hoc
1824 4400 1946 4439 cre-

295 4472 465 4526 dente
496 4470 1065 4542 loquimur.Semper
1090 4469 1244 4526 enim
1268 4486 1529 4542 personae
1559 4476 1864 4527 mutantur
1885 4473 1943 4526 in

298 4559 825 4615 Psalmis.Multum
850 4563 939 4614 est
962 4575 1117 4613 nunc
1145 4558 1195 4614 si
1218 4559 1463 4615 velimus
1486 4561 1675 4615 dicere
1697 4561 1752 4615 in
1779 4565 1941 4632 quot,

294 4652 523 4725 quantae
585 4665 844 4720 personae
902 4652 1221 4704 mutentur.
1270 4671 1299 4697 ‹‹
1360 4649 1638 4721 Exsurge,
1703 4649 1942 4705 Domine

296 4737 450 4792 Deus
484 4752 673 4804 meus,
704 4737 763 4791 in
796 4740 1082 4810 praecepto
1114 4737 1266 4808 quod
1297 4739 1612 4805 mandasti,
1650 4760 1677 4787 ››
1709 4739 1815 4793 hoc
1839 4754 1943 4793 nos

298 4825 681 4898 dicimus,pro
712 4825 882 4882 nobis
913 4842 1125 4898 passus
1158 4827 1559 4891 es,cruciﬁxus
1590 4844 1673 4891 es;
1698 4843 1945 4899 exsurge

296 4920 354 4970 et
379 4914 538 4970 salva
568 4931 695 4971 nos.
748 4920 1058 4987 Propterea
1105 4931 1372 4989 exsurge,
1421 4920 1487 4972 ut
1534 4918 1732 4973 credat
1780 4917 1838 4971 in
1890 4922 1946 4973 te

295 5002 553 5076 plurima
582 5003 921 5061 multitudo.
956 5004 1102 5059 Cum
1151 5019 1287 5077 ergo
1338 5005 1751 5071 exsurrexeris,
1804 5005 1946 5077 quid

293 5092 450 5148 aliud
473 5093 878 5165 deprecamur,
912 5093 1024 5149 nisi
1056 5098 1341 5149 revertere
1373 5095 1445 5149 ad
1480 5096 1747 5167 patrem?

370 5222 398 5248 ι‹
430 5200 495 5254 Et
526 5203 758 5271 propter
788 5199 938 5255 hanc
961 5200 1020 5255 in
1044 5200 1226 5256 altum
1251 5201 1573 5273 regredere.
1614 5224 1641 5251 »
1675 5202 1777 5257 Pro
1802 5201 1948 5273 qua?

295 5306 398 5361 pro
431 5304 727 5361 synagoga
775 5288 1145 5360 populorum.
1202 5290 1362 5356 Quod
1418 5294 1687 5345 mortuus
1728 5307 1811 5358 es,
1844 5306 1947 5361 pro

297 5377 463 5434 nobis
496 5381 765 5432 mortuus
795 5393 857 5432 es
890 5394 903 5432 :
936 5378 1091 5448 quod
1125 5377 1514 5445 resurrexisti,
1550 5379 1719 5433 nobis
1751 5395 1946 5434 resur-

299 5466 531 5534 rexisti;
566 5465 720 5538 quod
754 5465 1070 5521 ascendisti
1123 5468 1193 5522 ad
1246 5468 1475 5523 Patrem
1531 5467 1698 5522 nobis
1741 5483 1947 5523 ascen-

301 5554 459 5611 disti.
501 5580 521 5603 «ι
557 5555 627 5610 Et
655 5558 890 5626 propter
918 5553 1069 5610 hanc
1099 5554 1158 5610 in
1192 5555 1374 5612 altum
1423 5557 1743 5629 regredere.
1780 5578 1806 5605 ››
1838 5557 1947 5612 Ne-

301 5659 397 5698 mo
426 5642 687 5699 ascendit
719 5641 777 5695 in
810 5639 1042 5711 coelum,
1076 5643 1188 5700 nisi
1219 5645 1320 5716 qui
1349 5646 1419 5700 de
1449 5644 1591 5700 cmlo
1623 5644 1945 5717 descendit,

302 5730 487 5787 Filius
518 5728 798 5800 hominis,
830 5729 1043 5799 quiest
1074 5731 1131 5785 in
1164 5732 1327 5788 caelis
1356 5734 1532 5805 (Joan.
1564 5750 1644 5800 ιιι,
1682 5732 1790 5804 13).

1515 453 2014 520 BREVIARIUM
2058 455 2135 515 IN
2181 452 2568 516 PSALMOS.

950 2294 1067 2348 Non
1125 2302 1350 2361 tangam
1417 2293 1693 2348 Christum
1758 2293 1976 2350 domini

3623 438 3744 499 886
3802 522 3812 533 ⁸

2172 610 2193 636 οι
2262 586 2472 642 Judica
2537 600 2651 654 me,
2723 580 2987 651 Domine,
3055 576 3382 634 secundum
3439 572 3738 646 justitiam

2096 693 2307 743 meam,
2344 698 2371 725 ››
2403 681 2511 731 etc.

2165 765 2278 819 Hoc
2316 765 2486 819 David
2520 764 2710 819 dicere
2739 780 2853 817 non
2887 761 3113 833 potest:
3144 756 3253 811 hoc
3286 752 3517 827 proprie
3547 750 3740 809 Salva-

2091 853 2200 908 tori
2236 853 2523 918 convenit,
2558 854 2652 925 qui
2687 869 2801 907 non
2835 849 3109 923 peccavit.

2163 965 2191 993 ‹‹
2223 943 2613 998 Consumetur
2660 940 2922 1012 nequitia
2967 940 3358 1010 peccatorum,
3408 936 3465 989 et
3520 931 3737 1003 diriges

2081 1030 2337 1100 justum.
2376 1054 2402 1079 ι»
2432 1031 2553 1084 Non
2588 1034 2778 1101 potest
2805 1044 2931 1083 mea
2954 1024 3190 1099 justitia
3220 1023 3413 1096 dirigi,
3461 1021 3574 1077 nisi
3608 1019 3735 1075 illo-

2091 1136 2219 1173 rum
2250 1118 2529 1191 iniquitas
2562 1118 2803 1190 impleta
2832 1115 3027 1182 fuerit,
3061 1114 3328 1169 videlicet
3373 1111 3733 1169 Judaeorum.

2159 1231 2183 1256 ‹‹
2220 1208 2341 1263 Nisi
2377 1206 2639 1263 conversi
2674 1204 3184 1276 fueritis,gladium
3219 1219 3391 1258 suum
3414 1199 3727 1255 vibrabit.»

2088 1296 2198 1351 Iste
2229 1296 2422 1351 locum
2456 1295 2748 1367 duplicem
2798 1294 3003 1365 recipit
3046 1289 3513 1363 intelligentiam.
3565 1286 3735 1343 Multi

2085 1385 2238 1440 enim
2282 1389 2494 1457 putant
2525 1385 2593 1439 de
2630 1390 2739 1439 Deo
2768 1383 3011 1453 dictum,
3045 1385 3109 1436 ut
3140 1381 3367 1435 dicatur
3413 1379 3483 1433 ad
3534 1393 3734 1448 pecca-

2084 1479 2257 1530 tores.
2292 1475 2360 1528 Et
2390 1473 2527 1545 quid
2564 1473 2745 1527 dicit?
2780 1495 2805 1522 ‹‹
2840 1471 2960 1526 Nisi
3017 1468 3279 1525 conversi
3338 1465 3584 1535 fueritis,
3614 1465 3735 1537 gla-

2081 1562 2245 1616 dium
2280 1579 2454 1617 suum
2490 1561 2743 1616 vibrabit
2775 1578 2821 1613 τη
2862 1560 2969 1615 hoc
3000 1563 3108 1625 est,
3142 1558 3257 1613 nisi
3288 1554 3524 1629 egeritis
3545 1553 3730 1626 poeni-

2081 1651 2349 1720 tentiam,
2385 1650 2671 1705 Dominus
2728 1666 2828 1704 vos
2884 1648 3078 1721 gladio
3129 1664 3233 1702 suo
3285 1644 3586 1717 percutiet.
3619 1642 3776 1709 Sed,

2081 1740 2385 1795 videamus
2417 1739 2463 1793 si
2498 1739 2915 1811 consequentia
2962 1736 3149 1808 aptari
3194 1735 3421 1808 possint
3468 1749 3728 1805 persona:

2080 1829 2331 1883 Domini.
2366 1852 2393 1878 «
2430 1834 2644 1882 Arcum
2678 1843 2853 1882 suum
2886 1826 3150 1891 tetendit,
3185 1845 3212 1874 »
3247 1828 3357 1879 etc.
3388 1822 3507 1877 Hoc
3538 1824 3729 1893 potest

2077 1916 2191 1972 dici
2218 1918 2289 1973 de
2318 1917 2453 1974 Deo.
2494 1939 2514 1966 α
2552 1917 2620 1972 Et
2668 1916 2727 1970 in
2778 1914 2948 1970 illum
2992 1913 3215 1987 paravit
3250 1928 3388 1968 vasa
3417 1910 3644 1967 mortis.
3695 1931 3724 1959 η

2080 2008 2199 2063 Hoc
2229 2006 2466 2063 difﬁcile
2496 2011 2624 2063 est:
2662 2005 2942 2063 Dominus
2989 2003 3145 2060 enim
3200 2020 3315 2058 non
3362 2001 3539 2057 habet
3589 2016 3729 2055 vasa

2081 2097 2306 2164 mortis,
2339 2097 2439 2152 sed
2469 2112 2607 2151 vasa
2635 2095 2783 2150 vitae.
2816 2095 2923 2149 Sed
2974 2098 3032 2149 et
3081 2092 3190 2149 hoc
3238 2094 3431 2164 potest
3478 2088 3724 2161 intelligi

2083 2202 2260 2257 super
2290 2201 2538 2257 persona
2566 2183 2904 2239 Salvatoris.
2928 2183 3046 2238 Hoc
3072 2198 3207 2238 vero
3237 2181 3390 2253 quod
3424 2179 3719 2250 sequitur:

2153 2298 2179 2325 ‹‹
2215 2276 2357 2330 Ecce
2388 2273 2661 2346 parturiit
2690 2272 3063 2343 injustitiam,
3097 2274 3205 2326 etc.
3240 2269 3357 2325 Hoc
3388 2272 3498 2339 est,
3531 2272 3596 2323 ut
3617 2267 3727 2323 ha:-

2080 2363 2246 2420 retici
2276 2364 2336 2418 in
2368 2366 2768 2433 contemptum
2801 2361 2901 2416 Dei
2932 2360 3381 2416 concitarentur.

2156 2474 2183 2500 ‹‹
2219 2452 2431 2506 Lacum
2485 2450 2732 2522 aperuit,
2768 2472 2795 2498 ››
2828 2454 2937 2506 etc.
2971 2450 3090 2515 Quo
3140 2465 3238 2504 eos
3282 2448 3565 2521 perderet.
3599 2471 3625 2498 «
3661 2449 3732 2504 Et

2082 2538 2290 2604 incidit
2321 2538 2379 2593 in
2415 2540 2635 2593 foveam
2667 2555 2843 2610 quam
2877 2538 3068 2593 fecit.»
3102 2538 3164 2591 In
3194 2538 3354 2593 fovea
3383 2538 3538 2593 enim
3574 2554 3729 2593 mor-

2085 2627 2155 2681 Iis
2188 2644 2361 2699 quam
2398 2630 2765 2698 patefecerat,
2798 2627 2925 2699 ipse
2970 2626 3128 2698 prior
3175 2627 3345 2699 periit
3396 2643 3408 2681 :
3463 2626 3616 2681 sicut
3662 2627 3733 2681 de

2088 2723 2121 2767 Α
2137 2716 2217 2771 rio
2249 2716 2533 2787 scriptum
2566 2721 2652 2769 est
2685 2731 2698 2769 :
2729 2715 2834 2770 hoc
2865 2719 2974 2779 est,
3027 2714 3138 2769 nisi
3187 2714 3446 2769 conversi
3482 2714 3730 2783 fueritis,

2086 2804 2193 2859 nisi
2229 2805 2465 2876 egeritis
2491 2804 3151 2876 pmnitentiam,semper
3171 2802 3440 2859 diabolus
3461 2808 3732 2875 paratum

2086 2894 2259 2949 habet
2290 2910 2512 2963 arcum,
2547 2895 2757 2947 emittit
2805 2893 3069 2965 sagittas,
3116 2890 3329 2964 quibus
3375 2908 3481 2947 nos
3518 2908 3730 2962 percu-

2084 2983 2211 3037 tiat.
2248 2983 2506 3046 Quorum
2543 2982 2695 3037 enim
2750 2982 2924 3035 corda
2977 2981 3179 3036 ardent
3233 2979 3493 3051 libidine,
3548 2980 3729 3046 vitiis,

2084 3076 2142 3127 et
2172 3071 2569 3144 passionibus,
2603 3070 2697 3126 isti
2732 3071 2867 3124 victi
2894 3075 3031 3125 sunt
3060 3087 3094 3124 a
3126 3068 3377 3125 diabolo.
3416 3090 3437 3120 ι
3471 3069 3726 3142 Sagittas

2085 3178 2225 3219 suas
2254 3160 2597 3216 ardentibus
2621 3160 2857 3226 effecit.»
2875 3158 3116 3214 Pulchre
3147 3158 3312 3225 dixit,
3346 3158 3723 3215 ardentibus:

2083 3266 2199 3305 non
2232 3250 2394 3313 dixit,
2426 3249 2685 3304 arsuris:
2719 3249 2826 3304 hoc
2858 3253 2965 3313 est,
2986 3248 3086 3319 qui
3119 3246 3307 3301 arsuri
3329 3250 3471 3302 sunt
3497 3246 3728 3319 sagittis

2001 3326 2042 3391 C
2081 3338 2266 3409 ipsius
2301 3356 2314 3392 :
2350 3339 2447 3392 sed
2482 3352 2987 3409 quorumcumque
3035 3335 3208 3391 corda
3256 3335 3458 3390 ardere
3496 3334 3725 3403 viderit,

2076 3426 2209 3481 illos
2241 3425 2667 3499 percutit.Dicit
2695 3424 2849 3479 enim
2884 3423 3195 3495 Apostolus
3216 3418 3488 3478 ardentes
3510 3423 3727 3480 habere

2075 3513 2374 3569 diabolum
2401 3512 2645 3585 sagittas
2678 3512 2903 3584 (Ephes.
2938 3529 3014 3581 vx,
3049 3510 3155 3583 16).
3208 3534 3236 3560 ‹‹
3268 3511 3411 3565 Ecce
3453 3511 3727 3582 parturiit

2069 3603 2448 3675 injustitiam,
2481 3601 2748 3673 cr'ncepit
2778 3600 3059 3666 dolorem,
3093 3605 3149 3655 et
3176 3598 3399 3672 peperit
3440 3600 3716 3671 iniquita-

2068 3698 2243 3748 tem.»
2267 3690 2543 3747 Diabolus
2567 3691 2648 3745 sic
2675 3691 2945 3762 concipit,
2978 3690 3061 3745 sic
3093 3689 3361 3762 parturit,
3396 3689 3479 3745 sic
3510 3689 3716 3763 nutrit,

2070 3781 2154 3837 sic
2185 3780 2416 3837 exultat.
2451 3780 2665 3835 Lacum
2700 3780 2947 3851 aperuit,
2982 3784 3038 3834 et
3067 3778 3267 3835 etiodit
3297 3793 3453 3847 eum,
3485 3783 3543 3835 et
3580 3780 3718 3834 inci-

2067 3870 2208 3925 cidit
2242 3871 2300 3925 in
2351 3871 2569 3925 foveam
2624 3885 2798 3939 quam
2854 3869 3003 3924 l‘ecit.
3055 3889 3081 3918 »
3132 3866 3410 3923 Diabolus
3459 3867 3583 3940 ipse
3631 3872 3721 3925 est

2066 3957 2250 4024 lacus,
2284 3959 2408 4030 ipse
2438 3964 2526 4013 est
2559 3958 2738 4014 fovea.
2775 3981 2801 4006 ‹‹
2840 3957 3055 4012 Lacum
3089 3956 3336 4029 aperuit.
3374 3979 3400 4005 ››
3430 3957 3538 4013 Sed
3572 3974 3716 4029 quo-

2064 4048 2218 4103 niam
2252 4064 2364 4102 non
2384 4040 2591 4118 potest
2622 4063 2834 4118 aquam
2869 4045 3163 4101 continere
3187 4034 3510 4100 secundum
3553 4047 3712 4101 Iere-

2060 4137 2238 4191 miam
2266 4154 2278 4191 :
2308 4141 2615 4207 prepterea
2643 4134 2803 4190 lacus
2836 4134 2995 4188 illius
3025 4150 3227 4188 versus
3257 4132 3422 4187 estin
3457 4132 3702 4189 foveam.

2058 4224 2269 4279 Omnia
2326 4222 2714 4278 conciliabula
2772 4222 3198 4289 hazreticorum,
3261 4221 3432 4276 foveae
3489 4221 3707 4277 diaboli

2057 4318 2214 4368 sunt.
2250 4313 2358 4367 Sed
2396 4312 2547 4384 quod
2584 4311 2852 4383 superius
2885 4309 3308 4382 prreterivimus
3344 4327 3391 4365 τα
3426 4310 3707 4366 Scrutans

2056 4403 2229 4457 corda
2259 4408 2315 4457 et
2347 4418 2510 4456 renes
2564 4400 2740 4467 Deus,
2772 4401 2998 4471 justum
3034 4398 3391 4469 adjutorium
3424 4414 3621 4453 meum
3671 4416 3707 4454 a

2059 4496 2187 4546 Deo.
2242 4513 2269 4540 »
2321 4496 2384 4545 In
2436 4491 2670 4545 Hebraeo
2720 4489 2801 4543 ita
2847 4488 3132 4560 scriptum
3185 4493 3274 4543 est
3306 4504 3319 4542 :
3356 4507 3379 4536 ε
3421 4487 3703 4545 Scrutans

2053 4580 2229 4634 corda
2258 4584 2314 4633 et
2347 4595 2513 4634 renes
2546 4578 2700 4634 Deus
2722 4578 2958 4649 justus;
2991 4599 3016 4626 η
3051 4582 3115 4631 ut
3145 4580 3350 4649 postea
3378 4593 3703 4650 consequa-

2055 4672 2151 4722 tur
2184 4685 2196 4722 :
2235 4690 2261 4717 ‹‹
2291 4668 2660 4737 Adjutorium
2690 4682 2886 4721 meum
2951 4683 2984 4720 a
3018 4671 3150 4733 Deo,
3204 4666 3300 4738 qui
3335 4666 3527 4723 salvos
3568 4669 3704 4723 facit

2056 4762 2242 4812 rectos
2274 4756 2746 4828 cordeNunquid
2781 4755 3071 4811 irascetur
3093 4772 3195 4828 per
3214 4755 3478 4829 singulos
3499 4756 3653 4812 dies?
3676 4781 3698 4806 ιι

2055 4845 2261 4901 Melius
2294 4862 2395 4915 pro
2428 4845 2535 4900 hoc
2564 4844 2622 4899 in
2659 4844 2894 4900 Hebrmo
2922 4844 3173 4900 habetur
3205 4861 3216 4899 :
3247 4866 3273 4896 α
3303 4845 3706 4901 Comminatur

2055 4934 2112 4989 in
2147 4935 2304 4988 omni
2340 4934 2450 4989 die.
2493 4959 2511 4982 ο
2550 4935 2709 5000 Quod
2740 4933 2950 5005 Aquila
2995 4952 3227 5007 quoque
3275 4935 3595 4991 transtulit.
3634 4935 3702 4989 Et

2059 5023 2298 5095 pulchre
2330 5025 2411 5079 ait
2444 5042 2456 5078 :
2493 5047 2518 5073 ‹‹
2553 5024 2937 5079 Comminans
2976 5028 3033 5079 et
3079 5022 3407 5079 infrindens
3439 5024 3494 5077 in
3539 5020 3699 5077 omni

2056 5113 2148 5167 die
2178 5134 2205 5161 η
2231 5114 2336 5177 Qui
2368 5113 2522 5167 enim
2558 5118 2792 5185 propter
2817 5112 3161 5183 patientiam
3185 5126 3353 5167 suam
3383 5111 3464 5166 ita
3492 5109 3700 5165 delicta

2060 5218 2171 5257 non
2207 5200 2415 5274 punit:
2451 5201 2616 5273 quasi
2651 5202 2834 5257 iratus
2865 5207 2923 5256 et
2953 5201 3364 5271 comminatus,
3416 5199 3570 5253 diem
3619 5197 3702 5253 ul-

2055 5290 2231 5346 tionis
2265 5295 2577 5363 exspectat,
2624 5297 2690 5346 ut
2740 5294 2895 5345 metu
2946 5288 3198 5360 corrigat
3242 5287 3699 5359 delinquentem.

2054 5380 2463 5451 Exsequamur
2491 5380 2778 5436 ordinem.

2128 5493 2155 5520 «
2190 5472 2569 5526 Convertetur
2616 5454 2781 5523 dolor
2839 5468 2967 5538 ejus
3016 5465 3073 5519 in
3120 5468 3296 5536 caput
3324 5464 3471 5535 ejus,
3502 5486 3531 5515 η
3593 5470 3706 5522 etc.

2057 5558 2358 5623 Quomodo
2391 5557 2438 5614 si
2470 5556 2682 5629 aliquis
2714 5556 2908 5610 mittat
2932 5554 2988 5608 in
3011 5552 3195 5609 altum
3229 5552 3575 5625 lapidem,et
3593 5572 3710 5611 non

2058 5648 2135 5704 sit
2164 5652 2459 5718 cautus,et
2487 5645 2637 5718 lapis
2679 5646 2903 5700 venerit
2934 5643 2991 5697 in
3024 5646 3200 5713 caput
3257 5641 3407 5713 ejus,
3440 5661 3547 5700 suo
3580 5644 3704 5700 vul-

2060 5752 2195 5791 nere
2226 5735 2568 5791 vulneratur
2596 5750 2609 5787 :
2644 5733 2727 5788 sic
2757 5736 2813 5787 et
2841 5728 3110 5787 diabolus
3141 5730 3428 5787 occiditur
3456 5750 3564 5789 sua
3602 5751 3702 5790 su-
