4220 6578
507 442 624 505 887

1997 437 2416 502 APPENDIX.

3797 434 3920 499 888

506 572 725 645 perbia,
759 569 1065 636 exaltatur,
1116 574 1173 627 et
1225 570 1462 627 corruit.
1513 571 1683 628 Modo
1730 569 1983 628 exaltare
2027 570 2151 625 vult
2183 572 2226 638 Α
2264 571 2511 627 necllum
2572 575 2918 645 praesentem
2974 570 3150 626 videt.
3210 569 3425 637 Videbo,
3484 567 3696 639 inquit.
3754 568 3917 623 Tunc

508 667 701 732 caput,
734 664 789 715 et
833 677 946 715 non
984 664 1173 731 potest
1208 677 1219 714 :
1253 661 1529 733 quoniam
1580 664 1947 716 convertatur
1994 660 2157 715 dolor

504 751 631 821 ejus
668 750 725 803 in
769 752 947 820 caput
996 751 1144 817 ejus,
1197 754 1254 803 et
1305 751 1590 820 deprimet
1638 749 1824 803 illum.
1879 748 2157 803 Diabolus

507 839 833 896 secundum
866 838 1128 907 regulam
1163 839 1594 909 Scripturarum
1624 839 1809 893 lectus
1841 842 1929 892 est
1958 837 2017 891 in
2050 838 2155 892 Ge-

510 929 673 994 nesi;
707 929 831 999 ipse
864 932 953 981 est
985 926 1244 992 coluber,
1274 928 1399 997 ipse
1430 944 1690 997 serpens,
1726 927 1824 997 qui
1875 927 2159 996 loqueba-

509 1022 609 1071 tur
636 1017 707 1071 ad
740 1017 914 1071 Evam
950 1033 962 1070 :
1001 1017 1275 1087 quoniam
1308 1021 1466 1069 totus
1495 1021 1657 1069 terrae
1691 1016 1870 1069 haeret
1909 1014 2060 1084 (Gen.
2094 1031 2159 1080 II,

513 1106 630 1175 1-5,
691 1105 799 1175 Ut).
849 1106 1064 1159 Catera
1094 1102 1369 1157 animalia
1402 1102 1535 1157 licet
1564 1102 1863 1157 ambulent
1895 1103 1953 1156 in
1985 1107 2159 1169 terra,

510 1199 710 1249 tamen
744 1209 859 1247 non
892 1208 1063 1247 omne
1089 1208 1299 1263 corpus
1348 1191 1407 1246 in
1459 1196 1613 1246 terra
1654 1193 1859 1262 jacens
1907 1191 2159 1257 habent;

511 1281 647 1337 licet
678 1282 931 1335 habeant
962 1280 1135 1350 pedes
1186 1282 1245 1334 in
1295 1286 1466 1346 terra,
1500 1284 1698 1333 tamen
1731 1279 1903 1334 aliam
1937 1283 2160 1350 partem

512 1370 771 1442 corporis
820 1385 1059 1424 sursum
1112 1368 1347 1423 habent.
1383 1369 1662 1424 Caeterum
1714 1367 2004 1434 diabolus,
2054 1368 2163 1421 hoc

514 1464 622 1527 est,
655 1474 895 1529 serpens
920 1464 977 1513 et
998 1457 1235 1513 coluber
1264 1457 1562 1528 antiquus,
1588 1458 1912 1512 secundum
1947 1457 2156 1510 Isaiam

511 1551 671 1603 totus
720 1547 778 1601 in
830 1552 986 1602 terra
1038 1551 1127 1600 est
1183 1548 1331 1615 (Isai.
1359 1563 1472 1612 xw,
1509 1548 1620 1615 12),
1653 1551 1709 1599 et
1741 1549 1917 1616 caput
1946 1550 2000 1600 et
2032 1545 2163 1599 reli-

515 1654 700 1708 quum
728 1653 940 1708 corpus
975 1636 1194 1705 aequale
1227 1635 1455 1691 habet.«
1484 1635 1821 1689 Revertatur
1851 1634 2016 1689 dolor
2036 1635 2165 1704 ejus

518 1725 578 1780 in
610 1730 789 1795 caput
817 1725 966 1794 ejus,
1000 1729 1056 1778 et
1083 1722 1141 1777 in
1176 1722 1450 1778 verticem
1493 1724 1679 1792 ipsius
1728 1723 2008 1794 iniquitas
2040 1725 2167 1792 ejus

521 1813 852 1867 descendet.
889 1834 909 1860 ι
945 1812 1090 1865 Vide
1120 1811 1219 1881 qui
1253 1811 1409 1865 dicat
1442 1829 1454 1866 :
1490 1816 1546 1865 et
1583 1811 1642 1865 in
1692 1818 1866 1883 caput
1912 1816 2059 1879 ejus,
2113 1816 2169 1865 et

520 1902 583 1956 in
630 1901 903 1955 verticem
940 1899 1166 1970 capitis.
1225 1900 1370 1955 Cum
1421 1906 1615 1954 autem
1666 1900 1946 1970 iniquitas
1996 1904 2171 1971 caput

520 1990 754 2061 premit,
788 1989 886 2043 ubi
918 1994 1006 2044 est
1038 1989 1295 2059 potentia
1327 1988 1584 2044 diaboli?
1614 1988 1727 2045 Iste
1759 1990 1893 2044 finis
1928 1989 2164 2044 diaboli.

595 2102 621 2127 ‹‹
659 2078 994 2133 Revertetur
1022 2076 1188 2132 dolor
1216 2078 1343 2148 ejus
1376 2078 1432 2131 in
1466 2083 1641 2149 caput
1668 2079 1817 2149 ejus,
1853 2082 1909 2132 et
1953 2079 2010 2132 in
2042 2094 2167 2132 ver-

524 2167 695 2222 ticem
728 2166 915 2238 ipsius
944 2165 1229 2238 iniquitas
1260 2168 1388 2237 ejus
1421 2168 1753 2222 descendet.
1777 2186 1805 2219 ι»

590 2278 619 2305 ‹‹
653 2256 982 2311 Contitebor
1012 2255 1258 2311 Domino
1290 2258 1613 2311 secundum
1638 2257 1933 2327 justitiam
1967 2257 2163 2327 ejus.»

519 2346 625 2409 Qui
658 2362 773 2400 non
801 2345 1065 2415 permisit
1094 2345 1369 2400 timentes
1396 2362 1457 2400 se
1488 2346 1765 2417 disperdi.
1785 2347 1888 2400 «Et
1914 2346 2159 2417 psallam

521 2434 747 2489 nomini
812 2433 1037 2488 Domini
1096 2433 1391 2490 altissimi.
1430 2456 1457 2483 »
1490 2434 1597 2500 Qui
1657 2453 1762 2489 nos
1812 2453 1844 2489 a
1890 2433 2166 2490 lamentis

518 2522 772 2579 tristitiae
803 2523 860 2576 in
892 2522 1105 2594 gaudia
1136 2523 1493 2594 sempiterna
1525 2524 1810 2594 perduxit.

1091 2611 1413 2667 PSALMUS
1445 2611 1591 2667 VIII.

520 2703 582 2756 In
611 2700 775 2769 ﬁnem
804 2716 901 2771 pro
933 2701 1325 2765 torcularibus,
1358 2701 1608 2771 psalmus
1636 2700 1823 2755 David.
1878 2702 2020 2755 Tres
2066 2718 2167 2771 pro

591 2771 985 2827 torcularibus
1015 2772 1225 2842 psalmi
1257 2774 1634 2844 diversorum,
1677 2772 1982 2827 hominum
2030 2790 2168 2844 prie-

596 2844 935 2899 scribuntur
992 2859 1005 2895 :
1060 2844 1259 2907 David,
1314 2843 1530 2913 Asaph,
1585 2843 1837 2898 filiorum
1894 2843 2054 2911 Core,
2114 2848 2170 2897 et

598 2915 697 2985 qui
729 2915 798 2968 ad
835 2914 1176 2986 mysterium
1213 2915 1474 2986 Ecclesiae
1526 2915 1834 2985 pertinent,
1869 2921 2169 2985 prOpterea

596 2990 863 3040 octavum
898 2985 954 3039 et
973 2985 1391 3055 octogesimum
1426 3002 1736 3039 numerum
1768 2986 2166 3051 tenentJJuod

595 3062 792 3110 autem
823 3056 1239 3126 octogesimus,
1280 3057 1485 3110 tertius
1531 3061 1825 3110 extremus
1874 3062 1961 3111 est
2011 3058 2167 3127 psal-

596 3144 748 3191 mus,
782 3127 883 3197 qui
917 3144 1019 3197 pro
1050 3126 1442 3182 torcularibus
1502 3134 1873 3197 praenotatur,
1918 3126 2023 3182 hoc
2074 3146 2164 3183 os-

592 3198 779 3253 tendit
820 3198 880 3253 in
928 3198 1207 3253 Trinitate
1236 3204 1668 3254 sacramentum
1727 3200 2167 3255 resurrectionis

594 3269 865 3325 Ecclesiae
894 3269 1196 3324 contineri.

595 3381 622 3409 ‹‹
672 3359 914 3414 Domine
963 3358 1248 3413 Dominus
1299 3364 1513 3414 noster.
1550 3381 1577 3408 ››
1610 3358 1775 3415 Prius
1824 3378 2034 3414 nomen
2066 3366 2166 3415 Do-

526 3448 670 3503 mini
703 3449 856 3520 apud
890 3448 1154 3503 Hebraeos
1187 3453 1439 3519 quatuor
1473 3448 1794 3503 litterarum
1830 3455 1935 3517 est,
1960 3450 2167 3521 jod,he,

521 3555 649 3605 vau,
688 3538 754 3592 he
784 3556 803 3593 :
835 3538 985 3609 quod
1040 3538 1269 3608 proprie
1317 3537 1417 3592 Dei
1468 3538 1814 3593 vocabulum
1868 3544 2037 3594 sonat
2070 3557 2081 3593 :
2118 3545 2174 3593 et

525 3626 642 3698 legi
673 3631 862 3698 potest
894 3642 1047 3690 uno,
1080 3630 1136 3680 et
1166 3626 1383 3680 Hebrzei
1418 3624 1671 3700 ἅρῥητον,
1723 3628 1779 3682 id
1827 3636 1933 3697 est,
1969 3628 2173 3682 inetia-

525 3713 643 3769 bile
686 3714 1020 3785 opinantur.
1064 3715 1396 3769 Secundum
1451 3732 1584 3770 vero
1627 3734 1857 3781 ADONAI,
1909 3719 2171 3772 omnium

529 3817 839 3857 commune
871 3804 959 3856 est
988 3801 1140 3872 quod
1174 3817 1324 3873 stepe
1356 3807 1412 3855 et
1443 3802 1499 3855 in
1532 3802 1869 3858 hominibus
1916 3803 2171 3873 ponitur.

534 3910 563 3939 «
598 3890 779 3953 Quam
815 3890 1158 3945 admirabile
1205 3896 1293 3944 est
1344 3906 1551 3945 nomen
1586 3896 1752 3946 tuum
1806 3891 1860 3945 in
1907 3891 2176 3947 universa

529 3981 703 4034 terra.
732 4001 758 4026 »
791 3979 951 4043 Quod
986 3995 1087 4050 pro
1119 3978 1287 4034 nobis
1321 3979 1492 4033 homo
1527 3980 1713 4035 factus
1745 3981 1986 4049 es,quod
2026 3997 2175 4035 mor-

529 4070 689 4134 tuus,
742 4067 896 4140 quod
947 4067 1335 4133 resurrexisti,
1389 4067 1445 4121 in
1497 4068 1726 4124 cunctis
1770 4069 2043 4140 gentibus
2087 4075 2177 4124 est

528 4156 856 4226 vulgatum.
894 4198 899 4203 .

603 4268 629 4295 ‹‹
665 4245 948 4310 Quoniam
1001 4245 1218 4301 elevata
1272 4255 1358 4300 est
1406 4246 1842 4317 magnificentia
1873 4251 1971 4301 tua
2001 4263 2178 4317 super

531 4333 727 4390 ccelos.
785 4357 812 4384 »
864 4336 1023 4400 Quod
1088 4338 1218 4405 post
1264 4335 1749 4389 resurrectionem
1809 4334 1984 4390 oculos
2039 4352 2175 4391 cum

527 4423 829 4495 triumpho
865 4424 1060 4495 gloriae
1083 4422 1499 4477 conscendisti.

602 4533 631 4560 «
664 4512 744 4565 Ex
773 4527 869 4567 ore
900 4511 1212 4566 infantium
1245 4516 1301 4564 et
1332 4510 1667 4565 lactentium
1722 4512 2007 4582 perfecisti
2052 4512 2176 4568 lau-

531 4600 685 4654 dem.
723 4621 751 4649 ››
801 4599 957 4654 Licet
1007 4615 1108 4670 per
1157 4600 1449 4654 seniorum
1498 4600 1914 4670 prophetarum
1965 4603 2175 4657 doctri-

530 4705 691 4752 nam,
722 4688 907 4743 multa
937 4687 1056 4743 sint
1086 4705 1213 4758 quze
1245 4689 1474 4743 Domini
1507 4690 1843 4745 contineant
1872 4690 2103 4746 laudem
2159 4711 2172 4748 :

526 4781 725 4833 tamen
758 4776 916 4832 hunc
942 4777 1294 4832 versiculum
1347 4778 1404 4832 in
1454 4778 1764 4850 Evangelio
1817 4780 2174 4851 completum

529 4866 655 4937 ipse
687 4865 972 4922 Dominus
1019 4883 1147 4921 esse
1194 4866 1470 4933 declarat,
1505 4866 1886 4923 clamantibus
1923 4869 2115 4940 pueris
2160 4887 2172 4926 :

532 4958 752 5012 Osanna
797 4954 921 5025 ﬁlio
969 4957 1149 5011 David
1198 4956 1404 5027 (Matth.
1456 4973 1569 5021 χχι,
1616 4957 1699 5023 15,
1738 4957 1847 5027 16.)
1883 4981 1904 5008 »
1945 4958 2183 5029 Propter

529 5045 800 5101 inimicos
838 5050 990 5103 tuos.
1024 5068 1051 5095 »
1087 5046 1166 5100 Ad
1202 5045 1603 5100 confusionem
1652 5045 2010 5101 Judzeorum.
2045 5070 2071 5095 ‹‹
2110 5046 2181 5101 Ut

529 5136 799 5190 destruas
832 5135 1138 5189 inimicum
1179 5138 1234 5188 et
1279 5133 1549 5197 ultorem,
1594 5157 1612 5180 ιι
1667 5132 2025 5200 haareticum,
2078 5136 2177 5205 qui

530 5240 665 5278 cum
698 5224 960 5296 nequitia
989 5240 1096 5278 sua
1125 5222 1434 5295 impugnat
1482 5222 1821 5287 Ecclesiam,
1871 5223 2179 5277 defendere

529 5330 656 5368 eam
686 5318 882 5369 tamen
914 5312 1242 5367 assimulet.

608 5421 630 5451 ι
663 5401 948 5465 Quoniam
980 5401 1183 5456 videbo
1236 5400 1411 5456 caelos
1455 5392 1649 5471 opera'
1678 5399 1995 5470 digitorum
2047 5407 2173 5455 tuo-

531 5506 684 5544 rum.
722 5514 742 5539 »
780 5491 964 5545 leos
997 5491 1329 5561 Scripturas
1362 5488 1743 5561 intelligimus
1765 5496 2018 5556 sanctas;
2049 5507 2175 5562 qua)

532 5594 636 5647 per
683 5580 779 5632 Dei
829 5580 1101 5651 digitum,
1153 5579 1261 5634 hoc
1310 5582 1419 5645 est,
1450 5595 1553 5647 per
1582 5576 1865 5649 Spiritum
1901 5585 2171 5633 sanctum

534 5668 674 5719 sunt
703 5664 956 5735 prolata}.
985 5690 1012 5716 «
1045 5668 1329 5730 Quoniam
1358 5666 1562 5720 videbo
1595 5666 1767 5719 caelos
1812 5683 1985 5737 opera
2025 5669 2172 5739 digi-

534 5751 727 5806 lorum
753 5756 1007 5810 tuorum.
1040 5778 1069 5804 »
1113 5757 1221 5819 Qui
1267 5772 1327 5809 se
1371 5756 1634 5809 visurum
1685 5771 1813 5809 esse
1860 5757 2189 5827 promittit,.

2267 661 2421 714 enim
2456 661 2631 717 etiam
2651 662 2933 717 rationem
2957 661 3146 731 operis
3173 660 3301 727 eius
3323 674 3681 728 cursumque
3702 674 3919 729 cogno-

2268 766 2446 803 scam.
2479 752 2660 805 Aliter
2688 751 2844 805 videt.
2875 752 3234 821 gubernator
3262 748 3454 803 navim
3490 764 3503 800 ε
3539 746 3708 801 aliter
3731 748 3919 801 medi-

2269 854 2373 892 cus
2404 845 2796 907 aegrotantem,
2831 839 2997 893 aliter
3027 838 3313 909 picturam
3347 836 3552 907 pictor,
3586 852 3764 906 quam
3806 837 3916 891 im-

2268 927 2587 996 peritorum
2616 928 2790 982 rudes
2820 926 2991 981 oculi.
3028 949 3048 975 ι
3085 927 3309 980 Lunam
3340 930 3399 979 et
3428 924 3631 979 stellas
3678 941 3808 995 qua:
3856 930 3920 979 tu

2271 1016 2552 1069 fundasti.
2590 1038 2617 1064 »
2655 1016 2990 1079 Eeclesiam,
3014 1016 3101 1069 vel
3134 1016 3399 1069 doctores
3430 1014 3579 1083 ejus.

2342 1126 2371 1152 «
2406 1105 2550 1169 Quid
2586 1111 2675 1159 est
2704 1104 2879 1159 homo
2912 1105 3066 1174 quod
3101 1119 3325 1158 memor
3372 1119 3434 1157 es
3479 1102 3648 1172 ejus?
3682 1124 3710 1151 ››
3743 1103 3925 1167 Quale

2272 1193 2545 1246 meritum
2584 1198 2699 1248 stat
2730 1193 3005 1257 hominis,
3040 1197 3104 1245 ut
3134 1206 3361 1245 memor
3398 1192 3523 1260 ejus
3569 1192 3777 1255 factus,
3815 1207 3918 1262 pro

2273 1282 2401 1349 ejus
2451 1282 2850 1352 redemptione
2903 1279 3193 1352 suscipias
3236 1295 3491 1333 carnem.
3528 1302 3548 1329 ι
3584 1282 3698 1333 Aut
3744 1280 3924 1334 Pilius

2273 1367 2550 1431 hominis,
2585 1370 2859 1439 quoniam
2894 1370 3097 1423 visitas
3128 1368 3301 1422 eum?
3333 1388 3361 1416 ‹‹
3394 1366 3574 1421 Filius
3623 1367 3744 1434 Dei,
3798 1369 3919 1423 fac-

2272 1459 2371 1510 tus
2428 1463 2515 1511 est
2550 1458 2726 1512 Filius
2761 1459 3016 1511 hominis
3054 1474 3066 1511 :
3101 1457 3159 1511 id
3190 1461 3297 1517 est,
3327 1455 3503 1510 Filius
3525 1456 3770 1526 virginis
3803 1458 3919 1511 Ma-

2275 1544 2370 1599 riae
2404 1561 2417 1600 :
2452 1547 2550 1616 qui
2584 1547 2836 1601 visitavit
2863 1563 3074 1618 corpus
3106 1544 3454 1600 humilitatis
3496 1550 3731 1611 nostrae,
3763 1547 3920 1617 quod

2277 1650 2579 1689 assumere
2610 1641 2697 1690 est
2728 1636 3027 1705 dignatus.

2354 1723 2703 1778 «Minorasti
2760 1741 2893 1779 eum
2953 1723 3124 1794 paulo
3184 1722 3381 1777 minus
3439 1723 3514 1777 ab
3574 1723 3819 1793 angelis.
3853 1725 3919 1779 In

2277 1811 2514 1865 Hebrzeo
2549 1830 2649 1883 pro
2681 1830 2746 1867 eo
2779 1813 2930 1884 quod
2963 1818 3072 1876 est,
3101 1814 3169 1865 ab
3209 1813 3441 1879 angelis,
3495 1813 3594 1883 qui
3646 1814 3925 1867 dicuntur

2278 1902 2598 1969 Mannum,
2630 1903 2799 1956 Deum
2832 1902 3026 1967 habet,
3071 1901 3180 1955 hoc
3230 1907 3318 1955 est
3370 1902 3610 1955 Emam.
3645 1901 3809 1957 Hunc
3840 1901 3922 1956 lo-

2279 2006 2411 2043 cum
2443 1992 2756 2061 Apostolus
2788 1992 2845 2044 in
2880 1989 3135 2060 Epistola
3166 1991 3236 2044 ad
3272 1990 3538 2045 lIebratos
3561 2007 3738 2061 super
3756 1991 3922 2045 Chri-

2279 2084 2369 2133 sto
2396 2079 2809 2149 interpretatur
2838 2080 3026 2150 (llcbr.
3081 2096 3143 2145 ιι,
3194 2082 3251 2145 6,
3293 2081 3370 2147 7).
3426 2102 3453 2127 ‹‹
3504 2079 3699 2134 Gloria
3728 2084 3784 2134 et
3814 2079 3924 2134 ho-

2281 2184 2418 2223 nore
2443 2170 2732 2223 coronasti
2764 2167 3192 2234 eum.»Gloria,
3220 2184 3355 2222 cum
3388 2168 3446 2223 in
3480 2170 3606 2239 ejus
3637 2168 3919 2224 descensu

2276 2255 2447 2311 inferi
2479 2257 2843 2323 claruerunt;
2882 2258 3117 2323 honore,
3166 2273 3299 2311 cum
3350 2256 3486 2311 vicit
3516 2263 3795 2324 mortem;
3828 2274 3923 2312 co-

2279 2363 2439 2413 rona,
2475 2364 2607 2400 cum
2643 2348 3043 2401 circumdatus
3085 2352 3422 2401 sanctorum
3470 2347 3665 2413 choro,
3715 2347 3927 2401 trium-

2282 2434 2474 2505 phans
2504 2436 2676 2489 rediit
2707 2453 2774 2491 ex
2804 2436 3049 2490 inferno.
3088 2458 3113 2485 ‹‹
3146 2437 3211 2490 Et
3245 2436 3602 2491 constituisti
3640 2451 3773 2490 eum
3823 2453 3922 2491 su-

2278 2541 2380 2595 per
2409 2542 2603 2594 opera,
2636 2546 2663 2574 »
2698 2530 2805 2579 etc.
2860 2524 2929 2578 Ut
2978 2525 3097 2578 sint
3141 2526 3190 2578 ei
3243 2524 3507 2593 subjecta
3555 2528 3763 2595 praeter
3789 2540 3924 2579 eum

2277 2613 2374 2683 qui
2409 2612 2510 2667 illa
2542 2612 2653 2667 sibi
2688 2613 2957 2682 subjecit.

2352 2725 2377 2751 ‹‹
2410 2702 2617 2757 Omnia
2648 2703 2948 2773 subjecisti
2985 2702 3231 2773 pedibus
3260 2702 3407 2771 ejus.
3463 2723 3490 2750 »
3529 2701 3673 2756 Cum
3722 2703 3924 2757 ascen-

2278 2792 2437 2845 deret
2468 2793 2538 2845 ad
2574 2791 2769 2845 caelos.
2804 2814 2829 2840 «
2866 2794 3010 2845 Oves
3054 2795 3110 2845 et
3154 2791 3328 2845 boves
3372 2790 3692 2845 universas.
3726 2813 3754 2841 «
3787 2792 3926 2845 Ani-

2279 2896 2405 2934 mas
2438 2885 2691 2946 sanctas,
2727 2882 2979 2934 fructum
3026 2879 3368 2933 innocentia:
3420 2886 3743 2951 Operantes.
3773 2903 3799 2928 ‹‹
3836 2880 3928 2934 ln-

2278 2975 2535 3039 superet
2567 2986 2772 3039 pecora
2820 2968 3031 3038 campi.
3083 2990 3110 3017 »
3162 2968 3454 3024 Inferioris
3505 2969 3694 3023 meriti
3744 2968 3930 3023 homi-

2277 3074 2400 3112 nes.

2350 3170 2375 3195 ι(
2410 3144 2689 3200 Volueres
2720 3145 2869 3200 coeli.
2905 3171 2926 3197 ι
2966 3146 3073 3211 Qui
3106 3162 3206 3217 per
3232 3147 3588 3218 superbiam,
3644 3146 3926 3217 iniquita-

2276 3240 2389 3290 tem
2426 3235 2481 3288 in
2516 3234 2738 3289 excelso
2770 3234 3113 3305 loquuntur.
3154 3258 3172 3283 α
3214 3239 3282 3289 Et
3330 3236 3518 3307 pisces
3568 3235 3767 3303 maris,
3820 3236 3931 3306 qui

2197 3311 2240 3378 C
2284 3322 2691 3393 perambulant
2721 3324 2963 3377 semitas
2995 3323 3195 3377 maris.
3234 3346 3254 3373 ι
3290 3323 3400 3389 Qui
3434 3340 3531 3395 per
3562 3324 3802 3379 nimiam
3834 3340 3936 3379 cu-

2284 3413 2602 3467 riositatem
2638 3429 2750 3466 non
2783 3412 3245 3482 contemplantes
3268 3411 3544 3482 coelestia,
3571 3412 3720 3467 inter
3748 3412 3934 3483 hujus

2284 3502 2475 3557 SiUCUll
2514 3502 2728 3555 fluctus
2761 3507 2969 3572 putant
3001 3518 3128 3555 esse
3160 3503 3337 3555 vitam
3368 3507 3662 3557 aeternam.

2357 3614 2381 3637 ‹‹
2436 3590 2680 3645 Domine
2726 3589 3009 3643 Dominus
3070 3595 3286 3657 noster,
3348 3606 3524 3661 quam
3584 3589 3933 3646 admirabile

2284 3684 2390 3746 est,
2428 3701 2455 3728 »
2486 3684 2595 3732 etc.
2625 3678 2705 3733 De
2737 3678 3096 3733 beatitudine
3136 3678 3362 3750 incipit,
3395 3677 3481 3733 vel
3531 3678 3602 3734 de
3649 3679 3839 3749 laude,
3872 3684 3935 3734 et

2284 3767 2343 3821 in
2398 3766 2630 3821 laudem
2691 3767 3058 3821 terminatur.
3094 3770 3212 3821 Hoc
3270 3767 3594 3821 admiratur
3652 3766 3931 3833 Ecclesia,

2284 3855 2575 3926 quomodo
2609 3857 2794 3909 sancti
2824 3854 3133 3909 voluntarii
3168 3872 3268 3925 pro
3302 3855 3536 3910 nomine
3584 3854 3795 3910 Christi
3830 3873 3934 3927 pa-

2282 3945 2530 4013 tiuntur,
2587 3942 2673 3997 vel
2734 3944 3023 4013 quomodo
3082 3960 3290 3998 sumus
3347 3960 3550 3999 omnes
3600 3949 3932 4000 aCreatore

2285 4034 2488 4089 mundi
2514 4034 2819 4104 redempti.

2880 4121 3207 4177 PSALMUS
3249 4120 3339 4176 IX.

2284 4196 2345 4249 In
2377 4194 2545 4265 finem
2591 4209 2695 4265 pro
2737 4193 3073 4247 absconditis
3109 4194 3235 4262 lilii,
3267 4193 3512 4265 psalmus
3542 4194 3735 4249 David.
3778 4194 3938 4249 Licet

2357 4263 2725 4335 Aquila'pro
2778 4265 3103 4317 absconditis
3160 4266 3289 4333 ﬁlii,
3348 4264 3769 4335 adolescentiam
3827 4268 3940 4335 ﬁlii

2360 4334 2657 4409 posuerit:
2683 4342 2874 4409 tamen
2901 4337 3200 4389 sciendum
3226 4336 3283 4390 in
3315 4337 3545 4409 Bebrmo
3588 4334 3803 4409 haberi,
3828 4334 3937 4409 pro

2358 4416 2527 4461 morte
2557 4408 2682 4477 ﬁlii.
2717 4408 2976 4478 Denique
3006 4412 3061 4461 et
3089 4408 3473 4478 Symmachus
3516 4410 3571 4461 in
3624 4408 3778 4462 hunc
3810 4426 3937 4464 mo-

2361 4480 2499 4532 dum
2535 4479 2855 4545 transtulit,
2888 4496 2985 4549 pro
3019 4482 3244 4532 victoria
3273 4480 3337 4531 de
3369 4484 3539 4533 morte
3580 4480 3708 4548 lilii.
3753 4480 3939 4537 Totus

2361 4550 2539 4619 igitur
2572 4550 2834 4620 psalmus
2870 4550 3377 4622 pertropologiam
3411 4550 3721 4622 adLhristi
3758 4551 3935 4622 perti-

2361 4628 2456 4675 net
2487 4628 2941 4694 sacramentum.
2961 4620 3121 4675 Unde
3150 4628 3206 4675 et
3236 4621 3617 4692 Septuaginta
3650 4620 3936 4694 interpre-

2358 4698 2464 4757 tes,
2498 4694 2709 4746 Christi
2762 4693 3093 4764 passionem
3144 4697 3201 4748 et
3248 4694 3753 4760 resurrectionem,
3802 4693 3937 4764 quae

2360 4765 2558 4835 ignota
2582 4765 2742 4834 prius
2766 4765 2984 4817 mundo
3008 4763 3243 4835 l'uit,per
3266 4764 3507 4835 verbum
3533 4763 3936 4820 abseonsiOnis

2360 4834 2545 4889 celare
2576 4836 2981 4899 voluerunt,ne
3004 4852 3035 4888 a
3058 4834 3329 4906 gentibus
3362 4834 3458 4888 illo
3490 4840 3747 4906 tempore
3770 4837 3937 4891 facile

2367 4912 2719 4979 nosceretur.
2756 4906 2855 4979 llic
2905 4907 2974 4959 de
3022 4907 3132 4960 isto
3183 4905 3300 4979 tilio
3350 4907 3504 4979 quod
3546 4905 3816 4978 superius
3846 4909 3935 4961 di-

2362 4978 2464 5041 xit,
2502 4994 2613 5030 non
2651 4979 2718 5030 de
2752 4978 2847 5031 illo
2884 4978 3000 5031 lilio
3034 4977 3694 5033 secundum‘historiam
3736 4980 3937 5046 David,

2362 5049 2417 5101 id
2453 5053 2541 5102 est
2570 5050 2887 5103 Abessalon
2922 5048 3063 5102 dicit
3096 5067 3107 5103 :
3141 5052 3310 5117 cujus
3341 5066 3516 5120 opera
3547 5067 3659 5105 non
3691 5051 3936 5119 occulta,

2363 5120 2459 5172 sed
2499 5122 2813 5192 manifesta
2844 5127 2900 5173 et
2934 5120 3103 5192 mala;
3130 5122 3363 5174 fuerunt
3410 5126 3611 5192 contra
3660 5128 3882 5192 patrem
3918 5141 3932 5178 :

2362 5192 2461 5244 sed
2498 5191 2603 5245 hoc
2635 5194 2703 5245 de
2739 5191 3044 5259 Unigmiito
3078 5190 3175 5245 Dei
3201 5192 3382 5263 patris
3412 5190 3774 5262 intelligitur.
3809 5194 3935 5248 Sei-

2363 5279 2493 5316 mus
2524 5263 2690 5327 duos,
2726 5264 3029 5325 adventus,
3085 5263 3340 5332 primum
3387 5269 3443 5317 et
3491 5265 3832 5319 secundum.
3869 5270 3933 5321 In

2404 5335 2549 5387 rimo
2585 5336 2858 5399 adventu,
2892 5340 2946 5387 et
2979 5334 3326 5389 manifestus
3356 5339 3413 5388 et
3441 5335 3704 5390 occultus
3752 5336 3930 5391 venit.

2422 5406 2707 5460 anil'estus
2738 5421 2929 5469 carne,
2975 5409 3030 5457 e't
3074 5405 3341 5460 occultus
3385 5406 3707 5462 divinitate.
3760 5408 3823 5461 Et
3873 5411 3931 5462 in

2359 5478 2612 5530 secundo
2646 5478 2916 5539 adventu,
2949 5483 3005 5529 et
3036 5477 3300 5531 occultus
3350 5485 3405 5531 et
3457 5480 3803 5533 manitestus
3834 5496 3931 5534 ve-

2359 5548 2798 5619 niet.0ccultus,
2834 5549 2969 5616 quia
2994 5548 3286 5602 nescimus
3308 5548 3462 5602 diem
3487 5566 3672 5619 neque
3698 5550 3924 5603 horam.

2357 5618 2717 5677 Manifestus,
2754 5620 2889 5687 quia
2923 5619 3137 5671 videbit
3175 5635 3306 5673 eum
3358 5621 3551 5675 omnis
3581 5618 3806 5675 oculus.
3861 5623 3927 5675 Et

2355 5690 2466 5743 alio
2500 5692 2670 5761 modo
2702 5689 2984 5761 occultus,
3011 5691 3149 5761 quia
3180 5691 3476 5747 nescimus
3505 5692 3794 5747 occultum
3818 5693 3922 5761 ju~

2353 5761 2570 5814 dieium
2604 5760 2701 5815 Dei
2737 5776 2750 5815 :
2784 5760 2891 5814 hoc
2921 5760 3200 5831 est,’quia
3228 5763 3514 5831 repudiati
3546 5768 3685 5818 sunt
3710 5764 3921 5828 Judzei,
