4220 6604
337 496 458 558 889

1549 494 2050 561 BREVIARIUM
2092 496 2174 558 IN
2218 496 2606 558 PSALMOS.

3622 491 3742 557 890

413 628 607 701 electae
640 630 777 683 sunt
805 631 1027 700 gentes.
1061 626 1281 683 Aliter:
1306 624 1585 684 Videmus
1616 635 1849 685 sanctos
1880 631 1983 685 tri-
2016 632 2064 696 Α
2098 630 2555 685 infirmabuntur
2575 630 2603 685 ?
2625 628 2766 701 quia
2783 627 2949 701 prius
2972 627 3150 684 fortes
3169 629 3336 683 erant
3356 630 3592 699 propter
3615 646 3740 699 pec-

415 699 625 761 hulari,
680 703 736 754 et
785 699 1081 755 nescimus
1112 717 1182 755 an
1217 717 1320 770 pro
1360 702 1719 772 probatione,
1762 719 1834 756 an
1882 719 1982 772 pro

413 772 838 853 emendatione,
874 772 1036 853 ιιι.ᾳά
1055 773 1279 853 ‘melius
1305 777 1528 827 crescat
1552 789 1754 853 eorum
1776 773 1980 853 gloria.

414 842 690 914 Videmus
718 842 863 897 alios
893 842 1181 913 tribulari,
1217 860 1467 913 quorum
1527 862 1695 914 pccua
1745 842 1837 899 hic
1895 845 1982 898 in-

408 914 567 996 cipit,
594 917 649 967 et
682 913 736 996 in
775 914 1134 996 futuro-cum
1168 916 1311 996 ipsis
1343 913 1661 996 permanet.
1703 915 1984 996 Videmus

406 983 553 1039 alios
584 1000 689 1038 nec
719 984 1011 1068 tribulari,
1048 1001 1151 1039 nec
1178 983 1456 1068 injuriam
1481 987 1597 1068 pati
1632 1004 1644 1041 :
1678 987 1777 1068 sed
1810 1003 1982 1068 sanos

405 1071 666 1126 corpore,
720 1055 923 1110 laetitia
975 1058 1279 1127 temporali
1339 1055 1615 1112 omnibus
1663 1058 1982 1112 abundare.

406 1127 508 1182 lsti
545 1127 693 1181 tales
725 1127 1032 1198 periculosi
1086 1133 1259 1182 sunt:
1313 1129 1453 1198 quia
1503 1128 1796 1183 credimus
1828 1130 1982 1197 quod

410 1198 570 1272 ipsos
602 1202 753 1253 Deus
781 1216 892 1253 non
924 1198 1139 1272 visitat,
1163 1198 1275 1272 qui
1309 1217 1423 1254 non
1474 1204 1614 1254 sunt
1661 1200 1819 1272 digni
1849 1199 1982 1272 visi-

408 1270 538 1341 tari,
574 1273 639 1323 ut
696 1271 1071 1341 postmodum
1127 1270 1251 1324 sine
1313 1273 1424 1325 line
1484 1270 1823 1341 puniantur.
1869 1270 1984 1336 _Iste

408 1339 674 1413 psalmus
701 1339 861 1395 totus
911 1340 969 1413 in
1011 1357 1257 1412 persona
1306 1339 1569 1397 Ecclesiae
1602 1358 1703 1413 per
1731 1342 1982 1413 prophe-

408 1412 633 1489 tam‘de
662 1412 871 1467 Anticb
883 1412 1022 1467 risto
1052 1417 1339 1467 cantatur.

414 1534 437 1564 ι
470 1518 798 1573 Confitebor
842 1519 968 1588 tibi,
1021 1520 1282 1587 Domine,
1319 1542 1346 1568 »
1379 1524 1488 1575 etc.
1544 1519 1667 1575 Vox
1697 1519 1983 1574 Ecclesim.

335 1604 514 1659 Trina
543 1606 831 1662 confessio
889 1608 981 1661 hic
1041 1612 1245 1662 sonat:
1311 1608 1366 1661 id
1427 1612 1534 1673 est,
1588 1611 1983 1680 peccatorum,

333 1697 677 1765 martyrum,
749 1697 1190 1751 confessorum:
1263 1698 1583 1769 gratiarum
1643 1698 1814 1764 actio,
1865 1698 1985 1753 sive

332 1781 481 1852 laus,
539 1788 604 1838 ut
661 1784 718 1838 in
774 1785 1117 1857 Evangelio:
1178 1788 1457 1856 Conﬁteor
1516 1788 1635 1851 tibi,
1693 1790 1859 1842 Pater
1883 1787 1982 1841 Do-

331 1872 481 1925 mine
510 1873 630 1926 caeli
659 1876 709 1927 et
740 1881 903 1930 terra?
933 1873 1139 1945 (Matth.
1176 1892 1252 1941 x1,
1338 1876 1416 1943 5),
1466 1880 1521 1930 et
1570 1876 1663 1930 hic
1714 1876 1869 1931 trina
1896 1875 1983 1930 di-

334 1958 502 2014 lectio
536 1960 922 2032 intelligitur:
959 1963 1011 2017 id
1048 1968 1156 2032 est,
1207 1963 1417 2035 diliges
1446 1965 1759 2018 Dominum
1798 1966 1980 2019 Deum

331 2051 501 2103 tuum
533 2066 599 2102 ex
630 2054 751 2104 toto
782 2051 952 2105 corde
982 2055 1082 2107 tuo
1111 2069 1122 2106 :
1153 2057 1209 2108 et
1264 2069 1331 2107 ex
1380 2058 1497 2107 tota
1536 2054 1733 2108 anima
1771 2058 1890 2118 tua,
1925 2057 1980 2108 et

331 2152 399 2190 ex
431 2138 567 2193 totis
597 2138 819 2193 viribus
849 2140 966 2194 tuis
1001 2141 1220 2211 (Matth.
1274 2160 1377 2207 xu,
1434 2144 1544 2213 37).
1589 2142 1838 2197 Narrabo
1863 2160 1977 2197 om-

331 2227 433 2279 nia
460 2227 743 2282 mirabilia
776 2231 891 2283 tua.
926 2231 1227 2293 Quomodo
1259 2231 1420 2296 dicit,
1457 2248 1517 2286 se
1548 2231 1747 2286 omnia
1796 2232 1978 2286 mira-

330 2312 469 2367 bilia
502 2315 599 2368 Dei
632 2332 867 2371 narrare
894 2332 905 2370 :
944 2317 1083 2387 quia
1113 2316 1312 2373 nullus
1344 2319 1517 2374 homo
1551 2324 1742 2391 potest
1766 2337 1871 2376 nec
1901 2320 1980 2373 vi-

330 2401 485 2466 dere,
510 2419 614 2457 nec
641 2404 1128 2475 comprehendere
1158 2406 1341 2461 Deum
1363 2407 1391 2461 ?
1441 2407 1586 2461 Nam
1637 2408 1835 2462 omnia
1866 2408 1977 2462 mi-

325 2490 533 2545 rabilia
563 2492 661 2546 Dei
687 2492 734 2547 si
768 2510 1003 2548 narrare
1031 2494 1281 2550 velimus
1329 2496 1691 2567 impossibile
1722 2501 1827 2551 est.
1862 2497 1977 2551 Cur

324 2595 439 2633 non
474 2597 788 2651 possumus
812 2582 839 2636 ?
869 2584 1009 2653 quia
1040 2583 1153 2639 alio
1188 2584 1309 2639 loco
1369 2585 1545 2639 dicit:
1596 2586 1975 2641 Pronuntiabo

325 2669 511 2722 omnia
531 2669 757 2738 judicia
789 2670 962 2741 (Psal.
995 2688 1196 2740 cxvm,
1242 2672 1351 2742 13).
1405 2674 1517 2727 Nec
1562 2674 1759 2745 ipsum
1788 2679 1976 2744 potest

325 2756 513 2811 facere.
546 2757 739 2813 homo.
775 2761 1074 2824 Quomodo
1107 2776 1222 2814 non
1252 2762 1491 2832 potest?
1522 2762 1660 2833 quia
1689 2762 1975 2818 Dominus

326 2844 503 2900 dicit:
540 2848 735 2901 Omnia
766 2864 1109 2921 quwcunque
1151 2851 1351 2905 audiri
1382 2868 1417 2905 α
1452 2855 1613 2906 Patre
1657 2868 1794 2920 meo,
1846 2856 1973 2906 nota

324 2935 433 3002 feci
464 2935 611 2988 vobis
640 2937 798 3003 (Joan
843 2955 931 3003 xv,
996 2939 1104 3009 15).
1168 2940 1276 2993 Sed
1333 2955 1513 3010 quare
1570 2955 1681 2994 non
1719 2941 1975 2996 narravit

326 3022 480 3077 diem
508 3025 738 3094 judicii,
768 3027 867 3081 sed
906 3026 1086 3082 dixit:
1121 3030 1237 3083 Non
1283 3038 1361 3083 est
1390 3032 1625 3083 vestrum
1660 3045 1812 3083 nosse
1842 3037 1973 3085 tem-

322 3127 459 3182 pora
492 3114 573 3167 vel
603 3121 898 3182 momenta,
932 3133 1052 3187 quae
1088 3122 1246 3172 Pater
1268 3120 1459 3189 posuit
1494 3120 1551 3173 in
1589 3135 1691 3177 sua
1718 3122 1975 3189 potestate

325 3200 459 3271 (Act.
494 3219 532 3261 ι.
558 3202 666 3272 7)?
694 3204 802 3257 Sed
842 3204 896 3257 in
932 3204 1038 3259 hoc
1088 3205 1330 3260 solvitur
1379 3207 1497 3261 haec
1551 3208 1793 3278 quaestio
1838 3223 1970 3262 cum

326 3290 650 3361 subjunxit,
686 3293 1168 3362 omniajudicia:
1206 3299 1406 3366 postea
1467 3294 1622 3363 dicit,
1684 3297 1803 3351 oris
1842 3297 1968 3365 tui;

2096 724 2224 774 cata
2274 724 2507 774 nostra:
2560 719 2659 773 sed
2713 718 2886 773 modo
2936 716 3248 771 infirmitas
3305 716 3401 771 Dei
3453 733 3558 772 nos
3608 718 3742 772 fecit

2096 808 2295 873 fortes,
2320 812 2377 862 et
2406 808 2538 862 illos
2571 808 2836 862 infirmos
2862 824 2874 861 :
2902 808 2966 860 ut
3015 805 3154 860 dicit
3203 803 3553 876 Apostolus:
3585 805 3738 875 Quod

2095 897 2388 967 infirmum
2409 905 2487 952 est
2505 898 2622 965 Dei,
2644 897 2845 966 fortius
2864 898 2943 951 est
2970 894 3288 950 hominibus
3319 895 3368 965 (1
3400 894 3518 949 Cor.
3556 913 3593 964 ι,
3621 896 3733 967 25).

2169 1007 2196 1035 ‹‹
2227 985 2511 1047 Quoniam
2547 984 2729 1039 fecisti
2751 984 3041 1053 judicium
3079 1000 3295 1038 meum.
3331 1005 3358 1033 »
3392 987 3517 1039 Vox
3546 983 3735 1039 Eccle‘

2095 1073 2214 1137 sise,
2249 1090 2313 1128 ac
2344 1074 2390 1127 si
2421 1074 2614 1128 dicat:
2652 1076 2860 1145 Aperte
2891 1077 3091 1144 gentes
3123 1071 3372 1144 elegisti,
3424 1077 3482 1129 et
3504 1073 3737 1129 Judaeos

2095 1161 2440 1231 reprobasti.
2474 1162 2716 1227 Quando
2764 1160 2921 1227 dicit,
2963 1160 3255 1232 judicium
3310 1177 3546 1229 meum;
3582 1181 3610 1211 »
3643 1161 3737 1216 hic

2095 1253 2335 1321 apparet
2365 1250 2519 1321 quod
2556 1249 2808 1306 Ecclesia
2837 1266 2906 1306 ex
2934 1249 3210 1323 gentibus
3239 1251 3418 1306 venit.
3445 1272 3473 1300 ‹‹
3506 1251 3577 1305 Et
3606 1267 3739 1306 cau-

2095 1355 2220 1393 sam
2254 1355 2528 1394 meam.»
2577 1345 2657 1394 Ac
2703 1339 2751 1393 si
2802 1339 2959 1394 dicat
3006 1338 3279 1409 Ecclesia,
3326 1339 3590 1395 Causasti
3633 1356 3736 1411 pro

2097 1443 2188 1481 me
2215 1432 2418 1483 contra
2446 1428 2829 1495 adversarios,
2863 1432 2920 1483 et
2948 1427 3255 1482 vindicasti
3289 1443 3420 1495 me;
3454 1432 3510 1482 et
3552 1428 3737 1483 fecisti

2096 1532 2333 1571 causam
2365 1533 2553 1571 meam
2589 1516 2826 1571 bonam.
2860 1538 2888 1566 «
2922 1515 3135 1572 Sedisti
3166 1532 3343 1588 super
3371 1515 3671 1572 thronum.
3704 1538 3733 1566 »

2098 1605 2370 1659 Thronus
2394 1605 2656 1660 Graecum
2690 1610 2800 1673 est,
2863 1605 3062 1660 Latine
3118 1605 3324 1660 sedes:
3386 1604 3523 1676 quia
3553 1621 3733 1660 unus-

2097 1694 2346 1766 quisque
2379 1700 2618 1750 sanctus
2649 1694 2816 1749 sedes
2848 1694 2944 1749 Dei
2976 1698 3102 1749 est:
3136 1697 3201 1748 ut
3243 1694 3367 1765 ipse
3415 1694 3514 1749 ait.
3550 1716 3577 1743 «
3612 1695 3734 1750 Cte-

2095 1782 2217 1837 lum
2252 1782 2395 1838 mihi
2418 1784 2586 1839 sedes
2608 1788 2695 1838 est
2727 1804 2754 1835 (ι
2782 1784 2910 1855 (Isa.
2945 1800 3094 1851 LXVI,
3128 1783 3202 1853 1),
3235 1783 3305 1837 Et
3335 1781 3472 1838 alibi
3498 1798 3510 1837 :
3534 1783 3737 1839 Anima

2085 1874 2228 1944 justi
2255 1870 2409 1927 sedes
2438 1875 2517 1928 est
2546 1874 2844 1944 sapientia
2891 1871 3040 1943 (Sep.
3101 1888 3202 1934 vn,
3254 1872 3363 1943 12).
3404 1871 3554 1926 Dicit
3582 1888 3735 1928 unus

2094 1961 2340 2018 thronus
2374 1978 2438 2017 ex
2471 1962 2636 2034 ipsis,
2670 1962 2727 2017 id
2751 1966 2859 2027 est,
2883 1961 3138 2017 Paulus:
3183 1966 3279 2017 Αη
3306 1963 3738 2033 experimentum

2093 2052 2210 2121 ejus
2240 2052 2513 2122 quaeritis,
2547 2052 2646 2122 qui
2674 2053 2735 2105 in
2787 2067 2876 2106 me
2913 2051 3156 2122 loquitur
3215 2050 3457 2106 Christus
3512 2049 3583 2122 (II
3611 2050 3732 2106 Cor.

2087 2155 2187 2194 xu.
2221 2140 2324 2210 3)?
2355 2141 2456 2208 Qui
2476 2139 2700 2212 judice:
2724 2141 3064 2211 aequitatem.
3097 2139 3214 2195 Hoc
3260 2143 3366 2206 est,
3399 2138 3730 2210 justitiam:

2082 2228 2542 2299 judicastijuste
2572 2233 2635 2282 tu
2667 2232 2856 2295 Pater,
2890 2244 3127 2283 causam
3180 2242 3392 2296 meam,
3426 2234 3490 2282 ut
3520 2243 3614 2283 me
3643 2244 3733 2284 re-

2089 2316 2406 2371 suscitares
2433 2334 2445 2370 :
2479 2317 2617 2388 quia
2644 2316 2865 2389 injuste
2895 2332 2989 2372 me
3018 2316 3386 2371 tradiderunt
3416 2316 3613 2371 morti.

2160 2428 2189 2454 «
2224 2405 2534 2478 Increpasti
2567 2410 2790 2477 gentes.
2826 2428 2853 2455 »
2876 2406 2984 2461 Per
3004 2405 3428 2478 pradicatores,
3455 2404 3553 2476 qui
3575 2403 3731 2460 idola

2088 2495 2432 2562 adorabant,
2466 2494 2628 2568 ligna
2657 2499 2715 2550 et
2745 2494 2991 2567 lapides.
3036 2517 3064 2543 κ
3115 2495 3181 2549 Et
3223 2494 3394 2566 periit
3421 2494 3661 2566 impius.
3698 2515 3727 2542 »

2089 2583 2363 2639 Diabolus
2386 2584 2483 2655 qui
2513 2585 2570 2638 in
2596 2583 2740 2655 ipsis
2766 2583 2949 2656 lignis
2970 2584 3057 2639 vel
3081 2582 3378 2655 lapidibus
3409 2583 3723 2638 adoretur:

2084 2672 2171 2726 vel
2206 2689 2309 2744 per
2338 2673 2809 2745 praedicationem
2845 2670 3220 2742 apostolicam
3253 2670 3562 2741 increpata:
3593 2678 3731 2725 sunt

2085 2765 2306 2833 gentes,
2332 2767 2388 2817 et
2409 2763 2479 2817 ab
2501 2761 2684 2833 impio
2709 2762 2891 2815 factus
2912 2764 3000 2815 est
3021 2758 3202 2830 prius.
3230 2781 3257 2808 ‹‹
3282 2759 3500 2813 Nomen
3525 2773 3725 2813 eorum

2085 2849 2289 2905 delesti
2312 2850 2370 2904 in
2393 2855 2694 2905 aeternum.
2720 2871 2747 2899 ››
2769 2849 2825 2903 Id
2852 2853 2958 2916 est,
2989 2847 3332 2907 memoriam
3351 2862 3575 2902 eorum.
3603 2846 3727 2902 Non

2086 2940 2506 2995 memorabitur
2537 2940 2592 2994 in
2626 2938 2719 2993 his
2751 2938 2901 2993 ultra
2931 2954 3141 2992 nomen
3202 2936 3556 3010 impietatis:
3591 2935 3730 3007 quia

2085 3029 2386 3083 credentes
2417 3028 2473 3082 in
2503 3031 2557 3083 te
2605 3031 2954 3099 acceperunt
3012 3041 3223 3082 nomen
3281 3029 3450 3080 tuum
3491 3040 3726 3093 novum,

2085 3117 2238 3188 quod
2273 3117 2640 3173 benedicitur
2671 3118 2730 3171 in
2764 3117 2954 3172 terris.

2155 3228 2182 3254 ‹‹
2237 3206 2463 3260 Inimici
2514 3206 2851 3261 defecerunt
2900 3207 3129 3260 frameae
3168 3203 3227 3259 in
3258 3205 3455 3259 ﬁnem.
3492 3225 3520 3253 »
3551 3204 3725 3267 Quasi

2081 3294 2240 3349 dicat
2264 3312 2276 3349 :
2311 3311 2475 3349 arma
2495 3294 2734 3365 diaboli,
2756 3311 2884 3366 quae
2915 3299 3081 3350 erant
3108 3293 3509 3365 peccatoribus
3540 3309 3724 3348 mem-

324 3394 389 3433 ac
422 3380 468 3433 si
518 3381 672 3434 dicat
731 3382 1013 3452 prepheta
1069 3383 1156 3437 vel
1217 3384 1627 3455 unusquisque
1686 3389 1966 3441 sanctus:
2003 3369 2046 3434 Ο
2083 3383 2189 3437 bra
2219 3400 2344 3450 sua,
2398 3401 2501 3454 per
2554 3401 2701 3455 quos
2751 3382 3020 3438 diabolus
3061 3382 3207 3437 alios
3247 3381 3721 3452 persequebatur,

323 3470 614 3532 Quantum
674 3486 764 3523 me
817 3471 1085 3537 docuisti,
1141 3475 1369 3527 tantum
1418 3474 1707 3529 narrabo:
1751 3474 1891 3544 quia
1921 3475 1967 3529 si

321 3560 554 3611 tantum
585 3575 789 3613 narras
815 3565 1098 3629 quantum
1128 3560 1425 3631 intelligis,
1460 3561 1657 3616 omnia
1679 3561 1971 3617 mirabilia

322 3645 423 3699 Dei
458 3663 682 3713 narras,
710 3648 977 3718 quamvis
1008 3648 1066 3702 iu
1102 3650 1417 3720 semetipsa
1466 3650 1633 3720 plura
1688 3650 1823 3705 sint.
1866 3651 1967 3707 Vel

323 3737 572 3790 narrabo
592 3738 790 3791 omnia
814 3737 1103 3793 mirabilia
1124 3743 1244 3810 tua,
1270 3756 1383 3793 non
1419 3739 1518 3793 illa
1546 3742 1780 3794 tantum
1812 3742 1966 3811 quod

324 3825 539 3879 mortui
574 3827 1018 3890 resuscitantur,
1072 3828 1203 3881 cruci
1258 3827 1689 3895 illuminautur,
1740 3828 1828 3882 vel
1860 3845 1965 3883 cae-

321 3914 445 3966 tera
470 3930 483 3980 ;
510 3915 609 3968 sed
643 3919 698 3967 et
729 3917 882 3985 quod
920 3933 1021 3987 per
1050 3922 1103 3971 te
1136 3916 1343 3972 anima:
1376 3918 1632 3988 perditas,
1674 3916 1844 3972 saluti
1879 3918 1967 3972 in-

323 4006 566 4072 sperata:
599 4004 944 4057 redduntur.

394 4113 421 4137 ‹‹
461 4092 714 4145 Laetabor
742 4098 798 4146 et
838 4092 1140 4149 cxsultabo
1176 4095 1234 4148 in
1265 4098 1338 4149 te.
1381 4118 1399 4144 ι
1438 4096 1716 4162 Laetabor,
1748 4094 1806 4149 in
1841 4112 1964 4166 spe,

322 4183 380 4233 et
438 4178 761 4243 exsultabo,
824 4180 880 4233 in
953 4198 1050 4236 re:
1112 4184 1282 4251 juxta
1329 4182 1475 4238 illud
1523 4183 1820 4255 Apostoli:
1857 4184 1963 4246 Qui

319 4265 622 4337 gloriatur,
655 4267 712 4320 in
752 4268 992 4323 Domino
1040 4269 1321 4341 glorietur
1366 4274 1441 4339 (ll
1489 4274 1616 4328 Cor.
1650 4290 1706 4340 x,
1742 4273 1851 4344 1'7),
1902 4274 1968 4327 Et

313 4355 553 4426 psallam
616 4358 834 4410 nomini
898 4365 1007 4421 tuo,
1084 4359 1379 4414 Altissime.
1458 4361 1723 4426 Psallam,
1791 4378 1963 4433 opere

318 4443 907 4515 compleam,n0miui
936 4450 1047 4501 tuo.
1110 4447 1333 4504 Nomen
1388 4449 1573 4503 Patris
1627 4450 1806 4504 Filius
1854 4456 1961 4520 est,

316 4531 656 4587 Altissimus
691 4535 811 4604 ipse
844 4540 931 4589 est
964 4536 1135 4591 Deus.
1173 4535 1288 4602 Vel,
1314 4538 1549 4607 psallam
1588 4540 1921 4594 nominituo
1945 4582 1958 4607 ,

315 4620 411 4675 hic
440 4620 568 4677 laus
600 4638 733 4676 cum
766 4640 956 4694 opere.

390 4732 417 4758 ‹‹
452 4710 515 4764 In
547 4714 933 4768 converteudo
966 4713 1268 4769 inimicum
1305 4731 1500 4770 meum
1552 4720 1895 4771 retrorsum.
1933 4738 1960 4765 ››
1992 4739 2038 4803 D

316 4798 554 4861 Qualem
580 4800 909 4871 inimicum,
938 4803 992 4858 id
1014 4808 1120 4867 est,
1147 4803 1446 4869 diabolum
1479 4822 1491 4859 :
1519 4804 1657 4875 quia
1678 4806 1959 4862 Dominus

317 4886 500 4941 dixit:
559 4888 703 4942 Vade
755 4898 917 4955 retro,
969 4892 1182 4946 Satana
1234 4892 1417 4961 (Marc.
1479 4910 1602 4963 vm,
1660 4895 1771 4965 33).
1814 4900 1961 4949 Ante

316 4975 630 5030 adventum
658 4977 869 5032 Christi
896 4979 1164 5035 diabolus
1188 4982 1303 5034 dux
1329 4982 1557 5038 itineris
1584 4983 1788 5039 mortis
1811 4983 1954 5039 fuit:

316 5066 414 5116 sed
442 5070 639 5133 postea
669 5074 819 5121 retro
850 5068 1160 5123 Ecclesiam
1194 5086 1465 5141 sequens,
1518 5077 1607 5126 cst
1657 5072 1825 5142 quasi
1864 5088 1959 5127 ca-

315 5151 424 5205 nis.
472 5153 629 5208 Unde
660 5155 796 5210 alibi
830 5157 1007 5212 dicit:
1074 5160 1144 5211 Tu
1198 5162 1440 5213 conteres
1497 5169 1657 5230 caput
1704 5162 1876 5227 illius,
1910 5164 1959 5215 et

311 5241 408 5294 ille
434 5242 759 5297 calcaneum
804 5255 961 5300 tuum
1019 5248 1498 5319 observabiMGcn.
1562 5267 1642 5315 ιιι,
1688 5250 1816 5321 l5):
1849 5250 1959 5305 hoc

313 5333 419 5398 est,
456 5330 628 5384 linem
670 5332 797 5385 vita:
871 5335 1359 5408 uniuscujusque.
1422 5337 1629 5392 Mulier
1682 5338 1959 5404 Ecclesia,

314 5434 555 5488 serpens
588 5420 876 5477 diabolus.
912 5440 951 5472 ‹‹’
1002 5424 1464 5480 Inlirmabuntur
1518 5431 1573 5481 et
1623 5428 1895 5497 peribunt
1926 5444 1959 5481 a

316 5506 462 5559 facie
484 5511 603 5560 tua.
624 5529 652 5555 »
673 5510 843 5581 Impii
869 5511 1071 5582 utique
1094 5515 1165 5567 ab
1198 5513 1497 5585 impietate
1524 5532 1628 5570 sua
1661 5515 1955 5587 peribunt.

313 5593 414 5649 Vel
442 5595 591 5649 sicut
614 5598 883 5668 superius
907 5599 1049 5653 dixit
1075 5601 1471 5672 singulariter,
1503 5603 1584 5658 ita
1615 5609 1670 5659 et
1701 5604 1794 5659 hic
1827 5604 1954 5676 plu-

316 5682 533 5748 raliter,
560 5684 616 5739 id
650 5692 759 5755 est,
812 5704 1016 5742 omnes
1049 5690 1328 5746 satellites
1359 5709 1498 5747 suos
1532 5693 1770 5749 insimul
1804 5710 1958 5749 com-

316 5769 647 5841 prehendit,
680 5775 780 5846 qui
832 5775 1073 5846 perituri
1108 5782 1247 5831 sunt
1274 5778 1333 5833 in
1382 5780 1477 5836 die
1499 5783 1729 5851 judicii.
1771 5784 1957 5847 Quare

2079 3472 2434 3526 deiecerunt.
2454 3472 2553 3527 Vel
2605 3473 2770 3527 aliter
2796 3489 2809 3526 :
2862 3470 3086 3525 Inimici
3116 3470 3451 3525 defecerunt
3480 3469 3722 3537 framea,

2080 3560 2246 3631 quasi
2275 3559 2430 3614 dicat
2469 3561 2539 3614 de
2584 3560 2823 3627 framea,
2876 3560 3025 3631 quod
3082 3563 3171 3612 est
3217 3559 3459 3612 verbum
3513 3556 3721 3623 Dei,in

2080 3648 2274 3704 futuro
2289 3650 2511 3720 judicio
2534 3649 2826 3714 deﬁcient,
2862 3648 3096 3719 quando
3129 3663 3231 3718 per
3259 3646 3452 3718 ipsum
3478 3647 3719 3701 verbum

2073 3737 2376 3808 judicandi
2407 3743 2598 3792 erunt.

2149 3850 2176 3876 ‹‹
2214 3828 2280 3882 Et
2312 3826 2574 3882 civitates
2604 3843 2804 3883 eorum
2836 3825 3196 3882 destruxisti.
3235 3847 3262 3874 »
3296 3825 3354 3880 Id
3399 3830 3488 3880 est
3517 3840 3719 3896 pecca-

2076 3918 2251 3971 tores.
2280 3917 2431 3980 Quot
2476 3922 2615 3971 sunt
2640 3915 2781 3971 vitia
2829 3920 3221 3987 peccatorum,
3261 3917 3437 3969 tantae
3482 3917 3541 3969 et
3582 3912 3720 3967 civi-

2076 4008 2247 4074 tates,
2281 4005 2389 4060 hoc
2417 4010 2527 4071 est,
2561 4005 2941 4071 munitiones,
2974 4003 3031 4058 in
3061 4004 3280 4073 quibus
3323 4001 3593 4058 diabolus
3624 4018 3715 4056 re-

2076 4094 2313 4164 gnabat,
2330 4109 2394 4148 ac
2412 4093 2458 4148 si
2474 4093 2655 4147 dicat:
2673 4093 3017 4147 Defecerunt
3031 4107 3132 4162 per
3143 4095 3275 4145 tuos
3286 4089 3713 4161 praedicatores.

2147 4202 2178 4233 ι
2209 4181 2385 4237 Periit
2444 4181 2726 4236 memoria
2777 4196 2979 4236 eorum
3040 4195 3174 4234 cum
3207 4178 3422 4233 sonitu.
3459 4200 3486 4226 ››
3526 4184 3715 4233 Sonus

2075 4270 2348 4324 doctrinae
2372 4269 2630 4335 illorum,
2663 4270 2749 4325 vel
2782 4267 3185 4324 haereticorum
3215 4266 3369 4322 mala
3399 4282 3532 4321 cum
3566 4264 3713 4337 ipsis

2073 4358 2263 4429 periit.
2295 4359 2396 4413 Vel
2424 4376 2555 4415 cum
2627 4358 2843 4424 sonitu,
2912 4358 2969 4412 id
3036 4362 3145 4421 est,
3214 4374 3248 4412 a
3304 4355 3713 4428 praedicatione

2072 4447 2388 4519 Evangelii.
2417 4471 2445 4498 ‹‹
2479 4452 2545 4502 Et
2570 4448 2849 4503 Dominus
2890 4447 2949 4502 in
2998 4453 3277 4501 aeternum
3329 4448 3649 4517 permanet.
3684 4465 3712 4493 ››

2073 4536 2142 4589 Et
2170 4536 2295 4607 ipse
2325 4543 2381 4591 et
2414 4537 2505 4592 sui
2538 4538 2723 4592 sancti
2756 4553 2890 4592 cum
2939 4534 3394 4591 tumultuatione
3446 4551 3554 4589 sua
3583 4548 3714 4605 per-

2072 4625 2262 4691 ibunt,
2294 4626 2352 4680 in
2388 4628 2599 4681 secula
2628 4627 2871 4682 Domino
2898 4630 3302 4698 permanente,
3337 4629 3401 4679 ut
3430 4623 3710 4688 diximus,

2071 4718 2129 4767 et
2158 4715 2283 4770 suis
2310 4717 2548 4771 sanctis.

2144 4824 2172 4851 «
2202 4804 2501 4859 Paravitin
2519 4802 2766 4875 judicio,
2816 4825 2844 4855 »
2880 4807 2985 4859 etc.
3044 4804 3213 4859 Omne
3267 4805 3416 4857 enim
3444 4802 3713 4867 iudicium

2070 4891 2220 4946 dedit
2239 4894 2384 4948 Filio
2407 4894 2589 4964 (Joan.
2628 4912 2679 4963 v,
2711 4894 2820 4965 22).
2856 4915 2884 4943 «
2918 4893 3147 4948 Paravit
3178 4893 3237 4947 in
3262 4892 3485 4961 judicio
3514 4892 3711 4947 sedem

2072 4998 2238 5035 suam
2267 4999 2279 5047 ;
2317 5004 2343 5030 ››
2378 4982 2432 5036 id
2466 4987 2574 5047 est,
2610 4981 2924 5037 Ecclesium
2951 4998 2964 5037 :
2996 4982 3066 5036 de
3099 4998 3217 5052 qua
3256 4982 3379 5051 ipse
3418 4977 3712 5051 judicabit

2070 5071 2269 5125 orbem
2300 5076 2487 5141 terrae,
2521 5074 2673 5142 quod
2702 5077 2840 5126 sunt
2869 5086 3074 5126 omnes
3102 5077 3322 5141 gentes.
3355 5090 3383 5118 (ι
3434 5069 3496 5122 In
3527 5065 3707 5137 tequi-

2069 5164 2187 5213 tate
2210 5160 2501 5230 judicabit
2532 5160 2798 5232 populos.
2836 5182 2862 5209 ››
2891 5160 3051 5224 Quod
3088 5162 3175 5213 est
3197 5157 3460 5227 aequitas.
3489 5154 3599 5209 hoc
3622 5158 3711 5209 est

2069 5249 2396 5318 etjustitia,
2466 5250 2520 5304 id
2580 5256 2688 5314 est,
2747 5249 3034 5305 Christus.
3094 5245 3194 5300 Vel
3253 5246 3456 5299 iterato
3487 5242 3710 5298 scilicet

2069 5339 2319 5393 adventu
2350 5356 2483 5393 cum
2510 5339 2689 5410 justis
2738 5337 2993 5410 premis,
3051 5335 3289 5405 injustis
3327 5332 3620 5387 infernum
3650 5337 3707 5387 et

2069 5444 2320 5498 poenam.

2140 5540 2167 5566 «
2204 5518 2270 5571 Et
2328 5520 2513 5571 factus
2568 5521 2657 5571 est
2716 5515 2995 5570 Dominus
3053 5510 3343 5581 refugium
3376 5509 3702 5581 pauperi.»

2070 5606 2225 5661 Inter
2248 5622 2559 5677 pauperem
2590 5611 2646 5659 et
2679 5603 3095 5667 adversarium,
3117 5599 3226 5653 hoc
3248 5603 3355 5669 est,
3380 5598 3703 5655 diabolum.

2058 5695 2241 5763 judex
2299 5696 2409 5749 erit
2451 5694 2756 5748 Christus:
2817 5689 2917 5761 qui
2965 5687 3261 5758 judicabit
3316 5689 3467 5743 inter
3515 5689 3704 5746 Eccle-

2068 5784 2217 5838 siam
2248 5788 2305 5837 et
2363 5780 2783 5845 adversarium,
2835 5779 2942 5833 hoc
3000 5781 3109 5846 est,
3168 5776 3489 5833 diabolum.
3544 5778 3706 5833 Unde
