4220 6588
524 470 632 532 891

2021 467 2443 529 APPENDIX.

3800 468 3924 529 892

528 602 667 658 etin
724 601 1067 675 Apocalypsi
1124 602 1367 658 dicitur:
1421 605 1529 659 Hui
1580 608 1657 659 est
1715 610 1998 659 accusator
2053 606 2165 672 fra-
2201 604 2250 666 Α
2283 604 2441 670 sunt,
2474 599 2544 654 de
2575 598 2793 670 quibus
2816 596 3149 669 judicandae
3180 599 3336 652 sunt.
3370 620 3399 646 «
3450 598 3515 652 In
3571 597 3780 671 laqueo
3814 601 3928 656 isto

524 700 671 747 trum
713 701 1020 748 nostrorum
1071 693 1251 763 (Apoc.
1307 709 1408 762 xu,
1470 694 1543 764 2).
1592 693 1691 747 Vel
1753 692 1833 746 illi
1887 708 2171 763 pauperes

528 781 626 851 qui
661 786 896 851 propter
924 797 1057 834 eum
1090 796 1376 852 pauperes
1436 781 1594 848 facti,
1651 780 1884 835 divitias
1942 797 2080 835 suas
2112 779 2170 833 in

527 868 688 922 cibos
712 867 1075 923 distribuunt
1107 885 1452 940 pauperum.
1507 870 1734 941 Adjutor
1763 870 1820 923 in
1852 869 2173 940 Opportuni-

524 957 751 1010 tatibus.
788 955 1036 1025 Adjutor
1057 961 1147 1011 est
1193 957 1455 1013 Ecclesiae
1506 974 1643 1013 sua}.
1705 960 1766 1013 In
1797 958 2170 1012 tribulatione.

527 1045 767 1108 Quando
798 1049 1190 1116 opportunum
1224 1050 1330 1117 est,
1365 1050 1430 1100 ut
1459 1046 1541 1101 ait
1571 1046 1885 1117 Apostolus
1925 1064 1938 1101 :
1970 1047 2174 1103 Fidelis

527 1134 669 1188 Deus
726 1135 821 1205 qui
876 1149 987 1187 non
1044 1134 1285 1205 patietur
1340 1152 1433 1190 vos
1484 1138 1687 1190 tentari
1745 1151 1913 1206 supra
1942 1135 2004 1189 id
2033 1135 2175 1205 quod

526 1226 747 1294 potestis
769 1240 787 1276 :
819 1224 916 1277 sed
944 1225 1113 1294 faciet
1140 1238 1265 1279 cum
1298 1226 1596 1280 tentatione
1614 1227 1784 1279 etiam
1830 1232 2170 1295 proventum,

523 1316 584 1365 ut
612 1314 855 1382 possistis
882 1314 1156 1367 sustinere
1189 1314 1235 1383 (I
1261 1316 1389 1369 Cor.
1424 1332 1479 1378 x,
1512 1314 1635 1383 13):
1689 1330 1760 1369 ne
1809 1330 1943 1368 cum
1976 1329 2174 1385 pecca-

526 1400 755 1455 toribus
786 1399 842 1455 in
878 1392 1164 1473 supplicio
1196 1402 1547 1456 damnamur
1576 1400 1809 1457 aeternol

600 1510 627 1537 ‹‹
658 1492 902 1559 Sperent
929 1489 987 1543 in
1020 1494 1093 1544 te.
1130 1511 1158 1537 »
1193 1491 1251 1544 Id
1285 1495 1390 1558 est,
1422 1507 1534 1544 non
1565 1490 1624 1545 in
1658 1506 1741 1557 se,
1776 1492 1876 1545 sed
1908 1492 1966 1545 in
2008 1494 2086 1555 te,
2121 1495 2178 1545 et

527 1594 642 1633 non
709 1578 768 1632 in
836 1578 1323 1649 concupiscentiis
1393 1578 1611 1634 saeculi.
1658 1601 1686 1629 «
1737 1580 1841 1645 Qui
1885 1585 2177 1634 noverunt

525 1684 737 1722 nomen
757 1671 946 1721 tuum.
974 1689 1002 1715 »
1017 1668 1145 1722 Sive
1169 1668 1513 1738 potentiam,
1537 1668 1657 1723 sive
1680 1668 2173 1739 magnificentiam

525 1761 711 1812 tuam.
744 1756 844 1811 Vel
903 1772 1115 1812 nomen
1176 1760 1391 1812 tuum?
1427 1757 1486 1811 id
1540 1762 1648 1828 est,
1708 1758 1917 1812 Filium
1980 1762 2170 1811 tuum.

526 1845 713 1907 Quare
744 1848 981 1916 propter
1010 1844 1117 1900 hoc
1148 1845 1301 1917 quod
1335 1845 1601 1916 sequitur
1628 1863 1641 1902 :
1676 1869 1703 1895 ‹‹
1739 1846 2024 1911 Quaniam
2057 1861 2173 1901 nou

528 1932 891 2004 dereliquisti
923 1938 1250 2004 qumrentes
1275 1938 1351 2004 te,
1396 1935 1656 1989 Domine.
1691 1956 1716 1983 ιι
1776 1935 1908 1990 Ideo
1940 1938 2177 2006 sperant

528 2022 587 2075 in
610 2026 664 2076 te
690 2046 704 2087 ;
730 2024 795 2076 ut
817 2020 959 2076 illud
985 2038 996 2076 :
1024 2021 1081 2077 Si
1114 2038 1324 2093 corpus
1357 2023 1649 2094 occidunt,
1684 2023 1942 2078 animam
1974 2028 2170 2078 autem

529 2127 643 2166 non
677 2116 926 2182 possunt
956 2111 1216 2166 occidere
1249 2112 1469 2183 (Matth.
1522 2130 1578 2177 x,
1633 2114 1743 2185 20).
1799 2114 2019 2168 Tamen
2049 2128 2175 2184 per-

530 2199 710 2255 mittit
736 2199 868 2255 illos
899 2200 1132 2266 tentari,
1167 2202 1263 2256 sed
1300 2218 1416 2257 non
1450 2218 1891 2273 usquequaque.

599 2311 625 2337 «
660 2289 895 2345 Psallite
953 2288 1217 2345 Domino.
1271 2311 1299 2340 »
1362 2290 1423 2344 Id
1484 2295 1590 2361 est,
1651 2294 1880 2347 cantate
1931 2290 2173 2347 Domino

529 2377 858 2448 praedicate,
892 2394 1063 2450 opere
1095 2377 1351 2450 implete.
1391 2401 1411 2427 α
1446 2379 1553 2443 Qui
1585 2379 1811 2434 habitat
1838 2379 1897 2434 in
1950 2380 2108 2434 Sion.
2144 2402 2171 2430 ››

529 2466 689 2532 Sion,
721 2468 956 2538 specula,
1017 2466 1074 2521 id
1135 2473 1244 2533 est,
1302 2466 1651 2539 Jerusalem,
1710 2469 1820 2523 hoc
1875 2473 1983 2535 est,
2034 2471 2172 2523 visio

526 2557 723 2625 pacis:
757 2557 927 2611 modo
958 2556 1215 2611 Ecclesia
1250 2556 1340 2610 hic
1372 2556 1693 2628 speculatio
1721 2574 1733 2612 :
1785 2559 1925 2630 quia
1967 2574 2172 2629 specu-

527 2643 682 2699 latur
710 2646 781 2700 de
813 2647 1006 2700 futuro
1030 2646 1256 2717 judicio
1319 2647 1431 2701 Dei.
1493 2647 1600 2701 Sed
1658 2663 1791 2701 cum
1850 2647 2073 2702 venerit
2100 2644 2170 2700 ad

525 2733 846 2790 Jerusalem
883 2734 1194 2803 ecelestem,
1230 2752 1338 2789 non
1372 2736 1480 2789 erit
1512 2739 1654 2789 tunc
1685 2734 2027 2805 speculatio,
2072 2736 2170 2790 sed

525 2822 689 2879 visio.
724 2823 887 2879 Unde
913 2824 1056 2877 dicit
1086 2823 1338 2879 Paulus:
1376 2824 1656 2879 Videmus
1706 2841 1861 2879 nunc
1909 2841 2012 2895 per
2042 2840 2171 2895 spe-

527 2912 724 2966 culum
757 2914 815 2967 in
868 2914 1197 2984 aanigmate,
1254 2916 1396 2967 tunc
1459 2918 1651 2967 autem
1686 2912 1829 2967 facie
1861 2915 1930 2967 ad
1968 2913 2170 2967 faciem

529 3003 583 3070 (1
608 2999 730 3056 Cor.
761 3018 888 3065 xm,
924 3002 1009 3073 12)
1039 3042 1051 3054 .
1085 3023 1113 3049 «
1149 3001 1499 3055 Annuntiate
1547 3001 1699 3055 inter
1747 3006 1947 3072 gentes
1979 3001 2174 3056 studia

530 3090 673 3159 ejus.
712 3111 739 3138 ››
795 3089 918 3145 Vox
976 3088 1269 3161 prophetae
1318 3090 1594 3144 admonet
1644 3089 2048 3161 praedicatores
2108 3094 2174 3143 ut

533 3177 867 3249 praecidant.
920 3178 1255 3232 Annuntiate
1304 3177 1488 3232 studia
1535 3178 1691 3248 ejus:
1739 3178 1849 3233 hoc
1897 3183 2005 3244 est,
2029 3195 2170 3250 pra:-

534 3266 721 3320 dicate
752 3266 1028 3321 mandata
1059 3266 1207 3337 ejus.
1260 3267 1522 3321 Forsitan
1578 3266 1657 3321 illi
1701 3267 1893 3321 dicent
1924 3285 1936 3322 :
1971 3268 2171 3322 Morie-

2283 705 2454 761 quem
2491 688 2943 755 absconderunt,
2983 710 3003 733 ι
3066 690 3174 742 etc.
3207 685 3353 749 Quia
3397 687 3809 760 unusquisque
3843 689 3927 745 la-

2288 794 2500 850 queum
2535 793 2708 848 quem
2743 776 2905 830 alteri
2938 779 3105 849 parat
3134 775 3202 830 ad
3237 776 3582 843 cadendum,
3612 777 3735 848 ipse
3764 780 3926 850 prius

2283 869 2339 920 in
2374 884 2438 921 eo
2470 866 2653 920 cadet.

2360 979 2380 1004 α
2418 956 2813 1025 Cognoscetur
2848 954 3128 1010 Dominus
3177 953 3404 1024 judicia
3456 954 3693 1011 faciens.
3728 977 3756 1006 ››
3821 956 3929 1011 Co-

2282 1049 2591 1115 gnoscetur,
2652 1043 2761 1098 hoc
2819 1048 2926 1109 θεῖ,
2988 1043 3059 1097 ad
3109 1043 3423 1112 judicium.
3460 1065 3489 1092 «
3548 1045 3609 1098 ln
3652 1045 3929 1115 operibus

2287 1148 2569 1189 manuum
2622 1148 2864 1188 suarum
2923 1131 3380 1203 comprehensus
3436 1137 3523 1187 est
3576 1137 3862 1203 peccator.
3899 1156 3922 1185 ι

2285 1222 2429 1286 Quia
2459 1222 2871 1293 unusquisque
2901 1225 3170 1293 peccator
3200 1220 3323 1291 ipse
3352 1221 3461 1276 sibi
3507 1238 3702 1276 secum
3737 1224 3933 1293 portat

2286 1316 2344 1365 et
2369 1312 2557 1378 funes,
2592 1314 2648 1364 et
2677 1309 2926 1376 vincula,
2971 1313 3028 1364 et
3080 1313 3391 1373 tormenta,
3452 1311 3608 1365 unde
3639 1309 3931 1365 sustineat

2287 1399 2459 1454 mala.
2483 1399 2628 1453 Nam
2654 1400 2726 1453 ab
2754 1398 2885 1453 aliis
2908 1414 3022 1452 non
3044 1403 3134 1454 est
3154 1414 3391 1453 necesse
3426 1399 3735 1470 praeparari
3768 1399 3927 1454 unde

2285 1493 2652 1558 torqueatur,
2674 1504 2809 1542 cum
2838 1486 2961 1559 ipse
2984 1487 3097 1543 sibi
3122 1491 3407 1559 praeparet
3437 1504 3563 1559 quae
3593 1487 3661 1542 ad
3696 1504 3926 1559 poenam

2287 1577 2580 1649 pertinent
2607 1593 2620 1630 ε

2358 1688 2385 1713 ‹‹
2419 1665 2840 1720 Convertuntur
2870 1667 3199 1736 peccatores
3230 1664 3286 1718 in
3319 1665 3634 1720 infernum.
3672 1687 3693 1715 ι
3724 1667 3779 1721 ld
3811 1670 3924 1733 est,

2287 1754 2427 1825 quia
2456 1753 2611 1808 ultra
2632 1754 2808 1808 finem
2835 1753 3030 1808 saeculi
3061 1753 3249 1809 vivere
3270 1752 3493 1819 volunt,
3514 1759 3932 1809 convertantur

2288 1844 2345 1896 in
2380 1842 2694 1898 infernum.
2730 1864 2758 1892 «
2792 1841 3007 1897 Omnes
3059 1847 3262 1914 gentes
3318 1859 3443 1914 quae
3500 1842 3929 1899 obliviscuntur

2287 1932 2490 1986 Deum.
2529 1954 2549 1979 ι
2588 1931 2704 1986 Hoc
2734 1936 2822 1984 est
2850 1930 2947 2001 qui
2980 1930 3185 1985 dicunt
3228 1931 3381 2001 quod
3435 1931 3589 1986 Deus
3620 1930 3926 1987 oblivisca-

2283 2026 2401 2087 tur,
2448 2025 2504 2074 et
2557 2037 2670 2075 non
2731 2020 2942 2074 habeat
2998 2036 3199 2074 curam
3251 2020 3325 2074 de
3377 2019 3552 2075 rebus
3609 2020 3753 2086 suis,
3809 2020 3925 2092 ipsi

2284 2110 2706 2165 obliviscantur
2735 2126 2768 2164 a
2800 2108 3080 2164 Domino:
3123 2108 3263 2180 quia
3318 2125 3433 2164 non
3490 2109 3693 2164 dicunt
3720 2125 3922 2165 verum

2285 2200 2438 2271 quod
2492 2199 2645 2254 Deus
2704 2198 3085 2253 obliviscatur
3131 2201 3428 2253 creaturas
3458 2214 3640 2264 suas;
3671 2196 3808 2269 quia
3836 2197 3928 2253 di-

2286 2288 2401 2343 cit:

2359 2399 2386 2427 ‹‹
2419 2376 2705 2440 Quoniam
2737 2392 2852 2431 non
2883 2376 2939 2431 in
2972 2376 3146 2431 finem
3188 2375 3422 2445 oblivio,
3460 2398 3482 2425 ιο
3534 2381 3642 2431 etc.
3695 2375 3841 2441 Quia
3872 2376 3924 2431 si

2287 2466 2499 2533 differt,
2569 2482 2684 2521 non
2753 2466 2942 2520 aufert
3007 2481 3178 2519 suum
3260 2464 3544 2520 auxilium
3610 2482 3644 2520 a
3707 2465 3923 2520 sanctis

2285 2555 2429 2611 suis.

2359 2665 2387 2691 ‹‹
2420 2643 2697 2712 Exsurge,
2724 2643 2987 2709 Domine,
3019 2660 3134 2700 non
3163 2643 3469 2716 praevaleat
3496 2644 3709 2699 .homo.
3746 2666 3772 2691 ››
3803 2643 3926 2698 Vox

2286 2730 2553 2787 Ecclesiae
2600 2737 2771 2786 sonat
2818 2737 3018 2788 contra
3061 2733 3523 2788 Antichristum:
3566 2735 3831 2802 Exsurge,
3867 2732 3927 2786 in

2277 2820 2569 2891 judicium
2597 2839 2609 2876 :
2647 2843 2674 2871 »
2706 2838 2822 2876 non
2854 2820 3161 2893 praevaleat
3189 2821 3364 2876 homo
3392 2840 3404 2889 ;
3440 2844 3459 2870 ιι
3495 2821 3553 2875 id
3606 2826 3712 2884 est,
3747 2820 3924 2875 homo

2284 2914 2552 2980 peccator
2579 2910 2994 2966 Antichristus.
3031 2931 3059 2958 «
3090 2910 3437 2965 Judicentur
3456 2914 3656 2983 gentes
3681 2910 3737 2963 in
3760 2925 3928 2980 conq-

2283 3003 2484 3069 spectu
2510 3002 2632 3053 tuo.
2670 3020 2696 3047 »
2728 2999 2964 3054 Duobus
2996 2999 3186 3054 modis
3219 2999 3471 3070 primum
3523 3000 3647 3070 jam
3689 2999 3746 3051 in
3778 3014 3927 3068 prae-

2283 3086 2526 3142 scientia
2554 3087 2650 3143 Dei
2668 3087 2917 3159 judicati
2950 3092 3107 3143 sunt.
3135 3089 3322 3153 Quare
3344 3088 3371 3142 ?
3427 3088 3575 3154 Quia
3630 3088 3701 3142 ad
3731 3086 3924 3142 Eccle-

2284 3177 2434 3231 siam
2467 3192 2582 3231 non
2614 3177 2925 3248 pertinent,
2987 3177 3089 3231 sed
3149 3177 3220 3231 ad
3278 3177 3743 3232 Antichristum:
3786 3176 3928 3245 quia

2283 3266 2505 3320 dictum
2531 3271 2657 3320 est:
2687 3266 2796 3334 Qui
2825 3269 3009 3321 autem
3036 3281 3144 3321 non
3174 3267 3368 3332 credit,
3393 3267 3517 3337 jam
3543 3265 3820 3336 judicatus
3848 3267 3927 3319 est

534 3371 665 3409 mur
694 3355 741 3409 si
774 3355 844 3409 ad
889 3358 1089 3426 gentes
1148 3355 1685 3421 ambulaverimus;
1749 3357 1851 3411 sed
1909 3356 2176 3428 adjungit
2205 3340 2247 3406 C
2287 3354 2461 3424 (Joan.
2496 3371 2583 3421 ιιι,
2616 3354 2725 3425 l8).

534 3444 817 3516 propheta
841 3462 854 3499 :

600 3557 628 3581 «
662 3534 947 3597 Quoniam
1002 3535 1306 3605 requirens
1364 3534 1710 3607 sanguinem
1771 3552 1994 3591 eorum.
2032 3558 2052 3582 ιι
2108 3539 2175 3588 Et

530 3622 852 3677 Dominus:
890 3622 1077 3677 Nolite
1109 3624 1349 3678 timere:
1385 3625 1525 3693 quia
1554 3624 1603 3679 si
1641 3624 1913 3679 occidunt
1940 3640 2173 3695 corpus,

535 3712 795 3765 animam
862 3727 975 3765 non
1045 3715 1292 3782 possunt
1358 3713 1616 3767 occidere
1684 3714 1891 3779 (Matth.
1959 3730 2014 3781 x,
2059 3713 2171 3783 28).

537 3799 950 3853 «Memoratus
1007 3803 1096 3854 est
1154 3799 1471 3855 Dominus:
1532 3807 1584 3853 et
1645 3817 1757 3855 non
1821 3806 1911 3855 est
1957 3800 2175 3855 oblitus

538 3887 857 3942 orationem
893 3887 1184 3959 pauperis.
1247 3891 1325 3943 Ac
1366 3888 1414 3943 si
1475 3888 1632 3943 dicat
1689 3889 2014 3960 propheta:
2050 3889 2173 3944 Non

538 3981 627 4031 est
656 3974 871 4030 oblitus
926 3976 1221 4032 vindicare
1278 3977 1625 4047 sanguinem
1684 3982 1962 4032 vestrum.
2016 3978 2178 4033 Unde

535 4064 661 4136 ipse
692 4065 974 4120 Dominus
1023 4065 1202 4119 dixit:
1237 4066 1376 4121 Deus
1435 4070 1619 4121 autem
1658 4083 1773 4120 non
1801 4068 1966 4137 [aciet
1995 4066 2176 4121 vindi-

534 4161 680 4209 ctam
722 4154 1015 4209 electomm
1044 4170 1270 4210 suorum
1296 4156 1657 4211 clamantium
1713 4157 1793 4210 ad
1848 4172 1906 4211 se
1963 4155 2057 4210 die
2115 4172 2180 4210 ac

533 4252 689 4299 nocte
719 4244 870 4313 (Luc.
901 4259 1065 4308 xvm,
1096 4244 1203 4315 7)?

606 4356 633 4381 «
668 4333 937 4388 Miserere
965 4333 1100 4403 mei,
1131 4333 1394 4388 Domine.
1434 4355 1461 4380 »
1493 4333 1615 4387 Vox
1646 4332 1912 4388 Ecclesia:
1937 4349 1949 4387 :
1975 4356 2003 4383 ‹‹
2038 4333 2178 4388 Vide

539 4421 931 4477 humilitatem
962 4438 1152 4476 meam
1186 4422 1257 4476 de
1288 4421 1545 4476 inimicis
1605 4421 1787 4476 meis:
1822 4421 1921 4492 qui
1955 4422 2178 4477 exultas

537 4526 628 4564 me
659 4511 729 4565 de
762 4509 945 4581 portis
1006 4510 1233 4573 mortis,
1293 4531 1314 4557 ι
1377 4514 1486 4564 etc.
1550 4514 1734 4564 Porta:
1791 4510 1999 4565 mortis
2042 4517 2182 4566 sunt

536 4599 729 4653 studia
765 4604 1094 4670 parentum,
1129 4599 1228 4669 qui
1277 4598 1542 4654 colebant
1587 4599 1849 4654 diversos
1898 4604 2035 4655 deos
2064 4601 2177 4655 da:-

2357 3466 2384 3492 ‹‹
2418 3443 2741 3508 Constitue,
2772 3444 3042 3511 Domine,
3074 3443 3467 3516 legislatorem
3525 3460 3702 3515 super
3738 3458 3857 3498 eos.
3890 3464 3921 3493 ι)

2286 3532 2347 3587 Id
2379 3537 2486 3598 est,
2519 3532 2964 3599 Anticliristum,
2998 3533 3097 3604 qui
3116 3532 3265 3587 lator
3285 3532 3429 3605 legis
3461 3531 3625 3587 malas
3647 3532 3925 3587 doctrinae

2285 3625 2392 3687 est,
2426 3626 2490 3675 ut
2519 3622 2600 3675 ait
2658 3621 2904 3677 Paulus:
2966 3622 3266 3677 Noluerunt
3326 3623 3568 3693 recipere
3621 3623 3926 3688 veritatem,

2283 3710 2374 3764 sed
2393 3717 2780 3765 consenserunt
2811 3713 3102 3782 iniquitati
3130 3713 3200 3781 (II
3233 3711 3414 3767 Thess.
3446 3728 3509 3775 ιι,
3546 3712 3654 3781 il).

2360 3822 2379 3848 α
2416 3798 2613 3854 Sciant
2640 3805 2841 3870 gentes
2881 3799 3158 3872 quoniam
3210 3800 3476 3855 homines
3535 3805 3691 3855 sunt.
3720 3821 3748 3850 »
3782 3800 3928 3854 Cum

2285 3888 2682 3943 condemnata:
2715 3888 2949 3956 fuerint,
2981 3892 3121 3943 tunc
3177 3894 3529 3962 cognoscent
3580 3888 3719 3959 quia
3760 3904 3927 3958 apem

2285 3977 2345 4031 in
2378 3976 2614 4032 homine
2646 3982 2988 4048 posuerunt,
3022 3982 3080 4033 et
3109 3994 3225 4033 non
3284 3978 3342 4032 in
3406 3984 3602 4047 Deum,
3635 3977 3732 4050 qui
3765 3976 3929 4032 solus

2288 4065 2510 4121 salvare
2540 4071 2751 4138 potest.

2360 4178 2387 4203 ‹‹
2450 4154 2689 4226 thuid,
2750 4154 3015 4218 Domine,
3078 4156 3372 4211 recessisti
3428 4155 3700 4228 ‘longe‘h
3739 4156 3929 4221 Quare

2287 4242 2526 4314 elongas
2557 4243 2811 4299 salutare
2840 4248 3009 4299 tuum
3044 4260 3176 4299 cum
3212 4262 3316 4299 nos
3339 4244 3684 4300 inﬂammati
3719 4260 3929 4299 sumus

2288 4332 2361 4386 ab
2419 4332 2847 4404 exspectatione
2900 4332 3186 4388 adventus
3244 4334 3371 4389 tui?
3425 4333 3583 4389 Unde
3643 4332 3928 4389 Dominus

2288 4420 2434 4475 dixit
2462 4420 2521 4475 in
2554 4420 2898 4493 Evangelio:
2931 4422 3048 4477 Nisi
3085 4421 3316 4477 breviati
3368 4424 3600 4490 fuissent
3655 4423 3773 4476 dies
3812 4421 3926 4490 illi,

2287 4525 2396 4564 non
2454 4510 2609 4579 ﬁeret
2663 4511 2818 4565 salva
2871 4511 3049 4565 omnis
3116 4520 3242 4565 cura
3319 4511 3527 4581 (Matth.
3596 4527 3746 4575 xxxv,
3809 4509 3924 4578 22).

2295 4618 2317 4646 ι
2355 4599 2610 4670 Despicis
2636 4599 2694 4654 in
2726 4598 3283 4670 opportunitatibus,
3322 4623 3348 4649 ››
3379 4605 3486 4655 etc.
3540 4606 3699 4655 Tunc
3727 4598 3926 4653 viden-

537 4687 890 4742 moniorum.
922 4686 1034 4757 lpsi
1068 4693 1233 4741 erant
1263 4692 1441 4758 porta:
1497 4688 1726 4751 mortis,
1776 4705 2025 4758 quorum
2077 4688 2178 4744 do—
2213 4708 2258 4772 Ι)
2290 4691 2387 4742 tur
2405 4687 3381 4759 despicere,quandoopportunum
3399 4683 3932 4759 tempusestEccle-

535 4775 725 4830 ctrina
755 4775 826 4829 ad
855 4779 1101 4830 mortem
1157 4776 1422 4831 ducebat.
1478 4776 1692 4832 Aliter:
1726 4781 1907 4832 Portis
1952 4778 2179 4841 mortis,

537 4863 938 4919 haereticorum
964 4864 1226 4919 doctrina
1249 4865 1320 4919 de
1342 4865 1557 4936 quibus
1609 4865 1791 4937 portis
1819 4864 2068 4921 exaltata
2094 4871 2181 4921 est

537 4953 827 5009 Ecclesia:
861 4956 917 5008 et
949 4953 1130 5007 missa
1184 4958 1272 5008 est
1301 4954 1359 5006 in
1422 4959 1615 5025 portas
1676 4953 1805 5008 tiliae
1860 4955 2021 5019 Sion,
2053 4970 2182 5024 qua;

534 5050 675 5100 sunt
706 5049 884 5116 portae
908 5043 1057 5097 vitae.
1082 5043 1247 5098 Sicut
1276 5060 1377 5115 per
1408 5043 1621 5098 malam
1657 5044 1980 5099 doctrinam
2012 5043 2180 5114 quasi

533 5138 731 5205 portas
762 5131 968 5188 mortis
998 5131 1407 5204 intelligimus,
1441 5148 1567 5203 quae
1602 5150 1708 5187 nos
1765 5133 1836 5187 ad
1879 5132 2180 5187 interitum

533 5223 794 5277 ducunt:
856 5222 940 5277 ita
997 5226 1053 5276 et
1104 5226 1299 5289 portas
1352 5221 1482 5275 vita:
1540 5221 1929 5292 intelligimus
1997 5222 2180 5275 bonos

535 5311 967 5383 praedicatores,
1027 5309 1127 5381 qui
1188 5326 1293 5365 nos
1351 5325 1451 5379 per
1510 5326 1676 5364 suam
1737 5308 2061 5363 doctrinam
2103 5308 2176 5363 ad

531 5400 708 5454 vitam
742 5405 1017 5453 zeternam
1051 5398 1294 5452 ducunt.

604 5510 631 5536 «
667 5488 981 5543 Exsultabo
1016 5488 1074 5541 in
1108 5484 1349 5541 salutari
1382 5491 1502 5541 tuo.
1542 5509 1562 5534 η
1603 5484 1930 5551 Exsultabo,
1974 5485 2031 5539 id
2065 5488 2175 5546 est.

537 5576 843 5647 gaudebo:
878 5600 903 5626 ‹‹
940 5578 1001 5630 In
1036 5574 1278 5630 salutari
1311 5580 1431 5641 tuo,
1461 5596 1489 5623 ››
1520 5574 1579 5628 in
1609 5574 1841 5631 Christo
1871 5578 1991 5629 tuo.

609 5683 636 5710 ‹‹
669 5662 861 5716 Infixae
889 5670 1028 5718 sunt
1052 5668 1253 5735 gentes
1276 5662 1334 5715 in
1360 5661 1594 5717 interitu
1630 5678 1804 5733 quem
1837 5663 2117 5718 fecerunt.
2143 5686 2166 5714 ›

537 5750 655 5805 Ηοθ
683 5755 796 5818 θεῖ,
818 5751 876 5805 in
903 5752 1073 5808 malis
1098 5750 1372 5823 operibus
1403 5767 1530 5823 qua:
1560 5752 1841 5820 fecerunt,
1873 5751 1952 5807 ibi
1982 5752 2171 5807 infixa:

2293 4776 2388 4831 size
2411 4782 2474 4831 ut
2493 4778 2744 4847 adjuvet,
2768 4785 2825 4833 et
2848 4795 2961 4833 non
2987 4778 3184 4834 statim
3218 4776 3469 4832 occurrit
3516 4777 3599 4831 illi
3650 4777 3710 4830 in
3742 4775 3930 4829 tribu-

2294 4864 2529 4921 latione.
2554 4866 2787 4929 Quare?
2818 4872 2881 4921 ut
2905 4867 3065 4922 illum
3115 4871 3378 4923 exerceat
3407 4866 3727 4921 secundum
3760 4877 3929 4917 suam

2292 4952 2647 5009 voluntatem
2677 4972 2690 5009 :
2724 4954 2862 5025 quia
2888 4961 3106 5027 quanto
3127 4955 3316 5026 magis
3330 4953 3542 5020 differt,
3563 4960 3724 5009 tanto
3742 4950 3931 5021 magis

2292 5040 2552 5097 Ecclesia
2580 5043 2860 5099 dilatatur
2887 5045 2945 5099 in
2979 5044 3267 5100 desiderio
3296 5060 3424 5099 suo.

2362 5154 2389 5180 ‹‹
2424 5136 2572 5187 Dum
2604 5133 2866 5204 superbit
2894 5134 3135 5206 impius,
3173 5154 3201 5182 »
3231 5138 3340 5187 etc.
3370 5132 3517 5187 Dum
3548 5130 3937 5204 superbitim-

2291 5221 2444 5290 pius,
2475 5221 2916 5278 Antichristus:
2952 5222 3291 5278 accenditur
3338 5237 3579 5292 pauper,
3614 5242 3641 5270 ››
3682 5217 3941 5275 Ecclesia

2289 5309 2349 5363 in
2420 5309 2817 5381 tribulatione,
2886 5329 2921 5366 a
2984 5311 3262 5382 superbia
3320 5310 3508 5381 ipsius
3568 5307 3932 5364 Antichristi.

2289 5419 2317 5447 «
2381 5398 2974 5470 Comprehenduntur
3030 5402 3088 5453 in
3147 5398 3427 5468 consiliis,
3465 5418 3487 5445 ι
3522 5403 3635 5453 etc.
3670 5396 3758 5451 Ab
3787 5393 3931 5466 ipsis

2286 5486 2443 5541 enim
2488 5486 2945 5560 cogitationibus
3002 5486 3126 5542 suis
3182 5486 3517 5559 alligantur,
3575 5486 3675 5556 qui
3731 5489 3931 5539 contra

2285 5575 2468 5631 Deum
2504 5581 2661 5631 sunt.

2357 5688 2385 5713 «
2411 5664 2989 5730 Quoniamlaudatur
3008 5670 3277 5737 peccator
3296 5665 3356 5721 in
3387 5666 3715 5729 desideriis,
3754 5686 3775 5711 ι
3810 5667 3921 5717 etc.

2280 5754 2367 5809 Ab
2400 5752 2824 5821 adulatoribus,
2857 5759 2914 5809 et
2941 5771 3055 5811 non
3086 5754 3314 5827 ajustis
3336 5754 3612 5811 laudatur
3635 5756 3929 5826 peccator,
