4220 6594
208 481 324 540 893

207 618 348 667 tunc
397 613 633 684 quando
682 616 914 685 pacator
972 614 1333 684 peccatorem
1409 613 1630 681 laudat,
1695 612 1844 668 alius
1881 616 1929 679 Α

215 702 419 766 alium,
455 703 592 756 dum
630 718 686 756 se
719 701 958 757 idvicem
991 701 1251 768 laudant,
1287 703 1578 757 occidunt.

283 813 309 838 ‹‹
345 790 717 845 Exacerbavit
755 791 1061 845 Dominum
1097 796 1378 862 peccator.
1416 813 1444 839 η
1507 794 1633 863 Ipse
1683 791 1849 846 Anti-

209 879 524 934 christus.»
549 880 878 933 Secundum
914 879 1351 934 multitudinem
1380 881 1476 933 iraa
1507 896 1682 934 suae.»
1707 879 1852 944 Quia

213 967 444 1037 ﬂagella
474 968 856 1038 correptionis
893 983 1003 1022 non
1038 969 1282 1039 accepit.
1321 992 1346 1016 ‹‹
1389 969 1513 1023 Non
1547 973 1784 1039 qumret.
1824 990 1850 1014 »

213 1059 288 1110 Ut
319 1072 378 1109 se
410 1056 578 1126 quasi
612 1057 793 1110 Deum
829 1057 1074 1111 adorent
1107 1075 1119 1111 :
1154 1057 1260 1110 hoc
1290 1062 1398 1121 est,
1453 1073 1568 1112 non
1625 1061 1714 1112 est
1763 1057 1848 1109 (li-

213 1160 364 1217 gnus
396 1148 460 1198 ut
491 1146 840 1215 requiratur,
877 1145 974 1198 sed
1011 1149 1073 1198 ut
1103 1144 1398 1216 puniatur.

292 1252 316 1282 ‹‹
348 1233 472 1287 Non
505 1237 593 1287 est
625 1238 773 1287 Deus
804 1232 861 1286 in
890 1237 1204 1303 conspectu
1227 1234 1374 1303 ejus.
1401 1254 1426 1282 η
1457 1233 1602 1296 Quia
1633 1233 1774 1288 nihil
1800 1233 1850 1287 ei

211 1323 455 1393 dignum
487 1325 778 1393 operatur.
821 1342 847 1373 ι
880 1321 1201 1392 Ιοᾳυὶηειῐω
1232 1326 1370 1377 sunt
1397 1323 1500 1376 vita
1532 1322 1749 1388 illius,»
1764 1326 1852 1377 etc

211 1411 337 1466 Non
354 1411 508 1465 enim
530 1427 632 1482 per
647 1410 797 1465 viam
815 1417 1028 1465 rectam
1045 1411 1460 1482 graditurque:
1479 1415 1566 1465 est
1589 1411 1853 1466 Christus

287 1524 314 1548 ‹‹
352 1499 947 1569 Auferenturjudicia
978 1505 1100 1566 tua,
1139 1522 1158 1548 ο
1195 1504 1303 1554 etc.
1364 1499 1470 1562 Qui
1504 1517 1618 1554 non
1671 1500 1855 1554 credit

210 1590 270 1642 in
305 1605 366 1643 se
398 1589 660 1642 futurum
694 1589 1143 1658 essejudicium.
1188 1589 1445 1643 Omnium
1474 1589 1851 1656 inimicorum,

213 1681 269 1730 et
301 1676 760 1730 Christianorum
796 1677 999 1748 utique
1031 1677 1100 1730 ad
1154 1678 1519 1748 probandum
1573 1677 1669 1749 qui
1720 1693 1850 1732 eum

213 1765 377 1836 sequi
411 1769 810 1820 contemnunt.

289 1876 316 1903 «
347 1853 502 1908 Dixit
532 1853 686 1909 enim
722 1855 781 1909 in
835 1855 1026 1910 corde.
1063 1876 1090 1904 »
1124 1861 1232 1910 etc.
1282 1860 1516 1927 Semper
1558 1856 1711 1910 enim
1763 1871 1851 1909 se.-

1373 479 1871 544 BREVIARIUM
1916 480 1996 540 IN
2043 481 2423 542 PSALMOS.

3484 477 3602 536 894

2036 636 2061 662 «
2119 615 2371 684 Exsurge
2422 611 2687 668 Domine.
2740 631 2767 659 »
2819 610 2936 664 Hoc
2994 611 3100 673 est,
3169 599 3256 662 ad'
3282 607 3598 676 judicium.

1961 703 2214 756 Ecclesia
2237 703 2378 756 dicit
2410 705 2607 756 contra
2643 698 3078 761 Antichristum,
3132 718 3160 745 »
3206 697 3273 750 Et
3322 696 3604 750 exaltetur

1964 809 2175 846 manus
2207 797 2323 846 tua.
2364 814 2388 836 ››
2426 792 2483 844 Id
2521 794 2609 844 est
2641 788 2898 860 potentia
2951 791 3046 841 tua
3085 802 3095 839 :
3134 785 3274 840 dum
3319 785 3608 840 Antichri-

1959 886 2086 937 stus
2131 898 2192 936 se
2236 879 2431 934 taliter
2474 879 2661 948 jactat
2700 876 2898 932 omnia
2959 873 3254 946 possidere
3292 873 3420 929 sine
3467 876 3600 931 fine.

1962 994 1988 1019 ‹‹
2023 975 2101 1024 Ne
2133 969 2495 1024 obliviscaris
2528 981 2848 1038 pauperum
2899 964 2959 1017 in
3012 965 3210 1017 finem.
3266 986 3286 1009 ι
3324 963 3472 1018 Dum
3508 964 3604 1018 ille

1962 1073 2021 1112 se
2052 1057 2192 1111 dicit
2222 1071 2461 1128 regnare
2493 1071 2678 1125 usque
2712 1054 2769 1108 in
2804 1054 2998 1107 finem.
3033 1053 3272 1122 PrOpter
3296 1051 3400 1106 hoc
3427 1069 3598 1123 supe-

1961 1147 2083 1201 rius
2115 1147 2272 1202 dicit.

2035 1259 2060 1285 ‹‹
2089 1235 2336 1290 lrritavit
2368 1235 2584 1306 impius
2620 1239 2817 1288 Deum.
2857 1254 2883 1281 η
2917 1233 2974 1286 Id
3005 1237 3112 1301 est,
3176 1231 3596 1287 Antichristus.

1965 1347 1992 1375 «
2023 1325 2175 1380 Dixit
2203 1325 2355 1380 enim
2390 1325 2444 1378 in
2480 1323 2650 1377 corde
2709 1339 2834 1377 suo.
2884 1321 3004 1378 Non
3056 1321 3313 1391 requiret
3357 1321 3528 1376 Deus.
3570 1343 3596 1367 η

1961 1414 2111 1469 Dicit
2132 1412 2671 1467 Antichristus:Non
2705 1415 2866 1465 curat
2902 1411 3049 1464 Deus
3078 1411 3148 1464 de
3181 1409 3290 1464 isto
3313 1409 3602 1478 praesenti.

2034 1528 2060 1551 ‹‹
2095 1503 2270 1556 Vides
2304 1501 2578 1572 quoniam
2616 1505 2676 1554 tu
2712 1500 2968 1553 laborem
3002 1503 3059 1553 et
3105 1497 3367 1552 dolorem
3415 1497 3605 1552 consi-

1963 1593 2151 1646 deras.
2190 1613 2216 1639 »
2253 1590 2538 1660 PrOpheta
2567 1588 2828 1659 loquitur
2859 1589 2928 1641 ad
2993 1588 3168 1641 Deum
3211 1603 3222 1640 :
3257 1585 3403 1649 Quia
3440 1585 3604 1640 Anti-

1963 1679 2218 1734 christus
2251 1679 2571 1733 meditatur
2599 1682 2663 1731 ut
2693 1681 2914 1744 noceat,
2960 1681 3018 1730 tu
3081 1675 3436 1729 consideras.
3475 1695 3494 1721 α
3535 1673 3605 1727 Ut

1962 1769 2158 1824 tradas
2190 1785 2287 1822 eos
2320 1768 2378 1822 in
2411 1783 2623 1822 manus
2657 1770 2804 1820 tuas.
2844 1788 2869 1812 n
2901 1765 3109 1820 Manus
3141 1762 3239 1818 Dei
3288 1762 3371 1815 illi
3405 1761 3604 1816 dicun-

1962 1863 2079 1923 tur,
2130 1857 2228 1929 qui
2292 1858 2514 1927 justam
2556 1854 2875 1909 vindictam
2938 1853 3037 1908 Dei
3105 1855 3374 1908 exercent
3430 1865 3607 1920 super

213 1944 424 1996 ducam
457 1942 748 2010 homines,
781 1947 846 1998 ut
876 1943 934 1997 in
968 1943 1137 1998 malis
1168 1949 1622 2016 perseverantes,
1652 1944 1854 2000 volun-
1883 1976 1931 2040 B
1966 1951 2316 2018 peccatores.
2348 1950 2590 2016 Propter
2618 1944 2727 2000 hoc
2760 1959 2992 2007 manus,
3027 1941 3165 2012 quia
3195 1957 3298 2011 per
3328 1939 3459 1995 illos
3489 1939 3611 1992 vin-

210 2031 317 2086 tati
353 2031 452 2086 Dei
482 2032 780 2086 resistant.
815 2054 840 2082 ››
877 2033 1029 2086 Dixit
1057 2033 1272 2099 enim,»
1297 2034 1404 2088 hoc
1433 2039 1538 2095 est,
1561 2033 1852 2089 Antichri-

212 2127 339 2175 stus
375 2137 387 2174 :
423 2120 564 2192 quid
599 2120 743 2174 dixit
772 2120 799 2174 ‘?
831 2143 858 2169 «
891 2121 1014 2174 Non
1051 2121 1319 2176 movebor
1350 2139 1382 2176 a
1412 2123 1853 2192 generationein

211 2207 645 2279 generationem
679 2207 804 2262 sine
827 2209 982 2263 malo
1016 2227 1030 2275 ;
1067 2231 1094 2257 »
1129 2209 1182 2263 id
1234 2214 1340 2278 est,
1390 2215 1553 2264 tanta
1583 2211 1737 2265 mala
1768 2212 1850 2265 fa-

213 2297 363 2350 ciam
395 2296 453 2350 in
484 2313 603 2350 una
643 2300 812 2367 gente
851 2301 916 2351 ut
966 2301 1280 2368 antequam
1329 2298 1555 2352 veniam
1607 2300 1676 2354 ad
1711 2299 1859 2354 alte-

215 2400 340 2438 ram
393 2390 646 2454 gentem,
698 2389 868 2440 antea
919 2402 1110 2441 meam
1169 2387 1384 2441 famam
1434 2387 1676 2442 audiant
1704 2392 1761 2441 et
1792 2387 1858 2441 ti-

219 2477 436 2524 meant.
471 2471 686 2526 Aliter:
716 2473 837 2526 Non
873 2473 1144 2528 movebor
1173 2490 1206 2527 a
1236 2473 1608 2545 generatione
1640 2473 1858 2528 carnali

220 2561 276 2613 in
313 2560 744 2630 generationem
770 2560 1132 2631 spiritualem
1166 2578 1179 2615 :
1223 2561 1280 2616 id
1309 2566 1416 2627 est,
1447 2563 1515 2616 de
1546 2567 1700 2616 terra
1723 2578 1854 2616 cum

225 2665 464 2719 corpore
495 2649 553 2703 in
586 2650 795 2704 ccelum
841 2651 1229 2705 conscendam
1265 2667 1278 2704 :
1310 2653 1434 2705 sine
1487 2653 1659 2720 malo,
1711 2667 1776 2705 ac
1809 2651 1857 2705 si

222 2737 375 2791 dicat
427 2738 553 2792 sine
602 2737 722 2792 ulla
763 2739 1000 2808 injuria.
1059 2740 1201 2794 Cum
1251 2740 1497 2795 voluerit
1546 2742 1859 2794 ascendere

221 2826 290 2879 ad
334 2830 589 2880 montem
627 2826 1143 2896 Oliveti,Dominus
1165 2843 1297 2883 eum
1318 2829 1624 2883 interﬁciet
1647 2829 1856 2899 spiritu

219 2913 335 2968 oris
367 2915 456 2968 sui
488 2915 560 2984 (11
582 2915 754 2969 Thess.
791 2933 851 2980 ιι,
883 2917 957 2980 8).
1005 2915 1200 2971 Voluit
1250 2934 1404 2971 unus
1457 2919 1526 2972 de
1576 2918 1858 2972 membris

219 3002 344 3058 suis
375 3004 572 3057 Simon
601 3004 803 3075 Magus
843 3005 1051 3058 coelum
1076 3007 1486 3072 conscendere,
1510 3007 1608 3060 sed
1637 3005 1858 3060 interiit

289 3113 316 3139 «
349 3092 528 3162 Cujus
559 3109 622 3147 os
655 3093 1062 3148 maledictione
1093 3099 1151 3148 et
1180 3094 1572 3150 amaritudine
1619 3094 1857 3166 plenum

215 3186 322 3234 est.
364 3204 383 3232 ι
423 3197 488 3234 ac
519 3181 566 3234 si
600 3180 755 3235 dicat
789 3199 800 3235 :
835 3181 941 3246 Qui
976 3199 1036 3237 se
1067 3199 1173 3238 sua
1210 3183 1443 3252 justitia
1465 3185 1648 3254 jactat
1688 3188 1752 3237 ut
1782 3185 1860 3237 sit

219 3269 556 3340 Deus,apud
585 3269 767 3324 Deum
792 3269 1142 3326 maledictus
1163 3275 1318 3326 est.«
1342 3273 1456 3326 Sub
1478 3272 1677 3344 lingua
1692 3273 1857 3342 ejus»

1969 2036 2198 2090 dicatur
2227 2035 2404 2091 Deus.
2428 2034 2646 2088 Aliter:
2684 2032 2755 2087 Ut
2787 2032 2987 2087 tradas
3019 2047 3117 2085 eos
3149 2031 3203 2083 in
3239 2045 3452 2084 manus
3473 2032 3606 2082 tuas

1967 2125 2022 2178 id
2057 2131 2166 2191 est,
2200 2124 2258 2178 in
2291 2123 2565 2194 operibus
2597 2121 2722 2176 suis
2757 2138 2769 2174 :
2805 2125 2867 2173 ut
2908 2119 3069 2189 digni
3108 2119 3228 2172 sint
3283 2116 3456 2181 tradi,
3506 2115 3609 2186 qui

1967 2213 2551 2283 indignagesserunt.
2576 2209 2712 2280 quia
2736 2207 2846 2278 ipsi
2880 2207 2988 2262 sibi
3014 2206 3136 2261 suis
3169 2205 3421 2260 miseriis
3489 2208 3608 2258 tra-

1967 2301 2259 2366 diderunt,
2293 2304 2348 2354 et
2377 2298 2601 2354 dimisit
2631 2296 2763 2352 illos
2796 2297 2850 2350 in
2869 2312 3072 2350 omnes
3089 2294 3415 2350 voluntates
3445 2309 3606 2348 suas.

2039 2413 2066 2438 ‹‹
2117 2389 2244 2443 Tibi
2288 2386 2444 2442 enim
2489 2386 2798 2441 derelictus
2862 2388 2951 2440 est
2999 2400 3239 2456 pauper.
3305 2404 3334 2432 »
3384 2382 3445 2437 Id
3495 2385 3603 2447 est,

1966 2477 2240 2533 Ecclesia.
2273 2478 2350 2530 Ac
2394 2476 2442 2530 si
2473 2477 2629 2530 dicat
2661 2493 2673 2529 :
2707 2479 2828 2528 Tua
2882 2477 2973 2528 est
3001 2473 3071 2528 ad
3102 2471 3470 2527 salvandum.
3503 2470 3612 2524 Pu-

1970 2566 2108 2638 pillo
2141 2575 2200 2620 tu
2228 2567 2333 2620 eris
2363 2562 2871 2635 adjutor.Pupillus
2894 2563 3126 2626 dicitur,
3161 2561 3260 2632 qui
3294 2576 3404 2613 non
3438 2559 3612 2612 habet

1971 2661 2242 2726 patrem:
2289 2653 2608 2724 orphanus,
2631 2653 2728 2723 qui
2783 2669 2884 2705 nec
2931 2656 3153 2721 patrem
3207 2664 3311 2702 nec
3362 2651 3608 2700 matrem

1968 2743 2161 2802 habet.
2197 2741 2468 2813 Pupillus
2498 2741 2734 2805 dicitur,
2767 2739 2863 2811 qui
2899 2743 3120 2810 patrem
3163 2734 3457 2790 diabolum
3494 2749 3609 2786 non

1967 2833 2141 2887 habet
2172 2838 2234 2886 ut
2264 2832 2322 2885 in
2353 2829 2662 2901 Evangelio
2694 2846 2705 2882 :
2742 2830 2919 2883 Notite
2959 2841 3148 2881 vocare
3195 2825 3344 2878 vobis
3395 2829 3610 2892 patrem

1965 2938 2132 2993 super
2170 2925 2374 2975 terram
2403 2918 2609 2989 (Matth.
2643 2935 2802 2980 xxm,
2843 2918 2920 2985 9).
2985 2916 3050 2969 Et
3107 2913 3206 2985 qui
3262 2929 3374 2966 non
3435 2910 3611 2964 habet

1968 3016 2235 3075 matrem,
2269 3009 2346 3077 id,
2381 3013 2468 3062 est
2489 3005 2984 3078 gentilitatem.Ac
3015 3005 3062 3059 si
3094 3003 3248 3058 dicat
3279 3018 3292 3056 :
3327 3001 3399 3056 ad
3421 3001 3601 3054 istum

1966 3100 2079 3154 eris
2111 3099 2362 3168 adjutor.

2041 3211 2067 3238 «
2099 3190 2411 3242 Conterens
2439 3185 2745 3240 brachium
2778 3183 3116 3255 peccatoris.
3180 3205 3206 3230 ››
3239 3183 3356 3236 Ista
3386 3181 3454 3236 ad
3490 3183 3606 3234 An-
3681 3259 3696 3262 _

1967 3275 2302 3330 tichristum
2355 3275 2688 3346 pertinent:
2722 3273 2862 3344 quia
2929 3272 3252 3342 confringet
3329 3269 3606 3323 Dominus

214 3357 330 3410 Sub
364 3359 533 3412 corde
563 3359 711 3428 ejus.
746 3381 774 3406 «
810 3359 996 3413 Labor
1027 3363 1082 3413 et
1101 3359 1286 3414 dolor.
1333 3382 1361 3409 »
1410 3341 1854 3427 Dolorsibiiest,
1887 3341 1929 3407 (ἶ
1959 3341 2371 3420 fortitudinem
2405 3365 2552 3432 ejus.
2589 3386 2614 3410 ‹‹
2666 3341 3031 3431 Et‘maligni.
3068 3381 3095 3407 »
3129 3341 3256 3429 Ipse
3302 3361 3390 3412 est
3446 3356 3610 3411 mali-

217 3451 274 3500 et
298 3445 545 3501 aliorum
578 3451 864 3518 temperat
891 3447 1147 3502 laborem
1169 3451 1225 3502 et
1253 3449 1533 3504 dolorem.

288 3536 513 3589 «Sedet
544 3536 602 3589 in
633 3535 867 3611 insidiis
907 3552 1036 3590 cum
1089 3536 1386 3593 divitibus.
1434 3559 1460 3586 ν)
1496 3538 1555 3592 Id
1590 3541 1699 3606 est,
1730 3538 1854 3593 dia-

215 3622 388 3678 bolus
414 3623 728 3678 insidiatur
759 3639 860 3695 per
890 3625 1154 3680 membra
1183 3641 1290 3680 sua
1336 3625 1394 3680 in
1445 3625 1658 3696 quibus
1706 3643 1855 3698 prai-

212 3711 383 3777 sidet,
415 3716 471 3766 et
501 3711 632 3767 aliis
662 3717 845 3766 nocet.
884 3735 910 3760 «
944 3713 1014 3767 Ut
1046 3713 1356 3768 interficiat
1386 3715 1777 3770 innocentem.
1826 3738 1852 3764 »

217 3801 274 3852 ld
309 3806 416 3863 est,
456 3805 516 3854 ut
548 3802 616 3855 de
644 3802 1052 3857 innocentibus
1086 3803 1261 3858 faciat
1314 3807 1607 3874 nocentes,
1655 3811 1712 3859 et
1742 3805 1852 3859 sibi

212 3888 468 3958 primum
503 3895 724 3944 noceat.

284 3999 311 4024 «
345 3976 508 4030 Oculi
539 3979 690 4048 ejus.
730 3999 750 4025 ι
788 3979 848 4033 Id
899 3987 1006 4045 est,
1066 3979 1217 4035 oculi
1277 3981 1642 4037 Antichristi.
1705 4003 1733 4030 «
1789 3983 1852 4038 In

213 4081 529 4136 pauperem
581 4065 918 4136 respiciunt.
977 4091 998 4115 η
1047 4072 1166 4124 Ηοο
1230 4074 1340 4132 est,
1395 4071 1452 4124 in
1513 4071 1850 4138 Ecclesiam,

210 4171 338 4224 qua:
387 4158 476 4208 est
523 4171 733 4224 corpus
782 4155 1041 4210 Christi:
1077 4157 1147 4210 ad
1211 4160 1539 4213 nocendum
1598 4161 1851 4231 respicit,

215 4248 270 4296 et
301 4259 416 4295 non
449 4243 520 4296 ad
571 4243 989 4311 adjuvandum.
1042 4267 1069 4294 «
1123 4244 1442 4301 Insidiatur
1487 4247 1546 4301 in
1605 4247 1852 4312 occulto,

208 4331 362 4384 sicut
394 4329 481 4384 leo
513 4330 570 4383 in
603 4330 780 4385 cubili
813 4346 939 4384 suo.
978 4351 1000 4379 ι
1036 4331 1334 4403 Diabolus,
1367 4340 1423 4388 et
1453 4333 1560 4399 leo,
1595 4341 1650 4390 et
1681 4337 1853 4392 draco

206 4423 398 4488 potest
449 4418 582 4472 dici.
639 4419 838 4484 Draco,
900 4418 1134 4489 quando
1191 4420 1379 4475 oculte
1437 4427 1622 4491 nocet,
1651 4428 1709 4478 et
1737 4423 1846 4486 leo,

203 4509 437 4576 quando
469 4512 666 4578 aperte
699 4508 1125 4578 persequitur.«
1162 4507 1230 4562 Ut
1261 4508 1448 4579 rapiat
1478 4527 1850 4583 pauperem,»

202 4595 258 4648 id
295 4601 401 4660 est,
426 4595 848 4651 Christianum.

1973 3469 2145 3524 gnus.
2187 3475 2206 3499 ι
2235 3453 2534 3515 Quaenetur
2561 3449 2837 3504 delictum
2879 3449 3026 3517 ejus,
3061 3463 3165 3501 nec
3197 3445 3543 3500 invenietur.
3578 3466 3622 3493 »-

1969 3542 2084 3596 Hoc
2118 3546 2226 3606 est,
2262 3542 2330 3594 ad
2365 3539 2832 3594 emendationem
2867 3553 2981 3591 non
3015 3541 3102 3591 est
3132 3535 3345 3606 dignus
3392 3533 3608 3588 venire.

1968 3631 2034 3684 Et
2075 3630 2283 3684 aliter:
2320 3629 2442 3683 Non
2496 3628 2842 3692 invenietur,
2890 3631 2951 3680 ut
2998 3625 3208 3679 habeat
3257 3627 3556 3695 peccatum
3593 3637 3606 3677 :

1967 3719 2066 3774 sed
2095 3719 2171 3772 sit
2202 3718 2353 3772 sicut
2384 3718 2536 3772 Deus
2567 3717 2666 3788 qui
2701 3720 3000 3787 peccatum
3033 3732 3148 3769 non
3199 3713 3390 3776 habet,
3423 3728 3608 3782 quan-

1964 3813 2089 3863 tum
2123 3809 2275 3880 apud
2305 3808 2521 3879 ipsum.

2047 3919 2073 3949 ι
2122 3897 2407 3952 Dominus
2466 3896 2734 3969 regnabit
2799 3895 2857 3948 in
2925 3899 3206 3948 aeternum
3275 3893 3399 3946 sine
3471 3891 3606 3944 fine.

1969 3985 2115 4049 Quia
2145 3991 2286 4040 tunc
2341 4001 2584 4057 regnum
2619 4001 2748 4038 cum
2773 3981 3218 4052 tranquillitate,
3264 3985 3328 4034 ut
3394 3979 3612 4033 Paulus

1966 4076 2046 4129 ait
2081 4092 2092 4128 :
2131 4075 2274 4129 Cum
2313 4073 2619 4128 tradiderit
2661 4089 2905 4143 regnum
2939 4071 3053 4125 Deo
3085 4075 3140 4124 et
3173 4068 3346 4132 Patri,
3379 4068 3612 4136 quando

1964 4164 2072 4217 erit
2113 4163 2266 4217 Deus
2317 4162 2513 4216 omnia
2568 4162 2627 4215 in
2681 4160 2956 4214 omnibus
3006 4158 3050 4227 (I
3102 4157 3220 4213 Cor.
3253 4174 3343 4222 xv,
3374 4156 3464 4219 2/1,
3497 4156 3609 4225 28).

1965 4253 2228 4306 Peribitis
2268 4255 2471 4316 gentes,
2523 4249 2588 4304 de
2633 4258 2778 4304 terra
2808 4248 2979 4302 illius.
3029 4246 3135 4309 Qui
3183 4243 3609 4300 Antichristum

1963 4346 2326 4411 receperunt,
2399 4339 2674 4410 peribunt
2739 4338 2810 4391 ab
2869 4335 3144 4398 Ecclesia,
3196 4334 3305 4388 hoc
3375 4337 3482 4398 est,
3535 4334 3605 4387 de

1964 4429 2220 4484 Ecclesia
2269 4447 2281 4484 :
2331 4434 2612 4500 regnante
2663 4426 2912 4490 Christo,
2960 4430 3159 4496 gentes
3204 4423 3517 4478 criminum
3573 4438 3607 4476 a

1963 4533 2202 4588 corpore
2232 4518 2488 4572 humano
2510 4517 2844 4588 depereunt.

2039 4627 2064 4654 ιι
2117 4605 2482 4660 Desiderium
2520 4620 2840 4676 pauperum
2903 4602 3195 4658 exaudivit
3238 4599 3541 4656 Dominus.
3578 4622 3600 4648 ιι

277 4683 560 4753 «Rapere
591 4701 926 4755 pauperem,
979 4685 1120 4739 dum
1171 4685 1414 4741 attrahit
1443 4703 1598 4742 eum.
1652 4690 1713 4743 1n
1763 4689 1852 4745 la-
1885 4703 1931 4767 D
1963 4695 2023 4749 Id
2057 4700 2164 4761 est,
2220 4694 2532 4749 Ecclesiam
2603 4710 2769 4748 suam
2839 4693 3132 4747 exaudivit
3197 4689 3483 4745 Dominus
3545 4693 3609 4744 ut

205 4788 354 4842 queo
387 4789 492 4826 suo
515 4772 847 4827 bumiliabit
880 4791 1012 4828 eum
1050 4791 1061 4826 :
1093 4773 1400 4829 inclinabit
1432 4793 1511 4846 se,
1544 4782 1600 4831 et
1629 4781 1843 4845 cadet,»

206 4866 316 4913 etc-
351 4859 594 4914 Videtur
617 4861 900 4917 inclinare
931 4878 994 4917 se
1023 4863 1188 4933 quasi
1223 4865 1293 4918 ad
1336 4865 1754 4935 humilitatem,
1789 4875 1854 4924 ut

208 4949 472 5004 videatur
503 4951 668 5020 quasi
699 4951 859 5006 mitis
887 4955 945 5005 et
974 4957 1213 5006 sanctus
1251 4995 1263 5018 ,
1315 4959 1372 5008 et
1401 4971 1535 5008 cum
1570 4972 1630 5010 se
1690 4957 1852 5012 incli-

208 5038 430 5090 naverit
459 5043 598 5092 tunc
630 5055 873 5093 casurus
899 5044 986 5093 est
1019 5057 1031 5094 :
1067 5041 1208 5110 quia
1257 5043 1398 5096 dum
1431 5050 1629 5114 sperat
1679 5045 1850 5118 longe

204 5142 266 5180 se
299 5142 429 5180 esse
480 5144 513 5181 a
562 5132 769 5194 morte,
803 5134 943 5182 tunc
999 5129 1342 5200 repentinus
1368 5131 1418 5184 ei
1476 5136 1848 5203 superveniet

203 5215 497 5269 interitus.

275 5325 303 5351 ‹‹
338 5303 491 5357 Dixit
521 5304 676 5358 enim
726 5304 784 5358 in
826 5306 997 5360 corde
1044 5323 1150 5361 suo
1184 5322 1196 5360 :
1231 5306 1459 5362 Oblitus
1507 5314 1597 5365 est
1651 5317 1796 5367 Deus
1833 5329 1844 5368 :

203 5392 412 5445 avertit
438 5391 643 5445 faciem
676 5408 867 5461 suam,
902 5408 972 5446 ne
1026 5393 1217 5449 videat
1262 5412 1445 5466 usque
1495 5398 1549 5451 in
1585 5399 1781 5454 finem.
1818 5424 1846 5449 ››

199 5478 427 5534 Oblitus
457 5486 547 5534 est
580 5497 592 5533 :
627 5496 689 5534 ac
723 5481 771 5535 si
804 5480 960 5534 dicat
990 5498 1002 5534 :
1035 5485 1159 5536 Mea
1189 5489 1327 5538 sunt
1356 5486 1554 5540 omnia
1584 5490 1844 5558 quandiu

200 5567 479 5622 saeculum
514 5569 706 5634 fuerit,
740 5573 796 5622 et
826 5570 883 5622 in
915 5569 1202 5626 oblivione
1228 5573 1472 5628 tradidit
1504 5575 1603 5630 illa
1645 5581 1792 5633 Deus
1829 5605 1842 5644 ;

200 5673 502 5728 nunquam
532 5674 675 5712 usus
705 5662 794 5712 est
823 5656 939 5711 illis
975 5674 986 5712 :
1021 5659 1122 5712 sed
1181 5675 1308 5716 mea
1353 5669 1510 5729 sunt,
1559 5665 1697 5736 quia
1740 5683 1845 5739 ego

199 5745 356 5800 Deus
387 5760 541 5800 sum.

1960 4784 2299 4838 vindicetur.
2340 4783 2662 4851 Exaudivit,
2696 4787 2760 4837 ut
2787 4783 2870 4837 eis
2901 4782 3184 4836 tribueret
3227 4795 3406 4851 regna
3435 4777 3604 4833 coelo-

1964 4889 2116 4927 rum.
2151 4896 2170 4920 α
2209 4871 2697 4942 Prasparationem
2731 4870 2922 4925 cordis
2955 4886 3154 4924 eorum
3197 4868 3418 4923 audivit
3448 4867 3606 4922 auris

1962 4965 2082 5016 tua.
2110 4984 2138 5010 »
2173 4960 2286 5015 Hoc
2318 4964 2426 5029 est,
2462 4959 2768 5014 clementia
2798 4965 3112 5014 tua.Aures
3147 4957 3368 5012 Domini
3401 4956 3604 5010 audire

1961 5050 2257 5116 dicuntur,
2292 5065 2426 5103 cum
2459 5049 2732 5104 exaudire
2762 5049 3041 5118 dignatur
3070 5065 3088 5106 .'
3119 5047 3173 5101 id
3209 5050 3600 5106 est.2eternam

1959 5139 2137 5193 vitam
2173 5155 2347 5209 quam
2375 5137 2628 5193 Ecclesia
2659 5138 2971 5200 desiderat,
3004 5153 3136 5190 cum
3186 5151 3313 5190 eam
3361 5132 3408 5186 ei
3435 5131 3602 5184 dede-

1961 5228 2036 5282 rit
2068 5245 2080 5283 :
2120 5231 2181 5281 ut
2211 5228 2362 5298 quod
2398 5227 2695 5298 quondam
2729 5227 3102 5297 concupierat
3131 5225 3189 5278 in
3235 5221 3598 5292 spe,tandem

1961 5317 2186 5371 fruatur
2215 5315 2273 5370 in
2307 5317 2519 5387 specie.

2033 5427 2060 5453 «
2091 5405 2365 5459 Judicare
2393 5403 2616 5476 pupillo
2646 5411 2700 5459 et
2733 5404 2960 5458 humili.
2994 5426 3020 5452 »
3054 5402 3156 5457 Hic
3185 5401 3341 5455 enim
3383 5399 3595 5468 dativo,

1957 5510 2072 5548 non
2126 5495 2456 5548 accusativo
2508 5510 2645 5548 casu
2713 5493 3015 5564 loquitur:
3050 5492 3156 5546 hoc
3209 5496 3318 5550 est.
3369 5505 3479 5544 non
3534 5495 3598 5545 ut

1957 5582 2248 5654 pupillum
2271 5582 2515 5652 judicet,
2553 5582 2652 5636 sed
2687 5587 2750 5634 ut
2797 5581 3095 5650 judicetur
3134 5577 3354 5649 pupillo
3402 5582 3458 5632 et
3486 5578 3593 5632 hu-

1958 5671 2103 5735 mili,
2135 5676 2201 5725 ut
2231 5669 2519 5741 accipiant
2545 5671 2720 5723 vitam
2755 5675 3047 5722 aeternam.
3084 5690 3110 5715 «
3146 5666 3215 5721 Ut
3249 5683 3361 5722 non
3413 5685 3589 5740 appo-

1954 5764 2055 5814 nat
2085 5759 2239 5814 ultra
2269 5758 2643 5828 magnificare
2665 5773 2726 5811 se
2758 5756 2932 5811 homo
2982 5771 3160 5828 super
3189 5761 3424 5812 terram.
3461 5778 3488 5806 »
3521 5757 3593 5812 Ut
