4220 6592
589 451 703 512 895

2080 448 2495 513 APPENDIX.

590 600 655 637 ex
686 584 793 636 hoc
823 599 935 638 non
969 582 1228 655 erigatur
1251 584 1648 643 Antichristus
1678 602 1857 659 super
1885 586 2095 642 eiectos
2135 587 2231 641 Dei
2266 587 2314 651 Α
2351 587 2549 639 sancto
2580 583 2778 641 suozln
2809 582 3065 640 Ecclesia
3083 599 3261 655 quam
3294 583 3405 639 sibi
3424 584 3691 641 exhibuit
3719 593 3982 643 sanctam

589 688 778 741 neque
809 676 987 728 tentet
1018 673 1147 727 illos
1183 691 1195 727 :
1231 675 1371 745 quia
1400 692 1717 746 oppressus
1749 693 1926 747 regno
1962 675 2086 731 Filii
2113 676 2237 742 Dei,

588 760 846 832 amplius
878 779 993 817 non
1026 763 1276 818 erit.Nos
1308 780 1539 835 quoque
1563 782 1799 820 oremus
1830 764 2237 829 Dominum,ut

590 866 698 905 nos
720 850 791 904 ab
822 851 952 921 ejus
984 851 1259 923 operibus
1292 854 1583 908 custodire
1614 852 2116 925 digneturillaesos
2143 857 2238 907 :ut

587 939 660 994 ab
691 954 757 994 eo
789 938 994 1011 pupilli
1032 940 1184 1008 facti,
1221 945 1443 1012 patrem
1474 942 1770 998 Christum
1807 943 2121 997 Dominum
2143 958 2238 996 co-

589 1033 955 1100 gnoscentes,
987 1029 1180 1100 ipsum
1214 1047 1532 1102 sequamur
1576 1032 1711 1100 fide,
1745 1032 1939 1103 ipsum
1986 1032 2234 1087 retinea-

589 1132 722 1171 mus
752 1118 922 1172 corde
953 1118 1148 1189 ipsum
1180 1118 1575 1191 gloriﬁcemus
1609 1121 1667 1174 in
1701 1136 1870 1192 opere
1905 1137 1917 1176 :
1953 1120 2088 1191 quia
2122 1119 2231 1191 ipsi

589 1211 679 1260 est
707 1222 841 1261 cum
874 1212 1084 1262 (sterno
1120 1208 1281 1263 Patre
1312 1214 1367 1263 et
1399 1210 1616 1280 Spiritu
1672 1215 1875 1266 sancto
1922 1209 2128 1277 honor,
2179 1212 2236 1264 et

475 1298 485 1304 ’
587 1293 772 1365 gloria
800 1294 857 1350 in
882 1295 1093 1351 saecula
1122 1296 1489 1353 saeculorum.
1524 1303 1732 1354 Amen.

1192 1404 1315 1457 PSA
1325 1404 1518 1459 LMUS
1561 1405 1627 1459 X.

590 1492 649 1546 In
675 1490 851 1566 ﬁnem
879 1493 1143 1566 psalmus,
1179 1493 1367 1566 David.
1411 1493 1682 1549 Decimus
1734 1494 1999 1566 psalmus
2029 1500 2234 1551 contra

799 1562 1124 1630 hazreticos,
1157 1569 1213 1619 et
1242 1564 1394 1619 male
1425 1562 2007 1621 credentes—canitur.

666 1652 786 1707 «In
853 1651 1097 1707 Domino
1163 1654 1414 1708 confido.
1460 1675 1487 1702 »
1518 1653 1637 1709 Vox
1699 1654 1961 1711 Ecclesiae
2028 1660 2234 1711 contra

587 1740 911 1811 haereticos,
944 1742 1064 1797 sive
1092 1741 1309 1797 Christi
1356 1746 1559 1798 contra
1597 1744 1910 1800 daemones.
1962 1768 1990 1794 ‹‹
2020 1744 2231 1800 Trans-

590 1829 782 1901 migra
811 1829 869 1883 in
905 1835 1161 1885 montem
1196 1831 1351 1886 sicut
1394 1848 1617 1904 passer.
1654 1854 1682 1882 »
1713 1834 1851 1888 Vult
1879 1835 2108 1904 justum
2160 1833 2231 1889 ad

591 1918 821 1972 deserta
863 1918 1136 1991 migrare,
1170 1924 1235 1975 ut
1276 1920 1371 1975 ubi
1419 1937 1552 1976 eum
1607 1921 1834 1977 facilius
1881 1921 2077 1977 elidat.
2127 1922 2231 1977 Vel

593 2006 733 2077 quia
751 2006 1004 2063 haeretici
1036 2008 1219 2065 dolosi
1264 2013 1420 2075 sunt,
1462 2010 1532 2065 de
1574 2010 1790 2081 quibus
1837 2010 1919 2066 ait
1948 2010 2232 2083 propheta

596 2096 686 2151 Va?
713 2096 797 2149 his
826 2098 923 2167 qui
966 2098 1153 2153 dicunt
1183 2098 1337 2154 dulce
1383 2116 1646 2156 amarum
1692 2108 1743 2155 et
1780 2116 2032 2156 ansarum
2073 2101 2233 2156 dulce

595 2184 720 2254 (Isa.
752 2201 808 2251 ν,
839 2185 930 2256 20)
959 2202 972 2239 :
1007 2185 1140 2241 Ideo
1169 2186 1371 2242 volunt
1399 2189 1469 2243 ad
1530 2206 1593 2244 se
1652 2189 1927 2245 seducere
1977 2191 2229 2261 justum,

594 2272 852 2329 dicentes
885 2291 897 2328 :
930 2274 1014 2329 Ad
1063 2292 1169 2331 nos
1215 2278 1590 2350 transmigra.
1638 2277 1741 2341 Qui
1800 2279 2103 2350 respondit
2148 2278 2231 2335 eis

596 2361 661 2416 In
710 2363 953 2418 Domino
1003 2368 1093 2419 est
1152 2383 1286 2438 spes
1336 2382 1485 2421 mea.
1539 2368 1861 2433 Quomodo,
1916 2367 2125 2438 inquit,
2158 2368 2227 2422 ad

594 2454 819 2507 vestros
865 2458 1116 2520 montes,
1162 2454 1274 2511 hoc
1321 2462 1427 2520 est,
1478 2456 1551 2511 ad
1594 2461 1846 2511 vestram
1895 2456 2229 2527 superbiam

594 2542 1028 2614 transmigrabo
1058 2544 1084 2598 ?
1113 2545 1274 2609 Quod
1308 2548 1501 2600 autem
1534 2545 1633 2609 ait,
1687 2567 1714 2593 «
1747 2546 1907 2600 Sicut
1944 2562 2164 2617 passer.
2200 2568 2227 2597 »

594 2647 744 2702 saepe
769 2648 1065 2703 passerem
1094 2632 1217 2689 loco
1250 2633 1567 2705 prudentiae
1607 2634 1742 2705 poni
1791 2634 2064 2706 legimus.
2098 2636 2231 2690 Ideo

590 2719 685 2774 isti
716 2720 920 2775 dicunt
948 2739 960 2777 :
997 2723 1205 2777 Transi
1238 2723 1309 2777 ad
1342 2739 1449 2778 nos
1475 2723 1627 2779 sicut
1656 2723 1935 2794 prudens,
1968 2739 2099 2777 cum
2134 2741 2222 2779 eo-

590 2825 718 2864 rum
754 2811 1065 2880 prudentia
1086 2812 1164 2865 sit
1188 2810 1387 2866 stulta.

660 2921 688 2947 ‹‹
722 2900 1007 2964 Quoniam
1037 2915 1168 2955 ecce
1194 2904 1526 2972 peccatores
1553 2902 1928 2956 intenderunt
1956 2918 2177 2957 arcum.
2198 2924 2225 2952 ››

592 2986 652 3040 Id
681 2991 789 3057 est,
824 2986 1076 3042 haeretici
1107 3004 1209 3043 ora
1246 2988 1479 3043 illorum
1536 2994 1738 3044 contra
1776 2989 2089 3045 Ecclesium
2140 2991 2228 3046 in.

591 3074 903 3129 tenderunt
969 3092 1207 3147 arcum,
1275 3076 1593 3148 potentiam
1658 3079 2019 3134 verbositatis
2086 3098 2226 3136 sum.

591 3185 623 3211 (ρ
652 3167 1007 3219 Paraverunt
1038 3165 1282 3236 sagittas
1314 3182 1453 3221 suas
1488 3191 1501 3233 ;
1537 3190 1559 3219 ι
1596 3167 1703 3223 hoc
1734 3173 1840 3237 est,
1873 3169 2066 3224 verba.
2102 3192 2129 3218 ‹‹
2166 3170 2226 3224 In

588 3252 881 3323 pharetra,
914 3253 971 3307 in
1004 3255 1355 3326 semetipsis.
1389 3255 1535 3320 Quia
1564 3256 1673 3327 ipsi
1717 3261 1857 3313 sunt
1895 3258 2176 3329 pharetrae
2211 3276 2224 3325 ;

589 3342 685 3396 ubi
719 3343 892 3397 verba
924 3343 1152 3399 insania
1182 3348 1238 3399 et
1267 3345 1585 3400 sententias
1628 3363 1949 3402 venenosae
1981 3365 2126 3419 quas
2158 3348 2227 3403 de

588 3430 909 3503 Scripturis
956 3433 1174 3488 sanctis
1225 3434 1560 3502 conficiunt,
1624 3435 1882 3491 occultas
1951 3438 2224 3492 retinent.

589 3541 617 3569 ‹‹
643 3520 714 3575 Ut
745 3521 1023 3593 sagittent
1050 3521 1108 3575 in
1137 3522 1385 3577 obscuro
1412 3528 1597 3578 rectos
1628 3525 1854 3579 corde.»
1889 3525 2225 3597 Numquam

586 3608 741 3663 enim
770 3608 826 3662 in
878 3609 1004 3664 luce
1053 3616 1335 3683 pugnant,
1393 3613 1491 3666 sed
1558 3614 1897 3684 semper-in
1947 3614 2224 3670 tenebris.

496 3714 519 3721 ’
588 3699 952 3776 Quapropter
989 3700 1190 3769 justus
1245 3701 1477 3756 aiebat:
1516 3703 1761 3759 Lucerna
1813 3703 2039 3773 pedibus
2068 3706 2223 3769 meis,

587 3787 813 3839 verbum
843 3791 1017 3841 tuum.
1051 3789 1282 3843 Domine
1310 3791 1479 3859 (Psal.
1513 3806 1710 3856 cxvni,
1762 3792 1905 3861 105).
1958 3814 1987 3840 ‹‹
2039 3791 2109 3847 Ut
2137 3809 2227 3846 sa-

587 3874 795 3945 gittent
824 3875 882 3929 in
916 3877 1161 3931 obscuro
1210 3883 1396 3934 rectos
1442 3880 1632 3934 corde.
1687 3902 1715 3929 »
1764 3879 1837 3934 Ut
1884 3896 2017 3935 cum
2064 3880 2225 3934 vide-

590 3962 708 4017 rint
736 3963 794 4017 in
827 3964 1081 4021 Ecclesia
1117 3967 1395 4039 inperitos
1427 3985 1712 4040 quosque,
1760 3966 1846 4023 vel
1906 3967 2223 4040 simplices,

590 4051 816 4123 laqueis
846 4054 1062 4110 dolosis
1095 4072 1161 4110 ac
1187 4056 1431 4113 occultis
1461 4056 1729 4113 illiciant.

663 4165 683 4190 α
737 4142 1020 4205 Quoniam
1070 4161 1197 4215 qua:
1250 4151 1311 4201 tu
1366 4147 1656 4217 perfecisti
1709 4146 2143 4201 destruxerunt.
2197 4166 2224 4194 »

588 4232 734 4296 Quid
768 4237 853 4287 est
886 4234 1040 4303 quod
1075 4234 1314 4290 fecisti?
1343 4234 1657 4289 Ecclesiam
1692 4239 1854 4288 tuam
1887 4233 1945 4288 in
1979 4234 2220 4288 unitate.

589 4321 750 4377 Unde
781 4322 922 4377 dicit
952 4340 965 4376 :
1002 4325 1085 4377 Ea:
1113 4339 1207 4378 ore
1234 4325 1541 4393 infantium
1593 4327 1645 4376 et
1691 4323 2011 4376 Iartentium
2049 4324 2226 4393 per/e-

584 4413 710 4465 czsti
735 4412 955 4466 laudem
985 4412 1153 4481 (Psal.
1185 4426 1306 4471 vni,
1337 4408 1683 4477 3).Hzeretici
1705 4410 2006 4464 destruere
2024 4410 2227 4465 volunt

590 4499 695 4553 hoc
729 4503 785 4553 et
813 4498 870 4553 in
905 4515 987 4563 se,
1031 4503 1087 4552 et
1133 4499 1190 4552 in
1225 4497 1377 4564 aliis,
1411 4498 1550 4568 quia
1593 4497 1877 4552 unitatem
1926 4498 2222 4555 scindunt.

584 4587 812 4642 Aliter:
847 4588 1025 4650 Quem
1066 4591 1127 4640 tu
1161 4585 1474 4657 perlecisti,
1524 4585 1822 4641 Christum
1888 4587 1959 4641 de
2006 4588 2223 4659 Spiritu

2345 674 2611 727 Dominus
2642 675 2701 726 in
2731 672 2867 729 οωιο
2897 674 3044 728 sedes
3072 676 3210 743 ejus.
3275 674 3336 727 In
3390 673 3555 739 emlo,
3604 673 3714 730 hoc
3761 680 3868 745 est,
3924 678 3984 732 in

2347 766 2549 817 sancto
2581 763 2975 833 praedicatore.
3007 762 3169 818 Unde
3199 762 3341 818 dixit
3374 780 3388 818 :
3422 762 3633 818 Caelum
3669 764 3812 820 mihi
3837 765 3988 821 sedes

2344 856 2423 905 cst
2455 854 2581 919 (lsa.
2613 868 2759 918 LXVI,
2791 853 2864 917 1),
2914 852 3107 907 anima
3162 852 3307 923 justi
3355 853 3521 907 sedes
3575 854 3873 924 sapientia!
3923 854 3986 909 in

2346 940 2543 995 anima
2565 940 2712 1010 justi
2744 940 2894 1011 (Sap.
2926 957 3022 996 vn.
3060 941 3170 1008 12),
3203 957 3328 1011 qua
3361 940 3619 997 caelestis
3648 941 3987 999 meditatur.

2417 1052 2445 1077 ι(
2478 1029 2641 1085 Oculi
2673 1030 2801 1099 ejus
2859 1029 2919 1084 in
2969 1045 3286 1101 pauperem
3345 1029 3693 1102 respiciunt.
3762 1054 3789 1081 »
3824 1030 3989 1088 Oculi

2343 1116 2557 1173 Christi
2610 1123 2847 1189 aspectu
2893 1118 3214 1175 divinitatis
3254 1118 3325 1173 ad
3372 1119 3651 1191 populum
3702 1119 3989 1177 Christia-

2345 1223 2485 1262 num
2520 1207 2861 1278 respiciunt.
2897 1207 2982 1263 Ad
3014 1207 3155 1278 quid
3188 1207 3562 1277 respiciunt?
3591 1208 3708 1264 Hoc
3754 1212 3864 1271 est.
3911 1211 3982 1265 ad

2344 1296 2765 1367 adjuvandum.
2818 1318 2848 1344 α(
2900 1294 3191 1366 Palpebrae
3240 1297 3368 1366 ejus
3430 1296 3789 1370 interrogant
3833 1297 3984 1355 ﬁlios

2343 1385 2672 1441 hominum.
2710 1407 2737 1435 ι)
2770 1384 3075 1441 Subtilitas
3119 1384 3460 1455 divinitatis,
3494 1386 3549 1440 id
3610 1391 3720 1450 est,
3762 1388 3990 1458 judicia

2344 1473 2442 1528 Dei
2473 1472 2784 1542 occulta,in
2809 1475 3024 1545 quibus
3056 1491 3162 1530 nos
3184 1474 3501 1545 interrogat
3533 1492 3546 1531 :
3591 1475 3729 1545 quia
3759 1476 3979 1547 perhoc

2345 1563 2649 1635 cognoscit
2705 1564 2846 1634 quid
2902 1563 3078 1619 habet
3125 1564 3555 1635 unusquisque,
3588 1564 3727 1636 quia
3766 1565 3994 1635 judicia

2342 1652 2440 1707 Dei
2476 1652 2703 1707 occulta
2732 1655 2892 1708 sunt.
2925 1652 3085 1708 Sicut
3113 1653 3412 1723 Scriptura
3441 1652 3756 1724 aliquando
3775 1654 3987 1709 obscu-

2344 1745 2525 1808 ratur,
2560 1745 2625 1796 ut
2656 1758 2761 1795 nos
2794 1740 3193 1796 inﬁrmitatem
3228 1745 3488 1798 nostram
3521 1758 3984 1814 cognoscamus:

2344 1830 2555 1886 iterum
2581 1828 2900 1885 allevamur
2931 1846 3003 1885 ne
3060 1830 3460 1901 desperemus.
3512 1831 3577 1886 Et
3618 1830 3731 1887 alio
3763 1832 3935 1887 modo
3969 1849 3984 1887 :

2340 1923 2449 1974 Per
2478 1934 2756 1990 prospera
2794 1923 2850 1973 et
2902 1920 3143 1975 adversa
3190 1918 3508 1991 interrogat
3539 1935 3552 1973 :
3579 1919 3714 1990 quia
3742 1935 3846 1991 per
3876 1920 3986 1977 hoc

2341 2008 2548 2079 probat
2591 2008 2744 2063 Deus
2792 2006 2981 2079 qualis
3039 2008 3289 2079 quisque
3338 2008 3533 2064 fuerit.
3583 2008 3710 2064 Alio
3760 2010 3982 2066 modo:

2338 2096 2618 2151 Videmus
2649 2113 2825 2151 unam
2859 2101 3089 2168 gentem
3139 2095 3442 2168 flagellari,
3492 2101 3551 2153 et
3606 2096 3825 2153 scimus
3874 2113 3979 2169 pro

2342 2202 2459 2256 qua
2487 2202 2665 2240 causa
2694 2184 3023 2257 ﬂagellatur
3058 2202 3070 2240 :
3104 2184 3198 2241 hic
3227 2185 3533 2243 manifesta
3563 2185 3789 2257 judicia
3818 2191 3976 2243 sunt.

2341 2276 2409 2331 Et
2436 2274 2548 2329 alio
2583 2275 2757 2329 modo
2791 2292 2804 2330 :
2838 2275 3117 2330 Videmus
3152 2274 3452 2346 ﬂagellari,
3475 2279 3532 2331 et
3559 2275 3858 2332 nescimus
3876 2292 3979 2346 pro

2341 2380 2458 2435 qua
2488 2380 2684 2429 causa,
2717 2369 2774 2419 et
2802 2363 2897 2418 hic
2925 2364 3152 2419 occulta
3173 2365 3530 2437 judicia,per
3558 2365 3680 2420 hinc
3710 2364 3981 2437 superius

2342 2452 2781 2523 comprehensa.

2414 2564 2441 2592 ‹‹
2472 2546 2708 2596 Justum
2739 2545 2795 2597 et
2839 2540 3085 2613 impium
3138 2541 3457 2615 interrogat
3511 2542 3815 2599 Dominus.
3859 2564 3886 2592 η
3920 2543 3980 2598 ld

2341 2636 2447 2701 est,
2481 2631 2707 2702 probat.
2742 2630 2901 2696 «Qui
2936 2634 3133 2686 autem
3180 2631 3374 2703 diligit
3414 2632 3807 2703 iniquitatem,
3859 2632 3984 2688 odit

2340 2720 2597 2774 animam
2629 2737 2820 2775 suam.
2856 2742 2884 2770 η
2915 2720 3033 2775 Hoc
3061 2724 3151 2776 est
3182 2722 3372 2791 perdit
3395 2720 3578 2775 illam.

2410 2831 2438 2858 ‹‹
2465 2807 2630 2865 Pluet
2659 2825 2836 2881 super
2874 2814 3203 2880 peccatores
3252 2808 3493 2881 laqueos
3526 2827 3538 2866 :
3575 2810 3748 2881 ignis.
3805 2832 3826 2859 ιι
3866 2815 3977 2865 etc.

2342 2900 2454 2952 Hoc
2512 2899 2834 2953 secundum
2892 2897 3195 2953 historiam
3252 2899 3467 2954 factum
3526 2899 3635 2954 fuit
3683 2916 3697 2957 :
3746 2900 3979 2971 quando

2341 2988 2621 3043 Dominus
2652 2986 2803 3059 pluit
2831 2986 3081 3058 sulphur
3109 2991 3166 3042 et
3192 2987 3387 3059 ignem
3446 3004 3624 3060 super
3666 2988 3979 3045 Sodomam

2337 3077 2493 3146 (Gen.
2526 3094 2643 3142 x1x,
2676 3077 2788 3146 24).
2823 3075 2895 3131 Ut
2942 3076 3026 3131 ait
3071 3076 3376 3148 apostolus
3430 3078 3637 3147 Judas,
3693 3079 3752 3132 in
3786 3092 3978 3132 exem-

2338 3165 2682 3237 plumignis
2748 3165 2947 3220 aeterni
3015 3165 3231 3221 factum
3287 3166 3397 3221 fuit
3458 3167 3604 3238 (Iud.
3670 3168 3747 3237 7).
3817 3165 3980 3221 Pluet

2339 3272 2517 3326 super
2547 3255 3146 3326 peccatores.Duobus
3177 3255 3367 3311 modis
3396 3260 3453 3311 et
3484 3255 3738 3311 heretici
3771 3254 3981 3326 pluunt

2340 3344 2495 3400 mala
2525 3344 2809 3399 doctrina.
2846 3345 2914 3399 Et
2944 3344 3097 3400 sicut
3127 3362 3244 3401 una
3291 3344 3485 3417 pluvia
3533 3345 3737 3417 irrigat
3764 3350 3977 3399 terram

2340 3435 2648 3490 fecundam
2680 3438 2736 3489 et
2764 3433 3011 3501 aridam,
3044 3434 3129 3490 sic
3158 3439 3217 3490 et
3246 3451 3364 3490 una
3421 3434 3754 3505 praedicatio
3811 3437 3899 3488 est
3947 3450 3981 3487 a

2338 3524 2475 3589 Deo,
2509 3540 2636 3595 quis
2666 3523 2927 3578 infundit
2953 3528 3166 3579 terram
3200 3524 3436 3587 bonam,
3477 3523 3535 3577 id
3566 3528 3675 3592 est,
3705 3527 3977 3577 sanctos:

2337 3618 2394 3669 et
2432 3619 2644 3668 terram
2708 3613 2945 3679 malam,
3005 3616 3355 3683 peccatores,
3415 3610 3632 3681 quibus
3685 3612 3983 3681 pertinent

2340 3703 2455 3756 ista
2485 3717 2613 3771 qua:
2670 3705 3047 3771 sequuntur:
3092 3700 3269 3769 Ignis,
3329 3697 3642 3767 cupiditas,
3703 3696 3977 3766 sulphur,

2340 3790 2585 3861 putredo
2617 3793 3007 3859 peccatorum,
3037 3786 3280 3857 spiritus
3335 3783 3743 3855 procellarum,
3804 3783 3977 3855 spiri-

2335 3883 2432 3931 tus
2484 3876 2869 3947 tcmpestatis.
2936 3873 3190 3946 Spiritus
3266 3872 3675 3945 procellarum,
3743 3889 3977 3945 prunam

2339 3965 2534 4020 aeterni
2580 3962 2810 4034 judicii,
2864 3967 2922 4017 et
2992 3962 3229 4017 verbera
3303 3961 3522 4017 indicat
3584 3968 3974 4034 peccatorum,

2339 4070 2485 4125 quos
2518 4052 2671 4124 ignis
2702 4052 2910 4117 exurit,
2942 4055 3264 4121 tempestas
3294 4052 3605 4106 examinat.
3627 4053 3696 4106 Et
3726 4051 3973 4123 prophe-

2337 4148 2455 4197 tam
2489 4141 2630 4196 dicit
2661 4156 2674 4194 :
2712 4142 2772 4195 In
2805 4140 3050 4195 circuitu
3084 4141 3211 4210 ejus
3241 4144 3560 4211 tempestas
3596 4139 3808 4195 valida.
3839 4141 3977 4195 Pars

2336 4232 2526 4285 colicis
2554 4246 2743 4285 eorum
2774 4229 2943 4300 (Psal.
2993 4246 3085 4283 xv.
3118 4230 3173 4301 5)
3208 4246 3219 4284 :
3254 4230 3442 4293 Quare
3497 4229 3643 4284 dixit
3699 4233 3922 4300 partem
3947 4228 3977 4282 ‘I

2339 4319 2486 4382 Quia
2516 4319 2833 4389 unicuique
2864 4334 2968 4389 pro
2999 4322 3163 4389 parte
3210 4335 3335 4383 sua,
3388 4317 3553 4389 quasi
3589 4318 3659 4372 de
3689 4316 3884 4383 calice,
3916 4316 3973 4371 id

2338 4414 2447 4465 est.
2479 4409 2705 4478 justam
2736 4408 3054 4461 vindictam
3090 4406 3329 4478 recipiet
3371 4410 3543 4478 prout
3589 4404 3768 4477 gessit
3798 4404 3975 4460 mise-

2337 4498 2481 4552 riam
2535 4513 2749 4552 suam:
2786 4502 2851 4551 ut
2905 4496 2983 4551 ait
3034 4495 3361 4568 Propheta:
3394 4496 3593 4552 Reddet
3648 4500 3792 4551 Deus
3844 4496 3975 4549 uni-

2338 4589 2530 4657 cuique
2558 4586 2858 4641 secundum
2889 4601 3051 4657 opera
3102 4601 3200 4639 sua
3254 4586 3422 4656 (Psal.
3486 4601 3596 4649 LXI,
3631 4586 3698 4639 13
3728 4609 3741 4651 ς
3772 4588 3970 4639 Jerem.

587 4681 790 4731 sancto
820 4678 1165 4745 conceptum
1193 4674 1378 4730 Judaei
1424 4676 1777 4730 occiderunt.
1809 4680 2003 4733 Justus
2045 4683 2230 4733 autem
2255 4680 2303 4744 Β
2333 4693 2459 4743 xxv,
2496 4677 2603 4747 tl).

587 4763 719 4834 quid
743 4763 872 4831 fecit
884 4766 908 4816 .9
920 4761 1060 4817 Cum
1076 4763 1202 4817 calu
1213 4780 1265 4817 m
1277 4764 1511 4818 niantur
1524 4763 1860 4835 haeretici,et
1889 4765 2226 4822 discordant

584 4850 738 4904 inter
768 4866 831 4904 se
859 4850 967 4905 hoc
1000 4853 1311 4922 respondet
1340 4851 1596 4907 Ecclesia
1623 4853 1682 4907 in
1734 4870 1981 4926 persona
2038 4857 2224 4911 Eccle-

586 4938 898 4993 siae..lnter
927 4955 1028 4993 vos
1061 4939 1502 5005 discordamini,
1527 4942 1627 4997 sed
1663 4942 1733 4997 de
1763 4943 1926 4999 vobis
1957 4943 2224 4998 Christus

586 5044 701 5082 non
727 5032 879 5083 tacet
912 5044 924 5081 :
951 5028 1090 5098 quia
1120 5029 1264 5083 dixit
1296 5046 1307 5083 :
1343 5031 1538 5084 Pacem
1555 5048 1735 5085 meam
1764 5032 1829 5087 do
1851 5033 2227 5103 vobismacem

581 5134 766 5172 meam
794 5116 1053 5187 relinquo
1081 5118 1226 5173 vobis
1255 5119 1440 5188 (Joan.
1474 5136 1584 5185 xw,
1608 5121 1720 5189 27).
1747 5121 1812 5175 Et
1844 5120 2012 5175 aliter
2042 5121 2221 5184 :Quid

582 5207 719 5262 fecit
740 5207 942 5277 justus
973 5207 1000 5260 ?
1034 5206 1148 5261 Hoc
1179 5211 1287 5277 est,
1340 5208 1587 5263 redemit
1628 5210 1939 5275 mundum,
1990 5214 2046 5265 et
2079 5210 2225 5281 seip-

583 5312 713 5351 sum
747 5295 909 5351 dedit
941 5312 1043 5366 pro
1075 5297 1317 5352 mundo.

655 5411 683 5437 ‹‹
718 5386 1002 5442 Dominus
1033 5385 1091 5439 in
1122 5385 1340 5457 templo
1372 5390 1576 5441 sancto
1624 5403 1752 5442 suo.
1806 5410 1833 5437 »
1867 5388 1945 5442 Ac
1989 5386 2036 5441 si
2069 5386 2226 5441 dicat

584 5476 914 5547 propheta:
968 5474 1245 5537 Quamvis
1325 5491 1427 5529 vos
1501 5474 1753 5530 haeretici
1811 5517 1824 5540 ,
1878 5475 2224 5529 aversemini

587 5564 923 5633 Ecelesiam,
956 5568 1153 5617 tamen
1212 5563 1497 5618 Dominus
1548 5564 1606 5617 in
1666 5563 1884 5634 templo
1942 5563 2068 5630 erit,
2118 5563 2224 5618 hoc

588 5655 676 5704 est
704 5651 762 5705 in
820 5651 1094 5706 Ecclesia.
1160 5651 1303 5706 Dicit
1355 5651 1717 5721 Apostolus:
1758 5654 1851 5707 Vos
1918 5652 2046 5707 estis
2090 5657 2225 5706 tem-

582 5739 740 5809 plum
766 5738 861 5793 Dei
884 5742 995 5793 vivi
1027 5741 1097 5810 (Il
1120 5743 1243 5797 Cor.
1280 5757 1357 5808 v1,
1392 5740 1499 5811 16).
1564 5742 1844 5798 Dominus
1890 5740 1949 5795 in
2007 5740 2226 5812 templo

2407 4788 2433 4814 ‹‹
2468 4763 2748 4828 Quoniam
2780 4766 2978 4835 justus
3009 4762 3313 4830 Dominus,
3347 4767 3405 4818 et
3428 4762 3695 4833 justitias
3723 4761 3924 4817 dilexit
3958 4777 3971 4817 :

2335 4854 2663 4923 (equitatem
2715 4852 2861 4907 vidit
2916 4852 3115 4905 vultus
3169 4852 3316 4922 ejus.
3382 4874 3409 4901 ››
3457 4852 3602 4915 Quia
3658 4851 3975 4921 unicuique

2335 4943 2503 5013 quasi
2539 4942 2887 5017 iulspeculo,
2922 4956 3055 4995 cum
3093 4940 3317 4995 venerit
3363 4941 3419 4994 in
3478 4945 3788 5011 conspectu
3823 4940 3969 5009 ejus,

2333 5031 2553 5085 videbit
2586 5030 2953 5100 iniquitatem
2987 5045 3155 5084 suam
3186 5033 3243 5083 et
3279 5028 3406 5100 ipse
3454 5030 3728 5100 praevidet
3755 5028 3972 5100 iniqui-

2335 5124 2513 5174 tatem
2546 5118 2803 5173 illorum.
2835 5117 2936 5171 Vel
2969 5118 3275 5189 praesentia
3319 5119 3409 5173 Dei
3462 5117 3607 5172 vidit
3636 5122 3869 5173 sanctos
3902 5117 3972 5170 ad

2337 5209 2677 5279 regendum.
2727 5207 2919 5277 Diligit
2970 5206 3125 5260 enim
3178 5206 3469 5276 justitiam
3525 5223 3537 5261 :
3590 5207 3728 5277 quia
3760 5222 3974 5260 unum-

2336 5313 2628 5368 quemque
2646 5296 2968 5351 secundum
2984 5312 3129 5367 opus
3153 5297 3451 5367 proprium
3469 5296 3977 5366 judicatquuitao

2340 5394 2458 5441 tem
2489 5386 2633 5441 vidit
2661 5384 2859 5441 vultus
2889 5385 3017 5455 ejus
3051 5401 3065 5438 :
3102 5389 3167 5439 ut
3197 5386 3414 5441 sanctis
3448 5384 3975 5456 praemia,peccato-

2335 5476 2499 5530 ribus
2529 5476 2748 5529 tribuat
2779 5489 3028 5539 poenam.
3070 5473 3176 5537 Qui
3235 5491 3341 5529 nos
3396 5476 3694 5529 vocatione
3754 5490 3859 5528 sua
3887 5473 3975 5527 di-

2335 5569 2545 5635 gnetur
2574 5564 2782 5633 dignos
2813 5563 3039 5617 efﬁcere
3069 5568 3127 5618 et
3185 5579 3301 5617 non
3353 5563 3675 5618 secundum
3736 5566 3970 5633 peccata

2335 5657 2536 5707 nostra
2581 5652 2752 5706 nobis
2810 5650 3102 5723 supplicia
3172 5652 3404 5717 inferat,
3463 5653 3565 5707 sed
3636 5651 3963 5707 secundum

2335 5756 2611 5811 magnam
2656 5740 3114 5797 misericordiam
3159 5756 3326 5796 suam
3372 5740 3597 5794 veniam
3637 5739 3921 5813 largiatur
3995 5758 4009 5808 ;
