4220 6602
238 561 354 623 897

1417 565 1909 629 BREVIARIUM
1954 567 2033 627 ΙΝ
2079 566 2435 630 PSALMOS
2452 614 2466 626 .

3523 568 3644 630 898

240 694 381 763 quia
411 695 522 767 ipsi
553 697 642 750 est
670 709 803 749 cum
851 696 1064 749 aeterno
1106 697 1277 751 Patre
1305 700 1361 751 et
1415 697 1638 769 Spiritu
1681 702 1884 754 sancto
1914 703 1967 769 Α
1999 699 2155 755 venit
2199 700 2258 754 in
2309 716 2430 772 qua
2476 699 2746 772 gemebat
2791 700 2852 755 in
2901 699 3154 772 peccatis
3189 701 3218 755 ‘?
3266 701 3332 755 Et
3387 701 3644 773 gemitus

246 781 434 839 honor
461 787 517 839 et
541 782 726 855 gloria
752 782 812 838 in
843 782 1055 839 saecula
1080 783 1451 841 saeculorum.
1482 788 1689 843 Amen.

834 908 1158 964 PSALMUS
1216 908 1307 967 XI.

245 999 317 1051 In
344 996 509 1070 ﬁnem
538 998 850 1070 prcoctavo
882 999 1140 1052 Psalmus
1159 998 1360 1070 David.
1390 999 1502 1054 lste
1528 998 1792 1070 psalmus
1820 1000 1893 1055 de

320 1067 593 1139 passione
623 1067 836 1123 Christi
876 1073 1165 1125 cantatur.
1217 1069 1323 1125 Pro
1355 1067 1575 1139 octava,
1610 1071 1765 1126 sicut
1793 1088 1891 1125 su-

321 1137 518 1210 perius
550 1139 825 1195 diximus.

319 1250 346 1275 «
380 1228 618 1284 Salvum
652 1244 744 1283 me
792 1229 899 1295 fac,
934 1228 1201 1285 Domine.
1238 1254 1259 1281 ι
1297 1230 1421 1285 Vox
1451 1229 1666 1287 Christi
1696 1230 1767 1286 ad
1797 1230 1897 1286 Pa-

246 1321 396 1372 trem
429 1333 531 1387 pro
583 1321 744 1389 parte
794 1318 986 1373 carnis
1018 1318 1075 1372 in
1129 1318 1419 1391 passione.
1473 1321 1746 1387 Quoniam
1795 1320 1895 1374 de-

242 1405 375 1474 fecit
420 1402 657 1461 sanctus.
711 1406 922 1462 Praeter
966 1412 1046 1475 te,
1093 1424 1210 1463 non
1255 1413 1523 1479 superest
1576 1408 1682 1480 qui
1711 1408 1898 1480 possit

244 1492 489 1548 salvare.
550 1496 823 1563 Quoniam
870 1496 1159 1553 diminuta:
1212 1501 1337 1552 sunt
1380 1499 1635 1553 veritates
1681 1514 1715 1552 a
1763 1498 1897 1567 ﬁliis

244 1582 556 1639 hominum.
589 1585 776 1650 Quare
806 1584 951 1639 dixit
1007 1585 1302 1653 veritates,
1354 1587 1495 1641 dum
1530 1603 1644 1642 non
1676 1586 1897 1641 scimus

247 1670 348 1742 qui
397 1679 485 1727 est
533 1674 765 1740 veritas,
819 1678 883 1728 ut
931 1674 1011 1729 ait
1065 1692 1077 1729 :
1128 1676 1249 1745 Ego
1302 1691 1426 1730 sum
1476 1677 1564 1731 via
1600 1679 1653 1731 et
1698 1676 1897 1731 veritas

247 1760 438 1831 (Joan.
488 1778 606 1829 xiv,
654 1764 732 1834 6).
784 1762 949 1818 Sicut
999 1762 1192 1819 multae
1249 1763 1511 1821 Ecclesia;-
1564 1768 1620 1819 et
1653 1781 1769 1820 una
1799 1765 1897 1819 Ec-

249 1848 444 1918 clesia,
478 1850 559 1905 sic
593 1850 788 1906 multae
836 1851 1108 1907 veritates
1142 1869 1155 1908 :
1190 1852 1329 1924 quia
1357 1852 1680 1909 multorum
1704 1854 1897 1923 justo-

251 1955 382 1993 rum
433 1955 626 2011 opera,
675 1944 734 1996 et
783 1939 956 1995 multi
1000 1940 1224 1996 faciunt
1266 1941 1506 1997 donum.
1557 1942 1667 1997 Sed
1720 1958 1899 2013 quare

249 2028 553 2083 diminutas
575 2029 604 2083 ?
647 2029 794 2093 Quia
823 2032 958 2085 ante
999 2030 1315 2085 adventum
1344 2030 1578 2097 Christi,
1612 2030 1733 2085 sive
1763 2046 1895 2100 pro-

251 2116 461 2187 phetas,
494 2116 614 2172 sive
645 2116 1007 2188 patriarchae,
1056 2121 1175 2173 tam
1228 2119 1392 2173 bona:
1441 2123 1685 2189 naturae,
1720 2135 1898 2191 quam

252 2205 353 2276 qui
383 2222 453 2261 ex
480 2210 644 2277 parte
676 2205 883 2275 dejecti
913 2206 1188 2262 videbant
1207 2208 1445 2273 servire,
1471 2208 1529 2262 in
1551 2207 1752 2262 multis
1775 2224 1897 2262 mo-

252 2292 343 2347 dis
376 2292 651 2348 diminuti
682 2298 851 2349 erant
882 2310 895 2350 :
925 2293 1061 2366 quia
1092 2298 1286 2367 caput,
1320 2294 1377 2349 id
1409 2300 1516 2365 est,
1548 2294 1897 2366 veritas,qui

251 2383 341 2436 est
371 2381 657 2449 Christus,
711 2383 975 2438 nondum
1016 2387 1275 2440 venerat.
1317 2383 1578 2439 Membra
1608 2383 1903 2439 diminuta

252 2474 436 2537 erant,
473 2487 780 2543 usquequo
818 2476 992 2544 caput
1020 2488 1244 2541 eorum,
1305 2473 1461 2544 quod
1493 2477 1583 2528 est
1611 2472 1902 2538 Christus,

256 2558 511 2615 advenit.

331 2669 358 2698 «
407 2648 568 2703 Vana
619 2649 791 2704 locuti
847 2655 1004 2717 sunt,
1075 2672 1103 2698 ››
1170 2654 1281 2706 etc.
1352 2650 1613 2705 Primum
1674 2655 1901 2715 Petrus,

255 2737 491 2808 quando
523 2736 667 2792 dixit
704 2755 717 2792 :
752 2743 817 2793 Et
846 2740 897 2792 si
947 2740 1248 2810 oportuerit
1280 2756 1364 2794 me
1391 2741 1534 2794 mori
1563 2745 1762 2806 (ecum,
1794 2756 1903 2794 non

256 2834 305 2880 te
351 2826 578 2896 negabo.
631 2827 906 2883 Similiter
973 2832 1023 2882 et
1070 2843 1253 2884 omnes
1311 2828 1571 2899 discipuli
1644 2829 1905 2883 dixerunt

255 2913 441 2980 (Marc.
493 2932 604 2970 xxv.
657 2916 796 2986 3t);
863 2917 962 2972 sed
1013 2916 1073 2971 hi
1105 2933 1309 2972 omnes
1358 2934 1508 2973 vana
1538 2916 1718 2973 locuti
1743 2921 1901 2984 sunt,

255 3003 400 3058 dum
431 3003 748 3075 adimplere
778 3005 931 3077 quod
964 3011 1539 3078 proposuerunt,non
1564 3011 1904 3079 potuerunt.

258 3092 328 3146 Et
376 3091 653 3159 haeretici,
721 3093 857 3148 mali
908 3095 1194 3161 doctores,
1252 3094 1351 3167 qui
1399 3096 1722 3151 doctrinam
1776 3112 1908 3167 per-

255 3196 491 3236 versam
552 3182 782 3254 docent,
821 3200 973 3239 vana
1010 3183 1189 3240 locuti
1219 3189 1360 3240 sunt
1390 3184 1802 3257 unusquisque
1834 3186 1906 3240 ad

260 3268 593 3340 proximum
668 3286 863 3325 suum.
925 3271 1193 3328 Christus
1255 3272 1556 3343 Dominus,
1608 3272 1707 3344 qui
1793 3273 1911 3328 haec

254 3356 543 3429 loquitur,
570 3363 659 3414 est
690 3360 957 3415 omnium
992 3362 1295 3432 proximus
1328 3379 1343 3418 :
1375 3362 1475 3434 qui
1514 3360 1651 3416 fecit
1681 3361 1912 3416 miseri-

1999 788 2212 842 eratin
2244 787 2496 856 inferno,
2540 788 2599 842 in
2645 787 2765 843 illis
2814 788 2915 859 qui
2963 787 3023 843 in
3064 787 3251 859 pmnis
3281 787 3645 857 habitabant.

2002 898 2027 925 «
2063 876 2227 930 Nunc
2255 892 2590 948 exeurgam.
2623 876 2764 932 dicit
2794 876 3098 932 Dominus.
3128 898 3156 927 ››
3190 875 3308 932 Hoc
3347 882 3458 944 est,
3508 878 3651 932 mit-

2002 969 2123 1019 tam
2156 965 2366 1020 Filium
2398 981 2593 1021 meum
2629 965 2729 1037 qui
2759 982 2858 1021 eos
2905 966 3179 1033 redimat,
3212 972 3269 1021 et
3296 966 3427 1023 illos
3459 966 3561 1038 qui
3591 967 3649 1021 in

2005 1052 2245 1109 miseria
2292 1057 2431 1108 sunt
2475 1053 2533 1108 in
2595 1054 2834 1125 mundo,
2879 1055 2968 1109 vel
3020 1070 3120 1111 eos
3168 1055 3269 1127 qui
3314 1055 3373 1109 in
3423 1056 3649 1111 inferno

2002 1144 2461 1196 commorantur.
2516 1142 2677 1206 Quod
2724 1141 2807 1196 ita
2850 1142 3069 1197 factum
3118 1147 3247 1198 est:
3284 1141 3443 1198 Misit
3498 1143 3650 1198 Deus

2004 1228 2174 1284 Pater
2204 1228 2415 1283 Filium
2457 1245 2633 1284 suum
2665 1230 2737 1284 ad
2773 1246 2877 1285 nos
2910 1230 3176 1299 miseros,
3208 1236 3275 1286 ut
3304 1247 3409 1287 nos
3440 1231 3650 1286 libera-

2006 1322 2113 1384 ret,
2143 1323 2199 1372 et
2228 1316 2385 1372 illius
2418 1322 2761 1389 paupertate
2794 1318 3004 1374 divites
3033 1335 3319 1375 essemus.

2084 1427 2105 1456 ι
2140 1411 2360 1462 Ponam
2393 1406 2451 1460 in
2484 1405 2726 1462 salutari
2760 1423 2909 1462 meo.
2966 1429 2993 1456 ››
3044 1407 3217 1475 Dixit,
3276 1407 3334 1462 in
3386 1407 3652 1475 salutari,

2006 1499 2064 1550 et
2094 1511 2209 1549 non
2241 1494 2404 1559 dixit,
2452 1495 2592 1566 quid
2654 1512 2868 1567 ponam
2924 1513 2935 1551 :
2988 1497 3361 1563 subauditur,
3405 1496 3655 1552 salutem

2007 1584 2289 1655 gentium.
2323 1584 2391 1639 Et
2420 1583 2611 1639 adhuc
2641 1585 2781 1655 quid
2817 1602 3027 1656 ponam
3048 1585 3075 1640 ‘l
3103 1586 3318 1641 Contra
3369 1585 3653 1658 gemitum

2008 1672 2269 1727 laetitiam
2320 1689 2333 1726 :
2389 1678 2445 1727 et
2487 1677 2686 1728 contra
2734 1679 3157 1745 paupertatem,
3204 1675 3435 1731 divitias
3482 1674 3658 1746 spiri-

2013 1761 2220 1818 tuales.
2260 1785 2281 1811 ι
2320 1761 2691 1819 Fiducialiter
2719 1779 2887 1834 agam
2923 1764 2981 1818 in
3014 1781 3100 1819 eo.
3138 1786 3165 1813 »
3192 1768 3316 1820 Vox
3348 1763 3538 1819 Patris
3586 1764 3659 1819 de

2008 1851 2167 1907 Filio.
2219 1853 2297 1907 Ac
2352 1852 2402 1907 si
2449 1852 2650 1907 dicat:
2698 1852 2841 1908 Cum
2877 1852 3097 1908 ﬁducia
3134 1854 3334 1909 omnia
3381 1853 3528 1909 facio
3558 1868 3660 1925 per

2009 1957 2144 1995 eum
2191 1940 2375 2013 :quia
2422 1940 2698 1997 divinitas
2747 1942 3000 1998 ﬁrmavit
3048 1942 3481 1998 humanitatem
3531 1960 3543 1998 :
3598 1945 3663 1997 ut

2010 2029 2299 2101 scriptum
2330 2034 2441 2095 est,
2464 2029 2646 2105 libere
2674 2031 2813 2102 egit.
2846 2032 3017 2100 (Psal.
3048 2048 3209 2103 1cm,
3243 2032 3316 2104 1).

2083 2140 2110 2168 ‹‹
2160 2118 2406 2189 Eloquia
2449 2118 2703 2186 Domini,
2763 2118 2995 2190 eloquia
3040 2126 3223 2175 casta.
3268 2139 3295 2171 ιι
3344 2119 3663 2192 Utriusque

2010 2207 2369 2262 Testamenti
2394 2207 2718 2263 doctrinam
2750 2207 2992 2263 insimul
3024 2208 3660 2280 comprehendit.Tuuc

2010 2299 2173 2351 casta
2223 2299 2381 2363 sunt,
2431 2296 2480 2351 si
2549 2312 2583 2352 a
2634 2296 2804 2351 bonis
2873 2297 3351 2369 praedicatoribus
3397 2296 3663 2353 incorru-

2012 2383 2295 2457 ptibiliter
2341 2389 2399 2441 et
2445 2385 2572 2442 sine
2619 2385 2992 2458 corruptione
3041 2387 3446 2458 praedicantur.
3499 2388 3664 2442 Tunc

2013 2474 2125 2529 erit
2153 2473 2311 2529 istud
2347 2491 2360 2530 :
2397 2473 2444 2529 si
2493 2475 2730 2545 quando
2807 2475 3127 2547 pradicant
3175 2493 3292 2531 non
3347 2479 3665 2548 parentum

2014 2562 2307 2634 provocati
2340 2578 2558 2630 amore,
2612 2580 2726 2619 non
2760 2569 3064 2636 potentum
3113 2564 3345 2631 timore,
3380 2580 3496 2638 non
3528 2581 3667 2636 pro-

2015 2655 2142 2722 pter
2173 2651 2328 2706 dona
2352 2651 2679 2722 praesentia,
2713 2668 2828 2707 non
2863 2669 2966 2724 pro
2998 2652 3215 2707 honore
3251 2669 3420 2708 vano.
3451 2650 3663 2706 Aliter:

2014 2739 2120 2804 Qui
2153 2756 2258 2794 nec
2287 2740 2506 2795 audent
2546 2740 2760 2795 addere
2809 2740 3029 2812 aliquid
3082 2741 3359 2811 amplius,
3422 2756 3525 2795 nec
3556 2737 3664 2793 mi-

2016 2844 2193 2883 nuere
2233 2834 2351 2883 tam
2400 2828 2459 2883 in
2505 2828 2695 2885 Veteri
2743 2847 2920 2901 quam
2945 2830 3003 2884 in
3053 2829 3210 2884 Novo
3269 2830 3666 2894 Testamento,

2017 2918 2118 2972 sed
2151 2916 2399 2972 ﬁdeliter
2432 2917 2768 2989 praedicant.
2823 2940 2850 2967 »
2903 2924 3228 2991 Argentum
3279 2917 3414 2989 igne
3446 2914 3666 2971 exami-

2019 3010 2246 3060 natum.
2315 3028 2343 3055 »
2412 3009 2529 3060 Hoc
2612 3011 2719 3072 est,
2779 3006 2999 3076 Spiritu
3074 3010 3276 3061 sancto
3336 3006 3667 3078 probatum.

2017 3094 2143 3150 Non
2175 3093 2256 3148 illi
2286 3093 2517 3165 eloquia
2545 3094 2744 3150 divina
2775 3096 3024 3166 probant
3054 3111 3068 3150 :
3102 3096 3202 3151 sed
3233 3095 3484 3166 Spiritus
3530 3110 3670 3149 san-

2021 3187 2151 3238 ctus
2182 3182 2314 3239 illos
2362 3182 2678 3249 illuminat,
2709 3184 2810 3255 qui
2849 3184 2977 3255 ipsa
3023 3184 3343 3256 praedicant
3375 3202 3387 3239 :
3423 3183 3580 3239 sicut
3610 3182 3669 3238 in

2022 3271 2173 3327 Isaia
2219 3270 2316 3326 ille
2364 3272 2629 3343 angelus,
2698 3273 2933 3344 quando
2982 3272 3207 3343 accepit
3253 3271 3548 3328 calculum
3597 3272 3670 3327 ab

2021 3359 2215 3430 altari,
2275 3364 2332 3416 et
2377 3361 2570 3432 tetigit
2615 3360 2771 3416 labia
2816 3362 2965 3431 ejus,
3021 3362 3222 3417 dicens
3256 3375 3290 3417 ':
3336 3363 3468 3417 Ecce
3513 3361 3670 3431 tetigi

257 3447 536 3518 cordiam,
585 3451 649 3502 ut
677 3453 865 3504 morte
918 3465 1025 3505 sua
1082 3448 1348 3522 alligaret
1390 3449 1628 3505 vulnera
1684 3455 1903 3505 nostra.
1938 3434 1981 3501 C
2020 3450 2118 3504 hoc
2163 3449 2317 3504 labia
2362 3451 2480 3516 tua,
2529 3458 2579 3504 et
2620 3452 2904 3520 auferetur
2950 3450 3224 3520 iniquitas
3279 3453 3399 3518 tua,
3450 3452 3501 3503 et
3542 3462 3672 3518 pec-

264 3535 479 3591 Contra
528 3554 701 3609 quem
753 3537 939 3593 Judaei
994 3538 1053 3593 in
1084 3538 1419 3610 vaniloquio
1470 3539 1911 3594 exercebantur.

267 3647 295 3674 ‹‹
330 3624 511 3680 Labia
547 3625 747 3681 dolosa
794 3627 853 3681 in
902 3628 1074 3683 corde
1120 3632 1178 3683 et
1226 3628 1398 3683 corde
1446 3627 1621 3683 locuti
1675 3631 1833 3683 sunt.
1888 3649 1916 3675 »

268 3713 639 3770 Simmachus
688 3715 769 3771 ita
815 3716 1119 3772 transtulit
1168 3717 1345 3774 Labia
1389 3718 1619 3785 lubrica,
1656 3717 1715 3771 in
1746 3717 1919 3774 corde
1952 3773 1964 3783 κ

273 3801 432 3858 aliud
466 3809 573 3870 est,
607 3809 664 3861 et
694 3804 973 3877 loquitur.
1026 3807 1197 3863 Labia
1243 3807 1447 3879 dolosa,
1505 3806 1796 3879 bilingues
1829 3806 1916 3860 di-

278 3895 507 3960 cuntur,
532 3893 672 3965 quia
703 3895 932 3951 duabus
965 3894 1186 3969 linguis
1216 3895 1577 3969 loquuntur:
1603 3896 1743 3967 quia
1762 3894 1918 3949 aliud

273 3979 497 4048 dicunt,
530 3988 586 4038 et
614 3982 771 4039 aliud
805 3985 1074 4041 retinent.
1129 3985 1223 4040 Sic
1272 3984 1430 4042 labia
1476 3984 1680 4042 dolosa
1719 3984 1822 4056 qui
1851 3984 1921 4039 de

273 4069 446 4149 corde
474 4069 534 4124 in
566 4071 739 4126 corde
762 4072 942 4128 locuti
974 4077 1114 4130 sunt
1141 4071 1298 4130 mala
1332 4090 1344 4129 :
1379 4090 1548 4131 secus
1580 4074 1739 4145 quod
1790 4089 1922 4129 con-

151 4155 165 4161 ’
275 4163 554 4229 ceperunt
583 4160 776 4226 corde,
810 4160 1176 4232 protulerunt
1205 4178 1302 4217 ore
1332 4161 1391 4217 in
1416 4179 1606 4234 opere.

344 4268 375 4296 «
444 4246 754 4318 Disperdat
825 4249 1104 4306 Dominus
1168 4249 1441 4307 universa
1505 4250 1663 4307 labia
1723 4250 1923 4307 dolosa

276 4333 576 4405 Numquid
609 4334 1004 4392 maledicendo
1052 4337 1240 4394 dicit?
1292 4339 1416 4394 Non
1451 4355 1463 4393 :
1498 4339 1637 4411 quia
1686 4357 1800 4397 non
1831 4344 1923 4395 est

280 4439 408 4478 mos
435 4429 770 4481 sanctorum
806 4425 1277 4495 maledicere,sed
1310 4428 1743 4499 pronuntiando
1766 4429 1919 4500 quod

279 4509 545 4567 futurum
595 4516 703 4581 est,
755 4514 899 4570 dixit
932 4531 944 4570 :
980 4532 1093 4571 non
1144 4516 1420 4587 optando,
1453 4516 1554 4572 sed
1585 4520 1643 4573 et
1674 4516 1920 4589 prophe-

275 4599 476 4655 tandc.
536 4601 641 4668 Qui
700 4607 840 4659 sunt
868 4602 1024 4659 labia
1076 4604 1324 4661 dolosa?
1354 4604 1638 4676 Haretici,
1686 4609 1744 4662 et
1782 4602 1922 4660 mali

275 4688 703 4758 praedicatores.
728 4713 758 4742 «
791 4697 855 4747 Et
876 4692 1139 4767 linguam
1170 4692 1630 4766 magniloquam.
1654 4715 1682 4745 ››
1720 4694 1780 4751 Id
1813 4698 1921 4761 est,

277 4776 378 4847 qui
412 4780 664 4850 superba
693 4779 1031 4853 loquuntur.

352 4888 379 4915 «
411 4868 516 4933 Qui
575 4868 868 4937 dixerunt,
926 4871 1188 4944 linguam
1219 4876 1481 4929 nostram
1523 4872 1922 4946 magniﬁcabi-

278 4969 432 5010 mus.
469 4977 498 5005 ››
533 4958 649 5014 Ηοο
678 4961 891 5032 est,qui
922 4963 1268 5034 semetipsos
1298 4961 1358 5017 in
1392 4962 1636 5019 invicem
1659 4962 1923 5031 laudant,

276 5049 334 5099 et
377 5061 553 5117 Opera
599 5065 708 5105 sua
756 5052 1153 5124 magniﬁcant.
1229 5052 1401 5108 Labia
1450 5061 1632 5109 nostra
1689 5070 1725 5109 a
1769 5053 1925 5109 nobis

274 5142 425 5189 sunt.
460 5143 542 5191 Ac
573 5138 621 5193 si
652 5139 807 5195 dicat
839 5158 853 5196 :
886 5141 1160 5197 Doctores
1209 5146 1440 5198 nostros
1479 5159 1549 5198 ex
1578 5142 1748 5198 nobis
1780 5142 1925 5213 ipsis

278 5222 585 5295 habemus,
621 5245 737 5284 non
784 5229 1039 5286 aliunde.
1095 5230 1391 5286 Plaudunt
1446 5230 1602 5286 enim
1663 5230 1720 5286 id
1778 5246 1928 5286 vana

276 5313 647 5387 verbositate,
697 5316 1000 5375 dicentes:
1053 5320 1156 5376 Nos
1207 5321 1313 5389 ﬁlii
1358 5319 1588 5375 Abrabaa
1631 5335 1841 5388 sumus,
1872 5322 1927 5375 et

276 5404 497 5458 nemini
522 5422 767 5478 unquam
806 5410 1129 5465 servivimus
1177 5410 1354 5478 (Joan.
1403 5425 1524 5477 VIII,
1574 5408 1684 5479 33).
1726 5429 1753 5463 α
1786 5407 1925 5472 Quis

276 5495 479 5548 noster
509 5499 594 5550 est
625 5495 957 5553 Dominus?
989 5522 1015 5547 ››
1051 5505 1129 5554 Ac
1184 5499 1232 5555 si
1268 5499 1467 5554 dicant
1496 5514 1508 5553 :
1546 5496 1788 5555 Nullum
1823 5497 1925 5553 ha-

277 5580 489 5639 bemus
514 5584 849 5653 Dominum,
883 5587 993 5657 qui-
1014 5586 1213 5644 omnia
1239 5588 1483 5644 scimus.

352 5694 379 5721 ‹‹
415 5672 649 5746 PrOpter
686 5676 978 5733 miseriam
1004 5677 1268 5749 inopum,
1302 5682 1358 5733 et
1394 5677 1679 5750 gemitum
1711 5694 1929 5748 paupe-

277 5777 430 5816 rum.
463 5781 489 5813 η
525 5763 645 5819 Vox
678 5765 859 5822 Patris
916 5771 1023 5822 est.
1081 5765 1190 5830 Qui
1243 5770 1367 5823 erat
1424 5766 1625 5834 miser,
1657 5765 1770 5822 nisi
1818 5768 1928 5821 hu-

279 5865 521 5908 manum
553 5870 738 5925 genus
761 5854 817 5913 in
853 5855 1086 5924 sacculo,
1116 5854 1274 5927 quod
1331 5854 1391 5914 in
1420 5855 1598 5917 istam
1626 5853 1928 5916 miseriam

2026 3539 2208 3593 catum
2236 3545 2387 3593 tuum
2417 3537 2778 3592 mandabitur
2808 3540 2940 3609 (lsa.
2969 3554 3044 3605 vr,
3075 3538 3153 3609 7).
3202 3541 3309 3593 Per
3336 3541 3667 3607 argentum,

2032 3626 2206 3681 Vetus
2255 3626 2719 3697 Testamentum,
2754 3643 2856 3698 per
2897 3643 3127 3694 aurum,
3152 3626 3398 3682 Novum.
3449 3625 3543 3680 Sic
3582 3628 3673 3680 est

2028 3712 2227 3771 littera
2271 3720 2329 3769 et
2379 3714 2661 3787 spiritalis
2714 3714 3067 3785 intellectus,
3101 3714 3270 3787 quasi
3320 3731 3389 3770 ex
3431 3717 3671 3786 argento

2031 3804 2385 3875 producatur
2437 3821 2669 3859 aurum.
2723 3826 2751 3854 ‹‹
2804 3804 3117 3861 Probatum
3165 3810 3353 3868 terras,
3403 3804 3514 3859 hoc
3561 3808 3669 3869 est,

2030 3892 2304 3949 Ecclesia.
2356 3892 2461 3949 Illa
2504 3893 2735 3966 eloquia
2809 3894 3008 3950 divina
3077 3894 3320 3966 probata
3382 3898 3523 3949 sunt
3572 3907 3677 3964 per

2029 3983 2312 4055 Spiritum
2344 3987 2639 4053 sanctum,
2682 3999 2857 4054 quem
2887 3983 3111 4054 accepit
3137 3982 3411 4038 Ecclesia.
3443 3981 3628 4036 Aliter
3658 3996 3671 4034 :

2033 4071 2343 4128 Probatum
2393 4076 2579 4142 terrae,
2633 4071 2691 4125 id
2738 4076 2849 4137 est,
2907 4071 3175 4127 Christus
3235 4071 3537 4134 Dominus,
3572 4068 3674 4140 qui

2031 4160 2187 4215 venit
2214 4159 2272 4214 in
2333 4159 2696 4214 humanitate
2738 4158 2835 4214 illa
2883 4175 2987 4230 pro
3037 4164 3198 4231 parte
3242 4159 3464 4226 carnis,
3493 4173 3673 4228 quam

2031 4264 2100 4305 ex
2132 4247 2311 4303 Maria
2340 4246 2580 4318 accepit,
2624 4246 2793 4318 quasi
2826 4251 3041 4302 terram
3077 4246 3358 4302 Dominus
3388 4245 3671 4316 suscepit.

2033 4360 2061 4387 ‹‹
2095 4337 2413 4408 Purgatum
2462 4335 2820 4407 septuplum.
2876 4358 2904 4385 ››
2950 4336 3183 4408 Septem
3233 4337 3386 4391 dona
3434 4351 3563 4406 quae
3611 4333 3673 4387 in

2031 4425 2259 4481 Christo
2291 4425 2526 4481 fuerunt
2556 4442 2569 4480 :
2604 4441 2720 4480 non
2752 4430 2816 4480 ut
2844 4424 2941 4480 ille
2971 4424 3399 4496 puriﬁcaretur,
3434 4424 3533 4479 sed
3568 4421 3669 4492 qui

2033 4513 2161 4587 ipsa
2191 4514 2343 4570 dona
2372 4514 2665 4586 accepturi
2695 4520 2878 4586 erant,
2913 4514 3380 4587 puriﬁcarentur.

2104 4627 2132 4654 «
2160 4604 2266 4671 Tu,
2300 4602 2564 4670 Domine,
2599 4604 2857 4659 servabis
2889 4621 3017 4660 nos.
3075 4625 3103 4653 ››
3136 4604 3252 4660 Hoc
3298 4607 3407 4670 est,
3450 4604 3509 4658 in
3543 4602 3677 4673 ﬁde,

2035 4691 2289 4748 Ecclesia
2318 4696 2501 4764 rogat.
2536 4715 2562 4743 «
2596 4697 2665 4748 Et
2710 4693 3006 4750 custodias
3053 4710 3161 4750 nos
3212 4710 3246 4748 a
3306 4692 3679 4765 generatione

1955 4806 2002 4868 D
2032 4782 2160 4837 hac.
2196 4804 2224 4830 ››
2266 4780 2541 4837 Omnium
2593 4781 2879 4838 malorum
2928 4784 3166 4839 turbam
3197 4780 3376 4838 simul
3424 4796 3683 4853 compre-

2034 4871 2260 4937 hendit,
2310 4870 2739 4938 hereticorum,
2810 4871 3268 4941 dialecticorum,
3319 4876 3379 4927 et
3424 4870 3682 4941 reliquo-

2037 4977 2189 5017 rum.
2223 4960 2311 5015 Ab
2340 4959 2587 5015 istorum
2632 4961 3004 5031 generatione
3046 4961 3331 5017 Dominus
3368 4958 3679 5030 separavit.

2041 5048 2348 5105 Ecclesium
2381 5065 2572 5103 suam.
2607 5048 2768 5105 Unde
2799 5055 2855 5106 et
2905 5051 2963 5105 in
2996 5049 3307 5123 Evangelio
3341 5066 3355 5103 :
3390 5050 3516 5104 Haec
3562 5061 3680 5101 om-

2034 5141 2131 5193 nia
2183 5138 2401 5194 venient
2447 5139 2715 5193 universae
2758 5142 3106 5211 generationi
3165 5140 3274 5206 illi,
3322 5154 3361 5192 a
3405 5135 3686 5208 sanguine

2036 5228 2165 5283 Abel
2195 5229 2291 5298 qui
2318 5228 2519 5299 eﬂusus
2550 5236 2631 5283 est
2658 5247 2679 5282 .·
2722 5230 2805 5285 vel
2851 5247 2885 5284 a
2934 5230 3210 5300 sanguine
3256 5225 3539 5282 Zachariae
3578 5222 3690 5292 ﬁlii

2036 5317 2352 5380 Barac/tim,
2384 5332 2543 5389 quem
2570 5317 2881 5375 occiderunt
2928 5320 3072 5374 inter
3121 5318 3382 5388 ternplum
3423 5315 3476 5369 et
3503 5312 3689 5367 altare
3736 5370 3747 5377 κ

2038 5406 2246 5478 (Matth.
2279 5422 2440 5474 xxm,
2469 5406 2580 5477 35).

2111 5518 2138 5545 ‹‹
2175 5496 2232 5550 In
2281 5493 2525 5549 circuitu
2580 5494 2746 5567 impii
2796 5495 3120 5553 ambulant.
3169 5494 3314 5549 Cum
3366 5488 3687 5546 transtule-

2041 5585 2158 5640 rint
2206 5600 2312 5639 nos
2359 5584 2429 5638 de
2498 5584 2764 5655 praesenti
2830 5584 3038 5640 saeculo
3087 5583 3147 5637 in
3200 5583 3487 5650 futurum,
3548 5584 3691 5635 tunc

2040 5674 2204 5745 impii
2242 5673 2382 5728 foris
2430 5673 2754 5740 ambulant,
2810 5690 2915 5728 nec
2972 5675 3245 5744 poterunt
3292 5670 3509 5725 intrare
3553 5685 3690 5724 cum

2041 5762 2281 5828 sanctis,
2315 5779 2462 5832 quos
2505 5766 2589 5826 tu,
2633 5763 2954 5817 secundum
2989 5760 3459 5835 magnitudinem
3502 5763 3687 5824 tuam,

2038 5856 2144 5909 tua
2206 5848 2599 5906 sollicitudine
2655 5850 3038 5906 conservasti.
3091 5849 3153 5905 In
3208 5848 3459 5904 circuitu
3519 5843 3690 5919 impii
