4220 6572
621 530 739 588 899

2113 522 2530 587 ΑΡΡΕΝΒΙΧ.

3902 528 4025 588 900

624 660 954 729 ambulant,
985 661 1123 732 quia
1152 654 1210 713 in
1240 661 1515 713 aternam
1550 658 1721 714 vitam
1757 675 1871 714 non
1907 658 2261 731 pervenient.
2293 660 2349 726 Α
2377 675 2449 713 ne
2497 675 2758 729 unquam
2807 657 3175 714 obdormiam
3227 657 3286 711 in
3337 662 3542 712 marte.
3573 676 3601 709 ι
3651 658 3737 712 Tu
3769 674 3832 714 es
3860 661 4018 715 enim

625 749 692 803 Et
740 748 909 803 aliter
958 765 969 802 :
1023 748 1167 803 Cum
1216 745 1379 800 electi
1430 747 1641 819 recepti
1694 747 1931 812 fuerint,
1993 753 2153 802 extra
2174 748 2267 818 ja-

625 852 803 890 nuam
854 836 1189 890 clamabunt
1242 851 1255 888 :
1307 837 1557 902 Domine,
1610 837 1853 905 Domine,
1905 837 2060 907 aperi
2112 838 2271 891 nobis

624 924 831 993 (Matth.
890 940 1019 978 xxv.
1068 924 1174 993 11).
1228 922 1460 979 Aliter:
1521 926 1582 979 In
1633 926 1880 980 circuitu
1930 941 2154 992 eorum,
2210 930 2267 980 et

623 1010 848 1066 dicetur
904 1010 1008 1065 eis.
1059 1012 1242 1067 Nescio
1290 1029 1381 1068 vos
1426 1013 1588 1083 (Ibid.
1653 1014 1762 1083 12).
1837 1036 1863 1062 ‹‹
1929 1014 2260 1069 Secundum

621 1098 992 1153 altitudinem
1041 1105 1200 1155 tuam
1233 1100 1635 1172 multiplicasti
1669 1100 1817 1158 filios
1848 1102 2173 1158 hominum.
2234 1124 2263 1151 ››

622 1186 797 1241 Filios
837 1187 957 1243 Dei.
1009 1188 1339 1244 Secundum
1390 1188 1829 1246 multitudinem
1874 1193 2042 1260 juxta
2075 1182 2261 1245 abun-

621 1276 880 1330 dentiam
916 1276 1323 1332 misericordia
1371 1284 1504 1343 tua,
1539 1280 1677 1351 quia
1707 1278 2131 1350 multiplicatur
2161 1280 2260 1334 Ec-

622 1362 820 1429 clesia,
851 1364 958 1421 hoc
988 1370 1095 1431 est,
1129 1367 1199 1421 de
1228 1367 1438 1437 pietate
1483 1373 1541 1422 et
1571 1367 1973 1423 misericordia
2010 1369 2197 1439 ipsius
2243 1385 2256 1424 ε

622 1469 756 1507 cum
787 1452 845 1508 in
876 1453 1254 1509 retributione
1299 1456 1506 1509 futura
1544 1456 1923 1511 beatitudinis
1971 1458 2261 1527 promissa

619 1548 722 1597 tua
778 1541 1179 1613 pereipientes,
1212 1545 1538 1598 coniormes
1567 1543 1753 1598 effecti
1785 1545 2001 1600 fuerint
2031 1546 2255 1616 corpori

607 1631 805 1704 gloria
836 1636 971 1698 tua,
1005 1630 1063 1684 in
1122 1648 1237 1702 quo
1284 1632 1387 1686 tibi
1422 1638 1511 1686 est
1548 1649 1680 1687 cum
1726 1639 1940 1689 aterno
1981 1638 2169 1702 Patre,
2201 1641 2258 1691 et

608 1720 831 1792 Spiritu
862 1724 1089 1786 sancto,
1120 1719 1306 1775 honor
1354 1726 1411 1775 et
1456 1720 1641 1791 gloria
1672 1723 1730 1776 in
1762 1722 1977 1777 saecula
2013 1724 2255 1779 saculo-

606 1825 759 1864 rum.
793 1812 998 1863 Amen.

1186 1914 1522 1972 PSALMUS
1565 1917 1680 1973 ΧΠ.

2377 748 2475 802 lux
2504 764 2639 802 vera
2667 764 2794 817 qua
2823 746 3123 801 illuminas
3169 762 3402 800 omnem
3453 745 3750 801 hominem
3783 748 4017 803 venien-

2376 842 2496 890 tem
2526 836 2585 889 in
2617 838 2773 890 hunc
2804 835 3093 889 mundum
3141 834 3323 904 (Joan.
3358 851 3399 901 ι,
3433 836 3509 904 9).
3561 836 3647 890 Tu
3699 835 3856 890 enim
3890 836 4022 892 illu—

2377 924 2569 980 minas
2599 923 2799 979 oculos
2830 924 3021 979 cordis
3051 923 3258 990 nostri,
3290 940 3379 978 ne.
3404 940 3509 979 nos
3541 929 3767 979 aterna
3816 926 4025 981 mortis

2375 1014 2615 1084 obrepat
2643 1028 2909 1068 somnus.
2961 1036 2987 1061 ‹‹
3034 1012 3116 1067 Ne
3148 1013 3381 1083 quando
3446 1012 3601 1067 dicat
3658 1012 3953 1085 inimicus,
3992 1038 4017 1064 n

2374 1107 2477 1155 etc.
2517 1124 2544 1151 «
2572 1101 2894 1172 Nequando
2921 1101 3053 1170 (hoc
3083 1106 3191 1165 est,
3236 1100 3297 1155 in
3350 1102 3543 1155 futuro
3565 1100 3811 1173 judicio)
3861 1102 4018 1159 dicat

2374 1189 2645 1245 inimicus
2678 1206 2866 1257 meus,
2910 1188 3184 1261 pravalui
3215 1190 3495 1243 adversus
3539 1206 3673 1244 eum
3701 1207 3715 1258 ;
3760 1212 3787 1239 ‹‹
3814 1190 3871 1244 id
3903 1198 4011 1261 est,

2372 1278 2570 1333 seduxi
2605 1294 2739 1333 eum
2773 1282 2836 1332 ut
2863 1277 3212 1349 deciperem.
3266 1279 3346 1332 Ac
3375 1276 3425 1331 si
3464 1277 3618 1332 dicat
3650 1295 3663 1332 :
3695 1277 3749 1331 Si
3784 1295 3888 1334 nos
3914 1297 4015 1351 po-

2370 1372 2485 1422 test
2528 1367 2898 1422 adversarius
2947 1366 3007 1421 in
3058 1383 3265 1421 somno
3315 1364 3677 1421 inﬁdelitatis
3725 1366 4006 1436 invenire,

2369 1460 2509 1511 tunc
2539 1454 2807 1527 pravalet
2835 1472 3013 1527 super
3040 1448 3167 1510 nos.

2439 1567 2466 1594 «
2513 1544 2901 1599 Exsultabunt
2948 1544 2998 1600 si
3050 1548 3244 1599 motus
3290 1544 3473 1599 fuero.
3508 1564 3536 1591 ››
3590 1544 3705 1615 ipsi
3757 1561 4011 1617 quorum
4052 1617 4059 1623 '

2369 1634 2540 1703 pedes
2573 1634 2715 1689 moti
2751 1650 2763 1688 :
2798 1634 2937 1704 quia
2965 1632 3024 1687 in
3071 1633 3312 1687 veritate
3343 1632 3442 1686 Dei
3474 1649 3593 1687 non
3621 1638 3928 1700 steterunt,
3959 1635 4011 1691 si

2366 1739 2525 1777 meos
2558 1723 2753 1793 pedes,
2786 1721 2896 1776 hoc
2927 1726 3035 1789 est,
3068 1738 3305 1793 sensus,
3332 1723 3401 1775 de
3448 1721 3561 1776 ﬁde
3591 1720 3875 1776 catholica
3904 1739 4011 1794 po-

2364 1810 2583 1865 tuerint
2628 1810 2919 1882 elongare,
2970 1814 3109 1865 tunc
3158 1810 3525 1875 exultabunt,
3557 1809 3614 1865 id
3653 1815 3760 1881 est,
3794 1814 4011 1883 gaude-

2364 1899 2532 1967 bunt,
2569 1903 2631 1953 ut
2661 1899 2741 1953 ait
2774 1898 3063 1970 Propheta
3095 1915 3107 1953 :
3142 1901 3259 1954 Mei
3300 1907 3485 1953 autem
3525 1914 3667 1969 pene
3712 1901 3854 1955 moti
3880 1909 4011 1956 sunt

593 2005 660 2061 ιη
727 2005 911 2073 ﬁnem,
976 2004 1225 2090 Ima-{mals
1283 2005 1477 2086 διψία,
1532 2006 1927 2090 υὲράρρίωυε
1984 2008 2251 2090 malm-[,8
2278 2021 2327 2087 B
2357 1988 2523 2057 pedes
2553 1988 2732 2090 (ﬂeat.
2767 2004 2936 2090 px‘xu,
2969 1988 3022 2088 .2)
3048 2005 3083 2090 ;n
3110 1987 3215 2090 sed
3248 2003 3352 2059 ego
3382 1987 3439 2042 in
3473 1992 3575 2042 tua
3605 1987 4008 2044 misericordia

665 2092 865 2149 vocem
952 2075 1211 2131 continet
1292 2077 1501 2131 anima
1588 2077 1800 2149 ﬁdelis,

671 2148 876 2204 Deum.

672 2277 700 2304 ‹‹
734 2254 1069 2326 Usquequo,
1094 2254 1356 2320 Domine,
1381 2254 1739 2312 Oblivisceris
1771 2274 1864 2313 me
1894 2259 1952 2314 in
1985 2259 2158 2315 finem
2181 2261 2242 2315 ?»

598 2342 722 2399 Vox
759 2342 1045 2399 Ecclesia.
1097 2350 1177 2399 Ac
1231 2344 1279 2399 si
1327 2344 1482 2399 dicat
1534 2363 1546 2398 :
1595 2346 1864 2410 Quandiu
1894 2348 1921 2402 ?
1959 2348 2147 2412 Quare
2183 2350 2243 2404 in

602 2432 779 2487 finem
812 2432 959 2487 dicit
978 2433 1005 2487 ?
1035 2438 1285 2504 quatuor
1300 2433 1604 2490 elementis
1630 2440 1857 2490 constat
1886 2438 2242 2509 homo,igne,

602 2537 754 2587 aere,
807 2537 961 2593 aqua
1016 2528 1072 2576 et
1118 2528 1292 2577 terra.
1350 2524 1530 2579 Terra
1581 2524 1822 2580 inferior
1878 2532 1967 2581 est
2018 2528 2088 2582 ab
2152 2528 2244 2583 his

594 2611 902 2678 creaturis,
935 2610 1075 2681 quia
1107 2611 1241 2666 finis
1292 2617 1692 2667 creaturarum
1744 2618 1898 2669 terra
1946 2621 2034 2669 est
2065 2634 2078 2670 :
2113 2615 2243 2673 ideo

594 2697 736 2753 dicit
788 2698 1088 2754 Ecclesia:
1127 2700 1193 2753 Et
1242 2700 1290 2754 si
1344 2700 1512 2754 vilior
1542 2718 1695 2769 sum,
1738 2702 2024 2758 vilissima
2073 2707 2241 2776 quasi

597 2793 774 2853 terra,
823 2805 1127 2859 usquequo
1159 2788 1521 2844 Oblivisceris
1555 2807 1644 2845 me
1677 2790 1703 2845 ‘2
1760 2792 1883 2847 Non
1917 2799 2241 2865 propterea,

598 2877 737 2948 quia
760 2876 995 2931 inﬁrma
1020 2877 1392 2941 sum,etf1nis
1415 2879 1660 2934 aliarum
1695 2887 2239 2950 creaturarum,non

595 2970 832 3036 propter
861 2966 969 3020 hoc
997 2982 1087 3020 me
1117 2964 1481 3023 obliviscaris
1512 2968 1568 3022 in
1603 2968 1797 3025 ﬁnem.
1848 2994 1875 3021 ‹‹
1929 2972 2241 3045 Usquequo

593 3054 806 3109 avertis
838 3054 1044 3109 faciem
1076 3059 1238 3109 tuam
1270 3071 1303 3109 a
1337 3072 1449 3121 me,
1480 3076 1507 3108 ιι
1545 3064 1609 3112 ut
1640 3075 1751 3113 non
1805 3060 2049 3117 habeam
2084 3064 2239 3118 noti-

590 3141 757 3211 tiam,
792 3159 979 3213 neque
1011 3142 1497 3200 illuminationem
1554 3147 1923 3219 cogitationis
1954 3156 2065 3206 tua
2105 3158 2239 3208 ante

594 3230 911 3285 terminum
944 3232 1074 3286 vita
1107 3232 1305 3303 hujus.
1342 3256 1390 3287 ».

663 3341 689 3368 ‹‹
723 3320 991 3381 Quandiu
1028 3336 1241 3390 ponam
1273 3322 1518 3378 consilia
1562 3325 1621 3379 in
1655 3327 1852 3383 anima
1882 3346 2031 3385 mea.
2068 3353 2090 3383 ι
2129 3336 2236 3387 Pa-

1891 2082 2245 2151 requirentis

591 3407 705 3462 tinr
734 3408 875 3477 hac,
908 3408 1120 3480 inquit,
1173 3411 1552 3483 quoadusque
1600 3431 1703 3486 per
1752 3417 2012 3488 spiritale
2042 3421 2232 3476 eonsi-
2268 3393 2311 3460 C

586 3495 735 3551 lium
766 3501 820 3552 te
853 3498 1169 3567 requiram.
1218 3521 1245 3547 «
1304 3500 1567 3557 Dolorem
1611 3504 1670 3560 in
1726 3507 1897 3562 corde
1947 3525 2077 3564 meo
2136 3525 2239 3582 per

594 3585 771 3640 diem.
808 3607 834 3633 n
870 3585 973 3640 Per
1004 3585 1144 3640 illud
1181 3587 1407 3643 scilicet
1440 3588 1635 3647 lumen
1686 3595 1905 3650 notitia
1935 3603 2047 3653 tua
2079 3601 2234 3669 quod

589 3673 688 3727 diu
724 3673 1115 3743 perdideram,
1149 3692 1435 3747 apponam
1469 3680 1725 3737 dolorem
1759 3701 1937 3755 super
1965 3688 2237 3745 tenebras

586 3767 935 3833 peccatorun
964 3780 1249 3836 meorum,
1286 3766 1392 3822 hoc
1415 3773 1504 3824 est
1533 3786 1704 3841 agam
1738 3775 2161 3843 panitentiam.

668 3873 694 3899 ‹‹
754 3850 1064 3921 Usquequo
1115 3854 1466 3911 cxaltabitur
1523 3858 1798 3917 inimicus
1842 3878 2008 3919 meus
2061 3882 2239 3936 super

590 3938 730 3993 me?
762 3962 788 3988 »
830 3941 1095 4005 Quandiu
1128 3944 1198 3999 ad
1234 3949 1287 3999 te
1341 3963 1656 4003 conversus
1706 3967 1820 4005 non
1872 3952 2033 4007 fuero
2063 3954 2236 4025 erigi-

589 4033 687 4082 tur
716 4028 993 4086 adversus
1026 4048 1119 4087 me
1152 4032 1443 4100 diabolus,
1478 4037 1577 4107 qui
1609 4044 1700 4092 est
1732 4038 1972 4095 humani
2005 4043 2237 4113 generis

588 4116 886 4174 inimicus.
951 4118 1264 4193 Usquequo
1314 4124 1664 4181 exaltabitur
1731 4127 2003 4185 inimicus
2070 4148 2237 4188 meus

591 4223 769 4278 super
799 4225 891 4263 me
913 4209 942 4262 ‘I.
996 4209 1173 4273 Quasi
1204 4211 1381 4276 dicat,
1441 4214 1708 4278 Quandiu
1742 4215 1916 4272 habet
1966 4220 2236 4275 adversa-

588 4295 714 4350 rius
767 4296 1228 4353 dominationem
1282 4300 1547 4357 Ecclesia
1582 4304 1609 4357 γ
1657 4303 1853 4376 Usque
1920 4306 1978 4361 in
2034 4309 2232 4365 tinem.

588 4407 616 4434 ‹‹
653 4384 914 4456 Respice,
965 4390 1021 4441 et
1068 4387 1274 4442 exaudi
1326 4405 1439 4459 me,
1482 4391 1721 4447 Domine
1770 4392 1924 4449 Deus
1972 4413 2159 4453 meus.
2206 4421 2234 4449 »

588 4472 783 4529 Oratio
854 4473 1119 4529 Ecclesia
1185 4480 1292 4546 est,
1334 4478 1405 4532 de
1465 4479 1651 4534 tribus
1718 4485 1981 4553 personis
2049 4494 2237 4558 potest

584 4560 881 4632 intelligi;
918 4561 1159 4632 Respice
1215 4563 1275 4618 in
1328 4566 1726 4637 tribulatione,
1759 4571 1845 4627 vel
1895 4573 1952 4628 in
2020 4577 2235 4635 auxilio

586 4653 644 4703 et
672 4647 879 4702 exaudi
915 4647 972 4702 in
1007 4648 1115 4704 hoc
1146 4653 1300 4722 quod
1334 4654 1629 4725 deprecor.

661 4757 697 4833 ft
724 4735 997 4791 lllumina
1028 4714 1227 4833 oculos
1258 4714 1438 4798 meos.
1464 4765 1495 4797 ι
1526 4745 1585 4800 Id
1618 4753 1726 4813 est,
1760 4749 1958 4806 oculos
1989 4714 2232 4811 cordis.»
2270 4769 2315 4833 ι)

2356 2092 2546 2147 spero,
2582 2081 2646 2131 ut
2669 2076 2938 2131 stabiliar
2967 2075 3028 2130 in
3050 2076 3184 2131 fide.

2425 2188 2452 2214 ‹‹
2489 2164 2814 2220 Exsultabit
2862 2181 2961 2219 cor
2999 2181 3197 2220 meum
3247 2165 3305 2219 in
3359 2164 3602 2221 salutari
3650 2170 3795 2227 tuo;
3854 2189 3875 2216 ιι
3940 2168 4003 2222 In

2354 2254 2599 2309 Domino
2630 2254 2769 2309 Jesu
2815 2254 3062 2310 Christo.
3115 2277 3143 2303 ‹‹
3188 2256 3440 2311 Cantabo
3472 2255 3736 2322 Domino,
3768 2278 3794 2306 »
3829 2255 3885 2311 id
3918 2260 4010 2311 est

2354 2342 2626 2411 laudabo,
2662 2349 2717 2399 et
2747 2343 3093 2416 praedicabo.
3157 2367 3185 2394 ‹‹
3216 2344 3322 2407 Qui
3355 2346 3508 2400 bona
3537 2344 3744 2399 tribuit
3772 2344 3941 2410 mihi,
3978 2368 4000 2395 ι

2354 2432 2463 2487 hoc
2512 2436 2621 2498 est,
2664 2432 2835 2488 istius
2913 2433 3039 2487 vita
3091 2436 3394 2504 praesentis
3446 2432 3734 2499 subsidia,
3785 2433 4003 2504 quibus

2356 2522 2788 2577 subsistimus:
2836 2521 3227 2594 ut,despectis
3282 2522 3512 2593 pompis
3557 2520 3775 2589 saculi,
3827 2522 4003 2593 spiri-

2354 2610 2536 2666 tualia
2588 2617 2783 2666 mente
2813 2611 3230 2682 conspicerem.
3281 2611 3462 2665 Aliter
3493 2629 3507 2665 :
3544 2611 3700 2665 Bona
3730 2610 3937 2666 tribuit
3988 2629 4001 2666 :

2351 2699 2597 2754 virtutes
2641 2699 2925 2765 Ecclesia,
2977 2700 3033 2753 id
3082 2704 3191 2766 est,
3227 2700 3422 2765 fidem,
3450 2716 3613 2771 spem
3646 2705 3703 2754 et
3747 2699 3999 2754 charita-

2350 2792 2469 2843 tem
2503 2806 2516 2843 :
2550 2794 2605 2843 et
2645 2788 2704 2842 in
2754 2789 2948 2843 futuro
3003 2788 3181 2843 vitam
3213 2795 3508 2843 aeternam.
3550 2811 3577 2837 ‹‹
3611 2787 3863 2843 Psallam
3898 2805 3999 2842 no-

2352 2876 2495 2931 mini
2544 2882 2665 2944 tuo,
2716 2876 3055 2944 Altissime;
3105 2899 3133 2925 ››
3186 2876 3314 2947 hoc,
3348 2878 3503 2948 quod
3554 2883 3723 2932 canto
3766 2883 3822 2931 et
3852 2893 3995 2948 pra-

2350 2966 2500 3035 dico,
2546 2982 2717 3037 Opere
2765 2964 3065 3037 impleam.
3110 2965 3312 3021 Merito
3362 2982 3521 3038 ergo,
3571 2966 3814 3021 Domine
3861 2970 3997 3021 Jesu

2349 3055 2594 3125 Christe,
2625 3053 2845 3109 nomini
2890 3059 2989 3109 tuo
3042 3053 3332 3125 psallitur,
3368 3054 3506 3125 quia
3548 3054 3710 3110 dives
3759 3054 3995 3126 pietate,

2348 3149 2406 3197 et
2424 3142 2604 3213 justis
2633 3142 2935 3197 victoriam
2970 3148 3232 3215 praestas,
3267 3150 3324 3198 et
3374 3150 3704 3215 peccatores
3745 3148 3810 3197 ut
3837 3144 3908 3198 ad
3941 3148 3996 3197 te

2349 3237 2760 3288 convertantur
2805 3232 3018 3287 invitas
3065 3252 3084 3286 :
3136 3232 3239 3287 tibi
3289 3232 3474 3304 gloria
3521 3238 3579 3289 et
3630 3232 3815 3288 honor
3862 3248 3996 3287 cum

2347 3327 2559 3377 aterno
2607 3321 2773 3377 Patre
2802 3325 2859 3376 et
2897 3321 3119 3393 Spiritu
3162 3327 3364 3378 sancto
3413 3320 3472 3377 iu
3514 3320 3724 3377 sacula
3753 3319 3989 3377 saculo-

2348 3428 2501 3467 rum.
2534 3419 2741 3469 Amen.

2906 3500 3234 3556 PSALMUS
3279 3501 3422 3555 Xlll.

2349 3589 2582 3646 Tertius
2612 3589 2877 3645 decimus
2900 3589 3165 3660 psalmus
3188 3606 3301 3644 non
3333 3588 3507 3660 habet
3528 3586 3997 3658 inscriptionem,

2418 3663 2517 3716 sed
2543 3658 3006 3732 redemptionem
3029 3664 3288 3732 nostram
3321 3658 3554 3732 exASion
3592 3674 3998 3732 processuram

2417 3748 2544 3803 esse
2566 3727 2936 3803 pronuntiat.
2964 3731 3037 3803 Et
3065 3730 3251 3803 primo
3282 3728 3514 3803 quidem
3550 3727 3998 3803 contra‘impios

2418 3796 3200 3884 loqu.i'tur,qui.confidehtes
3230 3796 3540 3884 inn—divitiis
3570 3796 3787 3863 saculi,
3813 3797 4001 3854 Deum

2419 3871 2521 3944 qui
2551 3872 2658 3926 has
2688 3871 2957 3943 largitur,
2988 3871 3280 3941 ignorant.

2421 3982 2448 4011 ‹‹
2482 3959 2631 4016 Dixit
2659 3958 2946 4031 insipiens
2978 3958 3037 4012 in
3084 3958 3257 4013 corde
3303 3975 3429 4014 suo.
3496 3978 3523 4005 ››
3583 3962 3691 4013 Pro
3739 3974 3805 4012 eo
3835 3960 3993 4028 quod

2346 4055 2455 4119 est,
2478 4049 2742 4120 insipiens
2773 4048 2833 4102 in
2859 4047 3093 4103 Hebrao
3118 4065 3300 4103 manu.
3322 4049 3577 4119 positum
3611 4051 3717 4102 est.
3743 4046 3904 4102 Unde
3935 4052 3995 4101 et

2347 4135 2575 4210 Abigail
2620 4137 2691 4192 de
2729 4137 2850 4191 viro
2881 4152 2989 4192 suo
3037 4136 3220 4192 Nabal
3252 4137 3334 4192 ait
3367 4137 3421 4191 in
3459 4141 3655 4191 monte
3685 4134 3947 4191 Carmelo
3982 4151 3994 4188 :

2353 4228 2478 4283 Vere
2523 4226 2821 4282 secundum
2868 4242 3065 4281 nomen
3119 4242 3285 4281 suum
3338 4227 3730 4293 insipiensest
3780 4226 3827 4293 (I
3873 4225 3995 4293 Reg.

2346 4333 2475 4383 xxv,
2506 4317 2619 4379 25).
2653 4316 2770 4370 Non
2798 4324 2880 4371 est
2934 4317 3030 4386 qui
3081 4318 3254 4387 faciat
3301 4317 3517 4385 bonum,
3577 4330 3684 4369 non
3719 4317 4001 4382 estusque

2344 4406 2415 4460 ad
2447 4422 2643 4460 unum.
2690 4406 2851 4459 [tunc
2904 4403 3194 4476 psalmum
3226 4405 3298 4460 de
3340 4403 3610 4475 passione
3658 4401 3875 4457 Christi
3907 4416 3997 4455 re-

2346 4497 2559 4560 ferunt,
2591 4494 2825 4565 quando
2857 4508 3061 4549 omnes
3092 4493 3406 4548 Dominum
3442 4492 3805 4563 reliquerunt
3858 4507 3869 4544 :
3926 4488 3987 4542 in

2343 4589 2573 4640 tantum
2605 4588 2670 4639 ut
2721 4582 2924 4638 Petrus
2977 4598 3209 4653 quoque
3261 4582 3363 4652 qui
3422 4580 3820 4652 apostolorum
3892 4576 4002 4632 fuit

2345 4674 2616 4746 princeps
2647 4671 2944 4745 negaverit
2999 4670 3189 4742 (Matth
3242 4688 3391 4737 xxvx,
3424 4672 3638 4738 69-72).
3675 4692 3701 4718 α
3752 4667 3858 4733 Qui
3914 4665 3999 4721 di-

2347 4768 2558 4818 xerunt
2603 4760 2663 4816 in
2710 4761 2884 4815 corde
2933 4776 3215 4826 suo,,non
3267 4765 3357 4814 est
3404 4765 3575 4813 Deus.
3629 4779 3659 4807 »ι
3708 4756 3771 4811 In
3822 4754 3995 4810 corde

592 4844 621 4873 ί(
650 4822 732 4877 Ne
764 4839 1027 4920 φευξείω
1059 4828 1422 4920 ObdQI‘miam
1451 4833 1509 4889 in
1540 4842 1743 4893 morte.
1779 4860 1807 4888 ››
1840 4839 2068 4897 Scimus
2101 4844 2241 4915 quia
2270 4822 2311 4833 ν
2349 4852 2640 4920 dixerunt,
2674 4866 2788 4904 non
2821 4849 2880 4903 in
2910 4864 3031 4905 ore.
3064 4848 3281 4911 Quare?
3311 4848 3458 4913 Quia
3487 4864 3601 4903 non
3649 4845 3777 4901 ausi
3806 4849 3945 4899 sunt
3980 4859 3995 4910 ;

588 4927 705 5001 non
737 4915 929 5001 potest
959 4912 1133 4971 homo
1165 4918 1418 4976 dormire
1450 4924 1548 4993 qui
1585 4925 1642 4978 in
1675 4931 1961 4983 tormento
1992 4935 2101 5001 est,
2120 4912 2234 4989 sed

586 4998 841 5055 dormire
880 5018 985 5073 pro
1030 5011 1195 5061 nocte
1240 5007 1340 5064 illa
1388 5013 1568 5081 ponit.
1620 5013 1778 5070 Unde
1803 4998 2233 5087 superius—ait:

589 5090 749 5145 Mors
782 5090 907 5145 sine
944 5100 1150 5161 morte,
1202 5103 1259 5152 et
1306 5100 1555 5157 dilectus
1586 5103 1712 5158 sine
1741 5105 1989 5163 defectu.
2021 5109 2085 5163 Et
2119 5109 2234 5165 Do-

592 5177 791 5235 minus
854 5180 1129 5238 dormivit
1168 5185 1229 5240 in
1261 5188 1410 5256 navi,
1444 5206 1577 5245 cum
1610 5192 1930 5249 suscitatur
1988 5213 2017 5250 a
2067 5198 2239 5254 disci-

585 5267 742 5340 pulis
772 5270 1000 5338 (Matth.
1034 5289 1156 5339 VIII,
1197 5277 1288 5343 24,
1320 5279 1433 5349 25).
1465 5279 1821 5353 Notandum,
1852 5285 2006 5354 quod
2039 5285 2234 5342 Domi-

587 5375 700 5413 nus
746 5358 1097 5425 dormiebat,
1151 5370 1386 5435 quanio
1421 5368 1563 5424 ﬁdes
1595 5370 1991 5441 apostolorum
2027 5375 2239 5431 tituba-

583 5448 703 5502 bat.
743 5448 1069 5521 Unicuique
1101 5452 1383 5511 Dominus
1436 5474 1540 5528 pro
1599 5458 1711 5513 ﬁde
1766 5476 1874 5516 sua
1930 5462 2149 5533 vigilat,
2182 5471 2239 5520 et

588 5552 691 5624 per
724 5537 896 5591 ﬁdem
930 5539 1307 5597 excitatur.Et
1338 5546 1386 5599 si
1420 5562 1535 5600 non
1568 5546 1814 5602 habetur
1843 5550 2005 5611 fides,
2069 5554 2236 5624 quasi

593 5623 846 5680 dormire
878 5626 1119 5685 videtur.
1156 5631 1315 5689 Unde
1346 5635 1487 5689 dicit
1545 5654 1557 5690 :
1619 5637 1817 5692 Excita
1847 5639 2018 5694 fidem
2052 5623 2237 5710 tuam,

596 5715 652 5764 et
686 5716 824 5767 tunc
878 5718 1130 5775 suscitas
1185 5723 1503 5779 Christum.
1540 5748 1568 5775 ‹‹
1605 5725 1864 5798 Respice,
1918 5734 1976 5783 et
2032 5733 2239 5787 exaudi

600 5815 714 5870 me,
744 5802 990 5861 Domine
1038 5807 1192 5865 Deus
1251 5829 1438 5871 meus.
1499 5813 1771 5871 lllumina
1825 5817 2009 5875 oculis
2056 5836 2236 5893 meos,

2347 4957 2418 4995 ne
2452 4940 2596 4995 forte
2640 4941 2882 4993 deorum
2937 4953 3179 4992 suorum
3235 4939 3482 4992 numina
3511 4935 3810 5002 violarent,
3843 4930 3998 4987 Dixit

2344 5028 2654 5100 insipiens,
2687 5025 2942 5099 populus
2979 5026 3262 5081 Judaicus
3298 5044 3310 5081 :
3346 5028 3442 5097 qui
3477 5026 3681 5080 dicunt
3712 5024 3770 5077 in
3803 5021 3997 5087 corde,

2344 5117 2470 5174 Non
2502 5122 2591 5173 est
2633 5123 2803 5183 Deus,
2836 5131 2953 5169 non
3003 5119 3091 5169 est
3144 5114 3413 5171 Christus
3468 5114 3648 5169 Filius
3684 5111 3799 5167 Dei.
3833 5109 3998 5165 Unus

2345 5223 2414 5263 ex
2460 5207 2545 5261 eis
2594 5222 2713 5261 non
2763 5204 2956 5260 solum
2998 5220 3100 5274 pro
3154 5204 3268 5259 Deo
3320 5221 3434 5259 non
3471 5202 3693 5267 habuit,
3727 5200 3828 5255 sed
3888 5213 3997 5253 nec

2348 5296 2691 5368 prophetam
2722 5293 2990 5357 credidit,
3023 5292 3165 5347 dum
3198 5293 3345 5347 dixit
3389 5310 3404 5348 ε
3466 5292 3566 5347 Hic
3596 5291 3643 5346 si
3678 5292 3834 5345 esset
3863 5301 3992 5357 pro-

2349 5385 2548 5456 pheta,
2580 5384 2755 5439 sciret
2785 5382 3006 5452 utique,
3064 5396 3191 5453 qua
3236 5388 3293 5436 et
3345 5380 3537 5452 qualis
3579 5383 3735 5435 esset
3786 5373 3999 5430 mulier

2348 5491 2475 5546 qua
2505 5472 2695 5544 tangit
2720 5486 2879 5536 eum,
2939 5468 3080 5540 quia
3123 5471 3416 5541 peccatrix
3450 5475 3537 5525 est
3568 5471 3717 5541 (Luc.
3752 5481 3848 5532 vn,
3881 5464 4001 5533 39),

2349 5567 2415 5618 Et
2444 5562 2590 5617 alter
2622 5579 2635 5616 :
2667 5560 2726 5614 Si
2754 5560 2929 5613 Filius
2958 5560 3058 5613 Dei
3086 5566 3162 5614 au
3207 5559 3495 5615 descendat
3544 5574 3691 5613 nunc
3718 5555 3784 5610 de
3838 5568 4001 5608 cruce

2347 5655 2397 5706 et
2425 5651 2703 5705 credimus
2733 5649 2784 5702 ei
2814 5647 2999 5714 (Marc.
3039 5664 3135 5715 xx,
3168 5650 3278 5717 32).

2419 5761 2447 5789 ‹‹
2480 5736 2747 5808 Corrupti
2774 5740 2934 5791 sunt.
2969 5757 2997 5784 »
3026 5736 3113 5792 Ab
3137 5736 3239 5792 illa
3269 5738 3600 5809 integritate
3633 5736 3793 5789 bona
3836 5737 4002 5786 natu-

2348 5844 2428 5886 ra
2455 5828 2791 5899 degeneres.
2825 5848 2853 5879 ‹‹
2884 5825 3326 5891 Abominabites
3358 5826 3492 5883 facti
3538 5830 3694 5882 sunt.
3736 5847 3756 5871 ιι
3794 5822 3856 5877 ld
3888 5825 4003 5892 est,
