4220 6656
299 570 410 629 901

1473 560 1970 623 BREVIARIUM
2018 562 2092 620 IN
2139 554 2525 623 PSALMOS.

3585 562 3704 625 902

302 698 567 755 odibiles.
607 717 633 750 α
663 698 724 752 In
754 685 1153 752 voluntatibus
1183 694 1329 751 suis.
1375 717 1404 745 »
1450 695 1512 749 Id
1543 698 1652 764 est,
1686 694 1747 749 in
1778 693 1945 749 factis
1974 695 2027 758 Α
2057 693 2360 750 ductiones
2391 711 2531 750 suas
2579 695 2637 749 in
2695 711 2793 750 ore
2852 699 3132 766 tanquam
3187 695 3246 749 in
3304 694 3572 766 sepulcra
3603 696 3705 751 ho-

306 790 451 844 suis.
485 810 512 837 ‹‹
547 786 810 857 Corrupti
844 790 987 841 sunt
1016 790 1071 840 et
1104 783 1528 840 abominabiles
1553 783 1685 839 facti
1719 789 1860 838 sunt
1891 785 1949 839 in

307 876 708 933 voluntatibus
740 874 883 929 suis.
920 895 947 923 ››
996 872 1057 929 Si
1079 873 1238 928 enim
1277 873 1379 928 Dei
1412 872 1676 927 notitiam
1711 872 1949 929 habuis-

307 970 456 1031 sent,
491 963 746 1035 corrupti
778 968 835 1018 et
864 960 1287 1018 abominabiles
1317 978 1432 1016 non
1465 960 1734 1016 fuissent.
1767 984 1795 1010 «
1825 962 1953 1016 Non

309 1059 398 1109 est
428 1052 528 1124 qui
559 1052 733 1107 faciat
765 1052 1002 1118 bonum,
1038 1067 1153 1106 non
1185 1055 1275 1106 est
1330 1066 1517 1121 usque
1559 1050 1629 1104 ad
1682 1066 1887 1104 unum.
1922 1071 1949 1099 »

310 1142 431 1199 Nisi
466 1143 599 1213 quis
629 1140 964 1212 cognoverit
993 1139 1309 1206 Christum,
1354 1140 1453 1210 qui
1487 1144 1577 1195 est
1611 1139 1818 1193 unicus
1847 1142 1954 1192 Pa-

311 1232 439 1296 tris,
473 1231 663 1286 bonus
695 1246 934 1301 prorsus
963 1245 1092 1284 esse
1122 1245 1234 1284 non
1258 1228 1487 1299 poterit.
1521 1249 1548 1277 «
1582 1226 1706 1282 Non
1737 1233 1827 1283 est
1856 1228 1956 1298 qui

312 1320 489 1376 faciat
517 1320 755 1382 bonum,
799 1334 914 1372 non
946 1323 1035 1372 est
1064 1334 1247 1388 usque
1280 1317 1351 1371 ad
1387 1332 1593 1371 unum.
1631 1338 1659 1364 ››
1692 1315 1797 1370 Hic
1855 1333 1955 1387 ap-

312 1413 478 1480 paret
508 1408 661 1480 quod
696 1407 805 1461 iste
860 1406 1123 1478 psalmus
1183 1407 1254 1461 ad
1310 1405 1643 1475 passionem
1685 1404 1957 1476 pertinet,

315 1498 454 1568 quia
488 1496 685 1551 nullus
736 1496 807 1550 de
835 1493 1161 1566 discipulis,
1194 1510 1381 1564 neque
1412 1494 1615 1548 Petrus
1656 1494 1754 1564 qui
1786 1498 1962 1564 caput

316 1584 582 1640 Ecclesia:
613 1589 729 1639 est:
792 1583 930 1655 quia
962 1588 1018 1638 et
1069 1582 1193 1654 ipse
1252 1582 1488 1653 negavit
1538 1582 1753 1654 (Matth.
1806 1599 1959 1651 xxvx,

315 1674 529 1743 69-73):
567 1671 766 1728 nullus
812 1672 882 1727 de
930 1671 1292 1739 hominibus,
1345 1670 1484 1743 quia
1516 1676 1671 1726 totus
1702 1671 1962 1726 mundus

318 1760 389 1814 ad
437 1760 769 1814 inferiorem
812 1764 1033 1830 partem
1095 1757 1486 1814 declinaverat
1515 1762 1740 1831 printer,
1779 1775 1961 1814 unum

318 1846 640 1918 hominem,
673 1847 774 1919 qui
798 1852 886 1903 est
916 1847 1206 1902 Christus.

392 1957 421 1986 «
458 1935 739 1991 Dominus
766 1936 838 1990 de
876 1934 1018 1991 cmlo
1051 1936 1364 2007 prospexit.
1401 1958 1428 1984 ››
1477 1936 1737 1992 Salutem
1769 1937 1964 2009 generi

2063 782 2251 837 mines
2305 789 2752 855 congesserunt.
2810 784 2955 839 Nam
3011 789 3067 838 et
3123 782 3260 842 alibi
3320 784 3512 840 simile
3567 786 3704 841 huic

2067 871 2337 941 ponitur:
2389 873 2512 927 Nisi
2567 874 2836 929 Dominus
2881 875 3074 944 fuisse!
3121 874 3181 927 in
3237 874 3412 935 nobis.
3469 877 3706 944 forsitan

2066 963 2211 1016 vivos
2257 961 2609 1031 deglutissent
2664 977 2761 1016 nos
2817 962 2986 1031 (Psal.
3032 978 3225 1029 cxxm,
3275 962 3351 1033 3).
3403 963 3704 1035 «Linguis

2065 1050 2191 1104 suis
2220 1049 2417 1105 dolose
2446 1051 2710 1118 agebant.
2744 1071 2773 1099 »
2809 1050 3260 1121 Corrumpentes
3300 1068 3491 1107 mores
3524 1054 3705 1107 bonos

2067 1136 2374 1207 colloquiis
2407 1136 2598 1192 malis.
2629 1158 2657 1187 ‹‹
2710 1137 3008 1192 Venenum
3057 1138 3329 1209 aspidum
3379 1140 3488 1194 sub
3535 1138 3708 1194 labiis

2067 1242 2290 1281 eorum.
2326 1247 2354 1275 »
2389 1225 2553 1291 Quia,
2604 1227 2757 1281 sicut
2809 1226 3064 1297 aspides,
3108 1227 3187 1282 ita
3235 1228 3511 1283 obturant
3539 1245 3709 1284 aures

2069 1330 2230 1378 suas,
2266 1331 2334 1370 ne
2382 1322 2667 1386 prmcepta
2710 1315 2917 1370 divinae
2962 1313 3108 1387 legis
3149 1317 3480 1371 exaudiant.
3523 1320 3709 1372 Vene-

2072 1419 2213 1457 num
2245 1403 2423 1472 enim,
2456 1403 2626 1459 dolus
2657 1403 2993 1473 iniquorum
3041 1403 3465 1475 colloquiorum
3499 1404 3710 1460 intelli-

2071 1492 2246 1564 gitur.

2147 1603 2173 1630 ‹‹
2213 1581 2471 1644 Quorum
2519 1598 2583 1636 os
2633 1580 3037 1637 maledictione
3085 1588 3141 1638 et
3170 1583 3560 1639 amaritudine
3593 1583 3712 1654 ple-

2074 1688 2215 1724 num
2271 1675 2381 1727 est.
2416 1694 2438 1722 ι
2479 1670 2807 1726 Benedictio
2863 1671 3216 1728 adulationis
3250 1672 3735 1729 maledictionem,

2077 1759 2269 1814 infert.
2301 1760 2644 1814 Amaritudo
2683 1760 2839 1815 enim
2890 1761 2961 1816 ad
3011 1760 3067 1814 id
3106 1762 3388 1816 refertur:
3425 1761 3564 1833 quia
3591 1760 3717 1815 dul-

2075 1848 2165 1904 cia
2186 1847 2416 1919 eloquia
2438 1847 2562 1915 Dei,
2592 1848 2743 1903 male
2776 1849 3100 1915 sentiendo,
3123 1849 3182 1904 in
3207 1867 3376 1905 suam
3400 1850 3715 1922 perniciem

2077 1955 2277 1993 amara
2308 1938 2583 1993 fecerunt.
2623 1961 2642 1987 α
2669 1939 2927 2004 Quorum
2959 1954 3024 1994 os
3047 1938 3455 1995 maledictione
3480 1943 3535 1995 et
3566 1955 3723 1995 ama-

318 2025 577 2082 humano
609 2025 765 2080 dare.
800 2023 926 2091 Vel,
962 2048 983 2073 «ι
1018 2025 1089 2080 de
1134 2024 1275 2079 coelo
1300 2046 1326 2074 ››
1362 2025 1420 2079 id
1454 2029 1561 2093 est,
1603 2026 1673 2080 de
1722 2026 1963 2081 sanctis.
2001 2063 2046 2125 Β
2077 2027 2334 2082 ritudine
2366 2026 2605 2099 plenum
2636 2031 2761 2082 est:
2798 2049 2826 2077 ››
2858 2028 2995 2099 quia
3034 2032 3090 2083 et
3122 2028 3233 2084 sibi
3287 2034 3344 2084 et
3392 2027 3522 2084 aliis
3555 2032 3724 2084 nocet

323 2137 352 2166 «
383 2112 749 2187 Super‘filios
778 2113 1108 2169 hominum.
1149 2136 1176 2161 ››
1226 2114 1382 2178 Quos
1436 2118 1669 2169 sanctos
1715 2132 1853 2170 suos
1886 2116 1967 2170 fa-

324 2202 458 2258 ciat.
488 2201 612 2273 Vel,
644 2201 715 2256 de
745 2207 947 2256 sancto
977 2218 1103 2257 suo.
1144 2223 1171 2254 α
1198 2205 1381 2272 Super
1414 2200 1563 2256 filios
1593 2202 1969 2270 hominum;»

327 2292 385 2347 id
415 2295 523 2359 est,
557 2306 733 2361 super
760 2306 946 2362 genus
977 2289 1334 2346 humanum:
1370 2312 1398 2339 «
1430 2290 1499 2345 Ut
1531 2291 1739 2347 videat.
1776 2314 1802 2340 ››
1862 2292 1972 2348 hoc

301 2385 435 2448 ,est,
468 2384 533 2433 ut
582 2378 774 2433 videre
826 2384 1061 2434 sanctos
1106 2396 1245 2435 suos
1289 2378 1499 2434 faciat:
1555 2397 1658 2451 per
1704 2397 1852 2451 quos
1892 2398 2009 2439 re—,

329 2466 520 2539 spicit,
555 2472 611 2521 et
641 2467 700 2521 in
742 2468 956 2538 quibus
1008 2468 1261 2523 habitat:
1311 2468 1657 2524 «Dominus
1706 2470 1777 2524 de
1830 2468 1973 2525 coelo

332 2555 625 2628 prospexit
657 2572 831 2626 super
860 2556 1013 2611 ﬁlios
1070 2556 1395 2624 hominum,
1458 2563 1522 2611 ut
1567 2556 1760 2611 videat
1806 2558 1855 2613 si
1885 2562 1976 2614 est

331 2643 663 2714 intelligens
721 2648 823 2697 aut
872 2645 1172 2714 requirens
1229 2645 1435 2702 Deum.
1471 2667 1499 2694 ››
1539 2645 1826 2717 Prospicit
1875 2663 1977 2718 per

333 2732 561 2791 animas
592 2737 844 2800 sanctas,
906 2750 1053 2805 quas
1105 2750 1256 2804 saepe
1315 2733 1524 2789 caelum
1574 2734 1850 2800 diximus,
1915 2741 1979 2790 ut

332 2821 524 2877 videat
555 2818 602 2873 si
644 2818 720 2873 sit
774 2821 1030 2891 sapiens,
1091 2822 1189 2892 qui
1252 2828 1359 2877 Deo
1418 2828 1613 2877 mente
1672 2823 1974 2895 requirat:

332 2925 469 2965 nam
496 2907 649 2978 apud
681 2907 937 2964 divinam
986 2910 1304 2981 potentiam
1360 2909 1504 2965 nihil
1535 2911 1783 2967 habetur
1812 2914 1969 2968 obte-

334 3004 516 3054 ctum.

406 3110 434 3137 η
467 3088 682 3145 Omnes
730 3087 1188 3144 declinaverunt.
1248 3110 1276 3139 »
1334 3089 1736 3145 Declinaverat
1790 3095 1976 3146 totum

332 3194 518 3249 genus
557 3177 884 3233 humanum
936 3178 1007 3232 ad
1057 3177 1391 3233 inferiorem
1441 3185 1687 3249 partem.
1733 3201 1762 3229 ‹‹
1792 3177 1979 3235 Simul

332 3266 573 3321 inutiles
620 3266 755 3321 facti
787 3272 944 3331 sunt,
982 3287 1010 3315 »
1042 3271 1099 3321 et
1128 3267 1263 3332 sibi,
1296 3271 1354 3322 et
1382 3266 1536 3322 aliis.
1574 3288 1602 3317 «
1632 3268 1849 3323 Omnes
1880 3269 1978 3323 de-

335 3354 723 3423 clinaverunt,
756 3353 934 3411 simul
968 3353 1202 3410 inutiles
1245 3356 1379 3410 facti
1412 3360 1569 3411 sunt.
1606 3355 1729 3413 Non
1760 3361 1850 3411 est
1879 3355 1979 3427 qui

2081 2133 2284 2173 eorum
2316 2116 2602 2184 doctrina,
2634 2120 2690 2172 et
2718 2116 2777 2171 in
2809 2117 3006 2173 futuro
3030 2118 3399 2174 condemnat.
3435 2140 3463 2167 »
3519 2119 3724 2176 Veloce:

2079 2206 2240 2279 pedes
2277 2222 2467 2262 eorum
2492 2206 2563 2261 ad
2608 2205 2998 2277 effundendum
3025 2209 3379 2279 sanguinem.
3416 2229 3444 2256 ››
3484 2210 3553 2262 Et
3599 2224 3724 2264 cor-

2083 2295 2361 2366 poraliter
2389 2300 2446 2350 et
2474 2294 2855 2367 spiritualiter
2892 2295 3185 2364 occidunt,
3222 2297 3362 2351 dum
3403 2296 3722 2365 Christum,

2083 2385 2184 2455 qui
2216 2383 2334 2439 vita
2363 2389 2454 2440 est
2483 2384 2711 2451 animae,
2746 2386 2816 2439 ab
2869 2385 2994 2457 ipsa
3040 2385 3335 2442 effundere
3366 2385 3720 2442 desiderant.

2160 2495 2179 2517 α
2216 2470 2494 2525 Contritio
2543 2475 2599 2525 et
2630 2470 2939 2526 infelicitas
2989 2471 3048 2526 in
3082 2472 3190 2527 viis
3239 2490 3478 2529 eorum:
3509 2495 3537 2522 ››
3589 2490 3724 2529 con-

2086 2559 2243 2614 tritio
2275 2559 2554 2631 corporis,
2600 2559 2910 2614 infelicitas
2967 2560 3197 2615 animas.
3244 2567 3304 2615 1n
3361 2562 3471 2617 viis
3501 2578 3726 2633 eorum,

2086 2649 2144 2702 in
2177 2648 2451 2719 operibus
2481 2664 2704 2702 eorum.
2756 2650 2999 2719 Semper
3047 2655 3378 2720 peccatores
3410 2651 3468 2705 in
3500 2651 3592 2705 via
3623 2667 3730 2705 sua

2089 2735 2394 2791 infeliciter
2422 2740 2823 2791 conteruntur.
2858 2759 2883 2787 ‹‹
2918 2735 3201 2800 Quoniam
3234 2736 3387 2791 viam
3422 2736 3580 2808 pacis
3611 2753 3727 2791 non

2087 2828 2497 2895 cognoverunt.
2534 2846 2560 2871 υ
2619 2825 2751 2889 Qua:
2811 2830 2898 2878 est
2935 2823 3199 2879 Christus
3257 2824 3569 2880 Dominus:
3624 2839 3729 2879 nec

2090 2929 2190 2983 per
2244 2912 2441 2977 fidem,
2490 2929 2591 2967 nec
2642 2929 2743 2984 per
2790 2912 3207 2983 operationem.
3252 2915 3438 2978 Quare
3486 2929 3599 2967 non
3632 2928 3727 2967 co-

2087 3000 2448 3071 gnoverunt?
2472 3001 2710 3073 Propter
2742 3002 2849 3057 hoc
2877 3002 3033 3073 quod
3066 3001 3365 3074 sequitur:
3393 3024 3422 3051 ‹‹
3445 3001 3593 3066 Quia
3614 3018 3726 3056 non

2088 3094 2178 3144 est
2205 3090 2381 3144 timor
2409 3090 2507 3144 Dei
2538 3097 2675 3145 ante
2708 3090 2907 3145 oculos
2937 3107 3160 3146 eorum.
3197 3113 3223 3139 ››
3254 3090 3380 3146 Non
3412 3106 3729 3163 proposue-

2090 3183 2228 3233 runt
2287 3184 2466 3233 Deum
2519 3185 2652 3234 ante
2697 3190 2905 3235 sensus
2961 3196 3185 3243 eorum,
3247 3179 3305 3234 in
3366 3179 3650 3235 memoria
3678 3182 3736 3234 et

2090 3272 2292 3323 sancto
2321 3267 2550 3322 timore.
2611 3290 2638 3317 «
2689 3268 2811 3324 Non
2861 3274 2949 3324 est
2993 3268 3171 3323 timor
3216 3269 3312 3324 Dei
3364 3274 3498 3324 ante
3537 3268 3734 3325 oculos

2090 3372 2313 3411 eorum.
2353 3379 2381 3405 »
2410 3356 2534 3412 Non
2583 3357 2741 3411 enim
2775 3362 3043 3412 metuunt
3098 3357 3361 3412 futurum
3413 3357 3759 3439 judicium,‘

330 3443 507 3499 faciat
536 3446 776 3510 bonum,
839 3460 952 3498 non
1013 3447 1103 3498 est
1163 3459 1347 3514 usque
1405 3444 1477 3498 ad
1529 3460 1733 3498 unum.
1771 3465 1800 3492 »
1834 3444 1981 3499 Dicit
2011 3425 2052 3490 C
2089 3442 2219 3499 ideo
2250 3461 2365 3500 non
2397 3445 2708 3501 observant
2740 3446 3015 3501 mandata
3042 3446 3189 3516 ejus.

332 3533 489 3589 enim
524 3532 644 3588 haec
676 3532 746 3587 de
767 3531 1061 3603 gentibus.
1096 3531 1207 3587 Sed
1236 3532 1375 3603 quia
1408 3531 1725 3602 interponit
1753 3549 1978 3599 omnes,

337 3621 607 3694 adjungit
653 3621 884 3676 .ludaaos
942 3620 1375 3693 intelligendos,
1436 3621 1536 3692 qui
1596 3638 1746 3692 saepe
1806 3638 1867 3676 se
1924 3621 1983 3675 in

337 3710 657 3769 volutabris
689 3717 861 3782 atque
908 3709 1253 3765 idololatriis
1305 3711 1567 3783 gentium
1600 3711 1983 3766 miscuerunt.

416 3820 444 3849 «
477 3798 820 3871 Sepulcrum
854 3804 1059 3870 patens
1084 3804 1172 3854 est
1200 3804 1402 3870 guttur
1441 3816 1663 3854 eorum.
1700 3822 1728 3849 »
1761 3801 1848 3854 Ab
1880 3799 1987 3855 hoc

341 3890 551 3944 versu‘
586 3905 772 3960 usque
828 3890 899 3943 ad
931 3905 1087 3954 eum,
1138 3888 1234 3944 ubi
1268 3887 1443 3943 dicit:
1479 3912 1505 3937 «
1541 3888 1666 3943 Non
1698 3894 1787 3944 est
1818 3889 1991 3944 timor

348 3979 443 4034 Dei
499 3978 558 4033 in
617 3983 931 4050 conspectu
963 3977 1264 4033 oculorum
1316 3995 1539 4044 eorum,
1572 3997 1599 4027 ιι
1636 3978 1695 4032 in
1730 3978 1987 4035 Hebraeis

345 4068 647 4124 codicibus
680 4084 795 4121 non
852 4067 1121 4123 habetur.
1181 4067 1471 4131 Quaeritur
1529 4084 1665 4140 ergo
1698 4069 1990 4139 quomodo

343 4156 661 4228 Apostolus
683 4156 791 4211 hoc
815 4173 959 4211 usus
979 4156 1057 4211 sit
1084 4155 1420 4211 testimonio
1443 4157 1503 4210 in
1527 4157 1782 4227 Epistola
1813 4174 1991 4228 quam

346 4245 418 4302 ad
464 4245 758 4300 Romanos
807 4242 1044 4315 scripsit
1081 4244 1254 4314 (Rom.
1302 4261 1385 4311 III,
1421 4244 1623 4315 10-18).
1660 4245 1991 4316 Responde-

344 4351 480 4389 mus
510 4331 852 4405 Apostolum
899 4332 969 4386 de
1000 4331 1449 4388 Deuteronomio
1485 4349 1551 4388 ac
1579 4332 1876 4398 Psalterio,
1938 4338 1995 4389 et

345 4422 565 4479 caeteris
620 4420 1057 4493 Scripturarum
1105 4419 1248 4475 locis
1298 4420 1406 4475 hoc
1456 4420 1859 4477 testimonium
1904 4428 1992 4478 te-

348 4511 575 4568 xuisse.

423 4626 450 4652 «
504 4602 587 4658 Ibi
645 4602 971 4657 timuerunt
1028 4599 1273 4666 timore;
1328 4598 1436 4654 hoc
1493 4599 1648 4670 quod
1706 4600 1994 4671 sequitur,

352 4715 378 4742 ‹‹
416 4690 524 4747 Ubi
571 4708 686 4747 non
743 4694 866 4746 erat
921 4689 1116 4756 timor,
1152 4713 1179 4738 ››
1221 4688 1281 4743 in
1312 4687 1565 4743 Hebraeis
1597 4686 1999 4746 voluminibus

355 4798 472 4836 non
505 4780 774 4837 habetur.

432 4893 458 4919 α
490 4869 835 4943 Sepulcrum
868 4874 1075 4941 patens
1105 4872 1192 4924 est
1220 4872 1423 4941 guttur
1451 4883 1674 4924 eorum.
1699 4889 1727 4918 »
1785 4868 1890 4923 Per
1919 4885 2008 4925 se-

432 4998 447 5030 ί
497 4994 692 5050 Placet
750 5010 905 5049 nunc
962 5009 1140 5048 verun
1200 4991 1402 5046 audire
1468 4991 1883 5063 Hieronymum
1946 4991 2003 5045 in

359 5067 696 5123 Praefatione
753 5065 886 5121 libri
916 5082 1008 5119 xvr
1062 5063 1623 5119 Commentariorum
1655 5063 1714 5118 in
1745 5064 1956 5118 Isaiam
1984 5080 1996 5118 :

360 5161 387 5188 «
422 5139 604 5209 Sicut,
638 5137 850 5209 inquit,
885 5136 1254 5209 omnis_pene
1303 5135 1374 5188 ad
1428 5134 1717 5209 Romanos
1748 5133 2004 5209 Epistola

358 5210 428 5265 de
458 5208 651 5264 Veteri
686 5205 905 5264 structa
954 5213 1044 5263 est
1082 5205 1496 5272 Instrumento,
1553 5205 1636 5259 sic
1665 5210 1724 5260 et
1753 5205 1860 5261 hoc
1920 5209 2001 5260 te-

362 5281 705 5337 stimonium
767 5279 836 5333 de
895 5278 1163 5349 Psalmis,
1222 5282 1281 5333 et
1339 5276 1496 5349 Isaiae
1528 5280 1859 5331 contextum
1892 5281 2001 5331 cst.

363 5352 511 5408 Nam
569 5353 684 5406 duo
715 5350 889 5419 primi
919 5366 1122 5406 versus
1147 5348 1160 5405 :
1206 5348 1527 5419 Sepulcrum
1552 5354 1747 5418 patens
1776 5357 1852 5402 est
1880 5356 2005 5419 gut-

361 5428 447 5479 tus
477 5440 685 5489 eorum,
715 5418 928 5490 linguis
971 5424 1086 5477 suis
1113 5418 1297 5476 dolose
1324 5420 1574 5490 agebant,
1609 5419 1801 5490 quinti
1852 5418 2006 5489 psal-

363 5495 441 5571 mi
475 5495 645 5563 (Ver-3.
709 5499 961 5571 Insunt.
1016 5492 1418 5571 l_ll_ud__autem
1477 5490 1631 5571 quod
1691 5490 2006 5571 sequitur:

370 5560 639 5623 Venenum
670 5563 919 5635 aspidum
950 5563 1048 5618 sub
1076 5562 1246 5635 labiis
1274 5560 1812 5635 eorumJ’centesimi
1843 5560 2015 5635 trice-

368 5638 501 5694 simi
560 5636 698 5691 noni
730 5632 967 5706 ’psalmi
1028 5639 1117 5688 est
1146 5633 1292 5706 (Vere
1341 5634 1416 5701 4).
1453 5633 1826 5706 Rursumque
1858 5632 2010 5706 quod

370 5709 619 5764 dicitur:
684 5703 927 5774 Quorum
1007 5722 1063 5760 os
1114 5704 1496 5759 maledictione
1535 5712 1585 5758 et
1638 5703 2014 5759 amaritudine

368 5783 716 5852 plenulnest,
765 5780 834 5833 de
868 5794 1020 5832 nono
1049 5775 1295 5852 psalmo
1338 5780 1668 5852 s_umptum_
1691 5780 1799 5830 est.
1814 5776 2012 5852 __(l_’ers.

374 5845 489 5924 '29).
520 5850 661 5907 Tres
689 5855 886 5906 autem
916 5845 1206 5919 versiCuli,
1265 5845 1368 5919 qui
1421 5845 1781 5920 sequuntur:
1814 5847 2018 5905 Veloces

2169 3554 2197 3583 «
2228 3533 2430 3588 Nonne
2460 3539 2813 3605 cognoscent
2831 3551 3036 3589 omnes
3059 3534 3157 3605 qui
3181 3539 3495 3605 operantur
3524 3533 3735 3605 iniqui-

2098 3626 2336 3687 tatem,»
2368 3626 2672 3677 venturam
2707 3623 2988 3678 ultionem
3012 3622 3039 3677 ?
3061 3629 3140 3677 Ac
3162 3622 3210 3678 si
3242 3622 3397 3678 dicat
3425 3640 3437 3677 :
3470 3622 3530 3678 Si
3563 3622 3737 3677 modo

2101 3728 2212 3765 non
2245 3715 2623 3782 cognoscunt,
2646 3719 2997 3783 cognoscent
3028 3711 3083 3766 in
3107 3711 3331 3782 judicio
3353 3712 3587 3783 quando
3610 3728 3739 3766 ven-

2099 3806 2267 3855 turus
2299 3805 2406 3855 est.
2445 3801 2583 3865 cQui
2606 3801 2884 3856 devorant
2906 3800 3132 3873 plebem
3164 3818 3353 3857 meam
3372 3802 3525 3856 sicut
3545 3800 3742 3856 cibum

2103 3891 2309 3961 panis;
2372 3911 2399 3938 η
2448 3889 2701 3944 haeretici
2758 3889 3041 3961 papulum
3102 3889 3523 3946 Christianum.
3584 3890 3747 3945 Sicut

2102 3979 2270 4050 panis
2303 3980 2358 4033 in
2391 3994 2594 4033 omnes
2625 3978 2787 4034 cibos
2818 3979 3019 4047 currit,
3071 3979 3195 4034 sine
3234 3978 3362 4049 ipso
3393 3979 3596 4033 satiari
3628 3994 3745 4032 non

2103 4072 2310 4139 potest,
2361 4068 2459 4122 sed
2513 4083 2648 4122 cum
2698 4066 2973 4122 omnibus
3017 4067 3164 4122 cibis
3202 4067 3494 4122 sumitur:
3547 4067 3631 4120 sic
3689 4070 3747 4121 et

2104 4155 2354 4210 hazretici
2414 4171 2716 4225 nunquam
2772 4155 3066 4210 satiantur
3118 4154 3531 4225 iniquitatibus
3588 4154 3742 4224 suis,

2102 4242 2212 4299 nisi
2256 4243 2326 4298 de
2358 4242 2522 4313 plebe
2579 4242 2701 4306 Dei,
2736 4242 2818 4296 vel
2873 4243 2945 4298 de
2985 4242 3263 4309 Ecclesia,
3292 4258 3443 4313 quos
3493 4246 3745 4314 possunt

2103 4348 2306 4405 capere
2366 4331 2502 4387 inde
2557 4332 2872 4387 satiantur.
2928 4332 3034 4397 Qui
3100 4351 3123 4379 ε
3182 4332 3461 4387 devorant
3519 4331 3747 4403 plebem

2110 4438 2301 4489 suam,
2324 4440 2351 4473 ι
2381 4420 2662 4493 populum
2694 4418 3182 4488 ecclesiasticum,
3211 4440 3232 4468 ιι
3262 4420 3415 4475 sicut
3438 4419 3633 4475 cibum
3656 4436 3752 4491 pa-

2110 4511 2238 4578 nis;
2279 4531 2307 4561 »
2345 4509 2483 4581 quia
2530 4526 2645 4564 non
2688 4515 2778 4565 est
2806 4509 2973 4580 panis
3004 4509 3189 4575 vivus,
3236 4509 3349 4565 nisi
3380 4509 3480 4581 qui
3511 4510 3582 4564 de
3613 4510 3752 4564 ccelo

2109 4599 2408 4655 descendit
2456 4600 2632 4667 (Joan.
2682 4616 2759 4668 v1,
2808 4600 2900 4669 51)
2931 4622 2959 4648 ‹‹
2993 4599 3308 4655 Dominum
3358 4615 3473 4654 non
3523 4600 3756 4654 invoca-

2111 4691 2336 4743 verunt.
2369 4710 2395 4736 ››
2444 4688 2503 4743 Si
2537 4686 2691 4742 enim
2744 4687 3130 4755 invocassent,
3184 4688 3327 4744 salvi
3375 4689 3578 4761 utique
3623 4688 3759 4743 fuis-

2039 4802 2083 4865 Ι)
2116 4781 2280 4832 sent.
2334 4775 2538 4831 Aliter:
2578 4770 2784 4830 'Deum
2843 4792 2956 4831 non
3032 4776 3478 4834 invocaverunt.
3528 4776 3760 4843 Quare?

2119 4866 2265 4931 Quia
2321 4864 2491 4920 multi
2540 4864 2830 4931 invocant,
2877 4867 2978 4921 sed
3020 4883 3136 4921 non
3196 4871 3402 4933 Deum,
3452 4867 3551 4923 sed
3585 4866 3758 4922 aliam

2113 4991 2282 5063 pedes
2335 5006 2555 5063 eorum,
2597 5006 2804 5061 usque,
2848 4990 2994 5045 viam
3037 4994 3189 5062 pacis
3218 5008 3325 5047 non
3374 4993 3761 5063 cognoverunt,

2117 5061 2171 5117 iu
2219 5062 2367 5118 Isaia
2399 5061 2683 5133 propheta
2706 5063 2887 5133 reperi
2912 5061 3048 5125 (lsa.
3075 5080 3183 5127 le,
3208 5064 3263 5128 7,
3285 5064 3362 5131 8),
3391 5084 3417 5110 »
3440 5061 3551 5115 etc.
3585 5062 3760 5133 Porro

2117 5140 2177 5188 ut
2210 5135 2267 5188 in
2320 5131 2612 5205 psalmum
2645 5131 2935 5205 decimum
2987 5134 3223 5189 tertium
3258 5151 3373 5188 una
3412 5148 3616 5187 omnes
3646 5131 3759 5185 im-

2120 5204 2492 5277 portarentur
2522 5204 2578 5258 in
2612 5210 2799 5260 vetere
2822 5204 3030 5261 Latina
3048 5205 3553 5277 interpretatione,
3576 5217 3759 5273 eoque

2116 5274 2394 5349 magisin
2447 5275 2987 5349 Graecumgtexitum
3026 5276 3097 5349 in
3148 5274 3534 5349 Alexandrino
3566 5288 3757 5349 exem-

2118 5344 2283 5419 plari,
2318 5347 2460 5402 illud
2493 5346 2688 5419 ipsum
2721 5346 2882 5402 Pauli
2905 5347 3306 5403 testimonium
3328 5346 3385 5400 in
3419 5361 3595 5400 causa
3625 5344 3755 5398 fuit.

2119 5421 2269 5490 quod
2307 5425 2510 5491 praeter
2564 5419 2843 5491 Appstoli,
2884 5419 3264 5491 intentionem
3313 5422 3618 5487 acceptum
3650 5421 3757 5491 est,

2122 5487 2185 5546 ut
2218 5508 2284 5546 ex
2308 5487 2517 5546 eodem
2541 5487 2768 5561 psalmo
2801 5490 3017 5561 singuli
3048 5505 3247 5544 versus
3278 5492 3625 5561 putarentur
3652 5487 3758 5561 de-
3837 5534 3843 5541 .

2123 5562 2299 5618 sumi.
2335 5557 2615 5617 Postremi
2659 5566 2775 5616 tres
2806 5557 3096 5615 habentur
3142 5557 3316 5613 etiam
3352 5559 3409 5612 in
3440 5557 3766 5614 Proverbiis

2125 5652 2163 5695 1,
2202 5635 2283 5699 16,
2320 5633 2472 5705 quod
2508 5633 2890 5703 Hieronymus
2937 5630 3304 5705 dissimulat;
3357 5646 3556 5705 verum
3592 5630 3765 5705 mini:

2128 5723 2217 5759 me
2251 5701 2506 5760 invenire
2537 5711 2623 5757 est
2654 5701 2789 5774 quid
2818 5701 3006 5756 simile
3035 5704 3089 5775 in
3127 5702 3588 5773 Deuteronomio,
3612 5702 3767 5775 quod

2125 5777 2223 5832 hic
2250 5773 2899 5845 Pseudo-Hieronymus
2929 5773 3127 5828 tradit.
