4220 6638
559 518 677 581 903

2047 512 2466 574 APPENDIX.

3838 516 3957 577 904

558 668 680 708 rem
712 667 890 723 quam
920 648 1253 705 desiderant
1282 646 1497 703 habere
1527 664 1629 719 pro
1678 651 1810 716 Deo,
1852 663 1968 702 non
2000 646 2193 717 ipsum
2227 655 2277 718 Α
2381 646 2665 723 Quoniam
2699 662 2833 717 ergo
2874 649 3082 718 quarta
3138 645 3363 723 decima
3417 645 3511 700 die
3541 645 3954 723 immolandas

558 742 765 797 Deum.

634 850 658 878 ι
691 829 813 884 Illic
843 827 1275 898 trepidaverunt
1298 825 1525 893 timore,
1550 825 1644 879 ubi
1671 841 1785 879 non
1815 828 1938 879 erat
1969 823 2195 878 timor.»

556 921 625 975 Et
652 922 856 991 gentes
877 932 1016 971 suos
1037 915 1246 970 timent
1267 914 1425 982 deos,
1444 918 1499 968 et
1520 912 1679 984 ipsos
1702 917 1964 983 potentes
1983 912 2013 966 J
2026 912 2192 978 udazi,

555 1007 788 1079 quando
837 1006 908 1059 de
960 1003 1187 1058 Christo
1240 1002 1538 1079 dixerunt:
1594 1002 1656 1055 Si
1711 1001 2042 1055 dimittimus
2071 1017 2195 1054 eum

552 1077 750 1163 uiuere,
786 1095 1008 1149 venient
1052 1093 1301 1158 Romani,
1346 1094 1397 1144 et
1438 1077 1626 1145 tollent
1673 1098 1916 1143 nostrum
1964 1105 2195 1157 regnum

550 1194 604 1241 et
629 1193 842 1253 gentem
872 1184 1053 1252 (Joan.
1088 1197 1166 1249 v1,
1201 1181 1308 1249 48).
1334 1202 1360 1227 ‹‹
1386 1177 1473 1232 llli
1498 1178 1940 1247 trapidaverunt
1961 1176 2189 1246 timore,

552 1273 652 1328 ubi
704 1288 817 1327 non
850 1275 974 1325 erat
1022 1268 1214 1323 timor.
1251 1290 1278 1315 ››
1338 1268 1400 1321 In
1462 1266 1633 1321 idolis
1692 1267 1891 1337 utique
1941 1270 1999 1321 et
2027 1266 2193 1320 vanis

550 1359 1000 1416 simulacrorum
1033 1357 1263 1411 ritibus.

552 1485 566 1497 .
620 1473 645 1499 ‹‹
690 1448 975 1515 Quoniam
1019 1444 1303 1501 Dominus
1346 1444 1403 1497 in
1436 1444 1803 1516 generatione
1830 1444 1988 1513 justa
2019 1447 2125 1497 est.
2162 1464 2189 1491 ››

547 1540 607 1595 In
642 1538 853 1610 populo
898 1534 1246 1591 Christiano.
1300 1534 1367 1587 Et
1404 1534 1457 1586 in
1507 1532 1723 1587 Judaais
1756 1532 1900 1586 fuit:
1939 1530 2078 1601 quia
2123 1548 2191 1585 ex

545 1626 691 1700 ipsis
722 1640 954 1682 carnem
998 1622 1272 1694 sumpsit.
1309 1644 1337 1670 ‹‹
1370 1620 1691 1675 Consilium
1743 1620 1935 1690 inepis
1985 1620 2187 1673 confu-

546 1715 735 1771 distis.
769 1734 795 1765 n
832 1710 1132 1767 Christum
1192 1709 1374 1765 Judaei
1430 1709 1663 1763 credere
1694 1707 2043 1763 noluerunt:
2080 1707 2188 1762 hoc

543 1808 652 1873 est,
686 1803 758 1859 de
787 1800 1037 1857 adventu
1089 1798 1432 1871 mysterium:
1466 1796 1883 1853 incarnationis
1913 1797 2041 1866 ejus
2074 1813 2189 1851 cre-
2232 1866 2240 1872 ι

543 1892 679 1948 dere
750 1888 1087 1945 noluerunt.
1150 1888 1323 1958 Inops
1370 1885 1585 1941 dicitur
1639 1884 1924 1951 Christus,
1988 1891 2050 1939 ut
2106 1886 2188 1940 ait

543 1978 798 2036 Paulus:
846 1979 989 2046 Quia
1020 1993 1145 2031 cum
1194 1977 1344 2031 diues
1387 1984 1542 2038 esset,
1592 1976 1747 2045 inaps
1778 1976 1954 2044 factus
2000 1978 2099 2041 est,
2129 1980 2189 2028 ut
2215 2024 2261 2046 η
2293 1980 2538 2035 viventis
2604 1982 2703 2035 Dei

2214 2024 2262 2088 B

544 2069 701 2125 illius
747 2068 937 2138 inopia
988 2082 1087 2121 nos
1133 2064 1333 2121 divites
1380 2067 1584 2135 faceret
1642 2064 1715 2134 (II
1770 2062 1890 2119 Cor.
1948 2056 2069 2130 vni,
2102 2061 2179 2132 9).

546 2180 574 2209 ι(
605 2156 927 2214 Consilium
977 2154 1170 2227 inopis
1228 2152 1614 2221 confudistis;
1650 2175 1677 2202 »
1707 2152 1762 2207 id
1795 2157 1903 2219 est,
1936 2151 2179 2207 Christi:

541 2265 658 2304 non
688 2245 1079 2319 intelligentes
1109 2262 1243 2302 eum
1277 2262 1309 2300 a
1342 2245 1452 2299 Deo
1485 2244 1838 2315 processisse
1869 2258 2002 2297 cum
2036 2259 2178 2312 pra:-

538 2338 701 2393 beret
733 2335 1065 2402 consilium,
1092 2334 1327 2390 dicens:
1361 2332 1761 2388 Paenitentiam
1795 2332 1965 2403 agite.
2008 2330 2182 2395 uQuia

537 2425 826 2482 Dominus
874 2441 1007 2495 spes
1056 2424 1184 2495 ejus
1233 2428 1340 2479 est.
1376 2446 1404 2472 »
1454 2423 1620 2477 Pater
1671 2423 1893 2493 utique,
1946 2425 2179 2492 propter

536 2518 903 2587 assumptam
954 2530 1227 2569 carnem:
1271 2511 1408 2584 quia
1461 2511 1798 2567 humanitas
1854 2511 2182 2565 confortata

536 2609 625 2661 est
654 2622 688 2658 a
719 2602 1039 2659 divinitate.

603 2714 629 2746 ιο
667 2693 807 2757 Quis
865 2692 1028 2748 dabit
1083 2708 1153 2748 ex
1205 2692 1340 2747 Sicn
1402 2690 1657 2745 salutare
1716 2688 1936 2745 Israel?
1970 2710 1995 2735 n
2037 2687 2179 2752 Quis

534 2783 645 2839 nisi
677 2783 830 2838 Deus
870 2782 970 2853 qui
1028 2784 1117 2837 est
1166 2781 1222 2835 in
1255 2781 1436 2835 Sion?
1467 2778 1568 2833 Ille
1600 2778 1760 2833 dedit
1795 2777 2070 2841 salutem,
2100 2775 2179 2845 ip-

532 2889 664 2927 sum
695 2871 991 2927 Christum
1024 2870 1081 2924 in
1130 2868 1390 2924 Ecclesia
1447 2872 1665 2922 sancta.
1728 2864 1939 2919 Aliter:
1979 2887 2005 2913 ‹‹
2038 2864 2178 2927 Quis

535 2960 698 3015 dabit
743 2976 812 3015 ex
842 2959 979 3014 Sion
1024 2958 1279 3014 salutare
1328 2956 1551 3012 Israel?
1583 2979 1611 3007 »
1671 2954 1941 3011 Christus
1988 2952 2179 3008 Domi-

537 3065 668 3114 nus,
710 3063 885 3118 quem
940 3046 1302 3101 habitatores
1353 3044 1511 3098 illius
1570 3048 1810 3098 terrena:
1861 3035 2003 3096 Sion
2061 3059 2175 3095 non

536 3134 925 3191 crediderunt.
960 3155 987 3184 ‹‹
1020 3134 1170 3189 Dum
1192 3133 1461 3188 averterit
1483 3131 1763 3185 Dominus
1785 3128 2176 3201 captivitatem

537 3224 721 3296 plebis
766 3241 904 3279 ante.
953 3242 977 3273 ιι
1009 3227 1137 3280 Jam
1191 3219 1475 3292 redempti
1507 3236 1715 3275 sumus
1759 3219 1829 3273 de
1859 3217 1957 3272 illa
2002 3214 2178 3289 capti-

532 3314 705 3370 vitate
756 3310 1264 3384 transgressionis,
1319 3311 1418 3366 sed
1478 3309 1670 3365 adhuc
1729 3308 1785 3362 in
1845 3307 2176 3379 captivitate

2380 725 2467 842 pst
2493 719 2655 842 vobits
2700 717 2908 789 agnus,
2961 734 3113 771 nunc
3148 718 3429 789 propheta
3477 717 3740 788 miratur,
3779 726 3835 774 et
3864 719 3953 775 in-

2407 806 2610 842 erroaa
2661 806 2672 842 :

2407 806 2635 859 errogai
2661 806 2672 842 :

2382 912 2704 979 «Domine,
2740 912 2870 983 quis
2926 912 3211 966 habitabit
3268 913 3324 967 in
3386 914 3758 970 tabernaculo
3801 917 3952 971 tuo?

2306 1000 2420 1055 Vos
2450 1001 2549 1070 qui
2580 1001 2754 1055 vultis
2785 1000 3046 1055 habitare
3078 1002 3136 1054 in
3160 1002 3531 1057 tabernaculo
3562 1003 3812 1070 Domini,
3847 1022 3951 1060 au~

2310 1089 2425 1143 dite
2457 1106 2581 1159 qua:
2617 1089 2753 1143 dicit
2782 1090 3101 1144 Dominus:
3141 1112 3166 1137 ‹‹
3200 1090 3462 1157 Domine,
3493 1091 3625 1161 quis
3658 1093 3952 1148 habitabit

2310 1178 2366 1232 in
2398 1178 2773 1233 tabernaculo
2805 1184 2903 1233 tuo
2934 1180 2993 1230 1’»
3026 1178 3489 1233 'l‘abcrnaculum
3522 1180 3615 1234 hic
3647 1198 3749 1252 pro
3777 1187 3951 1237 aeter-

2306 1268 2484 1322 nitate
2529 1268 2869 1338 accipimus,
2905 1269 3172 1339 quamvis
3203 1268 3259 1321 in
3295 1269 3421 1322 aliis
3454 1267 3618 1323 lociis
3649 1288 3822 1341 opere
3852 1271 3941 1326 in-

2305 1356 2638 1427 telligatur:
2674 1358 2811 1427 quia
2841 1357 2935 1411 hic
2968 1358 3024 1410 in
3058 1357 3434 1411 tabernaculo
3466 1360 3757 1429 praesenti,
3790 1360 3944 1431 quod

2304 1452 2393 1500 est
2450 1446 2725 1511 Ecclesia,
2762 1445 2929 1500 multi
2959 1446 3225 1500 habitant
3255 1462 3493 1516 corpore
3540 1452 3595 1500 et
3642 1464 3755 1502 non
3790 1449 3941 1505 ﬁde:

2302 1534 2440 1605 quia
2482 1535 2574 1589 hic
2605 1536 2744 1589 dum
2793 1535 3092 1590 inferiores
3124 1552 3351 1603 sanius,
3388 1536 3555 1605 quasi
3588 1537 3647 1589 in
3679 1537 3944 1593 taberna-

2302 1624 2429 1679 culo
2461 1624 2859 1691 consistimus,
2891 1641 3195 1695 usquequo
3253 1629 3381 1694 post
3411 1624 3713 1679 victoriam
3747 1625 3802 1679 in
3834 1626 3935 1681 do-

2302 1731 2463 1767 mum
2515 1714 2901 1784 perveniatur.
2933 1712 3144 1767 Aliter:
3199 1738 3223 1760 ‹‹
3265 1713 3520 1779 Domine,
3555 1714 3684 1782 quis
3715 1714 3938 1769 habita-

2300 1804 2386 1857 bit
2433 1803 2488 1857 in
2544 1801 2916 1857 tabernaculo
2948 1802 3093 1856 tuo?
3127 1825 3153 1851 ››
3212 1802 3375 1867 Quis,
3408 1802 3619 1872 inquit,
3666 1807 3935 1859 terrenus

2298 1892 2509 1963 poterit
2538 1891 2821 1962 templum
2856 1891 2956 1945 Dei
2986 1891 3157 1955 effici,
3203 1895 3259 1944 et
3304 1890 3567 1945 habitare
3601 1891 3657 1945 in
3710 1891 3937 1948 civitate

2752 1981 2935 2051 (Hebr.
2996 1997 3094 2045 xu,
3144 1978 3281 2050 22)?
3331 1980 3410 2035 De
3457 1996 3572 2050 qua
3632 1981 3936 2052 Apostolus

2295 2070 2481 2123 multa
2512 2070 2789 2140 loquitur.
2827 2092 2851 2117 ‹‹
2901 2072 3014 2123 Aut
3068 2068 3200 2139 quis
3259 2068 3581 2139 requiescet
3630 2072 3688 2124 in
3740 2076 3936 2126 monte

2292 2165 2493 2213 sancto
2525 2159 2661 2213 tuo?
2685 2183 2711 2208 ››
2744 2160 2905 2225 Quis,
2941 2158 3039 2227 ait,
3073 2158 3287 2228 dignus
3320 2158 3431 2212 erit
3462 2159 3777 2215 conformis
3810 2160 3933 2215 fieri

2293 2248 2533 2321 imagini
2587 2248 2711 2302 Filii
2751 2247 2849 2302 Dei
2885 2250 3055 2317 (Item.
3092 2264 3208 2315 vui,
3240 2250 3352 2313 29),
3415 2248 3513 2318 qui
3564 2265 3712 2319 saepe
3763 2265 3932 2304 mons

2290 2337 2542 2392 dicitur?
2577 2338 2673 2391 llic
2702 2336 2853 2407 lapis
2883 2337 3112 2391 excisus
3142 2337 3210 2390 de
3246 2340 3439 2390 monte
3480 2336 3604 2391 sine
3637 2338 3934 2395 manibus.

2291 2427 2384 2482 hic
2418 2428 2603 2482 tactus
2630 2431 2717 2481 est
2748 2443 2914 2481 mons
2947 2442 3215 2496 magnus,
3248 2424 3340 2478 hic
3372 2425 3631 2496 implevit
3669 2425 3927 2482 latitudi-
3968 2426 3973 2431 “

2291 2534 2421 2571 nem
2466 2516 2622 2570 orbis
2680 2520 2845 2570 terrae
2894 2516 3053 2583 (Dan.
3092 2532 3149 2584 u,
3182 2515 3271 2580 34,
3304 2514 3417 2583 35),
3462 2514 3518 2567 in
3560 2514 3667 2569 hoc
3700 2521 3932 2570 sancto-

2292 2623 2418 2660 rum
2444 2605 2651 2660 animai
2674 2604 3067 2675 requiescunt.
3104 2605 3164 2657 In
3197 2602 3302 2656 hoc
3335 2618 3469 2674 ergo
3494 2602 3692 2657 nullus
3723 2604 3933 2675 accipit

2288 2694 2569 2766 requiem,
2606 2694 2718 2747 nisi
2752 2694 2850 2763 qui
2900 2692 3223 2763 ingreditur
3254 2692 3377 2772 sine
3412 2692 3658 2757 macula,
3693 2698 3750 2747 et
3792 2709 3934 2764 ope-

2292 2784 2765 2853 ratnrjustitiam
2796 2800 2807 2837 :
2842 2783 2943 2852 qui
2989 2780 3272 2835 immunis
3324 2785 3414 2835 est
3463 2782 3535 2835 ab
3592 2782 3749 2836 omni
3806 2781 3934 2837 labe

2291 2873 2529 2943 peccati,
2564 2878 2617 2926 ct
2645 2876 2930 2942 praecepta
2960 2871 3057 2924 Dei
3109 2870 3521 2925 inviolabiliter
3568 2872 3929 2927 custodierit.

2288 2962 2505 3016 Aliter:
2533 2963 2678 3015 «Aut
2708 2960 2841 3031 quis
2872 2959 3195 3029 requiescet
3222 2959 3275 3011 in
3310 2964 3507 3013 monte
3538 2964 3736 3014 sancto
3770 2959 3930 3013 tuo?»

2288 3052 2411 3106 Non
2442 3049 2603 3121 prius
2653 3050 2711 3103 in
2746 3055 2959 3117 monte,
2994 3054 3049 3103 et
3082 3052 3280 3119 postea
3311 3047 3365 3100 in
3401 3048 3794 3114 tabernaculo,
3830 3049 3929 3103 sed

2288 3141 2451 3213 prius
2483 3142 2540 3193 in
2574 3136 2968 3205 tabernaculo,
3004 3143 3059 3191 et
3088 3136 3170 3191 ita
3204 3137 3257 3189 in
3294 3141 3508 3190 monte.
3558 3138 3927 3192 Tabernacu-

2288 3230 2408 3284 lum
2443 3246 2558 3284 non
2588 3234 2676 3283 est
2701 3229 2870 3282 firma
2891 3227 3123 3295 domus,
3148 3225 3589 3280 tabernaculum
3615 3242 3728 3280 non
3751 3226 3930 3281 habet

2288 3320 2733 3374 fundamentum
2761 3335 2773 3372 :
2810 3317 2909 3371 sed
2944 3316 3057 3370 huc
3089 3314 3342 3385 illucque
3376 3319 3655 3384 mutatur,
3706 3321 3762 3369 et
3790 3331 3924 3369 cum

529 3404 658 3459 vitae
692 3403 863 3459 istius
894 3418 1121 3457 sumus.
1157 3404 1221 3455 Et
1252 3400 1455 3456 aliter:
1490 3400 1569 3455 De
1604 3402 1762 3470 parte
1804 3397 2173 3469 Judzeorum;
2207 3397 2248 3464 C
2286 3409 2743 3479 transmigrante
2774 3406 2985 3477 migrat
3009 3423 3020 3461 :
3047 3405 3186 3476 quia
3215 3403 3796 3459 tabernaculuminon
3828 3403 3929 3458 ha-

530 3493 684 3563 quod
712 3492 839 3565 ipsa
893 3496 1186 3547 avertatur
1237 3491 1306 3545 de
1361 3488 1689 3561 captivitate
1748 3492 2008 3557 tempore
2040 3486 2173 3541 Elite

528 3586 586 3637 et
660 3580 876 3642 Enoch,
958 3583 1024 3633 ut
1087 3576 1304 3633 Paulus
1376 3576 1557 3631 dixit:
1629 3574 1765 3630 Cum
1833 3573 2175 3641 plenitudine

525 3670 774 3737 gentium
800 3667 1213 3734 subintraverit,
1245 3670 1380 3719 tunc
1430 3664 1610 3719 omnis
1650 3663 1819 3718 Israel
1867 3662 2051 3715 salvus
2080 3660 2174 3728 ﬁet

456 3790 463 3797 -
528 3757 699 3824 (Rom.
734 3772 811 3821 x1,
842 3756 933 3824 25,
964 3755 1077 3824 26).
1140 3753 1348 3807 Aliter:
1409 3752 1559 3805 Dum
1618 3753 1839 3804 avertet
1885 3749 2172 3803 Dominus

527 3843 920 3916 captivitatem
952 3842 1139 3913 plebis
1183 3857 1301 3895 sua:
1353 3856 1453 3910 per
1486 3838 1780 3909 propriam
1816 3836 2169 3907 passionem.

529 3956 555 3984 (ι
591 3934 843 3988 Laetetur
873 3931 1074 3997 Jacob,
1106 3935 1165 3985 et
1206 3927 1453 3985 exsultet
1485 3925 1677 3981 lsrael.
1717 3948 1738 3974 ιο
1774 3931 1903 3996 Ipse
1935 3930 2023 3979 est
2070 3925 2170 3978 Ja-

528 4022 632 4077 cob
664 4021 764 4092 qui
812 4026 901 4076 est
933 4019 1145 4075 Israel:
1203 4018 1304 4074 sed
1337 4017 1430 4073 hic
1484 4017 1685 4085 Jacob,
1717 4019 1774 4070 et
1822 4013 1939 4069 illic
1971 4013 2168 4069 Israel.

526 4111 632 4165 Hic
661 4109 1042 4182 supplantator
1077 4109 1370 4175 vitiorum,
1423 4111 1482 4162 at
1512 4104 1630 4161 illic
1668 4104 1857 4159 videns
1886 4105 2054 4158 Deum
2087 4103 2168 4157 fa-

527 4199 613 4255 cie
642 4199 713 4254 ad
746 4199 984 4255 faciem:
1007 4198 1239 4271 quando
1269 4198 1378 4254 erit
1402 4198 1548 4252 Deus
1576 4194 1774 4250 omnia
1803 4194 1861 4248 in
1896 4192 2168 4248 omnibus

525 4289 569 4359 (I
599 4288 722 4344 Cor.
777 4305 864 4355 xv,
896 4288 1015 4343 ‘28:
1080 4288 1202 4358 qui,
1252 4285 1468 4342 relictis
1517 4282 1915 4351 saecularibus,
1975 4285 2169 4337 mente

524 4378 840 4434 Dominum
870 4379 1196 4433 contuetur.
1230 4375 1335 4441 Qui
1370 4374 1539 4429 nobis
1567 4372 1824 4427 tribuere
1856 4371 2125 4440 dignetur
2151 4387 2165 4426 :

524 4472 589 4523 ut
618 4484 724 4523 nos
754 4470 883 4522 actu
909 4466 1089 4521 Jacob
1119 4464 1327 4531 eﬂ‘ecti,
1349 4460 1739 4534 supplantatis
1770 4459 1923 4514 vitiis
1954 4464 2009 4514 et
2037 4476 2167 4515 vere

525 4555 816 4626 lsraelitaa,
852 4555 1047 4626 ipsum
1098 4558 1291 4609 mente
1340 4553 1554 4617 videre,
1607 4550 1802 4621 ipsum
1848 4549 2019 4603 corde
2077 4553 2163 4603 te-

524 4660 659 4699 nere
683 4660 1031 4714 mereamur,
1054 4643 1148 4699 cui
1177 4647 1267 4699 est
1292 4658 1424 4698 cum
1448 4645 1660 4695 aeterno
1681 4640 1848 4693 Patre
1869 4644 1924 4693 et
1944 4638 2163 4710 Spiritu

2286 3498 2381 3553 bet
2413 3499 2879 3561 fundamentum,
2924 3494 3023 3549 sed
3058 3500 3144 3549 est
3172 3494 3385 3547 domus
3415 3494 3671 3547 incerta:
3714 3493 3928 3547 domus

2284 3590 2479 3641 autem
2539 3587 2709 3641 firma
2759 3585 2935 3640 habet
2986 3584 3382 3637 fundamenta.
3437 3582 3603 3635 Mons
3651 3597 3752 3652 pro
3809 3581 3928 3636 vita
4010 3606 4029 3619 ι

2284 3684 2497 3730 aeterna
2530 3676 2784 3746 ponitur.

2357 3780 2522 3845 «Qui
2568 3779 2895 3849 ingreditur
2943 3777 3069 3831 sine
3118 3774 3367 3829 macula.
3396 3793 3421 3824 ι
3488 3778 3605 3828 Hoc
3649 3777 3755 3841 est,
3797 3773 3924 3829 sine

2286 3866 2629 3922 mortalibus
2661 3865 2935 3937 peccatis,
2998 3863 3133 3933 quia
3190 3862 3314 3917 sine
3374 3862 3617 3915 minutis
3648 3877 3776 3915 esse
3808 3880 3925 3918 non

2287 3973 2619 4027 possumus.
2654 3955 2814 4009 Unde
2845 3952 3093 4008 dicitur:
3129 3952 3188 4006 Si
3217 3952 3452 4005 dicimus
3483 3952 3615 4021 quia
3642 3960 3926 4020 peccatum

2284 4062 2391 4099 non
2422 4045 2704 4109 habemus,
2738 4046 2850 4114 ipse
2878 4058 2974 4096 nos
3002 4041 3334 4107 seducimus,
3360 4050 3409 4095 et
3442 4042 3646 4095 veritas
3681 4042 3737 4093 in
3769 4040 3925 4096 nobis

2280 4151 2387 4189 non
2419 4138 2493 4189 est
2524 4136 2573 4202 (Ι
2598 4136 2754 4189 Joan.
2789 4149 2826 4199 ι,
2858 4132 2931 4201 8).
2976 4129 3074 4183 Vel
3110 4130 3313 4183 aliter:
3352 4152 3379 4178 ‹‹
3440 4130 3547 4193 Qui
3597 4129 3925 4199 ingreditur

2280 4225 2405 4279 sine
2438 4222 2684 4278 macula.
2741 4244 2760 4269 ι)
2792 4220 2993 4273 Videte
3034 4218 3173 4289 quid
3208 4218 3553 4289 prmcipitur.
3590 4217 3712 4272 Non
3744 4216 3918 4272 dixit:

2280 4313 2380 4385 qui
2416 4312 2673 4386 pervenit
2704 4310 2773 4365 ad
2810 4310 2982 4363 finem
3027 4309 3152 4362 sine
3187 4305 3431 4373 macula,
3467 4307 3566 4360 sed
3606 4306 3702 4377 qui
3729 4306 3919 4361 adhuc

2278 4405 2338 4457 in
2371 4402 2573 4457 itinere
2605 4404 2711 4469 est,
2747 4403 2803 4453 et
2861 4397 3149 4452 maculam
3186 4414 3297 4451 non
3349 4396 3540 4451 habet.
3584 4395 3783 4449 Dicere
3814 4394 3919 4449 ali-

2279 4492 2412 4563 quis
2443 4495 2664 4562 potest:
2692 4493 2822 4542 Non
2854 4486 3037 4541 habeo
3073 4486 3382 4551 maculam,
3412 4500 3523 4538 non
3547 4483 3651 4537 feci
3673 4482 3916 4538 malum.

2278 4582 2399 4636 Non
2428 4578 2644 4635 sufficit
2670 4578 2835 4633 nobis
2868 4575 3085 4629 malum
3112 4591 3222 4627 non
3251 4573 3437 4627 facere
3468 4572 3579 4627 nisi
3614 4571 3918 4627 fecerimus

2277 4675 2334 4725 et
2365 4671 2605 4724 bonum.
2646 4666 2900 4736 Denique
2931 4663 3231 4733 sequitur:
3263 4685 3288 4710 α
3337 4662 3404 4715 Et
3446 4666 3720 4731 operatur
3741 4659 3919 4731 justi-

523 4736 725 4788 sancto
756 4732 943 4787 honor
964 4727 1931 4833 “8,13er13,??0‘3Efmcumwm'
1956 4730 2161 4782 Amen'
2197 4769 2242 4833 D
2279 4759 2437 4814 tiam.
2474 4781 2494 4805 ι
2558 4762 2683 4811 Non
2743 4727 2906 4817 disit,
2942 4756 3213 4823 operatur
3263 4727 3617 4812 castitatem,
3650 4727 3922 4821 operatur

1070 4820 1401 4877 PSALMUS
1458 4817 1599 4873 XIV.

523 4911 773 4967 Psalmus
805 4910 1009 4965 David.
1043 4910 1670 4981 Opportuneiquartus
1700 4903 1961 4981 decimus
2011 4902 2161 4981 psal-

597 5000 729 5038 mus
760 4981 945 5037 lectus
971 4975 1161 5046 est,'e't
1193 4975 1514 5035 secundum
1548 4976 1812 5031 ordinem
1846 4975 1925 5029 ita
1950 4975 2163 5039 evenit,

596 5058 661 5109 ut
690 5054 1107 5126 propemodum
1143 5053 1239 5126 de,
1262 5050 1551 5126 industria
1596 5048 1779 5126 lectus
1812 5062 1939 5126 esse
1970 5047 2165 5126 videa-

593 5117 710 5191 tur:
745 5117 1069 5181 secundum
1120 5125 1384 5179 ordinem
1419 5122 1602 5176 lectus
1653 5125 1741 5174 est
1771 5117 2053 5189 psalmus.
2091 5118 2168 5191 Es

596 5190 1029 5269 dispensatione
1084 5195 1177 5250 Dei
1232 5199 1370 5269 puto
1428 5195 1641 5247 factum
1675 5205 1839 5269 esse“:
1897 5194 1956 5269 ut
2012 5190 2164 5269 quod

596 5259 759 5325 vobis
809 5268 1101 5341 proderat,
1136 5271 1199 5341 ut
1230 5259 1432 5341 ordine
1448 5259 2164 5341 exponendihodiereci:

594 5331 834 5395 teretur:
869 5331 1121 5405 Quartus
1145 5338 1406 5393 decimus
1435 5331 1894 5406 psalmuslectus
1927 5335 2032 5396 est,
2066 5331 2165 5401 qui

594 5403 1009 5483 priescribitur.
1061 5411 1317 5465 Psalmus
1357 5403 2037 5483 Dii—viil.-Davidﬁautem‘
2063 5419 2164 5483 no-

596 5472 715 5538 ster
743 5483 1011 5538 Christus
1043 5488 1151 5548 est,
1185 5485 1251 5535 ut
1290 5495 1439 5549 saepe
1470 5477 1744 5549 diximus.
1780 5473 1998 5549 Deinde
2027 5472 2164 5543 legi-

597 5570 730 5608 mus
761 5555 818 5607 in
871 5555 1097 5609 Exodo:
1133 5543 1270 5621 quia
1320 5543 1527 5621 quarta
1583 5547 1809 5621 decima
1856 5543 2165 5621 dieagnus

597 5570 730 5608 mus
761 5571 818 5607 1n
871 5570 1097 5609 ΒιΧοαοί
1176 5570 1270 5607 illa
1320 5570 1527 5621 quarta
1583 5570 1809 5599 ucuuuu
1856 5570 1947 5597 un:
1981 5570 2161 5613 ξιὸυυμ

593 5623 950 5679 immolatur.
978 5570 1179 5694 (ΕΜ)ίῖ
1207 5640 1306 5683 xu,
1331 5623 1403 5690 6).
1439 5622 1653 5683 Quarta
1685 5616 1909 5669 decima
1934 5616 2030 5694 die
2064 5632 2161 5694 ini:

597 5694 868 5757 niolatnr,
903 5686 1136 5765 quando
1174 5697 1305 5747 luna
1368 5686 1535 5763 plena
1591 5694 1713 5765 est,
1755 5688 1986 5765 quando
2020 5686 2163 5739 nihil

596 5766 759 5819 deest
791 5765 859 5819 de
892 5758 1133 5820 lumine.
1168 5758 1534 5833 Videte'crgo
1565 5759 1717 5831 quod
1743 5758 2019 5833 Christus
2052 5776 2166 5833 non

596 5834 956 5905 immolatur,
1016 5835 1131 5893 nisi
1171 5835 1233 5892 in
1290 5829 1544 5907 perfecto
1589 5829 1653 5887 et
1703 5829 1873 5902 pleno
1922 5829 2162 5886 lumine.

2277 4847 2649 4919 sapientiam,
2681 4848 2954 4914 operatur
3000 4840 3423 4895 fortitudinem.
3458 4840 3525 4893 Et
3556 4839 3641 4893 has
3681 4839 3917 4909 quidem

2276 4938 2521 4991 virtutes
2553 4934 2783 5005 optimae
2810 4934 2968 4986 sunt.
2991 4929 3318 4999 Sapientiae
3339 4928 3505 4984 nobis
3524 4928 3779 4999 prodest,
3812 4927 3924 4982 for-

2278 5026 2465 5081 titudo
2498 5023 2667 5077 nobis
2719 5021 2971 5092 prodest,
3020 5023 3086 5072 ut
3126 5018 3627 5087 persecutionibus
3677 5016 3917 5071 resista-

2279 5132 2429 5169 mus.
2468 5113 2682 5167 Deinde
2713 5106 3096 5180 temperantia
3128 5112 3182 5160 ct
3228 5107 3468 5161 castitas
3503 5106 3669 5161 nobis
3721 5122 3916 5161 neces-

2278 5204 2442 5260 saria:
2476 5206 2635 5266 sunt,
2680 5216 2750 5256 ne
2782 5198 3096 5271 perdamus
3127 5196 3352 5251 animas
3404 5202 3650 5251 nostras.
3682 5194 3919 5249 Justitia

2279 5295 2403 5350 sola
2433 5309 2647 5362 magna
2668 5290 2851 5345 virtus
2871 5293 2981 5349 est,
3013 5292 3069 5341 et
3099 5291 3285 5340 mater
3308 5287 3594 5340 omnium.
3629 5284 3793 5339 Dicat
3822 5283 3920 5337 ali-

2279 5385 2449 5456 quis:
2483 5380 2782 5443 Quomodo
2811 5376 3053 5432 Justitia
3093 5376 3278 5444 major
3309 5382 3395 5430 est
3444 5374 3664 5428 caeteris
3696 5372 3919 5426 virtuti-

2278 5475 2388 5527 bus
2410 5472 2436 5525 ?
2465 5476 2687 5524 Caetera:
2718 5468 2962 5520 virtutes
2994 5464 3304 5519 habentem
3340 5465 3660 5517 delectant:
3686 5459 3922 5531 justitia

2278 5579 2392 5616 non
2425 5560 2715 5615 delectant
2738 5555 3070 5620 habentem,
3099 5554 3195 5607 sed
3218 5552 3378 5607 alios.
3415 5553 3470 5606 Si
3506 5550 3737 5622 sapiens
3765 5566 3919 5615 sum,

2278 5650 2561 5720 sapientia
2620 5664 2709 5700 me
2760 5644 3034 5707 delectat;
3096 5644 3141 5695 si
3205 5642 3367 5696 fortis
3428 5658 3579 5699 sum.
3642 5638 3920 5692 fortitudo

2277 5756 2407 5794 mea
2437 5755 2531 5793 me
2557 5735 2842 5798 delectat;
2877 5732 2925 5786 si
2955 5735 3115 5787 fuero
3144 5740 3357 5795 castus,
3392 5731 3632 5783 castitas
3667 5745 3794 5780 mea
3828 5730 3919 5779 la!-

2277 5828 2409 5885 titia
2438 5842 2570 5884 mea
2596 5828 2705 5883 est.
2759 5826 3041 5879 Caeterum
3083 5820 3319 5891 justitia
3369 5835 3483 5873 non
3535 5817 3769 5888 prodest
3819 5815 3919 5870 ha-
