4220 6610
307 463 428 525 905

306 680 477 736 aliter
508 699 522 735 :
560 703 588 731 ‹‹
620 682 687 736 Et
716 685 995 751 operatur
1016 680 1335 750 justitiam,
1372 702 1399 731 »
1443 681 1550 736 hoc
1580 686 1671 737 est
1700 681 1957 737 custodit

312 771 609 836 mandata,
645 774 708 824 ut
760 768 905 823 illud
941 785 953 823 :
1003 771 1068 825 Si
1114 771 1194 824 vis
1243 770 1313 823 ad
1363 772 1529 825 vitam
1560 773 1762 837 venire,
1795 758 1993 826 serva'

308 859 571 914 mandata
602 858 809 929 (Matth.
843 875 955 925 χιχ,
993 859 1099 929 17).

384 970 403 997 α
441 947 547 1011 Qui
579 946 841 1018 loquitur
868 948 1172 1002 veritatem
1214 945 1274 1000 in
1325 946 1497 1001 corde
1544 963 1673 1002 suo.
1709 969 1734 996 >2
1787 946 1955 1001 Multi

305 1035 631 1107 loquuntur
657 1035 961 1090 veritatem
1005 1035 1064 1089 in
1109 1033 1301 1102 labiis,
1338 1036 1438 1090 sed
1485 1052 1599 1090 non
1648 1036 1707 1089 in
1760 1036 1951 1101 corde,

303 1125 403 1195 qui
434 1124 707 1179 videntur
733 1140 872 1179 vera
900 1124 1113 1193 dicere,
1150 1124 1251 1179 sed
1284 1140 1383 1178 cor
1424 1140 1557 1179 cum
1611 1122 1783 1179 labiis
1838 1140 1953 1179 non

1486 456 1980 521 BREVIARIUM
2028 448 2111 519 IN
2154 458 2541 521 PSALMOS.

302 593 602 665 bentibus,
636 594 737 648 sed
768 591 988 647 caeteris
1020 590 1254 647 miseris
1286 608 1403 647 non
1444 592 1819 649 habentibus.
1850 590 1954 647 Vel
1987 584 2046 653 Α

3598 464 3721 524 906

2146 616 2173 643 «
2206 594 2501 649 Timentes
2531 596 2723 648 autem
2754 592 3069 650 Dominum
3116 590 3473 663 magniﬁcat.
3509 613 3539 640 »
3591 592 3709 649 Vox

2066 681 2335 737 Ecclesite
2362 700 2374 737 :
2407 683 2513 746 Qui
2540 683 2751 737 timent
2778 679 3085 737 Dominum
3115 680 3325 735 timore
3354 683 3576 748 sancto,
3604 685 3716 735 Do-

2066 772 2265 826 minus
2296 788 2394 826 eos
2428 772 2782 844 magniﬁcat.
2805 770 2987 826 Aliter
3016 770 3086 825 ad
3117 786 3357 825 sensum
3391 768 3672 825 moralem
3698 786 3712 823 :

2067 882 2096 910 ‹‹
2130 861 2427 917 Timentes
2484 865 2680 916 autem
2743 859 3055 915 Dominum
3114 857 3476 930 magniﬁcat.
3516 879 3545 909 »
3594 857 3716 913 Scit

2065 949 2222 1005 enim
2253 949 2312 1004 in
2354 948 2447 1005 his
2493 948 2756 1003 habitare
2804 948 3010 1015 Deum,
3044 946 3196 1001 sicut
3241 947 3326 1001 ait
3373 946 3660 1002 Dominus
3699 964 3713 1001 :

2066 1038 2174 1101 Qui
2203 1054 2305 1092 vos
2334 1037 2545 1109 diligit,
2579 1053 2674 1092 me
2703 1034 2897 1109 diligit
2935 1037 3087 1105 (Luc.
3118 1052 3175 1108 χ,
3209 1030 3319 1107 16).

2143 1149 2163 1175 ι
2199 1126 2306 1191 Qui
2328 1127 2492 1196 jurat
2520 1125 2781 1197 proximo
2815 1141 2943 1195 suo,
2990 1128 3048 1179 et
3088 1141 3206 1180 non
3251 1123 3487 1199 decipit.
3519 1147 3547 1176 »
3601 1125 3716 1182 Iste

301 1217 599 1269 consonat.
634 1212 816 1268 Aliter
850 1229 863 1266 :
918 1214 1025 1280 Qui
1072 1213 1317 1283 loquitur
1362 1214 1651 1268 veritatem
1693 1213 1753 1268 in
1795 1212 1954 1267 corde
2057 1215 2183 1284 jam
2214 1215 2407 1269 minor
2438 1218 2527 1269 est
2566 1231 2601 1269 a
2638 1213 3009 1285 perfectione,
3041 1216 3098 1269 et
3125 1212 3174 1271 si
3205 1213 3358 1270 bona
3385 1214 3543 1281 facit,
3576 1214 3716 1286 quia

296 1318 416 1371 suo,
449 1307 514 1357 ut
543 1318 678 1357 vera
706 1302 778 1356 de
806 1301 1049 1356 veritate
1079 1301 1310 1373 cogitet,
1345 1302 1445 1371 qui
1492 1306 1581 1356 est
1630 1300 1896 1356 Christus
1935 1316 1947 1354 :

308 1407 412 1446 nec
462 1407 523 1445 se
570 1389 996 1445 assertionibus
1026 1388 1310 1445 haereticis
1343 1389 1605 1455 misceat,
1636 1405 1766 1459 quas
1796 1388 1952 1444 falsae

307 1496 543 1550 semper
572 1478 949 1534 inveniuntur
980 1495 1046 1534 ac
1077 1495 1288 1547 vacuae.
1316 1477 1479 1532 Unde
1509 1476 1726 1532 Paulus
1759 1477 1903 1531 dixit
1937 1493 1949 1531 :

306 1565 478 1620 Corde
524 1565 770 1620 creditur
825 1564 895 1619 ad
943 1566 1264 1634 justitiam;
1312 1580 1403 1618 ore
1449 1568 1639 1618 autem
1684 1564 1954 1634 confessio

307 1654 370 1723 ﬁt
400 1653 473 1709 ad
503 1652 743 1708 salutem
774 1653 949 1725 (Rom.
983 1670 1038 1722 χ,
1074 1653 1181 1724 10).
1237 1675 1263 1702 ‹‹
1295 1652 1401 1716 Qui
1443 1669 1557 1707 non
1590 1651 1708 1724 egit
1752 1651 1953 1706 dolum

307 1742 366 1797 in
399 1742 601 1815 lingua
632 1759 757 1797 sua.
793 1765 812 1789 ι»
850 1742 976 1797 Νοιι
1003 1740 1245 1814 protulit
1277 1740 1476 1796 dolose
1508 1740 1832 1797 doctrinam
1866 1757 1955 1795 ca-

309 1830 589 1886 tholicam
613 1831 684 1885 ad
708 1829 1115 1903 decipiendum
1144 1849 1157 1899 ;
1182 1830 1284 1885 sed
1311 1846 1437 1901 qua
1468 1828 1702 1886 locutus
1723 1834 1811 1884 est
1833 1846 1952 1895 ore,

2063 1310 2122 1357 et
2152 1301 2202 1357 si
2231 1319 2333 1373 pro
2354 1303 2694 1374 juramento
2723 1318 2839 1357 non
2873 1301 3105 1373 decipit,
3139 1306 3335 1358 tamen
3373 1303 3714 1374 vituperan-

2064 1395 2161 1446 tur
2189 1408 2293 1463 pro
2324 1390 2422 1446 illo
2452 1395 2738 1463 praecepto
2771 1406 2886 1462 quo
2918 1390 3134 1445 dicitur
3166 1406 3180 1444 :
3214 1408 3328 1446 non
3355 1391 3557 1463 jurare
3587 1407 3714 1446 om-

2064 1478 2222 1549 nino,
2256 1495 2442 1551 neque
2489 1494 2592 1551 per
2642 1478 2876 1546 coelum,
2927 1494 3115 1549 neque
3165 1495 3269 1552 per
3313 1484 3580 1537 terram:
3634 1480 3714 1535 sit

2065 1572 2262 1623 autem
2294 1583 2486 1623 sermo
2523 1570 2714 1624 vester
2744 1584 2757 1622 :
2814 1568 2937 1634 Est,
2984 1570 3073 1623 est
3104 1583 3118 1623 :
3173 1567 3318 1633 Non,
3351 1584 3466 1625 non
3496 1566 3709 1637 (Matth.

2062 1674 2118 1723 ν,
2150 1657 2361 1727 34-37).
2394 1656 2543 1721 Quia
2568 1655 2687 1711 ista
2715 1655 3009 1711 sententia
3036 1655 3425 1727 perfectorum
3458 1660 3571 1723 est,
3592 1672 3708 1711 non
3794 1686 3806 1693 -

2054 1747 2276 1817 jurare.
2303 1744 2448 1810 Quia
2477 1744 2674 1800 anima
2706 1745 2942 1816 quando
2970 1744 3266 1815 promittit
3297 1745 3393 1799 Dei
3424 1748 3713 1817 pracepta

2065 1834 2378 1900 custodire,
2402 1832 2451 1889 si
2484 1832 2788 1905 proximus
2822 1849 3034 1905 corpus
3065 1837 3154 1889 est
3185 1850 3200 1888 :
3249 1837 3389 1888 tunc
3418 1832 3587 1891 illum
3619 1833 3715 1889 de-

308 1918 620 1992 complevit
650 1935 840 2013 opere:
876 1918 978 1973 Ille
1010 1918 1206 1974 dolose
1237 1917 1371 1989 agit,
1406 1918 1506 1988 qui
1547 1918 1707 2013 aliud
1740 1918 1955 1989 cogitat
1982 1947 2033 2013 Β
2064 1922 2226 1995 cipit,
2256 1923 2308 1979 si
2338 1921 2448 1979 hoc
2492 1922 2650 1994 quod
2696 1921 3003 1994 promittit,
3037 1938 3154 1979 non
3202 1921 3489 1979 observat.
3545 1944 3573 1971 ‹‹
3604 1920 3714 1988 Qui

307 2013 365 2063 et
391 2008 550 2063 aliud
577 2008 719 2062 dicit
743 2026 756 2076 ;
791 2007 945 2062 sicut
967 2008 1255 2079 PrOpheta
1284 2008 1366 2062 ait
1389 2024 1401 2062 :
1437 2007 1673 2063 Prohibe
1701 2008 1954 2077 linguam

304 2100 458 2152 tuam
513 2114 547 2150 a
600 2097 770 2167 malo,
817 2104 869 2151 et
924 2097 1085 2152 labia
1140 2104 1237 2152 tua
1291 2113 1364 2151 ne
1421 2097 1717 2167 loquantur
1769 2096 1955 2152 dolum

310 2186 483 2255 (Psal.
513 2203 709 2255 χχχιιι,
746 2185 855 2255 14).

380 2297 409 2323 α
441 2273 554 2328 Nec
581 2273 718 2329 fecit
745 2272 1008 2346 proximo
1037 2290 1143 2329 suo
1175 2274 1419 2330 malum.
1453 2297 1482 2325 ››
1539 2274 1643 2339 Qui
1675 2274 1812 2329 facit
1842 2273 1950 2330 mi-

307 2362 709 2433 sericordiam,
743 2362 867 2434 ipse
898 2368 987 2418 est
1015 2362 1337 2435 proximus.
1371 2363 1638 2419 Christus
1668 2363 1952 2418 Dominus

309 2451 446 2506 fecit
478 2450 960 2520 misericordiam,
995 2456 1058 2506 ut
1088 2470 1195 2508 nos
1245 2470 1353 2508 sua
1399 2453 1673 2526 passione
1702 2451 1955 2507 redime-

311 2544 399 2595 ret
422 2556 434 2593 :
472 2541 640 2612 cujus
662 2541 988 2596 doctrinam
1013 2540 1214 2597 nullus
1245 2542 1303 2597 in
1336 2541 1555 2596 malum
1576 2544 1782 2609 vertat,
1804 2541 1959 2595 sicut

312 2628 568 2683 haeretici
616 2628 858 2685 faciunt.
913 2630 1221 2685 Proximus
1272 2635 1492 2697 noster,
1541 2620 1733 2686 omnis
1781 2629 1956 2685 homo

311 2717 681 2773 Christianus
713 2722 820 2774 est.
847 2718 995 2786 Quod
1023 2720 1128 2774 tibi
1146 2736 1252 2774 non
1285 2720 1365 2774 vis
1391 2721 1538 2791 ﬁeri,
1559 2720 1664 2774 alii
1689 2735 1759 2774 ne
1785 2720 1957 2790 facias

315 2805 520 2876 (Matth.
557 2824 658 2877 v11,
692 2807 801 2877 12).
858 2807 927 2861 Et
966 2806 1104 2861 alibi
1148 2808 1332 2862 dicit:
1386 2809 1593 2877 Diliges
1639 2809 1961 2879 proximum

236 2932 240 2935 λ
316 2902 469 2949 tuum
496 2896 640 2950 sicut
665 2897 904 2967 teipsum
952 2896 1168 2967 (Matth.
1201 2914 1339 2964 XXII,
1373 2897 1483 2967 39).
1527 2897 1596 2950 Et
1624 2895 1835 2951 iterum
1867 2896 1959 2950 di-

320 2984 397 3038 cit
430 3001 443 3038 :
480 2985 707 3039 Declina
734 3002 769 3039 a
796 2986 962 3055 malo,
987 2990 1037 3039 et
1065 2987 1156 3056 fac
1187 2985 1387 3041 bonum
1417 2986 1586 3057 (Psal.
1616 3001 1814 3051 χχχιιι,
1849 2984 1958 3056 15).

322 3071 568 3136 Quidam
602 3077 810 3145 putant
855 3074 1186 3146 proximum
1235 3090 1363 3130 esse
1402 3074 1664 3141 fratrem,
1694 3077 1796 3129 aut
1822 3072 1963 3128 vici-

322 3177 486 3228 num,
519 3165 620 3217 aut
658 3166 990 3235 cognatum,
1026 3168 1127 3229 aut
1156 3164 1678 3235 consanguineum.
1712 3162 1823 3217 Sed
1854 3162 1962 3217 Do-

323 3250 521 3305 minus
554 3256 750 3306 noster
778 3252 944 3306 docet
992 3252 1051 3306 in
1100 3252 1412 3324 Evangelio
1461 3251 1521 3306 in
1564 3269 1632 3307 ea
1668 3250 1962 3324 parabole,

319 3340 417 3394 ubi
450 3340 690 3411 quidam
734 3340 1036 3395 descendit
1084 3341 1155 3396 de
1197 3322 1521 3397 Jerusalem
1571 3341 1633 3396 in
1670 3322 1909 3396 VJericho
1944 3356 1955 3394 :
1990 3322 2033 3388 C

316 3429 595 3483 Sacerdos
625 3429 916 3494 transivit,
949 3428 1142 3485 Levita
1180 3430 1470 3495 transivit,
1502 3433 1558 3484 et
1589 3445 1703 3483 non
1733 3433 1821 3485 est
1852 3428 1959 3483 mi-

318 3522 557 3573 sertus:
609 3518 1017 3573 Samaritanus
1065 3518 1358 3585 transivit,
1408 3523 1465 3572 et
1514 3518 1792 3573 misertus
1850 3522 1956 3573 est.

319 3607 390 3661 Et
420 3607 738 3679 interrogat
766 3612 968 3678 postea
996 3607 1282 3662 Dominus
1312 3612 1369 3662 et
1397 3607 1537 3662 dicit
1561 3624 1573 3661 :
1609 3608 1737 3676 Quis
1766 3608 1962 3662 horum

311 3698 602 3767 proximus
645 3698 796 3766 fuit?
845 3696 1056 3751 Statim
1105 3696 1339 3761 dicitur,
1371 3696 1468 3767 qui
1523 3697 1667 3751 bene
1708 3695 1863 3751 fecit.
1894 3697 1972 3750 Et

320 3785 499 3840 infert
526 3784 812 3840 Dominus
845 3803 862 3838 :
910 3787 1007 3852 Ite,
1039 3792 1089 3840 et
1122 3801 1207 3840 vos
1238 3786 1498 3840 similiter
1527 3788 1693 3856 facite
1723 3786 1870 3857 (Luc.
1905 3802 1960 3855 χ,

323 3875 535 3946 30-37).
569 3875 785 3930 Omnes
816 3890 952 3947 ergo
983 3874 1253 3930 homines
1292 3875 1461 3931 nobis
1510 3874 1754 3947 proximi
1804 3878 1961 3944 sunt,

324 3967 382 4019 et
409 3962 555 4018 nulli
587 3964 871 4020 debemus
902 3963 1125 4019 malum
1156 3965 1364 4020 facere.
1420 3987 1447 4013 ‹‹
1483 3968 1550 4019 Et
1585 3964 1965 4036 opprobrium

324 4068 440 4107 non
473 4052 714 4123 accepit,
747 4074 775 4103 ››
828 4057 938 4107 etc.
973 4052 1289 4124 Nunquam
1321 4069 1353 4107 a
1383 4053 1507 4107 suis
1538 4052 1763 4119 vicinis,
1794 4051 1965 4123 quasi

324 4141 533 4196 noxius
564 4145 891 4195 accusatur.
924 4161 953 4189 «
980 4140 1274 4195 Timentes
1296 4145 1489 4195 autem
1514 4141 1825 4195 Dominum
1849 4141 1966 4212 glo-

324 4228 530 4283 riﬁcat.
570 4251 590 4277 ι
648 4228 772 4282 Νοιι
819 4227 1027 4282 divites
1057 4228 1366 4298 gloriﬁcat,
1400 4244 1514 4283 non
1545 4233 1830 4301 potentes,
1864 4229 1963 4283 sed

324 4334 424 4374 eos
448 4322 677 4371 tantum
702 4316 802 4388 qui
829 4316 1143 4370 Dominum
1170 4316 1400 4371 timent.
1435 4339 1463 4365 «
1490 4318 1559 4371 Et
1588 4317 1965 4389 Opprobrium

324 4424 439 4462 non
463 4405 687 4476 accepit
709 4405 990 4459 adversus
1013 4403 1310 4475 proximos
1334 4421 1493 4459 suos.
1521 4426 1548 4453 ››
1575 4404 1966 4476 Opprobrium

320 4494 696 4551 detractionis
744 4494 815 4547 dc
865 4493 1041 4547 fratre
1092 4496 1231 4546 tunc
1283 4509 1396 4547 non
1447 4492 1690 4564 accepit,
1723 4492 1773 4547 si
1804 4491 1967 4564 prius

326 4599 443 4638 non
474 4582 657 4638 credit
685 4581 787 4637 illa
817 4585 1133 4652 antequam
1167 4581 1390 4652 probet.
1424 4589 1506 4635 Ac
1536 4580 1585 4635 si
1616 4581 1772 4635 dicat
1804 4597 1817 4634 :
1860 4580 1967 4644 Qui

323 4672 440 4728 ista
469 4671 725 4727 custodit
752 4688 878 4742 quae
910 4671 1182 4742 superius
1213 4669 1378 4742 dixit,
1410 4669 1508 4724 ille
1538 4674 1628 4724 est
1670 4670 1794 4724 sine
1846 4686 1967 4725 ma-

327 4760 479 4826 cula,
513 4765 570 4816 et
616 4764 891 4831 operatur
926 4758 1245 4830 justitiam.
1279 4759 1349 4813 Et
1394 4758 1502 4813 iste
1540 4758 1767 4813 habitat
1793 4758 1851 4813 in
1882 4762 1970 4813 ta-

331 4849 668 4915 bernaculo,
700 4857 757 4905 et
802 4848 1130 4920 requiescet
1158 4849 1217 4903 in
1249 4852 1445 4903 monte
1477 4854 1678 4903 sancto
1710 4852 1832 4916 tuo,
1865 4847 1974 4903 hoc

335 4942 443 5006 est,
473 4938 533 4992 in
564 4938 683 4994 vita
713 4942 947 4993 aeterna.

404 5049 432 5076 α
463 5027 552 5081 Ad
600 5025 852 5081 nihilum
907 5026 1194 5081 deductus
1243 5030 1332 5081 est
1379 5026 1437 5080 in
1489 5031 1803 5098 conspectu
1851 5027 1978 5095 ejus

333 5114 649 5187 malignus.
678 5137 704 5164 »
731 5117 791 5170 In
817 5113 1163 5185 illliusjusti
1184 5118 1495 5185 conspectu
1522 5114 1807 5170 diabolus.
1831 5116 1977 5170 Nam

334 5206 395 5260 in
450 5205 705 5260 Ecclesia
753 5204 1089 5276 quicunque
1137 5204 1329 5259 malus
1379 5208 1487 5271 est,
1546 5203 1606 5257 in
1665 5209 1978 5274 conspectu

334 5294 520 5349 sancti
545 5311 650 5365 pro
681 5294 861 5348 nihilo
883 5298 1277 5365 computatur.
1297 5293 1380 5347 Ad
1416 5291 1663 5346 nihilum
1696 5293 1980 5347 deductus

340 5386 447 5452 est,
471 5382 609 5453 quia
640 5384 792 5453 apud
827 5382 1003 5437 talem
1035 5386 1303 5437 sanctum
1334 5399 1436 5454 pro
1468 5380 1651 5435 nihilo
1686 5381 1935 5435 habetur
1966 5398 1978 5437 :

340 5474 481 5527 dum
513 5471 756 5543 angelus
788 5471 914 5537 fuit,
939 5476 997 5526 et
1020 5472 1222 5543 refuga
1251 5470 1437 5525 factus
1460 5475 1548 5525 est
1574 5488 1587 5537 ;
1622 5475 1678 5524 et
1700 5471 1854 5524 sicut
1878 5471 1985 5524 fuit

337 5560 529 5615 factus
575 5576 644 5613 ex
693 5558 892 5626 nihilo,
927 5564 1129 5630 postea
1176 5576 1353 5630 quam
1400 5561 1550 5614 bona
1592 5558 1863 5630 perdidit,
1896 5575 1984 5613 re-

338 5649 545 5703 dactus
576 5652 665 5703 est
694 5649 763 5703 ad
802 5646 1073 5702 nihilum.
1099 5649 1169 5702 Et
1198 5648 1341 5702 dum
1374 5647 1520 5702 nihil
1552 5651 1660 5713 est,
1686 5647 1987 5701 fortissimi

344 5738 532 5792 sancti
568 5754 682 5793 non
714 5753 848 5791 eum
881 5737 1111 5792 timent.

659 5864 927 5926 Pas-non.
972 5863 1199 5926 XXVI.

2063 2010 2374 2083 pecuniam
2402 2026 2571 2065 suam
2603 2026 2720 2066 non
2749 2010 2914 2065 dedit
2942 2010 3015 2066 ad
3047 2026 3315 2066 usuram.
3349 2032 3374 2061 ι
3425 2010 3553 2066 Etsi
3594 2027 3711 2067 non

2065 2104 2261 2173 peccet
2288 2098 2423 2171 quis
2450 2116 2516 2154 eo
2546 2099 2702 2170 quod
2737 2103 3025 2171 quantum
3056 2099 3177 2167 dat,
3208 2103 3439 2156 tantum
3486 2099 3712 2170 recipit,

2064 2193 2262 2244 tamen
2294 2186 2568 2260 perfectio
2601 2203 2716 2242 non
2747 2191 2840 2243 est
2871 2205 2884 2243 :
2919 2186 3060 2259 quia
3086 2187 3308 2243 dictum
3339 2191 3429 2243 est
3455 2203 3470 2241 :
3500 2189 3716 2255 Frange

2065 2278 2329 2333 esurienti
2372 2292 2571 2347 panem
2624 2284 2779 2332 tuum
2829 2276 2958 2345 (Isa.
2990 2292 3144 2341 ινιιι,
3175 2277 3252 2347 7).
3305 2277 3371 2331 Et
3401 2276 3610 2331 beatius
3637 2284 3718 2332 est

2065 2366 2253 2435 magis
2283 2365 2433 2432 dare,
2468 2382 2635 2437 quam
2663 2367 2916 2435 accipere
2945 2366 3082 2437 (Act.
3111 2382 3206 2432 χχ,
3237 2366 3349 2436 35).
3399 2364 3715 2438 Usquequo

2066 2455 2137 2510 ad
2169 2455 2344 2510 istam
2378 2453 2658 2525 pervenit,
2687 2454 2883 2509 minor
2910 2458 3000 2510 est
3028 2470 3063 2508 a
3091 2454 3462 2526 perfectione.
3484 2454 3670 2510 Aliter
3697 2469 3711 2510 :

2066 2544 2322 2599 Pecunia
2340 2543 2572 2598 Domini
2593 2547 2682 2598 est
2710 2543 3048 2614 pradicatio
3073 2560 3086 2597 :
3120 2543 3292 2599 multi
3313 2543 3522 2600 nolunt
3546 2543 3712 2598 illam

2067 2634 2302 2702 donare,
2334 2632 2385 2687 si
2416 2631 2623 2686 exinde
2662 2630 2915 2703 pretium
2959 2648 3075 2687 non
3124 2631 3431 2702 recipiunt.
3486 2632 3710 2687 Tamen

2066 2720 2202 2775 licet
2237 2720 2455 2775 victum
2504 2724 2563 2775 et
2606 2720 2883 2775 vestitum
2914 2720 2985 2774 de
3014 2719 3146 2791 ipsa
3174 2719 3584 2791 praedicatione
3613 2735 3708 2774 ac-

2069 2810 2261 2881 cipere
2310 2810 2485 2880 (sicut
2527 2812 2767 2864 sanctus
2810 2807 3027 2864 Paulus
3077 2809 3218 2863 dicit
3264 2808 3421 2880 (Tim.
3470 2824 3548 2873 v1,
3600 2808 3706 2877 8):

2071 2897 2324 2969 amplius
2345 2897 2551 2953 exinde
2582 2896 2727 2951 nihil
2757 2897 2992 2968 habere,
3016 2897 3170 2952 sicut
3188 2896 3330 2952 dicit
3355 2914 3368 2952 :
3402 2896 3511 2962 Qui
3536 2896 3717 2951 Evan-

2072 2986 2289 3059 gelium
2321 2986 2658 3057 praedicant,
2691 2986 2763 3040 de
2808 2985 3119 3058 Evangelio
3165 2985 3352 3041 vivere
3400 2986 3446 3057 (ι
3478 2985 3603 3040 Cor.
3635 3001 3714 3054 ιχ,

2075 3076 2184 3146 ili).
2215 3076 2287 3130 Et
2314 3075 2600 3130 Dominus
2631 3074 2712 3129 ait
2745 3092 2759 3129 :
2804 3076 3024 3146 Dignus
3050 3082 3130 3130 est
3159 3076 3445 3147 operarius
3476 3075 3592 3130 cibo
3621 3089 3718 3129 suo

2076 3163 2288 3236 (Matth.
2320 3180 2376 3231 χ,
2412 3162 2520 3239 10).
2573 3164 2686 3219 Sed
2735 3162 2835 3235 qui
2886 3162 3021 3235 plus
3052 3163 3343 3235 requirere
3372 3163 3639 3233 voluerit,
3657 3163 3719 3217 in

2077 3270 2317 3308 usuram
2352 3256 2678 3324 reputatur.
2702 3252 2866 3307 Unde
2888 3252 3104 3308 Paulus
3134 3252 3311 3308 dicit:
3346 3253 3409 3307 Si
3436 3253 3586 3307 vobis
3613 3253 3724 3323 spi-

2069 3342 2302 3396 ritualia
2327 3341 2739 3410 seminavimus,
2770 3357 3033 3411 magnum
3060 3344 3139 3395 est
3166 3342 3220 3395 si
3245 3350 3425 3396 vestra
3466 3341 3722 3396 carnalia

2069 3440 2338 3485 metamus
2367 3429 2416 3496 (I
2444 3427 2565 3483 Cor.
2599 3446 2675 3498 ιχ,
2709 3428 2796 3498 11)
2818 3427 2847 3481 Ῡ
2878 3432 2959 3481 Ac
2988 3428 3040 3484 si
3067 3428 3224 3484 dicat
3257 3454 3270 3483 :
3318 3429 3444 3483 Non
3475 3432 3564 3484 est
3593 3444 3719 3483 ma-

2055 3533 2253 3591 gnum
2280 3517 2557 3571 adversus
2586 3515 2686 3570 illa
2714 3516 3047 3587 spiritualia
3072 3533 3200 3589 quas
3218 3517 3386 3573 vobis
3406 3516 3718 3571 annuntia-

2072 3623 2252 3662 mus:
2310 3606 2574 3661 Habentes
2619 3614 2801 3661 autem
2850 3608 3080 3671 victum,
3126 3605 3213 3662 his
3263 3607 3500 3662 contenti
3545 3607 3719 3661 simus

2073 3695 2117 3766 (ι
2148 3696 2281 3750 Tim.
2312 3712 2388 3765 v1,
2420 3695 2496 3767 8).
2547 3694 2711 3749 Sicut
2755 3694 2911 3750 enim
2957 3693 3207 3750 visibilis
3246 3694 3493 3767 pecunia
3520 3693 3720 3767 prohi-

2074 3785 2244 3840 betur
2272 3784 2344 3839 ad
2379 3800 2622 3839 usuram
2652 3783 2800 3851 dari,
2834 3799 2907 3838 ne
2936 3784 2988 3839 is
3019 3783 3121 3856 qui
3153 3784 3509 3849 commodat,
3533 3782 3720 3856 magis

2075 3872 2285 3944 spoliet
2316 3889 2329 3925 :
2365 3872 2447 3927 ita
2478 3876 2534 3927 et
2561 3871 2805 3927 verbum
2838 3872 2962 3938 Dei,
2997 3873 3151 3943 quod
3183 3877 3273 3928 est
3304 3888 3519 3944 magna
3547 3888 3721 3943 pecu-

2077 3963 2323 4029 nia,non
2345 3967 2578 4016 tantum
2600 3961 2885 4017 divitibus
2914 3962 3015 4033 qui
3036 3966 3291 4033 pascunt
3309 3965 3367 4016 et
3388 3965 3721 4028 munerant,

2075 4067 2276 4108 verum
2308 4050 2486 4106 etiam
2515 4049 2920 4122 indigentibus
2947 4054 3004 4104 et
3035 4049 3390 4121 pauperibus
3421 4049 3604 4121 gratis
3625 4050 3727 4105 de-

2076 4141 2174 4195 bet
2201 4137 2490 4193 insinuari
2524 4153 2538 4191 :
2591 4135 2832 4191 Domino
2863 4137 2946 4191 sic
2976 4137 3203 4191 dicente
3235 4154 3249 4190 :
3305 4136 3481 4192 Gratis
3510 4136 3721 4208 accepi-

2078 4230 2198 4295 stis,
2228 4227 2402 4297 gratis
2452 4224 2579 4279 date
2629 4224 2846 4296 (Matth.
2880 4242 2935 4291 χ,
2969 4224 3046 4293 8).
3106 4246 3134 4274 ‹‹
3165 4225 3236 4279 Et
3273 4241 3519 4280 munera
3548 4238 3726 4298 super

2082 4317 2447 4371 innocentem
2480 4329 2595 4368 non
2636 4313 2880 4384 accepit,
2913 4337 2935 4365 ι
2994 4317 3060 4367 ut
3087 4330 3204 4369 non
3235 4313 3586 4368 conturbent
3623 4314 3723 4384 ju-

2078 4405 2295 4461 dicium
2324 4403 2608 4473 veritatis,
2642 4418 2885 4458 munera
2913 4402 3240 4458 offerentes.
3272 4403 3345 4457 Et
3373 4401 3542 4457 aliter
3576 4419 3588 4457 :
3643 4402 3726 4458 Ne

2079 4493 2291 4551 similis
2321 4492 2488 4548 Judae
2518 4491 2807 4547 efﬁciatur
2837 4509 2850 4547 :
2903 4493 3024 4564 qui,
3060 4496 3292 4563 accepto
3324 4491 3551 4563 argenti
3582 4508 3726 4563 pon-

2079 4585 2235 4653 dere,
2264 4580 2526 4638 vendidit
2567 4582 2936 4636 innocenlem
2988 4580 3205 4647 (Matth.
3236 4598 3387 4647 χχνι,
3422 4581 3531 4651 15).
3566 4580 3732 4636 Sicut

2000 4693 2048 4759 Β
2084 4671 2369 4745 propheta
2395 4669 2538 4725 dicit
2570 4684 2585 4724 :
2643 4670 2765 4759 Qui
2801 4672 3009 4759 excutit
3057 4686 3258 4759 manus
3286 4686 3429 4759 suas
3470 4669 3538 4725 ab
3581 4670 3732 4726 omni

2082 4776 2312 4816 munere
2353 4761 2480 4827 (Isa.
2512 4774 2712 4828 χχχιιι,
2748 4758 2859 4829 15),
2906 4758 3016 4814 iste
3054 4758 3115 4814 in
3144 4758 3387 4814 excelsis
3417 4758 3727 4815 habitabit.

2136 4872 2183 4898 ο‹‹
2217 4847 2324 4914 Qui
2354 4846 2495 4902 facit
2513 4845 2656 4914 haec,
2672 4862 2787 4900 non
2810 4847 3274 4902 commovebitur
3292 4847 3350 4901 in
3374 4851 3677 4903 aeternum.
3700 4866 3729 4894 ι)

2084 4942 2216 4993 Haec
2253 4935 2454 4992 omnia
2493 4934 2646 4990 sicut
2694 4933 3000 5007 allegorice
3033 4935 3290 5007 retineri,
3320 4936 3406 4990 ita
3435 4940 3494 4991 et
3522 4951 3729 4990 secun-

2087 5028 2228 5083 dum
2255 5026 2511 5080 litteram
2537 5022 2800 5094 exposita
2820 5024 3102 5080 custodiri
3125 5025 3337 5080 debent
3357 5024 3415 5078 in
3444 5022 3727 5077 moribus.

2088 5119 2221 5182 Quaa
2278 5114 2327 5169 si
2386 5112 2518 5185 quis
2575 5112 3166 5185 irreprehensibiliter
3217 5110 3577 5181 custodierit,
3612 5125 3731 5164 non

2089 5204 2280 5261 solum
2335 5220 2369 5258 a
2418 5202 2808 5257 commotione
2860 5203 3055 5257 aeterni
3083 5201 3298 5273 judicis
3329 5214 3571 5255 securus
3600 5197 3733 5267 erit,

2088 5309 2289 5349 verum
2335 5295 2393 5347 et
2435 5291 2609 5345 etiam
2659 5290 2855 5363 ipsum
2891 5295 3148 5345 montem
3180 5286 3738 5355 tabernaculumque

2093 5382 2321 5437 caeleste
2346 5380 2646 5452 possidere
2668 5380 2987 5434 merebitur
3006 5380 3066 5433 in
3087 5377 3313 5434 Christo
3336 5376 3471 5430 Jesu
3491 5374 3735 5429 Domino

2094 5476 2294 5525 nostro
2328 5486 2341 5523 :
2399 5468 2493 5522 cui
2528 5473 2615 5521 cst
2646 5467 2831 5521 honor
2861 5473 2917 5521 et
2947 5467 3133 5538 gloria
3162 5482 3292 5519 cum
3327 5470 3539 5517 mterno
3575 5463 3739 5517 Patre

2095 5563 2152 5614 et
2181 5556 2403 5628 Spiritu
2438 5562 2639 5610 sancto
2671 5554 2727 5607 in
2762 5554 2973 5608 saecula
3003 5552 3369 5607 saeculorum.
3405 5557 3613 5603 Amen.

2664 5641 2995 5695 PSALMUS
3047 5641 3184 5694 XV.~

2099 5735 2270 5790 Tituli
2316 5733 2602 5803 inscriptio
2646 5731 2754 5803 ipsi
2789 5729 2984 5785 David.
3016 5727 3193 5783 Tituli
3224 5726 3528 5800 inscriptio
3558 5726 3619 5782 in
3649 5730 3743 5783 tu-

3344 5855 3424 5919 39
