4220 6576
504 437 620 497 907

577 563 776 630 mulis,
810 567 866 618 et
894 563 954 617 in
985 563 1269 634 sepulcris
1299 568 1407 633 est,
1441 581 1567 635 qua
1601 570 1966 620 mortuorum
2019 581 2144 620 cor-

576 652 718 708 pora
744 639 964 689 tenent.
1003 635 1105 708 Pro
1136 651 1251 705 quo
1280 635 1575 708 Aquilaet
1606 636 2016 708 Symmachus,
2048 637 2145 690 hu-

575 706 765 778 milem
811 710 863 760 et
909 706 1213 778 simplicem
1257 706 1774 778 immaculatumque
1802 713 2143 778 posuerunt,

581 776 981 850 significantes
1014 776 1306 850 psalmum
1339 778 1409 833 ad
1442 776 1733 832 Christum
1769 776 1997 850 proprie
2027 794 2150 848 per-

577 849 765 903 tinere
797 848 1085 919 dicentem
1122 864 1134 901 :
1189 849 1387 902 Discite
1430 865 1464 901 a
1491 865 1577 903 me
1606 851 1737 919 quia
1765 848 1917 903 mitis
1946 865 2066 903 sum
2100 852 2149 903 et

580 919 808 973 humilis
874 918 1056 983 corde,
1116 922 1167 971 et
1229 928 1542 973 mansuetus
1607 918 1822 988 (Matth.
1890 936 1975 986 χι,
2034 919 2146 989 29).

578 990 872 1056 Psalmus,
906 994 970 1043 ut
1008 989 1285 1060 diximus,
1319 990 1470 1059 regis
1504 990 1686 1044 nostri
1718 1007 1938 1055 vocem,
1972 1006 2147 1060 quam

580 1062 641 1115 in
677 1065 994 1132 assumpto
1029 1059 1279 1132 homine
1332 1061 1572 1131 profert,
1605 1060 1732 1132 sine
1762 1059 2152 1132 diminutione

581 1131 795 1187 retinet
841 1130 1076 1185 deitatis
1122 1130 1366 1186 missam
1421 1148 1454 1185 a
1503 1132 1683 1186 Patre.
1720 1131 1918 1197 David,
1951 1131 2008 1185 id
2041 1134 2151 1190 est.

583 1204 708 1283 ipse
733 1203 1034 1283 Christus.
1066 1204 1172 1283 Iste
1193 1202 1476 1283 psalmus
1509 1202 1580 1283 ad
1612 1203 1944 1283 passionem
1975 1202 2151 1272 perti-

582 1272 699 1329 net.
733 1274 875 1328 Tres
906 1278 1044 1327 sunt
1075 1272 1251 1342 tituli,
1284 1273 1383 1343 qui
1415 1274 1757 1327 scribuntur
1788 1289 1800 1326 :
1846 1290 2020 1336 unus,
2055 1289 2153 1343 su-

582 1362 685 1416 per
713 1344 976 1416 tumulos
1004 1342 1368 1399 mortuorum
1396 1361 1407 1396 :
1444 1343 1628 1416 alius,
1649 1344 1707 1398 in
1741 1343 2047 1416 liminibus
2078 1342 2157 1416 ci-

580 1414 796 1481 vitatis,
827 1414 915 1470 vel
947 1415 1257 1469 domorum
1293 1432 1306 1468 :
1354 1414 1581 1481 tertius,
1617 1414 1671 1468 in
1708 1415 1947 1469 victoria
1979 1414 2151 1483 regis.

581 1487 687 1541 Hic
716 1486 953 1569 ergo‘de
983 1485 1433 1569 tituloyictoria
1466 1486 1621 1569 regis
1649 1485 1789 1566 dicit
1814 1503 1831 1569 ί
1864 1485 2017 1540 sicut
2046 1486 2156 1539 iste

583 1574 683 1612 rex
712 1556 841 1622 fuit,
869 1556 978 1611 hoc
1008 1560 1096 1611 est
1125 1556 1412 1627 Christus,
1436 1561 1492 1611 et
1521 1556 1641 1627 fuit
1662 1556 1943 1627 scriptum
1976 1572 2154 1626 super

582 1634 760 1698 caput
789 1630 917 1698 ejus
949 1627 1018 1698 in,
1043 1626 1259 1697 pascha
1287 1632 1419 1697 post
1446 1625 1851 1698 victoriam,'id
1884 1630 1991 1692 est,
2022 1625 2156 1698 post

582 1696 800 1769 victum
823 1696 1152 1769 diabolum,
1177 1696 1475 1769 redempto
1507 1697 1765 1769 humano
1797 1696 2152 1769 genere,_tri-

583 1770 696 1824 bus
727 1767 948 1839 linguis
982 1784 993 1821 :
1036 1767 1093 1822 id
1126 1772 1235 1839 est,
1266 1768 1479 1836 Graece,
1511 1767 1821 1837 Hebraice,
1840 1773 1895 1822 et
1929 1767 2149 1823 Latine.

583 1839 748 1894 Unde
776 1837 842 1893 et
863 1837 1079 1893 Pilatus
1108 1838 1253 1892 dixit
1286 1855 1298 1892 :
1333 1839 1482 1905 Quod
1510 1840 1726 1909 scripsi,
1747 1840 1947 1907 scripsi
1976 1840 2153 1909 (Joan.

1993 435 2414 496 APPENDIX.

3786 434 3907 494 908

2178 566 2651 634 Arecordabor:
2706 566 2847 637 quia
2900 563 3298 621 crescentibus
3356 561 3603 628 meritis,
3664 561 3907 617 nomina

2257 654 2455 709 addita.
2509 659 2649 710 sunt
2704 671 2868 724 nova,
2902 654 3053 709 sicut
3100 650 3397 707 Abraham
3449 650 3601 719 (Gen.
3647 667 3782 718 xvu,
3823 650 3901 721 5).

2257 743 2410 797 sicut
2458 747 2513 797 et
2559 748 2699 797 Sara
2753 742 2915 810 (Ibid.
2965 742 3076 812 15),
3127 741 3281 795 sicut
3329 743 3499 794 Petro
3531 740 3708 809 (Joan.
3742 756 3781 806 ι,
3814 740 3904 809 42)

2258 836 2315 886 et
2346 831 2608 902 reliquis,
2641 831 2777 901 quia
2827 834 2999 885 antea
3051 829 3199 884 servi
3255 826 3498 900 peccati,
3545 827 3647 883 sed
3706 831 3908 899 postea

2260 920 2431 974 amici
2465 935 2479 973 :
2537 918 2691 973 sicut
2722 918 3006 973 Dominus
3036 917 3229 973 dixit:
3278 918 3400 972 Jam
3447 932 3557 971 non
3598 916 3778 970 dicam
3820 931 3908 970 vos

2258 1023 2455 1075 servos,
2484 1006 2574 1061 sed
2623 1008 2824 1061 amicos
2876 1008 3063 1077 (Joan.
3112 1023 3205 1073 xv,
3248 1006 3334 1072 14,
3380 1006 3486 1075 15).
3546 1005 3614 1059 Et
3667 1009 3907 1059 sanctus

2262 1094 2480 1149 Paulus
2513 1096 2721 1161 fuerat,
2755 1095 2991 1165 quando
3021 1094 3255 1149 dicebat
3285 1109 3298 1147 :
3350 1094 3574 1147 Fuimus
3603 1093 3907 1163 aliquando

2260 1188 2310 1239 et
2339 1199 2436 1238 nos
2464 1185 2641 1252 stulti,
2671 1193 2722 1238 et
2751 1183 3027 1238 increduli
3037 1182 3191 1237 sicut
3229 1187 3280 1237 et
3322 1184 3510 1238 caeteri
3537 1198 3555 1234 :
3609 1182 3699 1236 sed
3748 1183 3907 1236 mise-

2263 1273 2561 1327 ricordiam
2580 1273 2679 1327 Dei
2705 1274 3199 1328 consecutissumus
3221 1272 3434 1340 (Tit.m,
3455 1272 3530 1337 3).
3555 1270 3624 1324 Et
3652 1270 3865 1325 iterum
3893 1287 3905 1325 :

2264 1360 2369 1416 Sed
2398 1361 2575 1416 abluti
2600 1362 2731 1415 estis
2753 1378 2775 1421 ,ο
2803 1362 2899 1415 sed
2927 1362 3263 1431 sanctificati
3287 1362 3414 1415 estis
3445 1360 3492 1430 (ι
3528 1359 3653 1414 Cor.
3686 1376 3763 1425 v1,
3799 1360 3905 1427 11).

2343 1505 2368 1535 α
2400 1483 2683 1539 Dominus
2716 1502 2850 1555 pars
2882 1484 3237 1540 hareditatis
3270 1501 3431 1539 mea.
3469 1508 3489 1534 ι
3553 1483 3668 1540 Vox
3697 1481 3909 1539 Christi

2264 1572 2336 1627 ad
2372 1572 2623 1627 Patrem.
2656 1573 2974 1628 Hareditas
3005 1572 3243 1643 Christi,
3275 1572 3531 1628 Ecclesia
3572 1577 3679 1642 est,
3710 1577 3768 1627 et
3794 1572 3911 1627 Do-

2266 1660 2463 1715 minus
2486 1666 2575 1715 est
2602 1678 2736 1732 pars
2766 1662 3024 1732 corporis
3058 1661 3170 1716 sui.
3201 1661 3306 1715 Pro
3338 1664 3501 1733 parte
3531 1659 3787 1715 hominis
3816 1676 3910 1714 as-

2266 1749 2488 1821 sumpti
2523 1750 2663 1805 dicit
2691 1767 2703 1807 :
2751 1750 2887 1821 quia
2919 1749 3015 1805 ille
3046 1749 3268 1821 accepit
3299 1750 3370 1805 de
3401 1754 3599 1805 nostro
3629 1748 3909 1803 humani-

2266 1842 2469 1904 tatem,
2501 1841 2558 1893 et
2600 1854 2707 1892 nos
2764 1838 2834 1893 de
2886 1854 2992 1893 suo
3047 1838 3569 1893 immortalitatem.
3610 1841 3679 1893 Et
3722 1837 3913 1892 colicis

583 1927 719 1998 xix,
757 1909 993 1998 22)....Et
1026 1911 1437 1998 lposuit'super
1489 1918 1669 1998 caput.
1712 1911 1884 1998 ipsius
1932 1925 2159 1998 causam

2270 1927 2393 1981 mei.
2426 1926 2615 1991 Quare
2646 1925 2789 1980 dixit
2819 1925 3057 1981 calicem
3082 1926 3111 1980 ?
3163 1926 3309 1990 Quia
3340 1942 3442 1998 per
3470 1924 3711 1981 calicem
3760 1924 3910 1980 acci-

587 1980 808 2035 Christi.
842 1981 938 2036 Hic
964 1984 1041 2035 est
1081 1997 1184 2035 rex
1224 1980 1539 2036 Judaorum
1584 1980 1805 2051 (Matth.
1837 1998 2009 2049 xxvu,
2042 1982 2153 2051 37).

592 2089 619 2121 α
648 2069 939 2125 Conserva
960 2084 1071 2134 me,
1095 2068 1358 2136 Domine,
1386 2068 1664 2140 quoniam
1687 2068 1746 2123 in
1773 2073 1829 2124 te
1852 2069 2101 2141 speravi.
2129 2090 2157 2117 »

514 2156 638 2212 Vox
684 2155 894 2212 Christi
948 2158 1019 2211 ad
1073 2161 1302 2213 Patrem
1356 2157 1416 2213 in
1467 2157 1758 2227 passione,
1800 2157 1860 2211 in
1914 2174 2161 2229 persona

519 2245 777 2305 hominis
825 2246 1134 2317 assumpti.
1168 2249 1248 2301 Ac
1300 2245 1349 2301 si
1399 2245 1598 2301 dicat:
1648 2248 1693 2300 A
1744 2246 1926 2315 Patre,
1968 2263 2002 2301 a
2044 2262 2159 2317 quo

519 2332 687 2401 exivi,
722 2333 782 2388 in
813 2334 1083 2405 passione
1114 2332 1451 2389 custodiar:
1486 2333 1624 2405 quia
1656 2339 1717 2388 tu
1750 2351 1810 2389 es
1843 2352 1974 2406 spes
2007 2351 2157 2389 mea.

523 2442 550 2473 α
579 2420 706 2477 Dixi
737 2422 1003 2491 Domino,
1028 2426 1179 2476 Deus
1212 2438 1377 2477 meus
1407 2438 1469 2477 es
1500 2427 1584 2475 tu.
1610 2440 1639 2473 ι
1675 2423 1943 2477 Ostendit
1973 2439 2034 2478 se
2063 2423 2161 2477 bo-

518 2510 741 2565 minem
790 2510 849 2564 in
903 2510 1234 2565 humilitate
1286 2511 1501 2575 carnis,
1535 2528 1668 2565 cum
1713 2510 1955 2581 aqualis
1994 2511 2071 2566 sit
2100 2511 2158 2563 in

517 2599 940 2670 omnipotentis
966 2599 1293 2670 majestatis
1320 2617 1331 2653 :
1360 2598 1497 2670 quia
1523 2600 1569 2653 si
1595 2598 1854 2667 dixisset,
1876 2599 2162 2654 Dominus

515 2703 684 2743 meus
714 2704 776 2743 es
805 2692 866 2741 tu
903 2706 915 2743 :
970 2686 1180 2741 Filium
1226 2688 1512 2742 minorem
1544 2688 2023 2752 demonstrasset,
2057 2686 2159 2742 Pa-

410 2776 415 2783 ’
511 2779 663 2850 trem
703 2775 1007 2845 majorem.
1046 2775 1355 2847 Propterea
1400 2775 1592 2829 dixit:
1653 2796 1679 2826 α
1710 2776 1835 2831 Dixi
1889 2775 2155 2841 Domino,

518 2864 675 2919 Deus
705 2880 873 2919 meus
904 2880 966 2918 es
996 2868 1059 2918 tu
1094 2885 1122 2912 »
1157 2879 1170 2917 :
1218 2864 1356 2935 quia
1382 2864 1439 2917 in
1470 2863 1774 2919 divinitate
1804 2864 2043 2935 aqualis
2072 2871 2163 2919 est

516 2951 694 3005 Patri.
747 2973 774 3000 α
810 2951 957 3015 Quia
1006 2951 1293 3005 bonorum
1348 2967 1611 3005 meorum
1671 2968 1787 3006 non
1845 2952 2094 3023 indiges.
2130 2973 2158 3000 »

515 3038 797 3094 Eamdem
827 3037 1040 3092 lineam
1072 3044 1130 3092 et
1159 3038 1217 3092 in
1249 3038 1359 3093 Job
1391 3038 1669 3110 scriptam
1699 3039 1973 3109 legimus.
2021 3039 2160 3107 Quid

510 3126 760 3199 prodest,
786 3128 837 3180 si
864 3134 923 3181 tu
951 3128 1254 3197 simplicem
1281 3128 1462 3197 facias
1490 3129 1642 3182 viam
1671 3132 1819 3183 tuam
1852 3129 1994 3197 (Job.
2020 3145 2156 3195 xxu,

516 3215 620 3286 3)?
663 3214 941 3269 Universa
969 3214 1150 3287 igitur
1181 3216 1333 3271 bona
1362 3232 1489 3287 qua
1518 3215 1804 3272 Dominus
1832 3217 2159 3272 secundum

515 3303 766 3358 formam
799 3303 947 3359 servi
980 3303 1038 3358 in
1071 3320 1243 3359 carne
1274 3305 1623 3361 monstravit
1655 3322 1667 3360 :
1703 3322 1817 3360 non
1850 3305 2006 3360 Patri
2038 3322 2163 3377 pro-
2193 3296 2237 3363 C

515 3396 674 3459 sunt,
708 3392 809 3447 sed
861 3393 1057 3464 generi
1113 3392 1419 3449 humano:
1477 3417 1504 3444 α
1538 3394 1823 3457 Quoniam
1878 3394 2163 3449 bonorum

514 3496 779 3536 meorum
810 3497 925 3535 non
957 3497 1113 3553 eges.
1150 3503 1178 3530 »
1224 3480 1347 3536 Vox
1378 3481 1613 3538 Christi.
1646 3482 1780 3545 Qua
1825 3486 1965 3538 sunt
2012 3483 2166 3538 bona

514 3569 778 3625 Christi?
826 3573 945 3624 Hoc
993 3574 1102 3634 est,
1152 3568 1495 3640 incarnatio,
1541 3569 1757 3641 passio,
1794 3570 2164 3639 resurrectio,

515 3662 575 3713 et
610 3656 935 3727 redemptio
988 3660 1207 3710 nostra.
1241 3656 1343 3711 Vel
1375 3656 1540 3711 aliter
1572 3674 1586 3710 :
1643 3658 1801 3712 Bona
1847 3661 2005 3727 sunt,
2036 3658 2165 3712 cali

514 3748 574 3799 et
627 3760 754 3814 qua
807 3743 866 3796 in
916 3744 1000 3797 eis
1050 3747 1209 3807 sunt,
1250 3748 1307 3798 et
1352 3749 1508 3799 terra
1556 3744 1731 3812 bona,
1761 3748 1816 3798 et
1854 3761 1981 3815 qua
2012 3746 2071 3799 in
2103 3762 2171 3800 ea

516 3834 679 3896 sunt,
714 3845 841 3900 qua:
877 3831 1027 3884 Deus
1059 3830 1298 3884 creavit.
1333 3831 1464 3886 Hac
1494 3831 1663 3885 Pater
1704 3847 1808 3885 nec
1856 3837 2168 3903 postquam

515 3918 669 3974 facta
698 3923 856 3985 sunt,
881 3917 1172 3990 indiguit:
1212 3935 1316 3973 nec
1348 3923 1538 3973 antea.
1566 3919 1685 3974 Ista
1704 3919 1860 3974 Patri
1889 3936 2003 3975 non
2032 3926 2174 3975 sunt

517 4023 687 4079 opus,
722 4023 825 4062 nec
856 4006 1205 4063 necessaria.
1237 4008 1345 4062 Sed
1389 4007 1532 4062 cui?

587 4118 616 4145 «
650 4094 879 4151 Sanctis
910 4096 1011 4167 qui
1041 4095 1102 4150 in
1131 4100 1285 4151 terra
1317 4103 1457 4152 sunt
1484 4098 1635 4168 ejus.
1672 4119 1699 4146 »
1736 4097 1868 4153 Istis
1898 4097 2021 4153 hac
2052 4115 2172 4154 om-

516 4184 615 4240 nia
643 4189 783 4239 sunt
810 4184 1159 4241 necessaria.
1194 4208 1223 4235 ‹‹
1260 4190 1324 4239 In
1357 4190 1513 4241 terra
1544 4190 1682 4241 sunt
1711 4186 1860 4256 ejus,
1896 4207 1923 4235 »
1973 4187 2029 4240 id
2061 4192 2170 4253 est,

514 4274 575 4328 in
623 4272 895 4329 Ecclesia.
953 4296 979 4323 ‹‹
1016 4273 1349 4329 Miriﬁcavit
1398 4290 1603 4329 omnes
1653 4274 1985 4330 voluntates
2034 4291 2174 4331 suas

513 4361 667 4417 inter
712 4361 865 4417 illos.
902 4385 930 4411 ››
981 4361 1252 4417 Christus
1300 4379 1403 4433 per
1445 4368 1678 4418 sanctos
1719 4379 1861 4418 suos
1893 4364 2176 4435 mysteria

515 4467 624 4506 sua
656 4450 991 4505 miriﬁcavit
1022 4466 1034 4503 :
1070 4450 1179 4504 hoc
1211 4454 1320 4519 est,
1354 4450 1765 4521 magniﬁcavit.

587 4561 615 4587 ‹‹
650 4537 1049 4609 Multiplicata
1086 4542 1227 4593 sunt
1255 4537 1628 4594 inﬁrmitates
1658 4555 1858 4594 eorum
1896 4557 1908 4594 :
1968 4545 2168 4611 postea

517 4625 1002 4683 acceleraverunt.
1030 4648 1056 4674 ››
1089 4626 1301 4682 Gentes
1332 4627 1402 4682 de
1428 4626 1645 4695 quibus
1676 4644 1831 4683 nunc
1854 4630 2167 4685 Ecclesiam
2203 4649 2249 4713 D

518 4729 852 4786 congrego:
908 4721 1224 4786 antequam
1276 4715 1432 4771 idola
1472 4731 1674 4771 eorum
1705 4715 2167 4788 multiplicaren-

519 4806 637 4872 tur,
683 4802 865 4858 Deum
926 4802 1275 4859 naturaliter
1328 4809 1627 4859 noverant.
1688 4806 1798 4860 Sed
1862 4811 2172 4877 postquam

522 4890 914 4963 multiplicata
950 4896 1089 4947 sunt
1129 4891 1305 4959 idola,
1339 4894 1492 4963 quod
1525 4895 1908 4965 Septuaginta
1936 4895 2176 4963 inﬁrmi-

520 4985 659 5036 tates
688 4980 1051 5051 interpretati
1083 4984 1223 5036 sunt
1255 4998 1268 5035 :
1303 4980 1707 5053 relinquentes
1736 4999 1823 5050 ea,
1858 4983 1929 5038 ad
1963 5000 2054 5038 me
2083 5000 2171 5038 ce-

520 5068 756 5126 lerrime
788 5074 928 5124 sunt
959 5069 1196 5125 reversi.

596 5180 626 5208 ‹‹
655 5157 780 5212 Non
836 5158 1200 5230 congregabo
1254 5158 1655 5214 conventicula
1693 5175 1895 5214 eorum
1934 5160 2004 5214 de
2034 5176 2171 5214 san-

519 5246 821 5319 guinibus.
853 5269 881 5297 ››
917 5247 1063 5308 Quia
1094 5246 1423 5318 spiritualis
1454 5252 1543 5303 est
1572 5247 1774 5319 religio
1806 5248 1945 5303 Novi
1975 5249 2172 5303 Testa-

519 5336 722 5391 menti.
758 5340 924 5390 «Nec
947 5352 1173 5390 memor
1196 5352 1293 5390 ero
1321 5335 1629 5390 nominum
1658 5351 1857 5390 eorum
1883 5352 1985 5406 per
2015 5335 2171 5390 labia

516 5428 889 5480 mea.Mutam
900 5441 969 5478 ur
984 5424 1198 5495 quippe
1217 5424 1274 5477 in
1292 5423 1540 5478 lavacro:
1558 5429 1613 5479 et
1629 5440 1697 5478 ex
1709 5422 1844 5477 ﬁliis
1865 5422 2168 5480 hominum

514 5528 793 5567 vocamur
814 5511 917 5566 ﬁlii
946 5512 1062 5567 Dei.
1091 5532 1119 5563 ι
1136 5511 1248 5566 Nec
1272 5528 1497 5567 memor
1516 5528 1612 5566 ero
1635 5510 1942 5566 nominum
1965 5529 2166 5567 eorum

516 5613 621 5669 per
645 5598 799 5653 labia
816 5616 962 5654 mea.
983 5622 1009 5648 »
1028 5598 1148 5654 Vox
1168 5598 1401 5654 Christi.
1419 5599 1533 5653 Nec
1554 5615 1778 5653 memor
1798 5615 1895 5654 ero
1916 5598 2164 5656 istorum

520 5684 914 5756 apostolorum
948 5688 1276 5752 nominum,
1309 5704 1435 5759 qua
1466 5686 1630 5760 prius
1661 5690 1795 5743 ante
1840 5688 2013 5743 ﬁdem
2061 5688 2164 5745 ha-

519 5773 793 5857 buerunt,
820 5776 1054 5843 quando
1084 5775 1489 5833 inﬁdelitatem
1522 5776 1877 5834 habuerunt.
1912 5776 2018 5834 Illa
2047 5795 2162 5835 non

2268 2014 2354 2087 pit
2410 2014 2819 2086 unusquisque
2875 2016 3047 2086 juxta
3111 2031 3449 2070 mensuram
3506 2030 3519 2070 :
3582 2014 3684 2069 sed
3748 2013 3911 2070 Chri-

2267 2108 2396 2159 stus
2426 2101 2740 2175 plusquam
2772 2104 3037 2159 membra
3067 2121 3175 2159 sua
3206 2120 3220 2160 :
3275 2108 3342 2159 ut
3383 2102 3463 2158 ait
3490 2103 3709 2158 Paulus
3742 2119 3755 2159 :
3807 2103 3915 2171 Qui

2268 2196 2345 2247 est
2370 2194 2769 2263 primogenitus
2802 2194 2863 2247 in
2890 2193 3085 2247 multis
3121 2193 3388 2261 fratribus
3438 2193 3613 2261 (Rom.
3644 2209 3766 2259 νιιι,
3795 2192 3909 2263 29).

2270 2303 2297 2330 ‹‹
2331 2282 2419 2336 Tu
2452 2298 2513 2335 es
2543 2281 2643 2353 qui
2674 2281 2947 2337 restitues
2991 2280 3387 2336 hareditatem
3436 2295 3630 2335 meam
3683 2278 3849 2335 mihi.
3883 2303 3907 2331 ι

2270 2370 2387 2424 Hoc
2418 2375 2506 2425 est
2536 2370 2689 2441 quod
2722 2369 2781 2424 in
2812 2370 3121 2442 Evangelio
3153 2370 3367 2425 dicitur
3397 2386 3411 2424 :
3457 2370 3625 2424 Nemo
3654 2368 3803 2423 venit
3845 2366 3915 2422 ad

2268 2474 2375 2524 me,
2405 2459 2517 2512 nisi
2564 2459 2727 2512 Pater
2774 2474 2926 2513 meus
2977 2459 3210 2513 traxerit
3259 2474 3385 2512 eum
3430 2456 3501 2511 ad
3537 2473 3594 2512 se
3625 2458 3802 2527 (Joan.
3834 2473 3913 2524 v1,

2269 2547 2379 2617 44).
2412 2546 2748 2601 Secundum
2782 2545 3108 2614 historiam,
3142 2544 3359 2601 Christi
3390 2545 3700 2601 hareditas
3729 2543 3915 2607 Judai

2270 2634 2527 2704 fuerunt,
2561 2634 2632 2690 ad
2686 2652 2832 2706 quos
2885 2635 3153 2690 Christus
3199 2634 3375 2690 venit.
3410 2634 3523 2689 Sed
3570 2640 3709 2688 tunc
3739 2632 3911 2688 dissi-

2269 2728 2407 2793 pata
2436 2728 2544 2792 est,
2576 2724 2810 2794 quando
2840 2739 2974 2779 eum
3007 2723 3423 2779 crucifixerunt
3454 2741 3467 2780 :
3517 2724 3614 2779 sed
3651 2722 3916 2777 restitue-

2267 2817 2365 2865 tur
2396 2811 2453 2866 in
2485 2811 2701 2879 futuro,
2727 2828 2861 2866 cum
2894 2811 3193 2882 plenitudo
3214 2811 3478 2883 gentium
3500 2808 3916 2867 subintraverit

2270 2900 2444 2969 (Rom.
2477 2917 2555 2963 x1.
2587 2901 2698 2969 25).
2750 2899 2931 2954 Aliter
2964 2917 2976 2955 :
3031 2900 3322 2955 Restituet
3351 2904 3504 2955 Deus
3535 2899 3701 2955 Pater
3727 2898 3911 2954 hare-

2268 2987 2508 3042 ditatem
2539 2987 2773 3055 Cbristi,
2808 2988 3043 3059 quando
3072 2988 3285 3044 electos
3316 3005 3477 3055 suos,
3510 3005 3723 3060 corpus
3775 3004 3910 3043 san—

2270 3079 2371 3128 cta
2409 3073 2672 3130 Ecclesia
2719 3076 2789 3131 ad
2841 3075 3004 3131 illam
3054 3076 3446 3147 integritatem
3495 3075 3813 3142 attraxerit,
3847 3079 3912 3129 ut

2269 3168 2403 3234 post
2428 3164 2915 3219 resurrectionem
2933 3165 3185 3238 acceptis
3208 3165 3549 3238 corporibus
3569 3165 3714 3232 suis,
3730 3165 3913 3220 incor-

2274 3254 2428 3324 rupti
2463 3257 2519 3307 et
2548 3252 2909 3310 immortales
2941 3254 3140 3311 vivant
3174 3272 3187 3310 :
3224 3255 3364 3326 quia
3392 3253 3553 3309 illam
3584 3251 3924 3310 immortali-

2277 3345 2455 3397 tatem
2486 3340 2547 3397 in
2577 3342 2761 3397 Adam
2794 3343 3192 3415 perdiderunt.
3416 3334 3430 3347 ’

2346 3470 2374 3496 ‹‹
2408 3448 2599 3503 Funes
2665 3448 3001 3505 ceciderunt
3068 3449 3212 3505 mihi
3278 3450 3338 3505 in
3406 3448 3723 3521 praclaris.
3768 3470 3797 3497 ››
3864 3449 3926 3502 In

2276 3535 2535 3607 optimis.
2561 3540 2669 3591 Pro
2694 3554 2810 3593 uno
2833 3538 3033 3606 lsrael,
3059 3539 3315 3594 universi
3342 3538 3501 3593 orbis
3527 3536 3930 3592 hareditatem

2278 3627 2651 3678 consecutus.
2712 3624 2902 3679 Funes
2960 3625 3019 3679 in
3075 3625 3413 3680 haereditate
3473 3623 3733 3677 dantur:
3789 3622 3927 3694 quia

2278 3710 2434 3779 quod
2465 3710 2630 3777 dixit,
2684 3733 2711 3759 ‹‹
2744 3712 3082 3767 ceciderunt
3112 3711 3259 3767 mihi
3291 3712 3350 3766 in
3381 3710 3694 3781 praclaris,
3730 3732 3759 3759 »
3809 3716 3935 3765 tan-

2280 3797 2547 3852 tumdem
2595 3802 2703 3866 est,
2749 3816 2815 3853 ac
2868 3798 2917 3853 si
2972 3798 3148 3864 dicat,
3192 3799 3252 3853 in
3308 3797 3680 3871 patriarchis,
3713 3800 3770 3852 et
3800 3814 3933 3869 pro-

2280 3884 2474 3955 phetis
2516 3891 2691 3956 atque
2739 3886 3019 3958 apostolis
3054 3904 3067 3940 :
3115 3886 3205 3942 vel
3254 3903 3658 3960 quoscumque
3689 3887 3949 3951 advoca;

2280 3972 2426 4027 verit
2485 3973 2672 4041 Pater,
2733 3973 3004 4029 Christus
3070 3992 3272 4031 secum
3339 3975 3562 4047 recipit.
3620 3978 3938 4047 Propterea

2284 4060 2447 4129 dixit,
2480 4063 2542 4116 in
2569 4063 2879 4131 praetoris,
2914 4064 3135 4119 sanctis
3163 4064 3251 4120 vel
3284 4063 3587 4137 apostolis.

2356 4190 2382 4217 ‹‹
2416 4168 2763 4225 Benedicam
2796 4169 3112 4226 Dominum
3157 4172 3258 4242 qui
3307 4171 3515 4227 tribuit
3561 4171 3707 4226 mihi
3760 4171 3929 4228 intel-

2282 4255 2521 4311 lectum.
2549 4280 2577 4307 »
2609 4258 2730 4315 Vox
2757 4258 2964 4329 capitis
2995 4276 3129 4314 cum
3164 4260 3465 4316 membris.
3501 4259 3735 4316 Tribuit
3763 4260 3932 4316 intel-

2282 4342 2494 4399 lectum
2527 4346 2895 4402 discernendi
2932 4347 3082 4402 inter
3112 4348 3334 4403 bonum
3366 4353 3424 4403 et
3453 4346 3676 4403 malum
3711 4365 3724 4401 :
3775 4348 3929 4403 inter

2283 4450 2524 4490 sensum
2573 4440 2629 4491 et
2682 4434 2985 4491 litteram:
3044 4437 3198 4492 inter
3247 4437 3432 4493 Deum
3477 4440 3535 4491 et
3574 4437 3927 4509 proximum,

2285 4522 2432 4577 inter
2472 4523 2662 4579 lucem
2711 4530 2768 4579 et
2814 4526 3105 4580 tenebras.
3168 4547 3196 4575 ‹‹
3229 4524 3575 4580 Benedicam
3617 4526 3930 4580 Dominum

2285 4611 2382 4682 qui
2417 4611 2562 4666 mihi
2593 4613 2801 4667 tribuit
2832 4612 3213 4668 intellectum.
3247 4636 3276 4663 »
3330 4613 3438 4679 Qui
3488 4613 3780 4685 sapientia
3831 4613 3933 4668 Dei

2282 4705 2390 4768 est,
2425 4718 2541 4756 non
2601 4702 2827 4773 indiget
2882 4700 3011 4773 ipsa
3068 4701 3403 4773 sapientia:
3458 4702 3559 4757 sed
3605 4702 3933 4757 secundum

2286 4788 2432 4843 illud
2491 4789 2896 4861 accipiendum
2956 4790 3109 4860 quod
3178 4789 3237 4844 in
3304 4789 3613 4862 Evangelio
3671 4789 3928 4846 dicitur:

2282 4881 2439 4931 Iesus
2488 4877 2817 4949 proﬁciebat
2864 4881 3042 4945 atate,
3083 4879 3356 4949 sapientia
3409 4883 3464 4935 et
3513 4880 3696 4949 gratia
3740 4894 3928 4935 coram

2285 4966 2388 5020 Deo
2435 4969 2488 5020 et
2533 4964 2845 5020 hominibus
2876 4967 3028 5037 (Luc.
3064 4983 3125 5034 ιι,
3154 4968 3268 5035 52).
3330 4990 3351 5017 ι
3388 4971 3634 5039 Insuper
3661 4972 3719 5022 et
3748 4983 3932 5038 usque

2284 5053 2357 5108 ad
2390 5058 2619 5109 noctem
2652 5054 3069 5126 increpuerunt
3097 5072 3191 5110 me
3222 5073 3391 5115 renes
3425 5057 3559 5111 mei.
3596 5078 3624 5104 ››
3668 5055 3929 5126 Noctem,

2282 5147 2516 5213 tempus
2545 5141 2838 5215 signiﬁcat
2867 5142 3161 5214 passionis
3197 5160 3210 5198 :
3265 5145 3326 5199 in
3356 5161 3473 5216 quo
3507 5144 3768 5200 interiori
3798 5161 3931 5199 eru-

2282 5230 2403 5286 dita
2428 5236 2518 5286 est
2547 5231 2852 5287 divinitate
2883 5232 3146 5289 humana
3175 5232 3486 5305 fragilitas.
3551 5254 3573 5281 α
3605 5233 3851 5305 Insuper
3879 5236 3939 5287 et

2281 5336 2469 5390 usque
2509 5320 2581 5374 ad
2622 5326 2849 5375 noctem
2899 5320 3317 5394 increpuerunt
3366 5340 3459 5378 me
3509 5336 3679 5378 renes
3731 5321 3866 5377 mei.
3905 5343 3927 5370 ιι

2284 5407 2701 5464 Delectationes
2730 5409 2996 5465 carnales
3025 5414 3166 5466 tunc
3204 5428 3299 5467 me
3329 5412 3654 5483 increpant,
3688 5410 3923 5482 quando

2279 5496 2423 5551 mihi
2490 5502 2809 5569 suggerunt
2872 5502 2936 5553 ut
2993 5516 3245 5570 peccem,
3306 5500 3540 5572 quando
3606 5499 3926 5554 delectatur

2276 5601 2428 5640 caro.
2462 5585 2572 5640 Sed
2605 5585 2717 5640 nisi
2759 5590 2822 5640 tu
2868 5586 3080 5644 fuisses
3129 5606 3164 5645 a
3210 5588 3448 5658 dextris,
3481 5588 3724 5645 forsitan
3756 5587 3918 5643 inﬁr-

2275 5689 2484 5729 marer.

2346 5802 2373 5829 «
2404 5778 2783 5838 Providebam
2814 5782 3133 5868 Dominum
3160 5783 3222 5865 in
3253 5789 3568 5867 conspectu
3599 5799 3729 5841 meo
3757 5798 3910 5841 sem-
