4220 6640
341 513 462 571 909

340 746 375 784 a
404 729 621 784 dextris
653 732 741 783 est
771 726 913 781 mihi
946 742 1018 781 ne
1072 728 1454 782 commovear.
1489 748 1517 776 »
1549 730 1626 783 Ac
1674 728 1723 782 si
1784 728 1937 782 dicat
1970 746 1984 782 :

340 819 396 873 Si
429 824 491 872 tu
538 833 651 871 non
713 816 926 871 fuisses
985 832 1020 869 a
1073 814 1310 885 dextris,
1362 815 1604 871 forsitan
1660 821 1989 871 commotus

343 922 533 961 essem
564 905 634 960 de
664 905 777 960 fide
808 905 880 960 ad
932 903 1357 971 inﬁdelitatem,
1403 904 1474 959 de
1531 897 1683 960 bono
1740 907 1811 960 ad
1866 922 1987 959 ma-

344 994 493 1050 lum.

414 1106 441 1132 ‹‹
478 1083 717 1154 Propter
754 1081 863 1136 hoc
913 1080 1172 1135 laetatum
1232 1085 1321 1135 est
1376 1097 1475 1136 cor
1522 1097 1741 1147 meum,
1803 1104 1823 1129 ιι
1877 1085 1986 1135 etc.

343 1171 584 1242 Propter
613 1168 1102 1226 resurrectionem
1135 1168 1367 1223 lzstatus
1398 1185 1551 1235 sum,
1574 1169 1712 1241 quia
1742 1186 1840 1238 per
1860 1184 1985 1223 eam

340 1256 623 1313 liberatus
653 1263 743 1312 est
773 1258 1054 1323 mundus,
1088 1255 1274 1311 Aliter
1307 1273 1319 1309 :
1359 1277 1386 1306 «
1420 1261 1668 1328 Propter
1696 1256 1804 1311 hoc
1832 1256 1988 1311 laeta-

341 1351 469 1402 tum
522 1350 610 1400 est
653 1362 751 1400 cor
807 1360 1028 1411 meum,
1079 1350 1135 1399 et
1164 1344 1475 1400 exsultavit
1516 1343 1721 1416 lingua
1751 1361 1897 1400 mea.
1962 1366 1989 1391 ››

342 1435 583 1506 Propter
614 1434 795 1500 istud,
830 1434 985 1506 quod
1040 1449 1134 1488 me
1182 1434 1447 1503 adjuvas,
1479 1450 1577 1487 cor
1610 1450 1807 1487 meum
1836 1433 1990 1487 heta-

342 1528 460 1590 tur,
493 1522 696 1594 lingua
727 1538 857 1577 mea
889 1522 1166 1593 praedicat
1208 1538 1220 1576 :
1254 1544 1283 1571 «
1344 1522 1588 1593 Insuper
1617 1526 1673 1576 et
1701 1538 1833 1576 caro
1864 1538 1994 1576 mea

344 1610 671 1682 requiescet
700 1611 759 1665 in
789 1627 913 1681 spe.
949 1633 979 1658 »
1010 1610 1132 1664 Vox
1163 1609 1399 1665 Christi.
1437 1611 1541 1665 Pro
1594 1626 1843 1681 persona
1873 1626 1994 1664 cor-

346 1699 504 1771 poris
536 1698 827 1769 requiscet
860 1699 917 1753 in
953 1715 1075 1770 spe.
1111 1704 1191 1753 Ac
1240 1698 1290 1754 si
1320 1698 1477 1754 dicat
1509 1716 1521 1753 :
1555 1698 1833 1769 Ecclesia,
1867 1715 1993 1769 quae

346 1794 432 1843 est
465 1805 599 1843 caro
631 1804 780 1856 mea,
813 1789 986 1843 modo
1017 1788 1331 1857 requiescit
1387 1788 1448 1842 in
1507 1804 1649 1859 spe;
1680 1788 1739 1842 id
1793 1792 1900 1854 est,
1934 1787 1995 1841 in

348 1894 450 1949 spe
475 1876 923 1933 resurrectionis
947 1893 960 1930 :
988 1880 1053 1931 ut
1078 1876 1175 1931 ubi
1201 1880 1379 1947 caput
1404 1876 1997 1948 praecessit,membra

349 1971 691 2038 sequantur.

419 2079 448 2107 «
481 2054 767 2120 Quoniam
799 2071 915 2109 non
950 2052 1319 2125 derelinques
1378 2054 1634 2110 animam
1700 2071 1890 2110 meam
1938 2054 1996 2108 in

347 2144 597 2199 inferno.
651 2166 679 2193 ››
728 2144 846 2198 Non
892 2142 1234 2213 derclinques
1263 2161 1282 2197 :
1315 2143 1452 2214 quia
1498 2147 1804 2215 propterea
1860 2142 1998 2198 illuc

347 2232 669 2298 descendit,
720 2235 787 2286 ut
833 2230 1045 2285 electos
1098 2248 1237 2286 suos
1267 2232 1475 2287 exinde
1505 2232 1758 2302 ejiceret,
1790 2237 1847 2286 et
1876 2232 1999 2286 dia-

349 2320 550 2377 bolum
581 2320 806 2391 ligaret.
842 2318 1113 2375 Diabolus
1145 2324 1317 2375 antea
1373 2337 1434 2375 se
1490 2320 1686 2375 taliter
1717 2322 1998 2390 jactabat,

352 2414 417 2463 ut
441 2409 643 2464 omnia
696 2424 876 2480 regna
923 2407 1129 2462 mundi
1155 2408 1394 2463 haberet
1444 2409 1648 2480 (Matth.
1684 2426 1758 2479 1v,
1789 2409 1867 2479 9),
1900 2409 2001 2463 sed

356 2499 531 2553 modo
562 2514 676 2552 non
710 2497 903 2552 solum
952 2496 1119 2551 illum
1154 2500 1352 2552 tenere
1382 2514 1497 2552 non
1530 2497 1738 2568 potuit,
1773 2499 1873 2553 sed
1908 2515 2003 2569 po-

356 2587 476 2642 tius
507 2603 542 2641 a
570 2585 795 2640 Christo
855 2584 1071 2657 ligatus
1120 2585 1478 2656 perhibetur.
1535 2588 1641 2641 Nec
1690 2586 1844 2641 dabis
1875 2603 2003 2640 san-

360 2682 508 2730 ctum
536 2681 695 2729 tuum
733 2674 920 2729 videre
947 2676 1370 2743 corruptionem.
1431 2676 1731 2738 Quomodo
1791 2675 1932 2730 dicit
1989 2692 2001 2730 :

364 2763 491 2821 Non
514 2763 680 2817 dabis
711 2763 904 2817 videre
936 2763 1433 2832 corrumptionem
1465 2781 1478 2817 :
1510 2764 1649 2817 dum
1678 2763 1815 2818 alibi
1842 2764 2003 2819 dicit:

366 2857 503 2925 Qum
551 2852 769 2906 utilitas
802 2853 860 2904 in
905 2852 1173 2921 sanguine
1230 2867 1352 2906 meo
1395 2851 1521 2905 dum
1579 2851 1902 2907 descendero
1950 2856 2009 2907 in

365 2942 772 3011 corruptiorem
802 2940 975 3009 (Psal.
1008 2957 1161 3005 XXIX,
1200 2940 1283 3010 10)
1304 2940 1331 2994 ?
1384 2941 1509 2995 Non
1540 2942 1610 2994 de
1640 2941 2009 3011 corruptione

367 3028 626 3101 corporis
657 3027 868 3082 Christi
901 3028 959 3082 in
992 3028 1260 3098 sepulcro
1319 3028 1460 3083 dicit
1488 3048 1500 3095 ;
1535 3029 1635 3084 sed
1668 3030 1738 3083 de
1778 3034 2008 3083 caetero-

367 3134 499 3172 rum
531 3121 889 3173 sanctorum.

440 3228 467 3255 ‹‹
501 3205 679 3261 Notas
712 3205 857 3259 mihi
889 3205 1073 3259 fecisti
1105 3204 1229 3260 vias
1264 3205 1414 3259 vitae.
1451 3227 1477 3253 ››
1508 3206 1631 3261 Vox
1682 3206 1885 3277 capitis
1907 3223 2010 3278 pro

370 3311 626 3366 corpore.
661 3294 774 3347 Viae
805 3294 955 3359 vitae,
988 3294 1266 3349 mandata
1287 3293 1499 3349 Christi
1555 3300 1695 3349 sunt
1726 3312 1739 3350 :
1776 3300 1840 3350 ut
1869 3294 2010 3350 scri-

370 3363 537 3455 ptu—m
569 3388 658 3438 est
685 3401 697 3437 :
734 3383 798 3437 Si
823 3385 905 3437 vis
958 3382 1028 3437 ad
1058 3385 1226 3437 vitam
1258 3383 1491 3453 ingredi,
1553 3400 1709 3438 serva
1748 3384 2014 3438 mandata
2042 3363 2085 3428 C

372 3473 577 3543 (Matth.
622 3489 717 3525 xIx
776 3472 883 3542 17).
942 3471 1272 3542 Adimplebis
1328 3487 1415 3525 me
1471 3473 1668 3525 laetitia
1711 3488 1835 3526 cum
1867 3473 2018 3527 vultu

373 3571 479 3617 tuo.
515 3562 679 3615 Tunc
709 3559 820 3615 erit
850 3559 1025 3630 plena
1053 3558 1276 3624 laetitia,
1313 3576 1446 3613 cum
1489 3560 1813 3614 adunatum
1847 3560 2019 3615 fuerit

374 3666 583 3721 corpus
641 3648 906 3703 Ecclesiae
964 3648 1023 3702 in
1082 3664 1326 3719 regnum
1390 3649 1529 3703 Dei:
1565 3649 1672 3703 hoc
1728 3654 1836 3713 est,
1895 3666 2020 3702 cum

373 3737 661 3792 tradiderit
697 3753 931 3804 regnum
984 3737 1089 3790 Deo
1125 3737 1278 3790 “atri
1304 3752 1407 3791 suo
1460 3757 1479 3790 .-
1537 3745 1665 3791 tunc
1721 3739 1830 3792 erit
1885 3738 2021 3792 Deus

377 3826 563 3880 omnia
593 3828 653 3879 in
680 3826 931 3880 omnibus
993 3825 1040 3895 (Ι
1085 3825 1205 3879 Cor.
1236 3841 1328 3895 xv,
1360 3827 1450 3891 24,
1509 3826 1623 3893 28).
1683 3849 1703 3873 σι
1764 3825 2020 3880 Delecta-

379 3914 567 3969 tiones
598 3914 656 3967 in
703 3914 938 3968 dextera
982 3917 1083 3968 tua
1132 3929 1320 3985 usque
1372 3914 1431 3967 in
1464 3913 1661 3968 ﬁnem.
1716 3936 1742 3963 ››
1788 3919 2025 3969 Dextera

382 4002 585 4071 Patris,
646 4001 828 4056 Filius
878 4005 984 4056 est.
1052 4025 1072 4049 (ι
1136 4001 1443 4058 Delectatio
1498 4002 1627 4056 vitae
1685 4008 1911 4057 aeternae
1964 4003 2020 4057 in

381 4093 646 4158 dextera;
676 4112 703 4142 »
735 4090 795 4143 id
827 4094 934 4158 est,
965 4090 1026 4145 in
1052 4092 1440 4162 prosperitate
1472 4108 1598 4161 quae
1628 4091 1770 4146 Filio
1802 4092 1977 4146 datur
2011 4108 2024 4145 :

385 4203 411 4230 ‹‹
446 4179 641 4251 Usque
670 4179 730 4233 in
762 4179 938 4247 finem
970 4198 985 4247 ς
1028 4200 1058 4229 ››
1102 4195 1166 4234 ac
1199 4180 1247 4233 si
1280 4179 1452 4245 dicat,
1510 4180 1637 4234 sine
1686 4181 1799 4234 ﬁne
1832 4197 1845 4233 :
1893 4180 2029 4251 quia

386 4267 520 4321 ﬁnis
548 4266 693 4337 legis
725 4266 992 4322 Christus
1023 4272 1110 4321 est
1126 4265 1521 4335 ad‘justitiam
1556 4268 1714 4321 omni
1747 4267 2026 4323 credenti:

386 4355 525 4427 quia
580 4354 881 4426 plenitudo
933 4354 1078 4426 legis
1137 4354 1414 4423 charitas,
1473 4360 1531 4409 et
1589 4356 1722 4410 finis
1763 4355 2030 4427 praecepti

387 4444 665 4500 Charitas.
725 4443 902 4498 Aliter
958 4461 971 4497 :
1035 4465 1062 4493 ‹‹
1124 4441 1546 4497 Delectationes
1576 4442 1634 4497 in
1668 4444 1903 4499 dextera
1932 4449 2034 4498 tua

389 4548 578 4603 usque
631 4532 690 4587 in
751 4531 948 4588 ﬁnem.
984 4553 1012 4579 n
1045 4536 1109 4585 In
1156 4530 1259 4585 illa
1286 4530 1612 4585 delectabili
1645 4532 1901 4603 potentia
1934 4537 2035 4585 tua

390 4638 517 4692 quae
549 4627 745 4676 tecum
776 4621 965 4677 sancti
1023 4624 1162 4676 sunt
1220 4618 1539 4691 regnaturi,
1572 4635 1697 4690 quae
1729 4618 1888 4675 nullo
1920 4619 2035 4675 ﬁne

391 4709 777 4766 concluditur.
830 4710 993 4765 Unde
1024 4726 1121 4765 eos
1178 4710 1559 4780 deprecamur
1588 4712 1687 4763 aut
1718 4709 1789 4763 ab
1821 4708 1913 4763 his
1938 4726 2036 4763 ne-
2069 4723 2116 4787 D
2149 4708 2302 4783 dign:

393 4816 688 4872 quaquam
723 4798 1025 4870 disjuncti,
1052 4798 1100 4853 si
1133 4815 1249 4854 non
1281 4814 1573 4853 meremur
1602 4798 1797 4852 vestiri
1834 4798 2037 4870 gloria,

393 4907 510 4944 non
542 4888 924 4944 excludamur
953 4906 987 4943 a
1015 4886 1341 4943 venia.Tibi
1372 4890 1460 4941 est
1489 4886 1644 4940 enim
1677 4903 1809 4941 cum
1831 4891 2041 4941 interno

392 4982 563 5032 Patre
595 4981 652 5031 et
682 4976 903 5048 Spiritu
962 4982 1166 5032 sancto
1198 4975 1385 5031 honor
1414 4978 1470 5028 et
1495 4974 1679 5046 gloria
1738 4975 1795 5029 in
1828 4974 2042 5031 saecula

391 5065 764 5122 saeculorum.
798 5068 1005 5121 Amen.

985 5153 1309 5210 PSALMUS
1365 5151 1507 5207 XVI.

394 5245 606 5300 Sextus
637 5243 900 5298 decimus
932 5242 1198 5316 psalmus
1256 5240 1576 5316 orationem
1627 5240 1887 5295 continet
1917 5256 2044 5316 per-

469 5331 624 5370 sonae
657 5311 970 5370 Dominicis
1000 5315 1311 5384 conjuncto
1342 5311 1452 5384 sibi
1487 5327 1749 5382 corpore,
1783 5311 1935 5384 quod
1960 5315 2050 5384 est

470 5385 747 5441 Ecclesia.
809 5386 993 5442 Oratio
1052 5381 1246 5440 David.
1295 5383 1379 5438 Ad
1412 5387 1530 5438 tres
1564 5381 1841 5454 personas
1863 5381 2047 5454 intel-

471 5456 696 5529 iigitur.
734 5458 873 5529 Haec
903 5456 1088 5512 oratio
1130 5456 1191 5510 in
1223 5460 1476 5527 quatuor
1506 5452 1750 5529 psalmis
1779 5452 2047 5529 habetur.

475 5524 586 5584 iste
618 5528 887 5600 psalmus
917 5531 1189 5583 cantatur
1219 5524 1287 5582 e'x
1315 5524 1565 5598 persona
1593 5524 1808 5579 Christi
1848 5529 2055 5580 contra

486 5708 497 5741 ¹
535 5707 774 5761 Minime
826 5721 958 5762 vero
995 5720 1193 5776 meam
1250 5704 1476 5776 addunt
1519 5703 1922 5776 Septuaginta,
1957 5703 2053 5776 qui

418 5784 651 5835 tantum
691 5779 908 5834 habent
964 5775 1293 5845 εὶσάκουσον,
1354 5772 1533 5847 Κύριε,
1596 5770 1707 5842 ’τῆς
1743 5770 2060 5827 ⁷δτκοιιοὸύ-

1513 506 2016 570 BREVIARIUM
2060 507 2137 567 IN
2183 508 2562 569 PSALMOS.

338 657 460 714 per.
491 662 519 689 ››
552 639 733 695 Filius
780 636 1291 703 Patrem,Ecclesia
1320 637 1618 693 Christum
1640 657 1687 694 :«
1702 640 1986 703 Quoniam
2014 641 2070 706 Α

3623 508 3743 568 910

2169 638 2443 705 Judieos;
2476 643 2534 693 et
2561 655 2629 693 ex
2677 656 2924 710 persona
2971 636 3237 693 Ecclesia;
3285 641 3487 710 contra
3515 636 3742 710 haereti-

2170 726 2287 764 cos.
2340 711 2647 780 Exponunt
2680 708 2934 769 Hebrazi.
2977 710 3130 781 quod
3179 709 3412 781 quando
3446 708 3741 779 psalmum

2171 781 2351 835 David
2384 783 2656 846 cantavit,
2691 782 2829 853 quia
2857 780 3044 836 dixit:
3077 780 3347 853 Exaudi,
3381 780 3629 846 Domine,
3650 780 3744 850 ju-

2169 855 2382 925 stitiam
2412 870 2590 925 meam
2627 870 2645 912 :
2690 850 2793 925 pro
2836 853 2965 923 ipsa
3012 850 3631 925 prasumptionqgua
3678 867 3741 925 se

2171 924 2430 977 exaudiri
2462 941 2565 995 pro
2597 921 2708 979 sua
2735 921 2973 995 just'itia
3013 921 3296 993 jactabat,
3349 922 3655 977 cecidisset
3681 921 3741 976 in

2172 1010 2413 1048 crimen.

2174 1123 2201 1148 «
2271 1101 2509 1168 Exaudi,
2571 1101 2811 1157 Domine
2868 1100 3163 1171 justitiam
3232 1117 3445 1155 meam.
3500 1120 3529 1150 η
3566 1100 3742 1155 Juxta

2102 1188 2259 1255 LXX,
2296 1190 2437 1243 Deus
2457 1190 2713 1260 justitiw,
2746 1188 2835 1244 vel
2884 1189 3038 1244 Deus
3072 1189 3269 1259 justus
3310 1193 3540 1244 natura.
3573 1189 3742 1253 Nam,

2100 1278 2339 1347 Exaudi,
2398 1278 2558 1347 Deus,
2626 1278 2914 1347 justitiam
2990 1294 3172 1332 meam
3229 1279 3267 1343 ¹,
3336 1277 3430 1331 hic
3497 1293 3748 1349 persona

2100 1365 2315 1420 Christi
2347 1366 2520 1421 datur
2550 1366 2793 1439 intelligi
2840 1383 2852 1420 :
2895 1386 2922 1418 α
2951 1366 3192 1432 Exaudi,
3236 1370 3409 1433 Deus,
3450 1364 3747 1435 justitiam

2104 1471 2293 1508 meam
2320 1472 2333 1521 ;
2370 1477 2397 1502 »
2428 1471 2534 1509 vox
2562 1455 2778 1509 Christi
2811 1456 2868 1510 in
2901 1455 3190 1526 passione,
3235 1458 3292 1508 et
3319 1470 3428 1508 vox
3481 1454 3748 1509 Ecclesia

2103 1542 2162 1597 in
2194 1542 2590 1597 tribulatione.
2638 1542 2743 1598 Vel
2769 1543 3060 1614 justitiam
3093 1543 3234 1598 dicit
3266 1541 3521 1597 Ecclesia
3554 1558 3745 1610 suam,

2105 1635 2163 1684 et
2193 1647 2307 1685 non
2340 1647 2507 1685 suam
2544 1647 2556 1685 :
2590 1630 2740 1694 Quid
2791 1633 2962 1699 [Fort.
3016 1631 3174 1702 quia]
3224 1647 3411 1693 suam,
3467 1630 3518 1685 si
3547 1629 3753 1700 implet

2107 1720 2384 1774 mandata
2441 1718 2543 1773 Dei
2583 1720 2643 1773 in
2692 1736 2881 1789 opere.
2914 1720 3039 1774 Non
3090 1736 3260 1774 suam
3309 1737 3322 1773 :
3376 1718 3513 1789 quia
3556 1736 3591 1774 a
3642 1724 3753 1774 Deo

2106 1808 2300 1874 datur,
2333 1824 2448 1863 non
2481 1824 2515 1862 a
2543 1823 2623 1864 se.
2661 1830 2690 1857 «
2722 1807 2964 1875 Exaudi,
2992 1807 3482 1879 Deus,justitiam
3504 1823 3753 1873 meam;»

2107 1896 2245 1967 quia
2273 1896 2379 1951 tibi
2413 1913 2599 1967 usque
2629 1896 2699 1951 ad
2732 1901 2976 1952 mortem
3010 1895 3287 1951 obediens
3320 1895 3422 1950 fui.
3455 1916 3482 1945 «
3514 1896 3756 1951 Intende

2025 2005 2075 2069 B
2105 1984 2573 2057 deprecationem
2609 2002 2821 2050 meam,
2877 2007 2904 2034 ››
2956 1983 3287 2040 Differentia
3327 1987 3416 2039 est
3442 1983 3595 2040 inter
3623 2001 3756 2039 ora-

2107 2074 2326 2129 tionem
2384 2078 2442 2128 et
2489 2073 2983 2145 deprecationem.
3042 2072 3236 2128 Oratio
3279 2076 3619 2128 sanctorum
3669 2076 3759 2128 est

2110 2180 2212 2234 pro
2245 2162 2489 2231 devotis,
2538 2165 2603 2216 ut
2634 2165 3001 2233 perseverent
3058 2161 3117 2215 in
3164 2162 3336 2216 bono.
3397 2162 3756 2231 Deprecatio,

2110 2268 2215 2323 pro
2246 2250 2496 2322 peccatis
2527 2250 2674 2318 suis,
2706 2250 2791 2306 vel
2838 2250 3108 2305 aliorum.
3161 2238 3361 2306 Totius
3413 2254 3504 2305 est
3551 2250 3761 2321 depre-

2112 2340 2281 2395 catio.

2190 2452 2210 2478 «
2246 2429 2496 2483 Auribus
2542 2428 2771 2499 percipe
2820 2428 3139 2484 orationem
3190 2444 3401 2483 meam.
3448 2450 3476 2478 »
3505 2429 3620 2484 Hoc
3649 2431 3759 2495 est,

2113 2517 2174 2573 in
2219 2516 2328 2572 hoc
2384 2518 2540 2587 quod
2591 2533 2751 2588 rogo,
2802 2540 2831 2566 ‹‹
2866 2517 3111 2572 auribus
3158 2517 3389 2588 percipe
3437 2516 3762 2572 orationem

2119 2622 2334 2661 meam.
2371 2628 2398 2653 »
2429 2605 2567 2660 Orat
2596 2605 2753 2659 enim
2785 2622 2901 2660 non
2930 2605 3245 2660 diminutio
3269 2604 3524 2676 deitatis,
3558 2605 3659 2660 sed
3681 2604 3765 2658 in-

2115 2694 2366 2748 ﬁrmitas
2398 2693 2609 2748 carnis.
2644 2716 2670 2743 ‹‹
2716 2693 2841 2747 Non
2873 2692 2930 2746 in
2974 2691 3145 2747 labiis
3176 2692 3414 2747 dolosis.
3453 2714 3483 2741 »
3513 2692 3625 2747 Sed
3659 2708 3766 2763 per

2121 2781 2439 2854 puritatem
2471 2798 2599 2852 quae
2630 2781 2736 2835 tibi
2768 2786 2858 2837 est
2888 2780 3120 2852 placita.

2190 2893 2219 2921 ‹‹
2274 2877 2347 2925 De
2394 2869 2557 2925 vultu
2596 2874 2697 2924 tuo
2720 2870 3014 2940 judicium
3049 2885 3247 2925 meum
3280 2870 3539 2940 prodeat.
3572 2889 3599 2922 ο
3634 2869 3760 2925 Non

2118 2959 2178 3013 in
2232 2958 2404 3013 labiis
2436 2958 2672 3013 dolosis.
2707 2961 2785 3012 Ac
2817 2959 2863 3014 si
2898 2959 3053 3013 dicat
3103 2974 3115 3012 :
3170 2959 3389 3014 Exaudi
3437 2958 3763 3014 orationem

2122 3064 2338 3111 meam,
2372 3048 2511 3118 quia
2539 3064 2605 3102 ex
2632 3052 2751 3102 toto
2784 3048 2955 3102 corde
2985 3064 3083 3103 oro
3130 3064 3144 3101 :
3187 3064 3301 3102 non
3351 3048 3504 3102 sicut
3542 3047 3629 3102 illi
3660 3047 3762 3119 qui

2119 3136 2180 3191 in
2211 3135 2382 3191 labiis
2414 3135 2652 3205 dolosis,
2685 3137 2825 3208 quia
2855 3135 3014 3191 aliud
3045 3135 3452 3207 loquuntur,et
3475 3135 3636 3192 aliud
3666 3136 3765 3192 ha-

2121 3222 2259 3281 bent
2287 3225 2346 3279 in
2379 3226 2569 3291 corde,
2618 3224 2737 3280 sive
2768 3224 3041 3291 haaretici,
3103 3226 3225 3280 sive
3280 3225 3463 3280 Judaei
3527 3242 3541 3279 :
3602 3249 3623 3275 α
3687 3226 3764 3280 De

2120 3315 2286 3369 vultu
2318 3319 2419 3368 tuo
2443 3312 2737 3383 judicium
2767 3330 2964 3368 meum
3014 3314 3274 3383 prodeat,
3324 3330 3439 3367 non
3480 3313 3539 3367 in
3571 3313 3766 3380 labiis,

2125 3402 2364 3459 dolosis.
2402 3425 2430 3451 ››
2484 3405 2606 3455 Vox
2637 3401 2852 3457 Christi
2884 3402 2955 3455 ad
3007 3401 3255 3455 Patrem.
3289 3400 3436 3463 Quia
3465 3400 3565 3471 qui
3613 3400 3772 3455 labia

2125 3493 2345 3547 habent
2374 3489 2595 3554 dolosa,
2657 3506 2747 3543 me
2768 3489 3058 3558 judicent,
3093 3489 3193 3544 sed
3226 3487 3357 3544 illos
3387 3492 3452 3542 tu
3473 3488 3683 3558 judica
3712 3488 3771 3543 in

2124 3581 2342 3635 futuro.
2390 3577 2679 3648 PrOpheta
2723 3593 2838 3631 non
2872 3577 3147 3647 optando,
3183 3577 3283 3631 sed
3342 3576 3774 3648 pronuntiando

2129 3668 2288 3723 dicit.
2323 3671 2439 3722 Hoc
2471 3666 2731 3720 ostendit
2760 3666 2914 3736 quod
2947 3665 3210 3720 facturus
3261 3670 3351 3721 est
3402 3665 3687 3721 Dominus
3718 3664 3779 3720 in

2122 3757 2345 3828 judicio
2380 3773 2392 3810 :
2433 3776 2457 3807 ιι
2507 3753 2670 3809 Oculi
2702 3753 2815 3809 mei
2870 3753 3105 3809 videant
3163 3754 3518 3825 (equitatem.
3558 3776 3577 3802 ι
3609 3752 3779 3809 Oculi

2132 3844 2372 3914 Christi,
2421 3843 2607 3899 sancti
2658 3842 3081 3915 praedicatores,
3131 3843 3386 3909 videant,
3437 3842 3495 3896 id
3545 3848 3655 3908 est,
3699 3842 3785 3896 in-

2132 3932 2423 4005 telligant,
2456 3932 2815 4003 aequitatem,
2846 3931 2903 3985 id
2935 3936 3044 3994 est,
3070 3929 3482 4001 aequalitatem,
3516 3934 3582 3985 ut
3604 3929 3790 4000 justi-

2135 4022 2281 4076 tiam
2316 4037 2492 4092 quam
2525 4019 2857 4091 praedicant,
2882 4035 2989 4090 ope
3018 4018 3317 4089 impleant.

2207 4134 2233 4159 α
2271 4109 2534 4164 Probasti
2568 4124 2667 4162 cor
2698 4124 2918 4172 meum,
2948 4107 3128 4175 Deus,
3157 4110 3215 4160 et
3249 4105 3498 4161 visitasti
3529 4110 3718 4160 nocte.
3756 4127 3785 4154 ››

2136 4198 2326 4253 Etiam
2375 4197 2433 4250 in
2485 4195 2776 4266 angustiis
2824 4211 2918 4249 me
2970 4193 3232 4265 probasti
3290 4193 3428 4264 quia
3474 4192 3679 4265 tristis,
3730 4197 3789 4248 et

2137 4286 2293 4341 velut
2324 4285 2380 4339 in
2414 4285 2667 4355 quadam
2720 4299 2997 4355 pressura
3041 4298 3174 4337 sum
3224 4282 3414 4337 noctis
3444 4282 3785 4337 tenebrosae.

2141 4398 2168 4425 «
2221 4373 2486 4429 Probasti
2535 4389 2635 4428 cor
2680 4388 2898 4440 meum,
2976 4372 3148 4426 Deus.
3205 4395 3226 4422 ι
3284 4371 3406 4426 Vox
3456 4370 3668 4425 Christi
3716 4370 3789 4425 ad

2144 4465 2396 4519 Patrem.
2432 4461 2696 4516 Probasti
2753 4460 3046 4516 Christum
3081 4459 3139 4514 in
3187 4459 3479 4531 passione,
3510 4462 3568 4515 et
3596 4457 3793 4514 Eccle-

2148 4552 2298 4607 siam
2331 4551 2390 4605 in
2444 4548 2843 4605 tribulatione.
2908 4570 2935 4598 «
2967 4549 3106 4620 Igne
3154 4564 3247 4603 me
3277 4546 3643 4603 examinasti.
3674 4568 3702 4596 »
3730 4546 3795 4601 Id

2144 4644 2252 4706 est,
2285 4656 2387 4710 per
2417 4639 2604 4709 ipsam
2662 4636 3098 4692 tribulationem
3148 4640 3384 4708 peccata
3433 4653 3561 4692 mea
3590 4636 3799 4691 confu—

2359 4749 2387 4776 «
2442 4727 2509 4780 Et
2557 4742 2670 4779 non
2724 4729 2813 4779 est
2866 4725 3103 4779 inventa
3154 4724 3214 4779 in
3265 4741 3358 4780 me
3389 4724 3690 4796 iniquitas.
3728 4723 3802 4779 Ut

2153 4832 2269 4872 non
2298 4816 2571 4886 loquatur
2602 4830 2665 4868 os
2697 4830 2893 4869 meum
2949 4829 3124 4885 opera
3172 4813 3503 4869 hominum.
3538 4835 3566 4863 »
3598 4811 3802 4877 Qualia

2154 4909 2294 4960 sunt
2323 4920 2498 4975 opera
2525 4902 2833 4957 hominum
2865 4902 2893 4956 ‘I
2917 4902 3222 4958 Vanitates
3253 4919 3401 4974 quas
3436 4902 3548 4974 ipsi
3579 4905 3797 4957 amant:

2150 4993 2240 5049 vel
2291 4993 2518 5047 diversa
2564 4992 2818 5063 negotia,
2873 4991 2987 5046 ista
3035 4996 3176 5047 sunt
3222 4990 3530 5046 hominum
3577 5002 3799 5059 opera;

2154 5082 2308 5137 sicut
2336 5082 2395 5136 in
2437 5080 2742 5151 Evangelio
2777 5079 3055 5135 Dominus
3088 5080 3230 5135 dicit
3262 5080 3412 5150 (Luc.
3445 5094 3558 5132 xiv.
3595 5074 3801 5145 18-20).

2155 5170 2316 5235 Quod
2349 5168 2395 5225 si
2432 5170 2501 5224 de
2529 5168 2703 5224 verbo
2734 5167 2918 5224 otioso
2959 5168 3222 5223 redditur
3267 5166 3412 5221 ratio
3455 5163 3664 5232 (Matth.
3697 5178 3802 5240 xu,

2156 5260 2243 5330 36)
2273 5274 2285 5313 :
2320 5263 2539 5330 quanto
2572 5257 2760 5329 magis
2793 5258 2863 5312 de
2892 5254 3165 5326 cperibus
3194 5253 3524 5319 hominum,
3574 5265 3701 5322 qua:
3736 5263 3809 5306 ex

2158 5347 2285 5419 ipso
2318 5363 2497 5402 sensu
2526 5346 2795 5402 studiose
2824 5344 3164 5415 loquuntur.

2236 5459 2262 5485 ‹‹
2298 5437 2538 5508 Propter
2564 5436 2741 5490 verba
2770 5432 3061 5489 labiorum
3119 5436 3355 5485 tuorum
3387 5443 3491 5499 ego
3522 5425 3813 5482 custodivi

2162 5526 2288 5581 vias
2320 5526 2516 5580 duras.
2573 5548 2599 5574 «
2662 5523 2900 5594 Propter
2930 5518 3361 5593 prazdictionem
3393 5521 3450 5571 et
3477 5519 3716 5589 propter
3744 5532 3814 5571 ea

2166 5725 2265 5771 νης
2303 5721 2316 5758 :
2352 5704 2517 5775 quin,
2548 5704 2805 5775 ut_vetus
2837 5695 3183 5775 scholiastes
3214 5699 3396 5766 notat,
3448 5696 3561 5770 ipsi
3588 5699 3816 5759 veteres

2169 5766 2538 5846 interpretes,
2568 5769 2629 5823 τὸ
2666 5791 2770 5841 μου
2803 5767 2863 5821 οὺ
2895 5766 3221 5840 πρσὲθηκαν.
