4314 6612
580 500 691 559 911

2074 495 2495 560 APPENDIX.

3861 498 3984 559 912

582 647 705 700 quae
737 627 1161 699 promittuntur
1206 627 1267 681 in
1314 627 1494 695 ccelis,
1545 630 1829 685 custodivi
1870 630 1992 685 vias
2019 631 2215 686 duras.
2251 632 2301 696 Α
2334 634 2471 685 sunt
2501 630 2615 685 duo
2645 630 3361 700 Testamenta,protegunt
3378 626 3695 682 Ecclesiam
3718 645 3752 682 a
3783 628 3978 697 milvo,

580 717 875 780 Quomodo
908 716 1049 771 dicit
1077 716 1172 770 hic
1202 717 1399 784 duras,
1433 718 1576 772 dum
1634 719 1691 772 in
1724 718 2032 790 Evangelio
2090 719 2225 773 dici-

579 812 677 861 tur
709 823 721 861 :
753 808 961 878 Iugum
996 821 1178 861 meum
1231 822 1396 861 suave
1432 815 1532 871 est,
1592 815 1643 863 et
1681 823 1818 862 onus
1879 824 2056 862 meum
2110 809 2223 863 leve

580 894 801 961 (Matth.
882 893 1049 965 30)?
1124 899 1307 951 Suave
1384 899 1472 950 est
1527 894 1856 950 volentibus
1924 912 1938 949 :
2007 897 2221 949 durum

581 987 669 1037 est
700 983 1053 1038 nolentibus.
1103 983 1377 1046 Quamvis
1426 983 1637 1037 durum
1688 983 1952 1038 videatur
1990 1000 2117 1038 esse
2149 985 2217 1038 ad

581 1076 813 1128 sanctos
844 1076 1079 1143 propter
1115 1070 1474 1142 corporalem
1532 1071 1991 1139 tribulationem,
2026 1076 2219 1127 tamen

582 1178 757 1217 suave
812 1166 920 1228 est,
980 1160 1119 1231 quia
1154 1160 1369 1215 habent
1412 1176 1575 1231 spem
1624 1161 1751 1215 vita:
1801 1165 2024 1215 aeterna:
2061 1177 2073 1216 ε
2116 1160 2220 1215 Vel

581 1250 747 1305 aliter
778 1267 789 1303 ε
831 1273 850 1297 υ
888 1250 1127 1322 PrOpter
1177 1250 1350 1305 verba
1375 1249 1664 1304 labiorum
1696 1254 1931 1304 tuorum
1982 1266 2086 1321 ego
2118 1266 2219 1304 cu-

578 1339 788 1393 stodivi
816 1339 939 1393 vias
971 1339 1166 1394 duras.
1207 1358 1234 1391 »
1268 1340 1347 1392 Ac
1378 1337 1428 1392 si
1468 1338 1622 1393 dicat
1673 1354 1685 1391 :
1736 1338 1975 1392 Timens
2025 1340 2221 1392 futura

579 1426 887 1498 supplicia,
922 1444 1049 1499 quze
1081 1426 1227 1499 legis
1256 1426 1793 1497 transgressoribus
1824 1426 2218 1481 comminatus

575 1532 658 1582 es,
698 1516 860 1571 duris
891 1532 986 1571 me
1033 1515 1335 1571 laboribus
1367 1515 1616 1584 exercui,
1672 1520 1728 1568 et
1758 1516 1979 1585 subjecl
2011 1530 2221 1586 corpus

574 1604 781 1660 animae
813 1604 1104 1676 potestati.

645 1715 672 1743 ‹‹
705 1694 921 1749 Perﬁce
951 1710 1189 1765 gressus
1221 1709 1381 1748 meos
1410 1694 1468 1746 in
1509 1692 1735 1747 semitis
1763 1692 1901 1747 tuis.
1938 1715 1965 1740 »
1996 1692 2225 1748 Sensus

572 1798 734 1837 meos
763 1783 826 1837 in
865 1781 1157 1837 mandatis
1188 1781 1307 1836 tuis
1338 1780 1566 1852 perﬁce.
1602 1780 1723 1835 Vox
1753 1781 2037 1836 Ecclesia.
2071 1784 2217 1846 Quia

572 1888 606 1926 a
636 1875 750 1926 Deo
782 1877 870 1925 est
898 1870 1172 1941 incipere,
1222 1874 1279 1924 et
1330 1886 1363 1924 a
1411 1869 1526 1923 Deo
1576 1874 1664 1925 est
1720 1869 1907 1924 ﬁnire.
1943 1872 2212 1937 Gressus,

2334 719 2441 773 hoc
2467 723 2572 785 est,
2606 735 2639 773 a
2664 717 2914 772 diabolo.
2937 740 2963 765 ‹‹
3002 724 3041 772 Α
3073 717 3216 771 facie
3249 716 3567 787 impiorum
3599 716 3699 787 qui
3731 732 3823 771 me
3858 717 3984 771 afﬁ-

2332 811 2558 861 xerunt.
2596 830 2623 856 ››
2652 807 2837 861 Judsei
2866 806 3159 861 Christum
3205 804 3267 859 in
3300 805 3593 877 passione,
3635 809 3692 859 et
3722 804 3978 859 haeretici

2336 894 2671 949 Ecclesiam.

2406 1006 2431 1030 «
2460 983 2685 1037 Inimici
2719 983 2831 1036 mei
2867 983 3124 1037 animam
3158 997 3350 1036 meam
3382 980 3911 1036 circumdederunt.
3945 1004 3974 1034 ι

2328 1070 2514 1124 Judaei
2548 1071 2842 1125 Christum
2876 1071 2936 1125 in
2966 1071 3259 1141 passione,
3299 1069 3569 1124 Animam
3626 1069 3745 1124 dixi
3775 1071 3853 1143 [Ρ.
3889 1072 3977 1125 di-

2330 1159 2457 1230 xit],
2489 1177 2602 1214 non
2651 1144 2861 1231 cor-pus
2892 1177 2904 1214 ε
2939 1160 3078 1230 quia
3117 1158 3387 1213 diabolus
3429 1157 3486 1212 in
3541 1158 3737 1213 anima
3767 1159 3977 1214 intrin-

2331 1264 2500 1303 secus
2532 1248 2717 1303 nescit
2747 1249 2887 1321 quid
2944 1247 3155 1319 cogitet
3184 1248 3378 1315 homo,
3442 1246 3555 1301 nisi
3602 1263 3705 1317 per
3735 1247 3975 1302 exterio-

2330 1353 2421 1391 res
2453 1342 2646 1392 motus
2678 1336 2987 1409 intelligat,
3023 1342 3078 1391 et
3107 1336 3166 1390 in
3221 1353 3335 1406 quo
3384 1351 3843 1406 mumquemque
3874 1336 3974 1390 de—

2326 1424 2525 1480 lectari
2555 1426 2726 1493 videt,
2752 1426 3010 1481 diversas
3040 1425 3447 1497 suggestiones
3477 1423 3671 1480 infert.
3705 1424 3865 1478 Istud
3898 1426 3972 1479 ad

2328 1514 2642 1569 Ecclesiam
2677 1514 2982 1585 pertinet,«
3013 1514 3260 1585 Adipem
3294 1529 3470 1567 suum
3501 1511 3970 1567 concluserunt.»

2326 1603 2471 1666 Quid
2509 1619 2613 1675 per
2640 1603 2892 1674 adipem,
2935 1602 3046 1658 nisi
3081 1602 3304 1656 malitia
3331 1602 3671 1657 Judaaorum
3699 1601 3970 1673 designa-

2324 1696 2422 1746 tur
2440 1693 2467 1746 ‘I
2496 1694 2630 1756 Quae
2652 1693 2711 1745 in
2741 1692 2937 1746 Veteri
2965 1693 3337 1747 Testamento
3354 1691 3586 1762 adipem
3618 1692 3972 1746 manducare

2327 1780 2725 1851 prohibetur:
2768 1782 2937 1855 quia,
2965 1797 3065 1836 cor
3118 1796 3319 1835 eorum
3378 1781 3769 1835 incrassatum
3827 1785 3966 1836 erat.

2327 1870 2488 1924 Unde
2518 1870 2665 1924 dixit
2714 1870 2774 1925 in
2827 1870 3064 1925 Cantico
3112 1870 3547 1924 Deuteronomii
3582 1886 3595 1924 :
3627 1873 3973 1925 Incrassalu:

572 1976 802 2015 sensus.
843 1980 869 2012 ι
901 1958 972 2013 Ut
1001 1975 1117 2014 non
1169 1962 1509 2014 moveantur
1556 1957 1799 2029 vestigia
1856 1974 2004 2014 mea.
2040 1980 2069 2007 »
2126 1959 2210 2014 Ab
2245 1993 2291 2058 Β
2323 1963 2403 2013 est
2467 1959 2719 2025 dilectus,
2798 1962 2846 2013 et
2902 1960 3279 2013 recalcitravit
3351 1960 3528 2030 (Deut.
3614 1975 3790 2025 xxxn,
3858 1960 3966 2028 15).

573 2047 665 2102 his
713 2064 962 2118 quorum
995 2048 1137 2103 moti
1181 2052 1320 2103 sunt
1365 2048 1541 2119 pedes
1596 2047 1702 2103 :id
1748 2051 1837 2103 est
1880 2047 2216 2119 quicunque

570 2136 722 2192 male
754 2137 1030 2193 fecerunt.

639 2249 669 2275 ι(
700 2227 817 2299 Ego
842 2226 1107 2284 clamavi.
1141 2248 1169 2278 »
1204 2230 1312 2282 etc.
1344 2226 1530 2289 Quare
1561 2226 1724 2293 dixit,
1757 2228 1995 2282 clamavi
2013 2228 2040 2282 ?
2070 2228 2215 2293 Quia

568 2315 813 2370 credidit
834 2333 937 2387 per
965 2317 1140 2371 ﬁdem
1165 2334 1177 2383 ;
1213 2321 1517 2387 propterea
1546 2316 1710 2384 dixit,
1743 2336 1764 2363 α
1794 2317 1910 2387 Ego
1942 2316 2210 2372 clamavi.

569 2404 790 2459 Inclina
830 2422 1027 2460 aurem
1081 2410 1243 2460 tuam
1297 2404 1465 2469 mihi,
1502 2427 1531 2455 »
1568 2409 1676 2460 etc.
1709 2405 1975 2460 Christus
2007 2423 2208 2461 aurem

562 2493 830 2561 inclinat,
865 2495 1100 2566 quando
1132 2494 1406 2549 exaudire
1454 2493 1749 2565 dignatur.
1790 2495 1899 2549 Per
1928 2494 2208 2550 similitu-

563 2582 759 2637 dinem
820 2583 1040 2638 inﬁrmi
1086 2588 1269 2655 rogat,
1347 2582 1446 2653 qui
1492 2583 1550 2636 in
1601 2582 1746 2638 lecto
1778 2590 1886 2653 est,
1923 2589 1986 2638 ut
2017 2584 2209 2639 veniat

560 2672 844 2741 medicus,
877 2678 934 2727 et
964 2679 1129 2731 sanet
1160 2672 1530 2727 inﬁrmitates
1587 2690 1744 2728 suas.
1795 2673 1885 2727 Sic
1933 2678 1990 2728 et
2019 2690 2206 2745 genus

556 2760 885 2816 humanum
915 2762 1218 2816 inﬁrmum
1250 2767 1374 2816 erat
1398 2778 1410 2815 :
1433 2762 1916 2833 quandojacebat
1945 2762 2002 2816 in
2033 2762 2200 2833 lecto,

556 2849 614 2904 id
666 2855 754 2905 est
802 2856 1055 2922 peccato.
1111 2850 1372 2922 Rogabat
1419 2855 1483 2905 ut
1530 2850 1753 2905 veniret
1798 2866 1970 2906 verus
2018 2851 2203 2905 medi-

555 2956 680 3004 cus,
705 2938 805 3009 qui
835 2944 923 2994 est
951 2938 1223 2994 Christus
1251 2937 1310 2992 in
1342 2943 1597 3004 carne,et
1627 2944 1861 2994 sanaret
1891 2938 2202 3009 languores

554 3043 716 3083 SUOS.

633 3136 657 3167 ‹
715 3115 958 3170 Miriﬁea
1012 3114 1442 3171 misericordias
1487 3118 1641 3183 tuas,
1697 3116 1956 3171 Domine.
2002 3139 2030 3167 »
2087 3121 2195 3171 etc.

557 3203 856 3274 Numquid
890 3208 1061 3259 antea
1090 3220 1207 3258 non
1241 3204 1469 3259 fuerant
1499 3204 1818 3259 miriﬁcataa
1849 3206 1877 3258 ?
1916 3206 2025 3259 Sed
2058 3199 2197 3260 tunc

559 3291 893 3347 miriﬁcavit
938 3292 1372 3348 misericordias
1425 3310 1564 3349 suas
1596 3312 1608 3347 :
1644 3295 1875 3364 quando
1929 3311 2031 3365 per
2060 3312 2194 3350 san-

2326 2049 2554 2112 Quare?
2586 2048 2731 2111 Quia
2772 2049 3135 2103 incrassatus
3164 2050 3290 2103 erat
3320 2047 3390 2101 de
3422 2045 3664 2117 malitia,
3696 2052 3757 2103 et
3788 2047 3967 2103 recal-

2325 2136 2553 2191 citravit
2610 2153 2622 2190 :
2690 2136 2827 2208 quia
2885 2136 3120 2192 nolebat
3177 2136 3455 2191 mandata
3492 2136 3590 2191 Dei
3640 2137 3964 2193 observare.

2322 2226 2579 2281 Dilectus
2610 2244 2643 2281 a
2671 2227 2787 2282 Deo
2816 2227 2931 2284 fuit
2955 2227 3206 2297 populus
3234 2225 3546 2281 Judaicus:
3581 2225 3720 2296 quia
3749 2242 3966 2281 manna

2322 2315 2585 2371 divinum
2617 2315 2767 2388 pluit
2796 2316 2915 2371 illis
2945 2317 3137 2386 (Exod.
3169 2332 3284 2380 xvx,
3319 2315 3406 2387 13)
3460 2334 3474 2370 :
3523 2316 3678 2386 quod
3728 2315 3797 2370 ad
3857 2331 3961 2371 nos

2320 2406 2589 2476 pertinet,
2624 2405 2761 2478 quia
2790 2406 3217 2461 manducamus
3248 2404 3569 2459 Christum.
3620 2404 3730 2459 Sed
3775 2404 3961 2459 Judmi

2319 2500 2796 2567 contempserunt
2826 2496 3172 2567 semetipsos
3206 2512 3219 2549 :
3256 2493 3365 2549 hoc
3412 2499 3521 2559 est,
3560 2492 3966 2565 obligaverunt

2318 2601 2379 2639 se
2402 2585 2458 2639 in
2494 2584 2737 2639 malitia.
2774 2608 2799 2638 α
2826 2585 2902 2639 Os
2933 2601 3135 2639 eorum
3158 2583 3420 2639 locutum
3453 2587 3543 2638 est
3567 2583 3960 2654 superbiam.»

2316 2674 2392 2728 Os
2423 2673 2738 2746 impiorum
2771 2692 2783 2728 :
2818 2674 2956 2745 quia
2987 2678 3187 2729 contra
3208 2672 3505 2727 Christum
3536 2677 3594 2727 et
3624 2677 3833 2727 contra
3861 2673 3961 2727 Ec-

2313 2762 2551 2817 clesiam
2582 2764 2820 2817 faciunt.

2388 2873 2409 2902 α
2461 2851 2835 2923 Projicientes
2883 2868 2976 2907 me
3021 2868 3177 2906 nunc
3226 2851 3740 2905 circumdederunt
3789 2867 3882 2905 me
3937 2869 3954 2906 :

2311 2939 2510 2994 oculos
2564 2957 2703 2994 suos
2752 2943 3084 2994 statuerunt
3148 2938 3441 2993 declinare
3505 2940 3565 2993 in
3614 2943 3852 2993 terram.
3923 2956 3993 2987 »κ

2308 3028 2546 3090 Quando
2577 3028 2841 3084 Christus
2870 3045 3082 3100 passus
3131 3032 3241 3096 est,
3274 3027 3466 3083 omnis
3494 3027 3949 3093 terratremuit,

2307 3122 2363 3171 et
2430 3117 2621 3172 sidera
2680 3118 2990 3171 obscurata
3046 3122 3204 3183 sunt,
3246 3122 3303 3171 et
3359 3120 3536 3187 petra:
3575 3117 3771 3171 scissa:
3813 3120 3951 3171 sunt

2306 3205 2514 3276 (Matth.
2548 3223 2721 3272 xxvn,
2762 3207 2967 3274 51-52).
3018 3207 3129 3262 Sed
3183 3205 3368 3261 Judazi
3416 3203 3614 3260 oculos
3645 3204 3704 3259 in
3733 3210 3947 3263 terram

2306 3298 2655 3360 statuerunt,
2688 3294 2825 3367 quia
2874 3295 3169 3351 hominem
3223 3292 3414 3349 solum
3450 3293 3945 3362 existimaverunt,

558 3386 682 3436 ctos
748 3381 1039 3453 apostolos
1078 3388 1134 3438 et
1180 3387 1415 3438 sanctos
1473 3400 1612 3438 suos
1679 3384 2050 3440 inﬁrmitates
2092 3367 2269 3439 cu-C
2307 3390 2365 3439 et
2446 3384 2807 3440 divinitatem
2884 3401 2996 3439 non
3075 3382 3504 3439 intellexerunt.
3573 3382 3674 3437 Vel
3749 3382 3950 3437 oculos

552 3470 739 3526 rabat.

626 3580 655 3610 ‹‹
686 3567 732 3614 Α
764 3560 1177 3617 resistentibus
1211 3562 1455 3615 dexteris
1485 3564 1619 3615 tuae.
1666 3583 1693 3609 ››
1725 3538 1926 3616 Salvos
1960 3562 2102 3617 facis
2159 3580 2194 3618 a

549 3648 957 3704 resistentibus
1012 3649 1257 3702 dexteras
1314 3654 1426 3704 tua:
1473 3649 1779 3720 tripliciter
1824 3668 1837 3717 ;
1896 3651 2191 3706 daemones

547 3737 728 3790 Deum
779 3754 792 3789 :
840 3736 1049 3805 Judazi,
1108 3735 1401 3790 Christum
1446 3755 1459 3791 :
1503 3736 1780 3804 haeretici,
1850 3736 2184 3792 Ecclesiam.

547 3845 575 3873 κ
626 3821 864 3876 Custodi
909 3837 1021 3885 me,
1074 3822 1337 3887 Domine,
1390 3827 1455 3876 ut
1484 3821 1766 3892 pupillam
1799 3822 1970 3877 oculi.
2006 3844 2035 3872 »
2067 3825 2188 3879 Vox

543 3909 829 3965 Ecclesiae.
877 3909 1095 3965 Oculus
1136 3909 1482 3981 intelligitur
1527 3926 1736 3979 corpus
1787 3910 2071 3975 Ecclesiaa,
2129 3918 2187 3966 et

542 3998 767 4071 pupilla
814 3998 1117 4055 humilitas
1182 3999 1417 4065 Christi,
1484 4016 1583 4071 per
1631 3999 1801 4069 cujus
1851 4000 2182 4072 exemplum

538 4088 808 4159 vivimus,
855 4093 912 4144 et
958 4089 1238 4144 videmus.
1296 4089 1412 4143 Hoc
1462 4088 1750 4159 supplicet
1800 4088 2073 4157 Ecclesia,
2117 4095 2181 4145 ut

538 4180 726 4249 possit
750 4178 911 4234 illam
942 4178 1333 4234 humilitatem
1367 4179 1673 4233 observare
1700 4194 1877 4248 quam
1910 4178 2177 4234 Christus

535 4269 750 4325 docuit.
785 4268 931 4332 Quia
959 4268 1009 4323 si
1058 4285 1160 4340 per
1191 4266 1472 4338 pupillam
1534 4283 1648 4321 non
1682 4267 2011 4322 custoditur
2040 4284 2175 4323 ocu-

534 4357 648 4425 lus,
719 4373 1092 4429 nequaquam
1140 4357 1319 4411 videt.
1379 4355 1524 4419 Quia
1566 4355 1716 4410 oculi
1769 4357 2174 4427 praedicatores

531 4446 960 4519 intelliguntur,
990 4463 1093 4516 per
1121 4444 1403 4516 pupillam
1437 4460 1647 4499 sensus
1676 4444 2018 4515 spiritualis.
2057 4446 2173 4501 Hoc

530 4539 697 4607 rogat
723 4551 937 4605 corpus
973 4534 1181 4588 Christi
1241 4550 1367 4604 quae
1399 4539 1489 4587 est
1546 4533 1819 4599 Ecclesia,
1866 4539 1929 4589 ut
1976 4542 2168 4590 custo-

528 4623 726 4677 diatur
753 4640 964 4678 sensus
996 4622 1461 4694 praedicatorum,
1496 4620 1595 4692 qui
1641 4626 1731 4677 est
1759 4623 1964 4679 oculus
2018 4642 2040 4679 :
2098 4641 2168 4679 ne

526 4710 787 4782 rapiatur
816 4712 874 4766 in
925 4709 1263 4765 inﬁdelitate
1294 4710 1717 4765 haereticorum.

597 4821 626 4850 «
656 4800 775 4854 Sub
804 4799 1016 4854 umbra
1044 4798 1269 4853 alarum
1298 4804 1534 4854 tuarum
1567 4809 1798 4871 prolege
1832 4817 1940 4856 me.
1987 4824 2014 4849 »
2047 4801 2162 4856 Un-

519 4889 630 4944 bra
676 4889 904 4943 duabus
961 4888 1137 4943 rebus
1178 4893 1405 4944 constat
1446 4906 1458 4943 :
1501 4887 1723 4944 lumine
1778 4894 1834 4943 et
1902 4906 2159 4961 corpore.

524 4978 633 5033 Per
660 4977 881 5044 lumen,
917 4977 1192 5031 divinitas
1224 4994 1237 5031 :
1281 4994 1382 5047 per
1412 4993 1643 5048 corpus,
1703 4978 2041 5033 humanitas
2071 4979 2162 5032 in-

517 5066 818 5139 telligitur.
854 5066 1018 5121 Unde
1046 5071 1105 5122 et
1162 5066 1355 5120 Mariis
1385 5066 1600 5121 dicitur
1631 5082 1643 5119 :
1676 5067 1915 5137 Spiritus
1940 5072 2163 5122 sanctus

511 5158 855 5227 superveniat
908 5158 971 5210 in
1026 5164 1095 5222 te,
1155 5163 1210 5209 et
1268 5156 1442 5209 virtus
1497 5156 1764 5210 Altissimi
1817 5156 2161 5211 obumbrabit

513 5245 614 5299 tibi
640 5246 790 5317 (Luc.
823 5262 863 5309 ι,
896 5246 1006 5315 35).
1040 5244 1158 5299 Sub
1208 5243 1321 5298 ista
1369 5243 1579 5298 umbra
1636 5249 1872 5315 protege
1922 5260 2037 5311 me,
2095 5249 2161 5298 ut

507 5348 603 5387 me
632 5350 748 5388 non
780 5332 967 5404 rapiat
1001 5331 1235 5386 milvus.
1272 5331 1339 5384 Et
1394 5332 1503 5386 sub
1544 5332 1775 5386 duabus
1826 5334 2159 5387 Testamen-

506 5423 700 5476 torum
734 5420 865 5485 alis,
909 5421 967 5474 id
1015 5424 1122 5486 est,
1178 5420 1440 5489 ipsorum
1493 5419 1774 5474 doctrinis
1810 5419 2024 5489 quibus
2077 5419 2154 5473 vi-

505 5509 680 5574 vitur,
713 5514 771 5565 et
800 5509 1150 5572 custoditur,
1184 5524 1249 5562 ac
1279 5508 1496 5577 tegitur
1535 5508 1687 5562 sicut
1717 5507 1934 5579 gallina
1964 5525 1976 5561 ε
2010 5508 2150 5579 quia

503 5612 608 5667 per
638 5596 915 5666 gallinam
948 5596 1291 5667 intelligitur
1322 5596 1610 5665 sapientia
1639 5595 1736 5649 Dei
1766 5596 1970 5650 Patris.
2004 5596 2150 5658 Quia

502 5684 658 5738 sicut
687 5683 904 5753 gallina
933 5686 1042 5742 sub
1066 5683 1175 5740 alis
1202 5683 1392 5755 pullos
1425 5700 1568 5739 suos
1592 5684 1897 5739 abscondit
1916 5689 2151 5756 propter

498 5770 736 5846 milvos,
786 5772 869 5828 sic
916 5778 972 5828 et
1019 5773 1307 5843 sapientia
1363 5772 1581 5844 divina,
1609 5776 1666 5827 et
1694 5773 1820 5829 duae
1854 5772 1979 5844 ala},
2019 5790 2145 5844 quae

2307 3490 2445 3528 suos
2476 3474 2533 3527 in
2566 3478 2781 3529 terram
2826 3477 3158 3528 statuerunt
3192 3491 3205 3527 :
3239 3472 3377 3544 quia
3423 3472 3496 3526 de
3530 3471 3774 3526 terrenis
3804 3470 3948 3526 acti-

2304 3562 2415 3617 bus
2463 3563 2817 3634 cogitabant,
2870 3561 2971 3617 sed
3021 3562 3090 3617 de
3121 3561 3455 3617 coelestibus
3494 3575 3610 3614 non
3642 3560 3946 3615 mediban-

2303 3654 2419 3704 tur.

2377 3762 2397 3786 ι
2451 3740 2844 3809 Susceperunt
2892 3755 2983 3793 me
3036 3739 3187 3793 sicut
3234 3738 3322 3791 leo
3371 3738 3609 3807 paratus
3670 3737 3741 3790 ad
3794 3754 3945 3807 prte—

2297 3826 2455 3892 dam,
2494 3850 2513 3873 n
2551 3831 2657 3880 etc.
2693 3827 2854 3880 Sicut
2909 3826 2998 3880 leo
3051 3829 3290 3895 paratus
3322 3827 3410 3877 est
3438 3823 3510 3876 ad
3544 3824 3821 3893 praedam,
3855 3823 3942 3877 sic

2294 3902 2887 3984 susceperunt‘Judaei
2918 3914 3213 3967 Christum
3258 3912 3316 3966 in
3350 3911 3622 3983 passione
3655 3928 3667 3963 :
3703 3915 3769 3966 Et
3798 3913 3939 3966 sicut

2291 4003 2501 4057 catulus
2533 4003 2722 4057 leonis.
2758 4007 2886 4067 Leo,
2938 4001 3206 4056 diabolus
3256 4017 3268 4054 :
3320 3998 3568 4068 catulus,
3602 4000 3760 4056 ﬁlius
3808 4001 3937 4071 ejus

2294 4090 2709 4147 Antichristus.
2761 4089 2859 4145 Vel
2904 4090 3080 4144 aliud.
3136 4091 3269 4158 Leo,
3320 4088 3593 4144 diabolus
3644 4105 3657 4143 :
3712 4094 3768 4144 et
3832 4089 3933 4143 ﬁlii

2289 4182 2418 4251 ejus
2462 4180 2669 4235 Judaei.
2721 4181 2782 4234 In
2843 4179 3190 4259 absconditis,
3242 4179 3300 4233 in
3368 4194 3569 4234 eorum
3634 4179 3930 4249 cordibus,

2287 4269 2455 4340 quasi
2503 4268 2563 4323 in
2610 4269 2879 4324 obscuro.
2914 4268 3215 4336 Diabolus,
3248 4267 3335 4322 vel
3368 4267 3633 4322 membra
3661 4266 3819 4323 illius
3870 4267 3929 4323 in

2285 4358 2501 4429 quibus
2532 4357 2799 4412 diabolus
2829 4356 3075 4423 habitat,
3109 4355 3476 4430 appellantur
3523 4354 3652 4410 loca
3678 4356 3927 4411 abscon-

2283 4448 2423 4503 dita.

2355 4558 2382 4587 «
2426 4537 2703 4608 Exsurge,
2758 4535 3015 4602 Domine,
3069 4534 3314 4606 praeveni
3360 4549 3481 4601 eos,
3533 4556 3561 4583 ››
3638 4538 3747 4590 etc.
3806 4532 3925 4589 Vox

2278 4625 2493 4680 Christi
2559 4624 2817 4696 loquitur
2878 4625 2949 4679 ad
3017 4623 3381 4678 divinitatem
3418 4665 3431 4690 ,
3504 4626 3569 4676 ut
3634 4622 3925 4693 perveniat

2196 4733 2245 4796 D
2277 4714 2485 4769 animae
2516 4732 2655 4780 suae,
2700 4730 2773 4767 ne
2804 4713 3064 4783 rapiatur
3093 4728 3126 4765 a
3158 4711 3419 4783 principe
3468 4710 3724 4776 diabolo,
3768 4712 3921 4782 quod

2276 4803 2357 4858 ita
2388 4808 2445 4858 et
2474 4803 2626 4857 fecit.
2660 4801 2945 4855 Prazvenit
3002 4816 3158 4869 eum,
3214 4806 3271 4855 et
3302 4798 3563 4871 alligavit
3595 4843 3609 4868 ,
3644 4805 3700 4854 et
3730 4800 3798 4854 ad
3831 4801 3920 4855 in-

2276 4894 2504 4947 fernum
2546 4890 2803 4944 deduxit.
2854 4889 3133 4944 Veniebat
3162 4888 3430 4943 diabolus
3464 4887 3684 4959 aliquid
3715 4888 3785 4942 de
3814 4905 3919 4943 suo

2275 4979 2566 5049 requirere
2612 4976 2671 5031 in
2722 4976 2969 5044 Christo,
3018 4978 3117 5031 sed
3173 4976 3232 5030 in
3281 4994 3346 5031 eo
3406 4976 3548 5030 nihil
3583 4977 3820 5040 invenit,
3856 4980 3919 5030 ut

2274 5067 2419 5121 dixit
2450 5066 2509 5121 in
2540 5064 2850 5137 Evangelio
2887 5082 2898 5120 :
2939 5068 3098 5121 Venit
3122 5067 3376 5138 princeps
3432 5066 3596 5137 hujus
3622 5066 3833 5131 mundi,
3866 5074 3920 5119 et

2272 5158 2333 5209 in
2397 5171 2483 5209 me
2522 5171 2634 5209 non
2682 5156 2891 5208 invenit
2939 5154 3238 5226 quidquam
3286 5156 3467 5225 (Joan.
3518 5171 3633 5209 xxv.
3686 5154 3797 5224 30).
3850 5155 3917 5209 Et

2269 5248 2472 5299 sancta
2518 5243 2777 5297 Ecclesia
2845 5247 3009 5315 rogat
3054 5247 3369 5315 antequam
3420 5242 3833 5317 supplantetur
3881 5260 3913 5298 δ.

2267 5331 2518 5400 diabolo,
2550 5336 2605 5389 et
2635 5331 2693 5387 in
2726 5331 3151 5403 ejus-insidiis,
3184 5332 3283 5406 qui
3334 5337 3473 5389 sunt
3510 5331 3764 5388 haeretici
3795 5348 3809 5385 :
3845 5337 3911 5385 ut

2265 5422 2457 5476 veniat
2486 5418 2809 5476 catholicus
2841 5423 3057 5487 noster,
3088 5420 3188 5490 qui
3221 5424 3309 5476 est
3366 5420 3657 5490 Christus,
3689 5425 3747 5474 et
3777 5418 3909 5476 sub-

2263 5514 2447 5563 vertat
2472 5508 2719 5563 astutias
2748 5507 2990 5577 inimici,
3027 5508 3082 5562 id
3126 5514 3235 5573 est,
3286 5508 3642 5581 supplantat.
3699 5531 3726 5558 «
3758 5510 3905 5564 Erue

2261 5598 2520 5651 animam
2554 5612 2741 5651 meam
2775 5597 2846 5649 ab
2879 5597 3083 5668 impio,
3114 5597 3375 5669 gladium
3408 5601 3577 5652 tuum
3610 5597 3682 5652 ab
3714 5597 3906 5651 inimi-

2259 5686 2341 5740 cis
2373 5701 2584 5740 manus
2614 5689 2744 5739 tute.
2778 5705 2807 5735 ››
2843 5684 2975 5751 Oro,
3035 5685 3299 5757 gladium
3354 5702 3565 5741 manus
3605 5691 3717 5740 tuas
3766 5702 3905 5741 erue

2255 5775 2326 5830 ab
2361 5773 2617 5829 inimicis
2637 5773 2778 5842 tuis,
2814 5772 3088 5832 inimicus
3119 5776 3276 5833 enim
3308 5775 3530 5848 accepit
3555 5778 3901 5847 potestatem
