  <div class='ocr_page' id='page_1' title='image "/cluster/home/n/w/nwhite01/storage/ocr_20150623/26/umn.31951002477320a/457.png"; bbox 0 0 4314 6580; ppageno 0'>
   <div class='ocr_carea' id='block_1_1' title="bbox 516 448 635 508">
    <p class='ocr_par' dir='ltr' id='par_1_1' title="bbox 516 448 635 508">
     <span class='ocr_line' id='line_1_1' title="bbox 516 448 635 508; baseline -0.025 0"><span class='ocrx_word' id='word_1_1' title='bbox 516 448 635 508; x_wconf 78' lang='grc'>915</span> 
     </span>
    </p>
   </div>
   <div class='ocr_carea' id='block_1_2' title="bbox 2002 446 2423 508">
    <p class='ocr_par' dir='ltr' id='par_1_2' title="bbox 2002 446 2423 508">
     <span class='ocr_line' id='line_1_2' title="bbox 2002 446 2423 508; baseline 0 -1"><span class='ocrx_word' id='word_1_2' title='bbox 2002 448 2104 507; x_wconf 80' lang='grc' dir='ltr'>ΑΡ</span> <span class='ocrx_word' id='word_1_3' title='bbox 2111 446 2397 508; x_wconf 83' lang='lat' dir='ltr'>PENDIX</span> <span class='ocrx_word' id='word_1_4' title='bbox 2408 489 2423 507; x_wconf 94' lang='lat'>.</span> 
     </span>
    </p>
   </div>
   <div class='ocr_carea' id='block_1_3' title="bbox 3808 440 3935 503">
    <p class='ocr_par' dir='ltr' id='par_1_3' title="bbox 3808 440 3935 503">
     <span class='ocr_line' id='line_1_3' title="bbox 3808 440 3935 503; baseline -0.039 0"><span class='ocrx_word' id='word_1_5' title='bbox 3808 440 3935 503; x_wconf 68' lang='lat'>916</span> 
     </span>
    </p>
   </div>
   <div class='ocr_carea' id='block_1_4' title="bbox 518 575 3940 649">
    <p class='ocr_par' dir='ltr' id='par_1_4' title="bbox 518 575 3940 649">
     <span class='ocr_line' id='line_1_4' title="bbox 518 575 3940 649; baseline -0.002 -14"><span class='ocrx_word' id='word_1_6' title='bbox 518 579 781 635; x_wconf 87' lang='lat' dir='ltr'>Domine.</span> <span class='ocrx_word' id='word_1_7' title='bbox 815 598 843 627; x_wconf 83' lang='lat'><strong>»</strong></span> <span class='ocrx_word' id='word_1_8' title='bbox 876 579 1044 633; x_wconf 87' lang='lat' dir='ltr'>Pater</span> <span class='ocrx_word' id='word_1_9' title='bbox 1071 578 1285 633; x_wconf 81' lang='lat' dir='ltr'>dicitur</span> <span class='ocrx_word' id='word_1_10' title='bbox 1310 594 1377 634; x_wconf 90' lang='lat' dir='ltr'>eo</span> <span class='ocrx_word' id='word_1_11' title='bbox 1408 580 1563 649; x_wconf 91' lang='lat' dir='ltr'>quod</span> <span class='ocrx_word' id='word_1_12' title='bbox 1614 579 1790 635; x_wconf 84' lang='lat' dir='ltr'>habet</span> <span class='ocrx_word' id='word_1_13' title='bbox 1844 579 2053 645; x_wconf 84' lang='lat' dir='ltr'>ﬁlium,</span> <span class='ocrx_word' id='word_1_14' title='bbox 2113 584 2169 635; x_wconf 90' lang='lat' dir='ltr'>et</span> <span class='ocrx_word' id='word_1_15' title='bbox 2200 584 2254 647; x_wconf 81' lang='grc' dir='ltr'><strong>Α</strong></span> <span class='ocrx_word' id='word_1_16' title='bbox 2284 596 2479 635; x_wconf 91' lang='lat' dir='ltr'>meum</span> <span class='ocrx_word' id='word_1_17' title='bbox 2512 581 2777 649; x_wconf 87' lang='lat' dir='ltr'>clamaxi,</span> <span class='ocrx_word' id='word_1_18' title='bbox 2810 584 2867 633; x_wconf 91' lang='lat' dir='ltr'>et</span> <span class='ocrx_word' id='word_1_19' title='bbox 2894 577 3186 633; x_wconf 85' lang='lat' dir='ltr'>exaudivit</span> <span class='ocrx_word' id='word_1_20' title='bbox 3207 576 3278 630; x_wconf 89' lang='lat' dir='ltr'>dc</span> <span class='ocrx_word' id='word_1_21' title='bbox 3305 575 3523 646; x_wconf 84' lang='lat' dir='ltr'>templo</span> <span class='ocrx_word' id='word_1_22' title='bbox 3571 578 3773 630; x_wconf 87' lang='lat' dir='ltr'>sancto</span> <span class='ocrx_word' id='word_1_23' title='bbox 3831 591 3940 630; x_wconf 90' lang='lat' dir='ltr'>suo</span> 
     </span>
    </p>
   </div>
   <div class='ocr_carea' id='block_1_5' title="bbox 521 666 2175 739">
    <p class='ocr_par' dir='ltr' id='par_1_5' title="bbox 521 666 2175 739">
     <span class='ocr_line' id='line_1_5' title="bbox 521 666 2175 739; baseline -0.001 -17"><span class='ocrx_word' id='word_1_24' title='bbox 521 666 701 722; x_wconf 88' lang='lat' dir='ltr'>Filius</span> <span class='ocrx_word' id='word_1_25' title='bbox 749 666 964 720; x_wconf 91' lang='lat' dir='ltr'>dicitur</span> <span class='ocrx_word' id='word_1_26' title='bbox 997 682 1062 721; x_wconf 89' lang='lat' dir='ltr'>eo</span> <span class='ocrx_word' id='word_1_27' title='bbox 1121 668 1275 737; x_wconf 91' lang='lat' dir='ltr'>quod</span> <span class='ocrx_word' id='word_1_28' title='bbox 1340 667 1551 722; x_wconf 88' lang='lat' dir='ltr'>habeat</span> <span class='ocrx_word' id='word_1_29' title='bbox 1613 672 1864 732; x_wconf 89' lang='lat' dir='ltr'>Patrem,</span> <span class='ocrx_word' id='word_1_30' title='bbox 1924 668 2175 739; x_wconf 79' lang='lat' dir='ltr'>Spiritus</span> 
     </span>
    </p>
   </div>
   <div class='ocr_carea' id='block_1_6' title="bbox 524 755 2176 822">
    <p class='ocr_par' dir='ltr' id='par_1_6' title="bbox 524 755 2176 822">
     <span class='ocr_line' id='line_1_6' title="bbox 524 755 2176 822; baseline -0.001 -12"><span class='ocrx_word' id='word_1_31' title='bbox 524 759 763 810; x_wconf 89' lang='lat' dir='ltr'>sanctus</span> <span class='ocrx_word' id='word_1_32' title='bbox 825 769 930 808; x_wconf 90' lang='lat' dir='ltr'>nec</span> <span class='ocrx_word' id='word_1_33' title='bbox 979 758 1150 809; x_wconf 88' lang='lat' dir='ltr'>Pater</span> <span class='ocrx_word' id='word_1_34' title='bbox 1188 760 1298 821; x_wconf 88' lang='lat' dir='ltr'>est,</span> <span class='ocrx_word' id='word_1_35' title='bbox 1342 772 1444 810; x_wconf 91' lang='lat' dir='ltr'>nec</span> <span class='ocrx_word' id='word_1_36' title='bbox 1512 755 1711 822; x_wconf 88' lang='lat' dir='ltr'>Filius,</span> <span class='ocrx_word' id='word_1_37' title='bbox 1769 757 1868 811; x_wconf 92' lang='lat' dir='ltr'>sed</span> <span class='ocrx_word' id='word_1_38' title='bbox 1942 756 2176 810; x_wconf 79' lang='lat' dir='ltr'>dilectio</span> 
     </span>
    </p>
   </div>
   <div class='ocr_carea' id='block_1_7' title="bbox 529 842 2178 915">
    <p class='ocr_par' dir='ltr' id='par_1_7' title="bbox 529 842 2178 915">
     <span class='ocr_line' id='line_1_7' title="bbox 529 842 2178 915; baseline -0.001 -16"><span class='ocrx_word' id='word_1_39' title='bbox 529 860 706 915; x_wconf 89' lang='lat' dir='ltr'>quam</span> <span class='ocrx_word' id='word_1_40' title='bbox 736 842 913 898; x_wconf 83' lang='lat' dir='ltr'>habet</span> <span class='ocrx_word' id='word_1_41' title='bbox 942 847 1109 897; x_wconf 87' lang='lat' dir='ltr'>Pater</span> <span class='ocrx_word' id='word_1_42' title='bbox 1129 844 1187 897; x_wconf 93' lang='lat' dir='ltr'>in</span> <span class='ocrx_word' id='word_1_43' title='bbox 1208 842 1370 914; x_wconf 84' lang='lat' dir='ltr'>Filio,</span> <span class='ocrx_word' id='word_1_44' title='bbox 1395 850 1451 898; x_wconf 92' lang='lat' dir='ltr'>et</span> <span class='ocrx_word' id='word_1_45' title='bbox 1480 844 1660 899; x_wconf 89' lang='lat' dir='ltr'>Filius</span> <span class='ocrx_word' id='word_1_46' title='bbox 1695 844 1755 899; x_wconf 90' lang='lat' dir='ltr'>in</span> <span class='ocrx_word' id='word_1_47' title='bbox 1802 850 1987 899; x_wconf 88' lang='lat' dir='ltr'>Patre.</span> <span class='ocrx_word' id='word_1_48' title='bbox 2016 844 2178 899; x_wconf 86' lang='lat' dir='ltr'>Unde</span> 
     </span>
    </p>
   </div>
   <div class='ocr_carea' id='block_1_8' title="bbox 527 931 2180 1005">
    <p class='ocr_par' dir='ltr' id='par_1_8' title="bbox 527 931 2180 1005">
     <span class='ocr_line' id='line_1_8' title="bbox 527 931 2180 1005; baseline 0 -18"><span class='ocrx_word' id='word_1_49' title='bbox 527 931 749 988; x_wconf 83' lang='lat' dir='ltr'>Paulus</span> <span class='ocrx_word' id='word_1_50' title='bbox 779 931 1080 1003; x_wconf 78' lang='lat' dir='ltr'>apostolus</span> <span class='ocrx_word' id='word_1_51' title='bbox 1112 931 1258 986; x_wconf 85' lang='lat' dir='ltr'>dixit</span> <span class='ocrx_word' id='word_1_52' title='bbox 1293 949 1307 986; x_wconf 95' lang='lat'>:</span> <span class='ocrx_word' id='word_1_53' title='bbox 1353 934 1498 1000; x_wconf 87' lang='lat' dir='ltr'>Quia</span> <span class='ocrx_word' id='word_1_54' title='bbox 1544 933 1785 987; x_wconf 71' lang='lat' dir='ltr'>Charitas</span> <span class='ocrx_word' id='word_1_55' title='bbox 1828 934 1925 988; x_wconf 85' lang='lat' dir='ltr'>Dei</span> <span class='ocrx_word' id='word_1_56' title='bbox 1971 932 2180 1005; x_wconf 74' lang='lat' dir='ltr'>diffusa</span> 
     </span>
    </p>
   </div>
   <div class='ocr_carea' id='block_1_9' title="bbox 529 1020 2178 1092">
    <p class='ocr_par' dir='ltr' id='par_1_9' title="bbox 529 1020 2178 1092">
     <span class='ocr_line' id='line_1_9' title="bbox 529 1020 2178 1092; baseline -0.001 -16"><span class='ocrx_word' id='word_1_57' title='bbox 529 1026 608 1077; x_wconf 74' lang='lat' dir='ltr'>est</span> <span class='ocrx_word' id='word_1_58' title='bbox 636 1021 698 1075; x_wconf 84' lang='lat' dir='ltr'>in</span> <span class='ocrx_word' id='word_1_59' title='bbox 724 1020 974 1075; x_wconf 80' lang='lat' dir='ltr'>cordibus</span> <span class='ocrx_word' id='word_1_60' title='bbox 1003 1022 1209 1075; x_wconf 76' lang='lat' dir='ltr'>nostris</span> <span class='ocrx_word' id='word_1_61' title='bbox 1234 1038 1336 1090; x_wconf 86' lang='lat' dir='ltr'>per</span> <span class='ocrx_word' id='word_1_62' title='bbox 1365 1020 1631 1091; x_wconf 78' lang='lat' dir='ltr'>Spiritum</span> <span class='ocrx_word' id='word_1_63' title='bbox 1659 1026 1909 1076; x_wconf 84' lang='lat' dir='ltr'>sanctum</span> <span class='ocrx_word' id='word_1_64' title='bbox 1940 1023 2035 1092; x_wconf 88' lang='lat' dir='ltr'>qui</span> <span class='ocrx_word' id='word_1_65' title='bbox 2081 1021 2178 1075; x_wconf 84' lang='lat' dir='ltr'>da-</span> 
     </span>
    </p>
   </div>
   <div class='ocr_carea' id='block_1_10' title="bbox 532 1109 2181 1180">
    <p class='ocr_par' dir='ltr' id='par_1_10' title="bbox 532 1109 2181 1180">
     <span class='ocr_line' id='line_1_10' title="bbox 532 1109 2181 1180; baseline -0.001 -15"><span class='ocrx_word' id='word_1_66' title='bbox 532 1119 619 1165; x_wconf 81' lang='lat' dir='ltr'>tus</span> <span class='ocrx_word' id='word_1_67' title='bbox 648 1113 727 1165; x_wconf 79' lang='lat' dir='ltr'>est</span> <span class='ocrx_word' id='word_1_68' title='bbox 754 1111 912 1164; x_wconf 81' lang='lat' dir='ltr'>nobis</span> <span class='ocrx_word' id='word_1_69' title='bbox 943 1109 1115 1180; x_wconf 81' lang='lat' dir='ltr'>(Rom.</span> <span class='ocrx_word' id='word_1_70' title='bbox 1148 1127 1204 1175; x_wconf 91' lang='lat' dir='ltr'>v,</span> <span class='ocrx_word' id='word_1_71' title='bbox 1234 1109 1310 1179; x_wconf 89' lang='grc'>5).</span> <span class='ocrx_word' id='word_1_72' title='bbox 1339 1132 1366 1159; x_wconf 89' lang='grc'>‹‹</span> <span class='ocrx_word' id='word_1_73' title='bbox 1401 1110 1683 1164; x_wconf 89' lang='lat' dir='ltr'>Dominus</span> <span class='ocrx_word' id='word_1_74' title='bbox 1744 1111 2181 1171; x_wconf 86' lang='lat' dir='ltr'>ﬁrmamentum</span> 
     </span>
    </p>
   </div>
   <div class='ocr_carea' id='block_1_11' title="bbox 531 1197 2182 1264">
    <p class='ocr_par' dir='ltr' id='par_1_11' title="bbox 531 1197 2182 1264">
     <span class='ocr_line' id='line_1_11' title="bbox 531 1197 2182 1264; baseline -0.001 -11"><span class='ocrx_word' id='word_1_75' title='bbox 531 1215 750 1254; x_wconf 91' lang='lat' dir='ltr'>meum.</span> <span class='ocrx_word' id='word_1_76' title='bbox 780 1220 808 1247; x_wconf 87' lang='grc'><strong>››</strong></span> <span class='ocrx_word' id='word_1_77' title='bbox 840 1198 960 1253; x_wconf 82' lang='lat' dir='ltr'>Vox</span> <span class='ocrx_word' id='word_1_78' title='bbox 988 1197 1219 1264; x_wconf 89' lang='lat' dir='ltr'>Christi,</span> <span class='ocrx_word' id='word_1_79' title='bbox 1252 1203 1307 1252; x_wconf 92' lang='lat' dir='ltr'>et</span> <span class='ocrx_word' id='word_1_80' title='bbox 1336 1214 1441 1252; x_wconf 86' lang='lat' dir='ltr'>vox</span> <span class='ocrx_word' id='word_1_81' title='bbox 1471 1198 1757 1252; x_wconf 74' lang='lat' dir='ltr'>Ecclesiae.</span> <span class='ocrx_word' id='word_1_82' title='bbox 1820 1198 2182 1252; x_wconf 88' lang='lat' dir='ltr'>Firmamen-</span> 
     </span>
    </p>
   </div>
   <div class='ocr_carea' id='block_1_12' title="bbox 530 1286 2183 1357">
    <p class='ocr_par' dir='ltr' id='par_1_12' title="bbox 530 1286 2183 1357">
     <span class='ocr_line' id='line_1_12' title="bbox 530 1286 2183 1357; baseline 0 -16"><span class='ocrx_word' id='word_1_83' title='bbox 530 1291 680 1357; x_wconf 85' lang='lat' dir='ltr'>tum,</span> <span class='ocrx_word' id='word_1_84' title='bbox 714 1287 866 1341; x_wconf 90' lang='lat' dir='ltr'>sicut</span> <span class='ocrx_word' id='word_1_85' title='bbox 895 1287 976 1341; x_wconf 90' lang='lat' dir='ltr'>ait</span> <span class='ocrx_word' id='word_1_86' title='bbox 1006 1286 1323 1357; x_wconf 83' lang='lat' dir='ltr'>Propheta:</span> <span class='ocrx_word' id='word_1_87' title='bbox 1364 1288 1549 1341; x_wconf 78' lang='lat' dir='ltr'>Turris</span> <span class='ocrx_word' id='word_1_88' title='bbox 1577 1287 1930 1356; x_wconf 72' lang='lat' dir='ltr'>fortitudinis</span> <span class='ocrx_word' id='word_1_89' title='bbox 1950 1304 1984 1340; x_wconf 92' lang='lat' dir='ltr'>a</span> <span class='ocrx_word' id='word_1_90' title='bbox 2039 1288 2183 1357; x_wconf 78' lang='lat' dir='ltr'>facie</span> 
     </span>
    </p>
   </div>
   <div class='ocr_carea' id='block_1_13' title="bbox 534 1374 2186 1448">
    <p class='ocr_par' dir='ltr' id='par_1_13' title="bbox 534 1374 2186 1448">
     <span class='ocr_line' id='line_1_13' title="bbox 534 1374 2186 1448; baseline -0.001 -18"><span class='ocrx_word' id='word_1_91' title='bbox 534 1377 753 1431; x_wconf 85' lang='lat' dir='ltr'>inimici</span> <span class='ocrx_word' id='word_1_92' title='bbox 782 1376 953 1446; x_wconf 83' lang='lat' dir='ltr'>(Psal.</span> <span class='ocrx_word' id='word_1_93' title='bbox 988 1392 1079 1441; x_wconf 83' lang='lat' dir='ltr'>1.x,</span> <span class='ocrx_word' id='word_1_94' title='bbox 1110 1375 1183 1445; x_wconf 82' lang='grc'>4).</span> <span class='ocrx_word' id='word_1_95' title='bbox 1206 1398 1233 1424; x_wconf 92' lang='grc'>‹‹</span> <span class='ocrx_word' id='word_1_96' title='bbox 1269 1376 1336 1429; x_wconf 90' lang='lat' dir='ltr'>Et</span> <span class='ocrx_word' id='word_1_97' title='bbox 1366 1374 1655 1448; x_wconf 86' lang='lat' dir='ltr'>refugium</span> <span class='ocrx_word' id='word_1_98' title='bbox 1725 1392 1941 1430; x_wconf 90' lang='lat' dir='ltr'>meum.</span> <span class='ocrx_word' id='word_1_99' title='bbox 1979 1398 2007 1424; x_wconf 84' lang='grc'><strong>››</strong></span> <span class='ocrx_word' id='word_1_100' title='bbox 2065 1376 2186 1429; x_wconf 89' lang='lat' dir='ltr'>Vox</span> 
     </span>
    </p>
   </div>
   <div class='ocr_carea' id='block_1_14' title="bbox 532 1463 2185 1535">
    <p class='ocr_par' dir='ltr' id='par_1_14' title="bbox 532 1463 2185 1535">
     <span class='ocr_line' id='line_1_14' title="bbox 532 1463 2185 1535; baseline 0 -17"><span class='ocrx_word' id='word_1_101' title='bbox 532 1464 765 1531; x_wconf 85' lang='lat' dir='ltr'>Christi,</span> <span class='ocrx_word' id='word_1_102' title='bbox 806 1467 863 1519; x_wconf 92' lang='lat' dir='ltr'>et</span> <span class='ocrx_word' id='word_1_103' title='bbox 906 1479 1014 1517; x_wconf 84' lang='lat' dir='ltr'>vox</span> <span class='ocrx_word' id='word_1_104' title='bbox 1055 1463 1337 1518; x_wconf 77' lang='lat' dir='ltr'>Ecclesiae.</span> <span class='ocrx_word' id='word_1_105' title='bbox 1394 1485 1422 1512; x_wconf 84' lang='lat'><strong>»</strong></span> <span class='ocrx_word' id='word_1_106' title='bbox 1478 1464 1788 1535; x_wconf 81' lang='lat' dir='ltr'>Refugium</span> <span class='ocrx_word' id='word_1_107' title='bbox 1834 1463 2049 1519; x_wconf 83' lang='lat' dir='ltr'>Christi</span> <span class='ocrx_word' id='word_1_108' title='bbox 2126 1463 2185 1518; x_wconf 92' lang='lat' dir='ltr'>in</span> 
     </span>
    </p>
   </div>
   <div class='ocr_carea' id='block_1_15' title="bbox 535 1550 2186 1623">
    <p class='ocr_par' dir='ltr' id='par_1_15' title="bbox 535 1550 2186 1623">
     <span class='ocr_line' id='line_1_15' title="bbox 535 1550 2186 1623; baseline -0.001 -18"><span class='ocrx_word' id='word_1_109' title='bbox 535 1556 726 1622; x_wconf 87' lang='lat' dir='ltr'>Patre,</span> <span class='ocrx_word' id='word_1_110' title='bbox 758 1555 816 1607; x_wconf 87' lang='lat' dir='ltr'>et</span> <span class='ocrx_word' id='word_1_111' title='bbox 845 1551 1138 1623; x_wconf 85' lang='lat' dir='ltr'>refugium</span> <span class='ocrx_word' id='word_1_112' title='bbox 1168 1551 1433 1606; x_wconf 79' lang='lat' dir='ltr'>Ecclesiae</span> <span class='ocrx_word' id='word_1_113' title='bbox 1464 1551 1524 1605; x_wconf 92' lang='lat' dir='ltr'>in</span> <span class='ocrx_word' id='word_1_114' title='bbox 1571 1552 1817 1606; x_wconf 88' lang='lat' dir='ltr'>Christo.</span> <span class='ocrx_word' id='word_1_115' title='bbox 1851 1574 1878 1601; x_wconf 84' lang='lat'><strong>«</strong></span> <span class='ocrx_word' id='word_1_116' title='bbox 1922 1552 1993 1605; x_wconf 88' lang='lat' dir='ltr'>Et</span> <span class='ocrx_word' id='word_1_117' title='bbox 2045 1550 2186 1605; x_wconf 89' lang='lat' dir='ltr'>libe-</span> 
     </span>
    </p>
   </div>
   <div class='ocr_carea' id='block_1_16' title="bbox 536 1638 1473 1706">
    <p class='ocr_par' dir='ltr' id='par_1_16' title="bbox 536 1638 1473 1706">
     <span class='ocr_line' id='line_1_16' title="bbox 536 1638 1473 1706; baseline -0.002 -12"><span class='ocrx_word' id='word_1_118' title='bbox 536 1644 696 1695; x_wconf 89' lang='lat' dir='ltr'>rator</span> <span class='ocrx_word' id='word_1_119' title='bbox 726 1656 912 1706; x_wconf 87' lang='lat' dir='ltr'>meus,</span> <span class='ocrx_word' id='word_1_120' title='bbox 947 1662 974 1687; x_wconf 82' lang='lat'><strong>»</strong></span> <span class='ocrx_word' id='word_1_121' title='bbox 999 1638 1055 1694; x_wconf 91' lang='lat' dir='ltr'>in</span> <span class='ocrx_word' id='word_1_122' title='bbox 1079 1638 1473 1694; x_wconf 86' lang='lat' dir='ltr'>tribulatione.</span> 
     </span>
    </p>
   </div>
   <div class='ocr_carea' id='block_1_17' title="bbox 612 1745 2185 1816">
    <p class='ocr_par' dir='ltr' id='par_1_17' title="bbox 612 1745 2185 1816">
     <span class='ocr_line' id='line_1_17' title="bbox 612 1745 2185 1816; baseline 0.001 -17"><span class='ocrx_word' id='word_1_123' title='bbox 612 1767 640 1795; x_wconf 91' lang='grc'><em>‹‹</em></span> <span class='ocrx_word' id='word_1_124' title='bbox 661 1751 816 1801; x_wconf 91' lang='lat' dir='ltr'>Deus</span> <span class='ocrx_word' id='word_1_125' title='bbox 837 1761 1023 1811; x_wconf 88' lang='lat' dir='ltr'>meus,</span> <span class='ocrx_word' id='word_1_126' title='bbox 1059 1766 1087 1793; x_wconf 85' lang='lat'>»</span> <span class='ocrx_word' id='word_1_127' title='bbox 1120 1745 1223 1816; x_wconf 87' lang='lat' dir='ltr'>qui</span> <span class='ocrx_word' id='word_1_128' title='bbox 1247 1761 1336 1799; x_wconf 91' lang='lat' dir='ltr'>me</span> <span class='ocrx_word' id='word_1_129' title='bbox 1357 1745 1587 1799; x_wconf 87' lang='lat' dir='ltr'>creasti.</span> <span class='ocrx_word' id='word_1_130' title='bbox 1628 1764 1655 1793; x_wconf 84' lang='lat'><strong><em>«</em></strong></span> <span class='ocrx_word' id='word_1_131' title='bbox 1686 1745 1932 1815; x_wconf 88' lang='lat' dir='ltr'>Adjutor</span> <span class='ocrx_word' id='word_1_132' title='bbox 1964 1761 2185 1811; x_wconf 81' lang='lat' dir='ltr'>meus,»</span> 
     </span>
    </p>
   </div>
   <div class='ocr_carea' id='block_1_18' title="bbox 539 1832 2189 1904">
    <p class='ocr_par' dir='ltr' id='par_1_18' title="bbox 539 1832 2189 1904">
     <span class='ocr_line' id='line_1_18' title="bbox 539 1832 2189 1904; baseline -0.001 -15"><span class='ocrx_word' id='word_1_133' title='bbox 539 1836 611 1889; x_wconf 89' lang='lat' dir='ltr'>de</span> <span class='ocrx_word' id='word_1_134' title='bbox 641 1832 1105 1889; x_wconf 89' lang='lat' dir='ltr'>necessitatibus.</span> <span class='ocrx_word' id='word_1_135' title='bbox 1143 1854 1172 1881; x_wconf 91' lang='grc'><strong>‹‹</strong></span> <span class='ocrx_word' id='word_1_136' title='bbox 1202 1833 1456 1904; x_wconf 90' lang='lat' dir='ltr'>Sperabo</span> <span class='ocrx_word' id='word_1_137' title='bbox 1486 1832 1546 1887; x_wconf 91' lang='lat' dir='ltr'>in</span> <span class='ocrx_word' id='word_1_138' title='bbox 1595 1849 1751 1899; x_wconf 90' lang='lat' dir='ltr'>eum,</span> <span class='ocrx_word' id='word_1_139' title='bbox 1803 1856 1829 1881; x_wconf 91' lang='lat'><strong>»</strong></span> <span class='ocrx_word' id='word_1_140' title='bbox 1877 1834 1937 1888; x_wconf 91' lang='lat' dir='ltr'>in</span> <span class='ocrx_word' id='word_1_141' title='bbox 1995 1833 2189 1904; x_wconf 88' lang='lat' dir='ltr'>ipsum</span> 
     </span>
    </p>
   </div>
   <div class='ocr_carea' id='block_1_19' title="bbox 541 1926 1190 1992">
    <p class='ocr_par' dir='ltr' id='par_1_19' title="bbox 541 1926 1190 1992">
     <span class='ocr_line' id='line_1_19' title="bbox 541 1926 1190 1992; baseline 0 -15"><span class='ocrx_word' id='word_1_142' title='bbox 541 1926 726 1977; x_wconf 89' lang='lat' dir='ltr'>totam</span> <span class='ocrx_word' id='word_1_143' title='bbox 758 1937 923 1992; x_wconf 87' lang='lat' dir='ltr'>spem</span> <span class='ocrx_word' id='word_1_144' title='bbox 956 1937 1190 1992; x_wconf 91' lang='lat' dir='ltr'>ponam.</span> 
     </span>
    </p>
   </div>
   <div class='ocr_carea' id='block_1_20' title="bbox 620 2027 2197 2099">
    <p class='ocr_par' dir='ltr' id='par_1_20' title="bbox 620 2027 2197 2099">
     <span class='ocr_line' id='line_1_20' title="bbox 620 2027 2197 2099; baseline 0.004 -21"><span class='ocrx_word' id='word_1_145' title='bbox 620 2048 648 2077; x_wconf 82' lang='lat'>«</span> <span class='ocrx_word' id='word_1_146' title='bbox 673 2031 973 2081; x_wconf 89' lang='lat' dir='ltr'>Protector</span> <span class='ocrx_word' id='word_1_147' title='bbox 1002 2043 1189 2097; x_wconf 90' lang='lat' dir='ltr'>meus,</span> <span class='ocrx_word' id='word_1_148' title='bbox 1220 2049 1248 2077; x_wconf 86' lang='lat'>»</span> <span class='ocrx_word' id='word_1_149' title='bbox 1278 2027 1379 2098; x_wconf 88' lang='lat' dir='ltr'>qui</span> <span class='ocrx_word' id='word_1_150' title='bbox 1409 2044 1501 2082; x_wconf 91' lang='lat' dir='ltr'>me</span> <span class='ocrx_word' id='word_1_151' title='bbox 1524 2027 1802 2099; x_wconf 87' lang='lat' dir='ltr'>protegis,</span> <span class='ocrx_word' id='word_1_152' title='bbox 1852 2027 1940 2083; x_wconf 88' lang='lat' dir='ltr'>vel</span> <span class='ocrx_word' id='word_1_153' title='bbox 1999 2029 2197 2084; x_wconf 87' lang='lat' dir='ltr'>defen-</span> 
     </span>
    </p>
   </div>
   <div class='ocr_carea' id='block_1_21' title="bbox 546 2115 2198 2189">
    <p class='ocr_par' dir='ltr' id='par_1_21' title="bbox 546 2115 2198 2189">
     <span class='ocr_line' id='line_1_21' title="bbox 546 2115 2198 2189; baseline 0.001 -18"><span class='ocrx_word' id='word_1_154' title='bbox 546 2115 658 2171; x_wconf 92' lang='lat' dir='ltr'>dis.</span> <span class='ocrx_word' id='word_1_155' title='bbox 693 2139 719 2164; x_wconf 85' lang='lat'><strong>«</strong></span> <span class='ocrx_word' id='word_1_156' title='bbox 755 2120 820 2169; x_wconf 85' lang='lat' dir='ltr'>Et</span> <span class='ocrx_word' id='word_1_157' title='bbox 849 2132 1029 2170; x_wconf 88' lang='lat' dir='ltr'>cornu</span> <span class='ocrx_word' id='word_1_158' title='bbox 1061 2116 1265 2171; x_wconf 89' lang='lat' dir='ltr'>salutis</span> <span class='ocrx_word' id='word_1_159' title='bbox 1296 2133 1457 2183; x_wconf 72' lang='lat' dir='ltr'>mem,</span> <span class='ocrx_word' id='word_1_160' title='bbox 1493 2138 1521 2166; x_wconf 85' lang='lat'><strong>»</strong></span> <span class='ocrx_word' id='word_1_161' title='bbox 1551 2133 1722 2172; x_wconf 84' lang='lat' dir='ltr'>cornu</span> <span class='ocrx_word' id='word_1_162' title='bbox 1764 2119 1962 2173; x_wconf 80' lang='lat' dir='ltr'>salutis</span> <span class='ocrx_word' id='word_1_163' title='bbox 1996 2142 2009 2174; x_wconf 85' lang='lat'>:</span> <span class='ocrx_word' id='word_1_164' title='bbox 2059 2118 2198 2189; x_wconf 90' lang='lat' dir='ltr'>quia</span> 
     </span>
    </p>
   </div>
   <div class='ocr_carea' id='block_1_22' title="bbox 549 2205 2197 2271">
    <p class='ocr_par' dir='ltr' id='par_1_22' title="bbox 549 2205 2197 2271">
     <span class='ocr_line' id='line_1_22' title="bbox 549 2205 2197 2271; baseline 0.001 -12"><span class='ocrx_word' id='word_1_165' title='bbox 549 2205 952 2260; x_wconf 87' lang='lat' dir='ltr'>inﬁrmitatem</span> <span class='ocrx_word' id='word_1_166' title='bbox 985 2210 1249 2260; x_wconf 90' lang='lat' dir='ltr'>nostram</span> <span class='ocrx_word' id='word_1_167' title='bbox 1307 2205 1675 2261; x_wconf 84' lang='lat' dir='ltr'>confortavit.</span> <span class='ocrx_word' id='word_1_168' title='bbox 1715 2206 1861 2271; x_wconf 87' lang='lat' dir='ltr'>Quia</span> <span class='ocrx_word' id='word_1_169' title='bbox 1911 2211 2044 2261; x_wconf 88' lang='lat' dir='ltr'>ante</span> <span class='ocrx_word' id='word_1_170' title='bbox 2096 2208 2197 2261; x_wconf 90' lang='lat' dir='ltr'>ad-</span> 
     </span>
    </p>
   </div>
   <div class='ocr_carea' id='block_1_23' title="bbox 546 2292 2198 2368">
    <p class='ocr_par' dir='ltr' id='par_1_23' title="bbox 546 2292 2198 2368">
     <span class='ocr_line' id='line_1_23' title="bbox 546 2292 2198 2368; baseline 0.002 -21"><span class='ocrx_word' id='word_1_171' title='bbox 546 2299 785 2349; x_wconf 89' lang='lat' dir='ltr'>ventum</span> <span class='ocrx_word' id='word_1_172' title='bbox 816 2292 1027 2348; x_wconf 88' lang='lat' dir='ltr'>Christi</span> <span class='ocrx_word' id='word_1_173' title='bbox 1056 2294 1314 2349; x_wconf 89' lang='lat' dir='ltr'>Ecclesia</span> <span class='ocrx_word' id='word_1_174' title='bbox 1339 2294 1638 2349; x_wconf 82' lang='lat' dir='ltr'>inﬁrmata</span> <span class='ocrx_word' id='word_1_175' title='bbox 1666 2300 1789 2350; x_wconf 89' lang='lat' dir='ltr'>erat</span> <span class='ocrx_word' id='word_1_176' title='bbox 1838 2312 1940 2367; x_wconf 89' lang='lat' dir='ltr'>per</span> <span class='ocrx_word' id='word_1_177' title='bbox 1997 2312 2198 2368; x_wconf 89' lang='lat' dir='ltr'>pecca-</span> 
     </span>
    </p>
   </div>
   <div class='ocr_carea' id='block_1_24' title="bbox 549 2382 2198 2454">
    <p class='ocr_par' dir='ltr' id='par_1_24' title="bbox 549 2382 2198 2454">
     <span class='ocr_line' id='line_1_24' title="bbox 549 2382 2198 2454; baseline 0 -17"><span class='ocrx_word' id='word_1_178' title='bbox 549 2387 702 2451; x_wconf 89' lang='lat' dir='ltr'>tum,</span> <span class='ocrx_word' id='word_1_179' title='bbox 726 2383 825 2437; x_wconf 87' lang='lat' dir='ltr'>sed</span> <span class='ocrx_word' id='word_1_180' title='bbox 859 2387 1060 2453; x_wconf 90' lang='lat' dir='ltr'>postea</span> <span class='ocrx_word' id='word_1_181' title='bbox 1090 2382 1411 2437; x_wconf 88' lang='lat' dir='ltr'>confortata</span> <span class='ocrx_word' id='word_1_182' title='bbox 1441 2399 1543 2454; x_wconf 92' lang='lat' dir='ltr'>per</span> <span class='ocrx_word' id='word_1_183' title='bbox 1559 2383 1875 2453; x_wconf 89' lang='lat' dir='ltr'>Christum,</span> <span class='ocrx_word' id='word_1_184' title='bbox 1913 2384 2067 2439; x_wconf 89' lang='lat' dir='ltr'>sicut</span> <span class='ocrx_word' id='word_1_185' title='bbox 2118 2384 2198 2438; x_wconf 86' lang='lat' dir='ltr'>ait</span> 
     </span>
    </p>
   </div>
   <div class='ocr_carea' id='block_1_25' title="bbox 547 2470 2200 2543">
    <p class='ocr_par' dir='ltr' id='par_1_25' title="bbox 547 2470 2200 2543">
     <span class='ocr_line' id='line_1_25' title="bbox 547 2470 2200 2543; baseline 0.001 -19"><span class='ocrx_word' id='word_1_186' title='bbox 547 2470 831 2543; x_wconf 88' lang='lat' dir='ltr'>prepheta</span> <span class='ocrx_word' id='word_1_187' title='bbox 864 2488 876 2525; x_wconf 75' lang='grc' dir='ltr'>ε</span> <span class='ocrx_word' id='word_1_188' title='bbox 910 2472 1098 2525; x_wconf 67' lang='lat' dir='ltr'>Erexit</span> <span class='ocrx_word' id='word_1_189' title='bbox 1126 2487 1297 2526; x_wconf 79' lang='lat' dir='ltr'>cornu</span> <span class='ocrx_word' id='word_1_190' title='bbox 1350 2472 1507 2527; x_wconf 77' lang='lat' dir='ltr'>nobis</span> <span class='ocrx_word' id='word_1_191' title='bbox 1564 2472 1758 2527; x_wconf 73' lang='lat' dir='ltr'>salutis</span> <span class='ocrx_word' id='word_1_192' title='bbox 1814 2476 2013 2528; x_wconf 68' lang='lat' dir='ltr'>nostra:</span> <span class='ocrx_word' id='word_1_193' title='bbox 2072 2474 2200 2543; x_wconf 86' lang='lat' dir='ltr'>(Luc</span> 
     </span>
    </p>
   </div>
   <div class='ocr_carea' id='block_1_26' title="bbox 553 2559 2201 2632">
    <p class='ocr_par' dir='ltr' id='par_1_26' title="bbox 553 2559 2201 2632">
     <span class='ocr_line' id='line_1_26' title="bbox 553 2559 2201 2632; baseline 0.001 -19"><span class='ocrx_word' id='word_1_194' title='bbox 553 2576 592 2627; x_wconf 82' lang='grc' dir='ltr'>ι,</span> <span class='ocrx_word' id='word_1_195' title='bbox 624 2560 733 2630; x_wconf 87' lang='grc'>69).</span> <span class='ocrx_word' id='word_1_196' title='bbox 768 2564 849 2613; x_wconf 85' lang='lat' dir='ltr'>Ac</span> <span class='ocrx_word' id='word_1_197' title='bbox 879 2559 928 2613; x_wconf 92' lang='lat' dir='ltr'>si</span> <span class='ocrx_word' id='word_1_198' title='bbox 960 2560 1113 2614; x_wconf 87' lang='lat' dir='ltr'>dicat</span> <span class='ocrx_word' id='word_1_199' title='bbox 1144 2576 1157 2613; x_wconf 90' lang='lat'>:</span> <span class='ocrx_word' id='word_1_200' title='bbox 1193 2560 1360 2615; x_wconf 89' lang='lat' dir='ltr'>Dedit</span> <span class='ocrx_word' id='word_1_201' title='bbox 1390 2560 1557 2615; x_wconf 93' lang='lat' dir='ltr'>nobis</span> <span class='ocrx_word' id='word_1_202' title='bbox 1607 2577 1850 2632; x_wconf 89' lang='lat' dir='ltr'>regnum</span> <span class='ocrx_word' id='word_1_203' title='bbox 1910 2562 2074 2631; x_wconf 84' lang='lat' dir='ltr'>forte,</span> <span class='ocrx_word' id='word_1_204' title='bbox 2136 2565 2201 2615; x_wconf 89' lang='lat' dir='ltr'>ut</span> 
     </span>
    </p>
   </div>
   <div class='ocr_carea' id='block_1_27' title="bbox 547 2647 2199 2721">
    <p class='ocr_par' dir='ltr' id='par_1_27' title="bbox 547 2647 2199 2721">
     <span class='ocr_line' id='line_1_27' title="bbox 547 2647 2199 2721; baseline 0.002 -20"><span class='ocrx_word' id='word_1_205' title='bbox 547 2647 693 2702; x_wconf 92' lang='lat' dir='ltr'>illud</span> <span class='ocrx_word' id='word_1_206' title='bbox 727 2665 739 2701; x_wconf 92' lang='lat'>:</span> <span class='ocrx_word' id='word_1_207' title='bbox 773 2648 838 2701; x_wconf 85' lang='lat' dir='ltr'>Et</span> <span class='ocrx_word' id='word_1_208' title='bbox 865 2650 997 2718; x_wconf 88' lang='lat' dir='ltr'>fecit</span> <span class='ocrx_word' id='word_1_209' title='bbox 1020 2664 1115 2702; x_wconf 79' lang='lat' dir='ltr'>nos</span> <span class='ocrx_word' id='word_1_210' title='bbox 1145 2665 1373 2715; x_wconf 84' lang='lat' dir='ltr'>regnum</span> <span class='ocrx_word' id='word_1_211' title='bbox 1435 2651 1535 2704; x_wconf 86' lang='lat' dir='ltr'>Deo</span> <span class='ocrx_word' id='word_1_212' title='bbox 1584 2652 1749 2704; x_wconf 82' lang='lat' dir='ltr'>Patri</span> <span class='ocrx_word' id='word_1_213' title='bbox 1809 2666 1904 2705; x_wconf 80' lang='lat' dir='ltr'>suo</span> <span class='ocrx_word' id='word_1_214' title='bbox 1945 2652 2122 2721; x_wconf 73' lang='lat' dir='ltr'>(Apoc.</span> <span class='ocrx_word' id='word_1_215' title='bbox 2157 2667 2199 2719; x_wconf 80' lang='grc' dir='ltr'>ι,</span> 
     </span>
    </p>
   </div>
   <div class='ocr_carea' id='block_1_28' title="bbox 541 2736 2196 2809">
    <p class='ocr_par' dir='ltr' id='par_1_28' title="bbox 541 2736 2196 2809">
     <span class='ocr_line' id='line_1_28' title="bbox 541 2736 2196 2809; baseline 0.002 -19"><span class='ocrx_word' id='word_1_216' title='bbox 541 2738 617 2807; x_wconf 85' lang='grc'>6).</span> <span class='ocrx_word' id='word_1_217' title='bbox 653 2736 777 2792; x_wconf 89' lang='lat' dir='ltr'>Non</span> <span class='ocrx_word' id='word_1_218' title='bbox 808 2753 944 2808; x_wconf 86' lang='lat' dir='ltr'>ergo</span> <span class='ocrx_word' id='word_1_219' title='bbox 978 2737 1036 2791; x_wconf 94' lang='lat' dir='ltr'>in</span> <span class='ocrx_word' id='word_1_220' title='bbox 1060 2754 1238 2792; x_wconf 89' lang='lat' dir='ltr'>cornu</span> <span class='ocrx_word' id='word_1_221' title='bbox 1272 2737 1414 2794; x_wconf 92' lang='lat' dir='ltr'>illud</span> <span class='ocrx_word' id='word_1_222' title='bbox 1448 2740 1755 2809; x_wconf 64' lang='lat' dir='ltr'>superbiae,</span> <span class='ocrx_word' id='word_1_223' title='bbox 1790 2740 1889 2794; x_wconf 92' lang='lat' dir='ltr'>sed</span> <span class='ocrx_word' id='word_1_224' title='bbox 1924 2739 1980 2793; x_wconf 91' lang='lat' dir='ltr'>in</span> <span class='ocrx_word' id='word_1_225' title='bbox 2017 2756 2196 2794; x_wconf 92' lang='lat' dir='ltr'>cornu</span> 
     </span>
    </p>
   </div>
   <div class='ocr_carea' id='block_1_29' title="bbox 544 2825 2199 2897">
    <p class='ocr_par' dir='ltr' id='par_1_29' title="bbox 544 2825 2199 2897">
     <span class='ocr_line' id='line_1_29' title="bbox 544 2825 2199 2897; baseline -0.001 -16"><span class='ocrx_word' id='word_1_226' title='bbox 544 2825 754 2881; x_wconf 88' lang='lat' dir='ltr'>salutis</span> <span class='ocrx_word' id='word_1_227' title='bbox 786 2830 920 2893; x_wconf 76' lang='lat' dir='ltr'>tuae,</span> <span class='ocrx_word' id='word_1_228' title='bbox 954 2826 1313 2897; x_wconf 89' lang='lat' dir='ltr'>adjutorium</span> <span class='ocrx_word' id='word_1_229' title='bbox 1345 2827 1558 2882; x_wconf 88' lang='lat' dir='ltr'>habere</span> <span class='ocrx_word' id='word_1_230' title='bbox 1590 2828 1839 2882; x_wconf 80' lang='lat' dir='ltr'>confido.</span> <span class='ocrx_word' id='word_1_231' title='bbox 1904 2849 1931 2876; x_wconf 85' lang='grc'><strong>‹‹</strong></span> <span class='ocrx_word' id='word_1_232' title='bbox 1992 2827 2199 2882; x_wconf 89' lang='lat' dir='ltr'>Susce-</span> 
     </span>
    </p>
   </div>
   <div class='ocr_carea' id='block_1_30' title="bbox 546 2915 2199 2986">
    <p class='ocr_par' dir='ltr' id='par_1_30' title="bbox 546 2915 2199 2986">
     <span class='ocr_line' id='line_1_30' title="bbox 546 2915 2199 2986; baseline 0.001 -19"><span class='ocrx_word' id='word_1_233' title='bbox 546 2917 676 2984; x_wconf 89' lang='lat' dir='ltr'>ptor</span> <span class='ocrx_word' id='word_1_234' title='bbox 705 2930 893 2969; x_wconf 90' lang='lat' dir='ltr'>meus.</span> <span class='ocrx_word' id='word_1_235' title='bbox 951 2935 979 2963; x_wconf 82' lang='lat'>»</span> <span class='ocrx_word' id='word_1_236' title='bbox 1035 2915 1354 2986; x_wconf 89' lang='lat' dir='ltr'>Susceptus</span> <span class='ocrx_word' id='word_1_237' title='bbox 1402 2919 1490 2968; x_wconf 91' lang='lat' dir='ltr'>est</span> <span class='ocrx_word' id='word_1_238' title='bbox 1527 2915 1793 2971; x_wconf 89' lang='lat' dir='ltr'>Christus</span> <span class='ocrx_word' id='word_1_239' title='bbox 1838 2932 1871 2969; x_wconf 90' lang='lat' dir='ltr'>a</span> <span class='ocrx_word' id='word_1_240' title='bbox 1918 2915 2085 2970; x_wconf 88' lang='lat' dir='ltr'>Patre</span> <span class='ocrx_word' id='word_1_241' title='bbox 2140 2915 2199 2968; x_wconf 91' lang='lat' dir='ltr'>in</span> 
     </span>
    </p>
   </div>
   <div class='ocr_carea' id='block_1_31' title="bbox 545 3000 1912 3075">
    <p class='ocr_par' dir='ltr' id='par_1_31' title="bbox 545 3000 1912 3075">
     <span class='ocr_line' id='line_1_31' title="bbox 545 3000 1912 3075; baseline 0.001 -18"><span class='ocrx_word' id='word_1_242' title='bbox 545 3001 933 3067; x_wconf 89' lang='lat' dir='ltr'>humanitate,</span> <span class='ocrx_word' id='word_1_243' title='bbox 958 3006 1015 3057; x_wconf 87' lang='lat' dir='ltr'>et</span> <span class='ocrx_word' id='word_1_244' title='bbox 1044 3000 1294 3057; x_wconf 88' lang='lat' dir='ltr'>Ecclesia</span> <span class='ocrx_word' id='word_1_245' title='bbox 1329 3002 1654 3075; x_wconf 89' lang='lat' dir='ltr'>suscipitur</span> <span class='ocrx_word' id='word_1_246' title='bbox 1685 3004 1746 3058; x_wconf 90' lang='lat' dir='ltr'>in</span> <span class='ocrx_word' id='word_1_247' title='bbox 1779 3004 1912 3059; x_wconf 82' lang='lat' dir='ltr'>ﬁde.</span> 
     </span>
    </p>
   </div>
   <div class='ocr_carea' id='block_1_32' title="bbox 621 3124 2200 3193">
    <p class='ocr_par' dir='ltr' id='par_1_32' title="bbox 621 3124 2200 3193">
     <span class='ocr_line' id='line_1_32' title="bbox 621 3124 2200 3193; baseline 0.001 -13"><span class='ocrx_word' id='word_1_248' title='bbox 621 3148 649 3176; x_wconf 92' lang='grc'>‹‹</span> <span class='ocrx_word' id='word_1_249' title='bbox 684 3126 956 3181; x_wconf 88' lang='lat' dir='ltr'>Laudans</span> <span class='ocrx_word' id='word_1_250' title='bbox 983 3125 1261 3181; x_wconf 89' lang='lat' dir='ltr'>invocabo</span> <span class='ocrx_word' id='word_1_251' title='bbox 1294 3124 1628 3182; x_wconf 89' lang='lat' dir='ltr'>Dominum.</span> <span class='ocrx_word' id='word_1_252' title='bbox 1667 3149 1695 3175; x_wconf 86' lang='lat'>»</span> <span class='ocrx_word' id='word_1_253' title='bbox 1726 3127 1881 3182; x_wconf 88' lang='lat' dir='ltr'>Justi</span> <span class='ocrx_word' id='word_1_254' title='bbox 1908 3126 2151 3182; x_wconf 90' lang='lat' dir='ltr'>laudant</span> <span class='ocrx_word' id='word_1_255' title='bbox 2187 3152 2200 3193; x_wconf 89' lang='lat'><strong>;</strong></span> 
     </span>
    </p>
   </div>
   <div class='ocr_carea' id='block_1_33' title="bbox 550 3213 2201 3288">
    <p class='ocr_par' dir='ltr' id='par_1_33' title="bbox 550 3213 2201 3288">
     <span class='ocr_line' id='line_1_33' title="bbox 550 3213 2201 3288; baseline 0.001 -19"><span class='ocrx_word' id='word_1_256' title='bbox 550 3214 691 3286; x_wconf 90' lang='lat' dir='ltr'>quia</span> <span class='ocrx_word' id='word_1_257' title='bbox 721 3215 793 3269; x_wconf 88' lang='lat' dir='ltr'>de</span> <span class='ocrx_word' id='word_1_258' title='bbox 822 3214 1098 3269; x_wconf 91' lang='lat' dir='ltr'>omnibus</span> <span class='ocrx_word' id='word_1_259' title='bbox 1129 3213 1298 3270; x_wconf 91' lang='lat' dir='ltr'>malis</span> <span class='ocrx_word' id='word_1_260' title='bbox 1320 3213 1585 3270; x_wconf 86' lang='lat' dir='ltr'>liberavit</span> <span class='ocrx_word' id='word_1_261' title='bbox 1616 3231 1734 3284; x_wconf 92' lang='lat' dir='ltr'>eos,</span> <span class='ocrx_word' id='word_1_262' title='bbox 1777 3232 1881 3288; x_wconf 89' lang='lat' dir='ltr'>pro</span> <span class='ocrx_word' id='word_1_263' title='bbox 1925 3233 1990 3271; x_wconf 92' lang='lat' dir='ltr'>eo</span> <span class='ocrx_word' id='word_1_264' title='bbox 2047 3216 2201 3287; x_wconf 92' lang='lat' dir='ltr'>quod</span> 
     </span>
    </p>
   </div>
   <div class='ocr_carea' id='block_1_34' title="bbox 550 3303 2282 3374">
    <p class='ocr_par' dir='ltr' id='par_1_34' title="bbox 550 3303 2282 3374">
     <span class='ocr_line' id='line_1_34' title="bbox 550 3303 2282 3374; baseline 0.002 -16"><span class='ocrx_word' id='word_1_265' title='bbox 550 3303 854 3374; x_wconf 88' lang='lat' dir='ltr'>sequitur:</span> <span class='ocrx_word' id='word_1_266' title='bbox 890 3326 917 3352; x_wconf 83' lang='lat'><strong><em>«</em></strong></span> <span class='ocrx_word' id='word_1_267' title='bbox 953 3304 1019 3358; x_wconf 90' lang='lat' dir='ltr'>Et</span> <span class='ocrx_word' id='word_1_268' title='bbox 1038 3304 1109 3358; x_wconf 90' lang='lat' dir='ltr'>ab</span> <span class='ocrx_word' id='word_1_269' title='bbox 1142 3303 1396 3359; x_wconf 86' lang='lat' dir='ltr'>inimicis</span> <span class='ocrx_word' id='word_1_270' title='bbox 1431 3305 1578 3360; x_wconf 87' lang='lat' dir='ltr'>meis</span> <span class='ocrx_word' id='word_1_271' title='bbox 1617 3305 1814 3361; x_wconf 91' lang='lat' dir='ltr'>salvus</span> <span class='ocrx_word' id='word_1_272' title='bbox 1861 3322 1978 3361; x_wconf 90' lang='lat' dir='ltr'>ero.</span> <span class='ocrx_word' id='word_1_273' title='bbox 2028 3327 2054 3355; x_wconf 82' lang='lat'>»</span> <span class='ocrx_word' id='word_1_274' title='bbox 2101 3306 2199 3360; x_wconf 90' lang='lat' dir='ltr'>In-</span> <span class='ocrx_word' id='word_1_275' title='bbox 2239 3307 2282 3373; x_wconf 83' lang='lat' dir='ltr'>C</span> 
     </span>
    </p>
   </div>
   <div class='ocr_carea' id='block_1_35' title="bbox 550 3391 2199 3458">
    <p class='ocr_par' dir='ltr' id='par_1_35' title="bbox 550 3391 2199 3458">
     <span class='ocr_line' id='line_1_35' title="bbox 550 3391 2199 3458; baseline 0.001 -11"><span class='ocrx_word' id='word_1_276' title='bbox 550 3393 743 3447; x_wconf 91' lang='lat' dir='ltr'>vocavi</span> <span class='ocrx_word' id='word_1_277' title='bbox 792 3391 1128 3458; x_wconf 91' lang='lat' dir='ltr'>Dominum,</span> <span class='ocrx_word' id='word_1_278' title='bbox 1186 3393 1452 3449; x_wconf 69' lang='lat' dir='ltr'>Christus</span> <span class='ocrx_word' id='word_1_279' title='bbox 1499 3393 1784 3449; x_wconf 88' lang='lat' dir='ltr'>invocavit</span> <span class='ocrx_word' id='word_1_280' title='bbox 1846 3394 2029 3449; x_wconf 91' lang='lat' dir='ltr'>Deum</span> <span class='ocrx_word' id='word_1_281' title='bbox 2095 3399 2199 3449; x_wconf 90' lang='lat' dir='ltr'>Pa-</span> 
     </span>
    </p>
   </div>
   <div class='ocr_carea' id='block_1_36' title="bbox 547 3479 2201 3538">
    <p class='ocr_par' dir='ltr' id='par_1_36' title="bbox 547 3479 2201 3538">
     <span class='ocr_line' id='line_1_36' title="bbox 547 3479 2201 3538; baseline 0.001 -2"><span class='ocrx_word' id='word_1_282' title='bbox 547 3484 719 3536; x_wconf 90' lang='lat' dir='ltr'>trem.</span> <span class='ocrx_word' id='word_1_283' title='bbox 771 3479 1029 3536; x_wconf 88' lang='lat' dir='ltr'>Ecclesia</span> <span class='ocrx_word' id='word_1_284' title='bbox 1067 3480 1385 3536; x_wconf 84' lang='lat' dir='ltr'>Christum.</span> <span class='ocrx_word' id='word_1_285' title='bbox 1419 3504 1446 3531; x_wconf 84' lang='lat'><strong>«</strong></span> <span class='ocrx_word' id='word_1_286' title='bbox 1488 3482 1553 3535; x_wconf 90' lang='lat' dir='ltr'>Et</span> <span class='ocrx_word' id='word_1_287' title='bbox 1612 3482 1685 3537; x_wconf 93' lang='lat' dir='ltr'>ab</span> <span class='ocrx_word' id='word_1_288' title='bbox 1742 3482 1997 3538; x_wconf 90' lang='lat' dir='ltr'>inimicis</span> <span class='ocrx_word' id='word_1_289' title='bbox 2054 3483 2201 3538; x_wconf 90' lang='lat' dir='ltr'>meis</span> 
     </span>
    </p>
   </div>
   <div class='ocr_carea' id='block_1_37' title="bbox 550 3567 2202 3638">
    <p class='ocr_par' dir='ltr' id='par_1_37' title="bbox 550 3567 2202 3638">
     <span class='ocr_line' id='line_1_37' title="bbox 550 3567 2202 3638; baseline 0.002 -15"><span class='ocrx_word' id='word_1_290' title='bbox 550 3569 748 3624; x_wconf 91' lang='lat' dir='ltr'>salvus</span> <span class='ocrx_word' id='word_1_291' title='bbox 782 3584 898 3638; x_wconf 88' lang='lat' dir='ltr'>ero,</span> <span class='ocrx_word' id='word_1_292' title='bbox 941 3590 969 3618; x_wconf 86' lang='lat'><strong>«</strong></span> <span class='ocrx_word' id='word_1_293' title='bbox 1020 3567 1286 3623; x_wconf 90' lang='lat' dir='ltr'>Christus</span> <span class='ocrx_word' id='word_1_294' title='bbox 1339 3588 1371 3624; x_wconf 86' lang='lat' dir='ltr'>a</span> <span class='ocrx_word' id='word_1_295' title='bbox 1417 3569 1658 3624; x_wconf 68' lang='lat' dir='ltr'>Judaais.</span> <span class='ocrx_word' id='word_1_296' title='bbox 1716 3576 1775 3624; x_wconf 88' lang='lat' dir='ltr'>et</span> <span class='ocrx_word' id='word_1_297' title='bbox 1829 3570 2086 3626; x_wconf 87' lang='lat' dir='ltr'>Ecclesia</span> <span class='ocrx_word' id='word_1_298' title='bbox 2128 3574 2202 3625; x_wconf 91' lang='lat' dir='ltr'>ab</span> 
     </span>
    </p>
   </div>
   <div class='ocr_carea' id='block_1_38' title="bbox 554 3656 863 3713">
    <p class='ocr_par' dir='ltr' id='par_1_38' title="bbox 554 3656 863 3713">
     <span class='ocr_line' id='line_1_38' title="bbox 554 3656 863 3713; baseline -0.01 -1"><span class='ocrx_word' id='word_1_299' title='bbox 554 3656 863 3713; x_wconf 65' lang='lat' dir='ltr'>haereticis.</span> 
     </span>
    </p>
   </div>
   <div class='ocr_carea' id='block_1_39' title="bbox 637 3760 2207 3832">
    <p class='ocr_par' dir='ltr' id='par_1_39' title="bbox 637 3760 2207 3832">
     <span class='ocr_line' id='line_1_39' title="bbox 637 3760 2207 3832; baseline 0.005 -22"><span class='ocrx_word' id='word_1_300' title='bbox 637 3784 665 3811; x_wconf 87' lang='grc'>‹‹</span> <span class='ocrx_word' id='word_1_301' title='bbox 696 3760 1223 3815; x_wconf 87' lang='lat' dir='ltr'>Circumdederunt</span> <span class='ocrx_word' id='word_1_302' title='bbox 1252 3775 1345 3814; x_wconf 92' lang='lat' dir='ltr'>me</span> <span class='ocrx_word' id='word_1_303' title='bbox 1393 3762 1648 3832; x_wconf 88' lang='lat' dir='ltr'>gemitus</span> <span class='ocrx_word' id='word_1_304' title='bbox 1708 3763 1933 3816; x_wconf 91' lang='lat' dir='ltr'>mortis.</span> <span class='ocrx_word' id='word_1_305' title='bbox 1998 3785 2027 3812; x_wconf 84' lang='lat'><strong><em>«</em></strong></span> <span class='ocrx_word' id='word_1_306' title='bbox 2085 3763 2207 3817; x_wconf 86' lang='lat' dir='ltr'>Vox</span> 
     </span>
    </p>
   </div>
   <div class='ocr_carea' id='block_1_40' title="bbox 557 3846 2209 3914">
    <p class='ocr_par' dir='ltr' id='par_1_40' title="bbox 557 3846 2209 3914">
     <span class='ocr_line' id='line_1_40' title="bbox 557 3846 2209 3914; baseline 0 -10"><span class='ocrx_word' id='word_1_307' title='bbox 557 3848 792 3914; x_wconf 87' lang='lat' dir='ltr'>Christi,</span> <span class='ocrx_word' id='word_1_308' title='bbox 832 3851 887 3902; x_wconf 90' lang='lat' dir='ltr'>et</span> <span class='ocrx_word' id='word_1_309' title='bbox 911 3864 1018 3902; x_wconf 83' lang='lat' dir='ltr'>vox</span> <span class='ocrx_word' id='word_1_310' title='bbox 1049 3846 1332 3902; x_wconf 67' lang='lat' dir='ltr'>Ecclesiae.</span> <span class='ocrx_word' id='word_1_311' title='bbox 1367 3847 1890 3904; x_wconf 90' lang='lat' dir='ltr'>Circumdederunt</span> <span class='ocrx_word' id='word_1_312' title='bbox 1910 3850 2209 3905; x_wconf 90' lang='lat' dir='ltr'>Christum</span> 
     </span>
    </p>
   </div>
   <div class='ocr_carea' id='block_1_41' title="bbox 558 3935 2207 4008">
    <p class='ocr_par' dir='ltr' id='par_1_41' title="bbox 558 3935 2207 4008">
     <span class='ocr_line' id='line_1_41' title="bbox 558 3935 2207 4008; baseline 0.001 -17"><span class='ocrx_word' id='word_1_313' title='bbox 558 3936 646 3991; x_wconf 92' lang='lat' dir='ltr'>illi</span> <span class='ocrx_word' id='word_1_314' title='bbox 674 3936 774 4008; x_wconf 89' lang='lat' dir='ltr'>qui</span> <span class='ocrx_word' id='word_1_315' title='bbox 812 3936 871 3990; x_wconf 90' lang='lat' dir='ltr'>in</span> <span class='ocrx_word' id='word_1_316' title='bbox 904 3935 1129 3991; x_wconf 90' lang='lat' dir='ltr'>inferno</span> <span class='ocrx_word' id='word_1_317' title='bbox 1161 3940 1491 4007; x_wconf 81' lang='lat' dir='ltr'>gemebant,</span> <span class='ocrx_word' id='word_1_318' title='bbox 1518 3938 1616 4008; x_wconf 90' lang='lat' dir='ltr'>qui</span> <span class='ocrx_word' id='word_1_319' title='bbox 1651 3938 1707 3991; x_wconf 91' lang='lat' dir='ltr'>in</span> <span class='ocrx_word' id='word_1_320' title='bbox 1740 3938 1965 3993; x_wconf 88' lang='lat' dir='ltr'>inferno</span> <span class='ocrx_word' id='word_1_321' title='bbox 2022 3944 2207 4004; x_wconf 87' lang='lat' dir='ltr'>erant,</span> 
     </span>
    </p>
   </div>
   <div class='ocr_carea' id='block_1_42' title="bbox 559 4024 2209 4097">
    <p class='ocr_par' dir='ltr' id='par_1_42' title="bbox 559 4024 2209 4097">
     <span class='ocr_line' id='line_1_42' title="bbox 559 4024 2209 4097; baseline 0.001 -17"><span class='ocrx_word' id='word_1_322' title='bbox 559 4029 615 4081; x_wconf 91' lang='lat' dir='ltr'>et</span> <span class='ocrx_word' id='word_1_323' title='bbox 665 4025 920 4080; x_wconf 88' lang='lat' dir='ltr'>Ecclesia</span> <span class='ocrx_word' id='word_1_324' title='bbox 969 4024 1259 4080; x_wconf 89' lang='lat' dir='ltr'>similiter.</span> <span class='ocrx_word' id='word_1_325' title='bbox 1321 4049 1347 4074; x_wconf 83' lang='lat'><strong>«</strong></span> <span class='ocrx_word' id='word_1_326' title='bbox 1410 4026 1479 4079; x_wconf 90' lang='lat' dir='ltr'>Et</span> <span class='ocrx_word' id='word_1_327' title='bbox 1536 4030 1824 4081; x_wconf 84' lang='lat' dir='ltr'>torrentes</span> <span class='ocrx_word' id='word_1_328' title='bbox 1878 4027 2209 4097; x_wconf 89' lang='lat' dir='ltr'>iniquitatis</span> 
     </span>
    </p>
   </div>
   <div class='ocr_carea' id='block_1_43' title="bbox 563 4114 2210 4185">
    <p class='ocr_par' dir='ltr' id='par_1_43' title="bbox 563 4114 2210 4185">
     <span class='ocr_line' id='line_1_43' title="bbox 563 4114 2210 4185; baseline 0.001 -17"><span class='ocrx_word' id='word_1_329' title='bbox 563 4114 1057 4169; x_wconf 87' lang='lat' dir='ltr'>conturbaverunt</span> <span class='ocrx_word' id='word_1_330' title='bbox 1088 4130 1199 4169; x_wconf 89' lang='lat' dir='ltr'>me.</span> <span class='ocrx_word' id='word_1_331' title='bbox 1236 4136 1263 4161; x_wconf 87' lang='grc'><strong>››</strong></span> <span class='ocrx_word' id='word_1_332' title='bbox 1295 4115 1606 4169; x_wconf 89' lang='lat' dir='ltr'>Torrentss</span> <span class='ocrx_word' id='word_1_333' title='bbox 1637 4131 1822 4184; x_wconf 91' lang='lat' dir='ltr'>aquas</span> <span class='ocrx_word' id='word_1_334' title='bbox 1878 4114 2019 4169; x_wconf 91' lang='lat' dir='ltr'>dicit</span> <span class='ocrx_word' id='word_1_335' title='bbox 2084 4131 2210 4185; x_wconf 75' lang='lat' dir='ltr'>quae</span> 
     </span>
    </p>
   </div>
   <div class='ocr_carea' id='block_1_44' title="bbox 563 4199 2210 4275">
    <p class='ocr_par' dir='ltr' id='par_1_44' title="bbox 563 4199 2210 4275">
     <span class='ocr_line' id='line_1_44' title="bbox 563 4199 2210 4275; baseline 0.001 -18"><span class='ocrx_word' id='word_1_336' title='bbox 563 4205 990 4275; x_wconf 90' lang='lat' dir='ltr'>pertranseunt.</span> <span class='ocrx_word' id='word_1_337' title='bbox 1024 4199 1274 4258; x_wconf 89' lang='lat' dir='ltr'>Torrens</span> <span class='ocrx_word' id='word_1_338' title='bbox 1299 4203 1512 4258; x_wconf 86' lang='lat' dir='ltr'>dicitur</span> <span class='ocrx_word' id='word_1_339' title='bbox 1542 4201 1640 4274; x_wconf 90' lang='lat' dir='ltr'>qui</span> <span class='ocrx_word' id='word_1_340' title='bbox 1664 4219 1779 4257; x_wconf 89' lang='lat' dir='ltr'>non</span> <span class='ocrx_word' id='word_1_341' title='bbox 1812 4203 1882 4258; x_wconf 92' lang='lat' dir='ltr'>de</span> <span class='ocrx_word' id='word_1_342' title='bbox 1912 4204 2068 4258; x_wconf 82' lang='lat' dir='ltr'>fonte</span> <span class='ocrx_word' id='word_1_343' title='bbox 2113 4220 2210 4258; x_wconf 90' lang='lat' dir='ltr'>ne-</span> 
     </span>
    </p>
   </div>
   <div class='ocr_carea' id='block_1_45' title="bbox 560 4290 2213 4365">
    <p class='ocr_par' dir='ltr' id='par_1_45' title="bbox 560 4290 2213 4365">
     <span class='ocr_line' id='line_1_45' title="bbox 560 4290 2213 4365; baseline -0.002 -16"><span class='ocrx_word' id='word_1_344' title='bbox 560 4310 673 4365; x_wconf 91' lang='lat' dir='ltr'>que</span> <span class='ocrx_word' id='word_1_345' title='bbox 704 4293 775 4348; x_wconf 89' lang='lat' dir='ltr'>de</span> <span class='ocrx_word' id='word_1_346' title='bbox 803 4292 931 4347; x_wconf 90' lang='lat' dir='ltr'>viva</span> <span class='ocrx_word' id='word_1_347' title='bbox 953 4308 1123 4363; x_wconf 89' lang='lat' dir='ltr'>aqua,</span> <span class='ocrx_word' id='word_1_348' title='bbox 1155 4293 1256 4346; x_wconf 92' lang='lat' dir='ltr'>sed</span> <span class='ocrx_word' id='word_1_349' title='bbox 1284 4308 1317 4346; x_wconf 94' lang='lat' dir='ltr'>a</span> <span class='ocrx_word' id='word_1_350' title='bbox 1355 4290 1589 4363; x_wconf 86' lang='lat' dir='ltr'>pluviis,</span> <span class='ocrx_word' id='word_1_351' title='bbox 1648 4290 1734 4346; x_wconf 86' lang='lat' dir='ltr'>vel</span> <span class='ocrx_word' id='word_1_352' title='bbox 1792 4292 1861 4346; x_wconf 93' lang='lat' dir='ltr'>de</span> <span class='ocrx_word' id='word_1_353' title='bbox 1916 4292 2213 4346; x_wconf 89' lang='lat' dir='ltr'>montibus</span> 
     </span>
    </p>
   </div>
   <div class='ocr_carea' id='block_1_46' title="bbox 560 4380 2217 4452">
    <p class='ocr_par' dir='ltr' id='par_1_46' title="bbox 560 4380 2217 4452">
     <span class='ocr_line' id='line_1_46' title="bbox 560 4380 2217 4452; baseline -0.001 -17"><span class='ocrx_word' id='word_1_354' title='bbox 560 4382 620 4437; x_wconf 94' lang='lat' dir='ltr'>in</span> <span class='ocrx_word' id='word_1_355' title='bbox 652 4380 830 4439; x_wconf 87' lang='lat' dir='ltr'>valles</span> <span class='ocrx_word' id='word_1_356' title='bbox 878 4381 1198 4446; x_wconf 83' lang='lat' dir='ltr'>descendit,</span> <span class='ocrx_word' id='word_1_357' title='bbox 1250 4385 1306 4434; x_wconf 91' lang='lat' dir='ltr'>et</span> <span class='ocrx_word' id='word_1_358' title='bbox 1362 4380 1420 4433; x_wconf 90' lang='lat' dir='ltr'>in</span> <span class='ocrx_word' id='word_1_359' title='bbox 1462 4396 1620 4434; x_wconf 91' lang='lat' dir='ltr'>mare</span> <span class='ocrx_word' id='word_1_360' title='bbox 1677 4380 1853 4434; x_wconf 91' lang='lat' dir='ltr'>vadit.</span> <span class='ocrx_word' id='word_1_361' title='bbox 1908 4381 2053 4445; x_wconf 91' lang='lat' dir='ltr'>Quid</span> <span class='ocrx_word' id='word_1_362' title='bbox 2114 4397 2217 4452; x_wconf 91' lang='lat' dir='ltr'>per</span> 
     </span>
    </p>
   </div>
   <div class='ocr_carea' id='block_1_47' title="bbox 562 4468 2217 4540">
    <p class='ocr_par' dir='ltr' id='par_1_47' title="bbox 562 4468 2217 4540">
     <span class='ocr_line' id='line_1_47' title="bbox 562 4468 2217 4540; baseline -0.001 -14"><span class='ocrx_word' id='word_1_363' title='bbox 562 4474 872 4538; x_wconf 87' lang='lat' dir='ltr'>torrentes,</span> <span class='ocrx_word' id='word_1_364' title='bbox 905 4469 1018 4523; x_wconf 89' lang='lat' dir='ltr'>nisi</span> <span class='ocrx_word' id='word_1_365' title='bbox 1050 4468 1351 4523; x_wconf 89' lang='lat' dir='ltr'>universas</span> <span class='ocrx_word' id='word_1_366' title='bbox 1383 4472 1581 4539; x_wconf 90' lang='lat' dir='ltr'>gentes</span> <span class='ocrx_word' id='word_1_367' title='bbox 1615 4468 1921 4537; x_wconf 81' lang='lat' dir='ltr'>signiﬁcat,</span> <span class='ocrx_word' id='word_1_368' title='bbox 1956 4485 2081 4539; x_wconf 82' lang='lat' dir='ltr'>quae</span> <span class='ocrx_word' id='word_1_369' title='bbox 2116 4486 2217 4540; x_wconf 92' lang='lat' dir='ltr'>per</span> 
     </span>
    </p>
   </div>
   <div class='ocr_carea' id='block_1_48' title="bbox 566 4557 2216 4614">
    <p class='ocr_par' dir='ltr' id='par_1_48' title="bbox 566 4557 2216 4614">
     <span class='ocr_line' id='line_1_48' title="bbox 566 4557 2216 4614; baseline -0.001 -1"><span class='ocrx_word' id='word_1_370' title='bbox 566 4564 825 4614; x_wconf 90' lang='lat' dir='ltr'>montem</span> <span class='ocrx_word' id='word_1_371' title='bbox 856 4557 1049 4612; x_wconf 91' lang='lat' dir='ltr'>carnis</span> <span class='ocrx_word' id='word_1_372' title='bbox 1080 4558 1136 4611; x_wconf 90' lang='lat' dir='ltr'>in</span> <span class='ocrx_word' id='word_1_373' title='bbox 1182 4572 1340 4611; x_wconf 89' lang='lat' dir='ltr'>mare</span> <span class='ocrx_word' id='word_1_374' title='bbox 1375 4557 1531 4612; x_wconf 90' lang='lat' dir='ltr'>istud</span> <span class='ocrx_word' id='word_1_375' title='bbox 1584 4557 1997 4612; x_wconf 87' lang='lat' dir='ltr'>descendunt?</span> <span class='ocrx_word' id='word_1_376' title='bbox 2053 4558 2216 4612; x_wconf 90' lang='lat' dir='ltr'>Unde</span> 
     </span>
    </p>
   </div>
   <div class='ocr_carea' id='block_1_49' title="bbox 2285 663 3940 736">
    <p class='ocr_par' dir='ltr' id='par_1_49' title="bbox 2285 663 3940 736">
     <span class='ocr_line' id='line_1_49' title="bbox 2285 663 3940 736; baseline -0.004 -14"><span class='ocrx_word' id='word_1_377' title='bbox 2285 686 2481 723; x_wconf 83' lang='lat' dir='ltr'>vocem</span> <span class='ocrx_word' id='word_1_378' title='bbox 2515 685 2726 723; x_wconf 91' lang='lat' dir='ltr'>meam.</span> <span class='ocrx_word' id='word_1_379' title='bbox 2764 690 2791 716; x_wconf 82' lang='lat'><strong>»</strong></span> <span class='ocrx_word' id='word_1_380' title='bbox 2823 666 3135 736; x_wconf 85' lang='lat' dir='ltr'>Templum</span> <span class='ocrx_word' id='word_1_381' title='bbox 3167 680 3379 734; x_wconf 91' lang='lat' dir='ltr'>corpus</span> <span class='ocrx_word' id='word_1_382' title='bbox 3410 663 3804 729; x_wconf 90' lang='lat' dir='ltr'>Dominicum,</span> <span class='ocrx_word' id='word_1_383' title='bbox 3840 663 3940 717; x_wconf 93' lang='lat' dir='ltr'>ubi</span> 
     </span>
    </p>
   </div>
   <div class='ocr_carea' id='block_1_50' title="bbox 2287 750 3944 818">
    <p class='ocr_par' dir='ltr' id='par_1_50' title="bbox 2287 750 3944 818">
     <span class='ocr_line' id='line_1_50' title="bbox 2287 750 3944 818; baseline -0.004 -7"><span class='ocrx_word' id='word_1_384' title='bbox 2287 756 2558 811; x_wconf 83' lang='lat' dir='ltr'>exaudita</span> <span class='ocrx_word' id='word_1_385' title='bbox 2604 762 2692 810; x_wconf 90' lang='lat' dir='ltr'>est</span> <span class='ocrx_word' id='word_1_386' title='bbox 2721 754 3058 809; x_wconf 88' lang='lat' dir='ltr'>humanitas</span> <span class='ocrx_word' id='word_1_387' title='bbox 3104 770 3138 807; x_wconf 92' lang='lat' dir='ltr'>a</span> <span class='ocrx_word' id='word_1_388' title='bbox 3179 751 3504 818; x_wconf 86' lang='lat' dir='ltr'>divinitate,</span> <span class='ocrx_word' id='word_1_389' title='bbox 3563 756 3619 805; x_wconf 88' lang='lat' dir='ltr'>et</span> <span class='ocrx_word' id='word_1_390' title='bbox 3685 750 3944 805; x_wconf 84' lang='lat' dir='ltr'>Ecclesia</span> 
     </span>
    </p>
   </div>
   <div class='ocr_carea' id='block_1_51' title="bbox 2289 839 3940 911">
    <p class='ocr_par' dir='ltr' id='par_1_51' title="bbox 2289 839 3940 911">
     <span class='ocr_line' id='line_1_51' title="bbox 2289 839 3940 911; baseline -0.004 -12"><span class='ocrx_word' id='word_1_391' title='bbox 2289 844 2556 900; x_wconf 88' lang='lat' dir='ltr'>similiter</span> <span class='ocrx_word' id='word_1_392' title='bbox 2582 863 2615 898; x_wconf 91' lang='lat' dir='ltr'>a</span> <span class='ocrx_word' id='word_1_393' title='bbox 2644 844 2892 898; x_wconf 78' lang='lat' dir='ltr'>Christo.</span> <span class='ocrx_word' id='word_1_394' title='bbox 2928 843 2990 897; x_wconf 90' lang='lat' dir='ltr'>In</span> <span class='ocrx_word' id='word_1_395' title='bbox 3022 839 3260 911; x_wconf 90' lang='lat' dir='ltr'>templo,</span> <span class='ocrx_word' id='word_1_396' title='bbox 3296 840 3355 894; x_wconf 93' lang='lat' dir='ltr'>in</span> <span class='ocrx_word' id='word_1_397' title='bbox 3387 844 3589 895; x_wconf 89' lang='lat' dir='ltr'>sancta</span> <span class='ocrx_word' id='word_1_398' title='bbox 3633 840 3893 895; x_wconf 90' lang='lat' dir='ltr'>Ecclesia</span> <span class='ocrx_word' id='word_1_399' title='bbox 3925 856 3940 893; x_wconf 92' lang='lat'>:</span> 
     </span>
    </p>
   </div>
   <div class='ocr_carea' id='block_1_52' title="bbox 2288 928 3942 1000">
    <p class='ocr_par' dir='ltr' id='par_1_52' title="bbox 2288 928 3942 1000">
     <span class='ocr_line' id='line_1_52' title="bbox 2288 928 3942 1000; baseline -0.002 -13"><span class='ocrx_word' id='word_1_400' title='bbox 2288 934 2360 988; x_wconf 92' lang='lat' dir='ltr'>Et</span> <span class='ocrx_word' id='word_1_401' title='bbox 2389 932 2567 987; x_wconf 90' lang='lat' dir='ltr'>aliud.</span> <span class='ocrx_word' id='word_1_402' title='bbox 2600 933 2661 986; x_wconf 90' lang='lat' dir='ltr'>In</span> <span class='ocrx_word' id='word_1_403' title='bbox 2693 932 2864 986; x_wconf 83' lang='lat' dir='ltr'>corde</span> <span class='ocrx_word' id='word_1_404' title='bbox 2897 946 3022 985; x_wconf 92' lang='lat' dir='ltr'>meo</span> <span class='ocrx_word' id='word_1_405' title='bbox 3053 930 3208 1000; x_wconf 88' lang='lat' dir='ltr'>quod</span> <span class='ocrx_word' id='word_1_406' title='bbox 3240 928 3624 985; x_wconf 84' lang='lat' dir='ltr'>sanctiﬁcavit</span> <span class='ocrx_word' id='word_1_407' title='bbox 3656 946 3668 983; x_wconf 94' lang='lat'>:</span> <span class='ocrx_word' id='word_1_408' title='bbox 3721 931 3781 983; x_wconf 92' lang='lat' dir='ltr'>in</span> <span class='ocrx_word' id='word_1_409' title='bbox 3826 945 3942 1000; x_wconf 92' lang='lat' dir='ltr'>quo</span> 
     </span>
    </p>
   </div>
   <div class='ocr_carea' id='block_1_53' title="bbox 2290 1016 3941 1091">
    <p class='ocr_par' dir='ltr' id='par_1_53' title="bbox 2290 1016 3941 1091">
     <span class='ocr_line' id='line_1_53' title="bbox 2290 1016 3941 1091; baseline -0.003 -16"><span class='ocrx_word' id='word_1_410' title='bbox 2290 1020 2506 1091; x_wconf 90' lang='lat' dir='ltr'>templo</span> <span class='ocrx_word' id='word_1_411' title='bbox 2547 1024 2748 1075; x_wconf 89' lang='lat' dir='ltr'>sancto</span> <span class='ocrx_word' id='word_1_412' title='bbox 2790 1018 3097 1073; x_wconf 85' lang='lat' dir='ltr'>inhabitat.</span> <span class='ocrx_word' id='word_1_413' title='bbox 3158 1040 3186 1067; x_wconf 86' lang='lat'><strong>«</strong></span> <span class='ocrx_word' id='word_1_414' title='bbox 3238 1021 3303 1071; x_wconf 90' lang='lat' dir='ltr'>Et</span> <span class='ocrx_word' id='word_1_415' title='bbox 3358 1016 3579 1072; x_wconf 87' lang='lat' dir='ltr'>clamor</span> <span class='ocrx_word' id='word_1_416' title='bbox 3648 1033 3816 1073; x_wconf 89' lang='lat' dir='ltr'>meus</span> <span class='ocrx_word' id='word_1_417' title='bbox 3881 1017 3941 1071; x_wconf 92' lang='lat' dir='ltr'>in</span> 
     </span>
    </p>
   </div>
   <div class='ocr_carea' id='block_1_54' title="bbox 2292 1106 3942 1179">
    <p class='ocr_par' dir='ltr' id='par_1_54' title="bbox 2292 1106 3942 1179">
     <span class='ocr_line' id='line_1_54' title="bbox 2292 1106 3942 1179; baseline -0.005 -16"><span class='ocrx_word' id='word_1_418' title='bbox 2292 1114 2603 1179; x_wconf 90' lang='lat' dir='ltr'>conspectu</span> <span class='ocrx_word' id='word_1_419' title='bbox 2638 1110 2765 1178; x_wconf 83' lang='lat' dir='ltr'>ejus</span> <span class='ocrx_word' id='word_1_420' title='bbox 2791 1106 3055 1161; x_wconf 90' lang='lat' dir='ltr'>introivit</span> <span class='ocrx_word' id='word_1_421' title='bbox 3076 1106 3135 1161; x_wconf 92' lang='lat' dir='ltr'>in</span> <span class='ocrx_word' id='word_1_422' title='bbox 3169 1122 3339 1161; x_wconf 83' lang='lat' dir='ltr'>aures</span> <span class='ocrx_word' id='word_1_423' title='bbox 3357 1106 3505 1176; x_wconf 89' lang='lat' dir='ltr'>ejus.</span> <span class='ocrx_word' id='word_1_424' title='bbox 3537 1111 3725 1159; x_wconf 80' lang='lat' dir='ltr'>Aures</span> <span class='ocrx_word' id='word_1_425' title='bbox 3755 1106 3942 1175; x_wconf 83' lang='lat' dir='ltr'>ejus,»</span> 
     </span>
    </p>
   </div>
   <div class='ocr_carea' id='block_1_55' title="bbox 2294 1195 3944 1265">
    <p class='ocr_par' dir='ltr' id='par_1_55' title="bbox 2294 1195 3944 1265">
     <span class='ocr_line' id='line_1_55' title="bbox 2294 1195 3944 1265; baseline -0.002 -14"><span class='ocrx_word' id='word_1_426' title='bbox 2294 1198 2401 1251; x_wconf 89' lang='lat' dir='ltr'>hoc</span> <span class='ocrx_word' id='word_1_427' title='bbox 2430 1201 2536 1264; x_wconf 91' lang='lat' dir='ltr'>est,</span> <span class='ocrx_word' id='word_1_428' title='bbox 2569 1197 2655 1251; x_wconf 92' lang='lat' dir='ltr'>vis</span> <span class='ocrx_word' id='word_1_429' title='bbox 2676 1195 3010 1251; x_wconf 90' lang='lat' dir='ltr'>auditionis.</span> <span class='ocrx_word' id='word_1_430' title='bbox 3046 1195 3149 1249; x_wconf 88' lang='lat' dir='ltr'>Vis</span> <span class='ocrx_word' id='word_1_431' title='bbox 3179 1195 3458 1249; x_wconf 87' lang='lat' dir='ltr'>fortitudo</span> <span class='ocrx_word' id='word_1_432' title='bbox 3490 1198 3597 1260; x_wconf 91' lang='lat' dir='ltr'>est,</span> <span class='ocrx_word' id='word_1_433' title='bbox 3633 1210 3747 1265; x_wconf 90' lang='lat' dir='ltr'>qua</span> <span class='ocrx_word' id='word_1_434' title='bbox 3809 1211 3944 1249; x_wconf 89' lang='lat' dir='ltr'>san-</span> 
     </span>
    </p>
   </div>
   <div class='ocr_carea' id='block_1_56' title="bbox 2294 1282 3947 1356">
    <p class='ocr_par' dir='ltr' id='par_1_56' title="bbox 2294 1282 3947 1356">
     <span class='ocr_line' id='line_1_56' title="bbox 2294 1282 3947 1356; baseline -0.003 -16"><span class='ocrx_word' id='word_1_435' title='bbox 2294 1286 2606 1340; x_wconf 85' lang='lat' dir='ltr'>ctifortiter</span> <span class='ocrx_word' id='word_1_436' title='bbox 2636 1286 3043 1356; x_wconf 88' lang='lat' dir='ltr'>deprecantur,</span> <span class='ocrx_word' id='word_1_437' title='bbox 3082 1283 3222 1353; x_wconf 88' lang='lat' dir='ltr'>quia</span> <span class='ocrx_word' id='word_1_438' title='bbox 3272 1282 3493 1337; x_wconf 90' lang='lat' dir='ltr'>dictum</span> <span class='ocrx_word' id='word_1_439' title='bbox 3552 1286 3640 1337; x_wconf 90' lang='lat' dir='ltr'>est</span> <span class='ocrx_word' id='word_1_440' title='bbox 3696 1284 3947 1354; x_wconf 81' lang='lat' dir='ltr'>Regnum</span> 
     </span>
    </p>
   </div>
   <div class='ocr_carea' id='block_1_57' title="bbox 2294 1369 3948 1443">
    <p class='ocr_par' dir='ltr' id='par_1_57' title="bbox 2294 1369 3948 1443">
     <span class='ocr_line' id='line_1_57' title="bbox 2294 1369 3948 1443; baseline -0.002 -14"><span class='ocrx_word' id='word_1_441' title='bbox 2294 1376 2559 1429; x_wconf 65' lang='lat' dir='ltr'>caelorum</span> <span class='ocrx_word' id='word_1_442' title='bbox 2601 1375 2712 1428; x_wconf 87' lang='lat' dir='ltr'>vim</span> <span class='ocrx_word' id='word_1_443' title='bbox 2758 1375 2989 1443; x_wconf 85' lang='lat' dir='ltr'>patitur,</span> <span class='ocrx_word' id='word_1_444' title='bbox 3032 1376 3084 1427; x_wconf 86' lang='lat' dir='ltr'>et</span> <span class='ocrx_word' id='word_1_445' title='bbox 3157 1372 3383 1428; x_wconf 80' lang='lat' dir='ltr'>violenti</span> <span class='ocrx_word' id='word_1_446' title='bbox 3456 1371 3732 1442; x_wconf 84' lang='lat' dir='ltr'>diripiunt</span> <span class='ocrx_word' id='word_1_447' title='bbox 3809 1369 3948 1425; x_wconf 79' lang='lat' dir='ltr'>illud</span> 
     </span>
    </p>
   </div>
   <div class='ocr_carea' id='block_1_58' title="bbox 2295 1462 2755 1533">
    <p class='ocr_par' dir='ltr' id='par_1_58' title="bbox 2295 1462 2755 1533">
     <span class='ocr_line' id='line_1_58' title="bbox 2295 1462 2755 1533; baseline 0 -17"><span class='ocrx_word' id='word_1_448' title='bbox 2295 1463 2502 1533; x_wconf 79' lang='lat' dir='ltr'>(Matth.</span> <span class='ocrx_word' id='word_1_449' title='bbox 2537 1480 2615 1528; x_wconf 80' lang='lat' dir='ltr'>x1,</span> <span class='ocrx_word' id='word_1_450' title='bbox 2648 1462 2755 1531; x_wconf 84' lang='grc'>12).</span> 
     </span>
    </p>
   </div>
   <div class='ocr_carea' id='block_1_59' title="bbox 2370 1584 3950 1653">
    <p class='ocr_par' dir='ltr' id='par_1_59' title="bbox 2370 1584 3950 1653">
     <span class='ocr_line' id='line_1_59' title="bbox 2370 1584 3950 1653; baseline -0.001 -12"><span class='ocrx_word' id='word_1_451' title='bbox 2370 1610 2396 1636; x_wconf 92' lang='grc'>‹‹</span> <span class='ocrx_word' id='word_1_452' title='bbox 2430 1587 2733 1641; x_wconf 88' lang='lat' dir='ltr'>Commota</span> <span class='ocrx_word' id='word_1_453' title='bbox 2755 1590 2861 1653; x_wconf 90' lang='lat' dir='ltr'>est,</span> <span class='ocrx_word' id='word_1_454' title='bbox 2891 1589 2949 1641; x_wconf 92' lang='lat' dir='ltr'>et</span> <span class='ocrx_word' id='word_1_455' title='bbox 2974 1584 3323 1641; x_wconf 89' lang='lat' dir='ltr'>contremuit</span> <span class='ocrx_word' id='word_1_456' title='bbox 3352 1589 3525 1640; x_wconf 88' lang='lat' dir='ltr'>terra.</span> <span class='ocrx_word' id='word_1_457' title='bbox 3559 1608 3587 1635; x_wconf 80' lang='grc'><strong>››</strong></span> <span class='ocrx_word' id='word_1_458' title='bbox 3614 1586 3950 1640; x_wconf 88' lang='lat' dir='ltr'>Secundum</span> 
     </span>
    </p>
   </div>
   <div class='ocr_carea' id='block_1_60' title="bbox 2298 1673 3953 1746">
    <p class='ocr_par' dir='ltr' id='par_1_60' title="bbox 2298 1673 3953 1746">
     <span class='ocr_line' id='line_1_60' title="bbox 2298 1673 3953 1746; baseline -0.001 -17"><span class='ocrx_word' id='word_1_459' title='bbox 2298 1676 2606 1729; x_wconf 92' lang='lat' dir='ltr'>historiam</span> <span class='ocrx_word' id='word_1_460' title='bbox 2667 1675 2885 1730; x_wconf 82' lang='lat' dir='ltr'>factum</span> <span class='ocrx_word' id='word_1_461' title='bbox 2945 1675 3099 1730; x_wconf 90' lang='lat' dir='ltr'>fuit:</span> <span class='ocrx_word' id='word_1_462' title='bbox 3164 1675 3396 1744; x_wconf 89' lang='lat' dir='ltr'>quando</span> <span class='ocrx_word' id='word_1_463' title='bbox 3455 1675 3683 1746; x_wconf 83' lang='lat' dir='ltr'>Moyses</span> <span class='ocrx_word' id='word_1_464' title='bbox 3741 1673 3953 1744; x_wconf 91' lang='lat' dir='ltr'>accipit</span> 
     </span>
    </p>
   </div>
   <div class='ocr_carea' id='block_1_61' title="bbox 2299 1762 3954 1835">
    <p class='ocr_par' dir='ltr' id='par_1_61' title="bbox 2299 1762 3954 1835">
     <span class='ocr_line' id='line_1_61' title="bbox 2299 1762 3954 1835; baseline -0.001 -17"><span class='ocrx_word' id='word_1_465' title='bbox 2299 1764 2484 1835; x_wconf 89' lang='lat' dir='ltr'>legem</span> <span class='ocrx_word' id='word_1_466' title='bbox 2515 1764 2573 1818; x_wconf 91' lang='lat' dir='ltr'>in</span> <span class='ocrx_word' id='word_1_467' title='bbox 2591 1769 2787 1818; x_wconf 90' lang='lat' dir='ltr'>monte</span> <span class='ocrx_word' id='word_1_468' title='bbox 2816 1763 2955 1818; x_wconf 91' lang='lat' dir='ltr'>Sina</span> <span class='ocrx_word' id='word_1_469' title='bbox 2986 1762 3176 1833; x_wconf 65' lang='lat' dir='ltr'>(Exod.</span> <span class='ocrx_word' id='word_1_470' title='bbox 3208 1779 3323 1829; x_wconf 70' lang='lat' dir='ltr'>xxx,</span> <span class='ocrx_word' id='word_1_471' title='bbox 3356 1763 3463 1833; x_wconf 86' lang='grc'>16).</span> <span class='ocrx_word' id='word_1_472' title='bbox 3516 1786 3544 1811; x_wconf 89' lang='grc'>‹‹</span> <span class='ocrx_word' id='word_1_473' title='bbox 3604 1763 3783 1817; x_wconf 90' lang='lat' dir='ltr'>Terra</span> <span class='ocrx_word' id='word_1_474' title='bbox 3838 1767 3954 1817; x_wconf 90' lang='lat' dir='ltr'>tre-</span> 
     </span>
    </p>
   </div>
   <div class='ocr_carea' id='block_1_62' title="bbox 2302 1850 3954 1924">
    <p class='ocr_par' dir='ltr' id='par_1_62' title="bbox 2302 1850 3954 1924">
     <span class='ocr_line' id='line_1_62' title="bbox 2302 1850 3954 1924; baseline -0.001 -17"><span class='ocrx_word' id='word_1_475' title='bbox 2302 1854 2471 1919; x_wconf 89' lang='lat' dir='ltr'>muit,</span> <span class='ocrx_word' id='word_1_476' title='bbox 2508 1874 2534 1901; x_wconf 88' lang='lat'><strong>»</strong></span> <span class='ocrx_word' id='word_1_477' title='bbox 2566 1853 2719 1924; x_wconf 90' lang='lat' dir='ltr'>quod</span> <span class='ocrx_word' id='word_1_478' title='bbox 2750 1851 3140 1924; x_wconf 69' lang='lat' dir='ltr'>prazﬁguravit</span> <span class='ocrx_word' id='word_1_479' title='bbox 3167 1851 3500 1923; x_wconf 89' lang='lat' dir='ltr'>passionem</span> <span class='ocrx_word' id='word_1_480' title='bbox 3531 1850 3766 1916; x_wconf 87' lang='lat' dir='ltr'>Christi,</span> <span class='ocrx_word' id='word_1_481' title='bbox 3816 1851 3954 1922; x_wconf 92' lang='lat' dir='ltr'>quia</span> 
     </span>
    </p>
   </div>
   <div class='ocr_carea' id='block_1_63' title="bbox 2221 1939 3954 2015">
    <p class='ocr_par' dir='ltr' id='par_1_63' title="bbox 2221 1939 3954 2015">
     <span class='ocr_line' id='line_1_63' title="bbox 2221 1939 3954 2015; baseline -0.003 -18"><span class='ocrx_word' id='word_1_482' title='bbox 2221 1945 2269 2010; x_wconf 89' lang='lat' dir='ltr'><strong>B</strong></span> <span class='ocrx_word' id='word_1_483' title='bbox 2297 1942 2356 1997; x_wconf 86' lang='lat' dir='ltr'>in</span> <span class='ocrx_word' id='word_1_484' title='bbox 2389 1942 2658 2015; x_wconf 89' lang='lat' dir='ltr'>passione</span> <span class='ocrx_word' id='word_1_485' title='bbox 2688 1941 2901 1995; x_wconf 90' lang='lat' dir='ltr'>Christi</span> <span class='ocrx_word' id='word_1_486' title='bbox 2944 1941 3137 1995; x_wconf 91' lang='lat' dir='ltr'>omnis</span> <span class='ocrx_word' id='word_1_487' title='bbox 3196 1945 3349 1995; x_wconf 88' lang='lat' dir='ltr'>terra</span> <span class='ocrx_word' id='word_1_488' title='bbox 3405 1940 3664 2006; x_wconf 90' lang='lat' dir='ltr'>tremuit,</span> <span class='ocrx_word' id='word_1_489' title='bbox 3722 1939 3954 2010; x_wconf 90' lang='lat' dir='ltr'>quando</span> 
     </span>
    </p>
   </div>
   <div class='ocr_carea' id='block_1_64' title="bbox 2306 2027 3953 2101">
    <p class='ocr_par' dir='ltr' id='par_1_64' title="bbox 2306 2027 3953 2101">
     <span class='ocr_line' id='line_1_64' title="bbox 2306 2027 3953 2101; baseline -0.004 -14"><span class='ocrx_word' id='word_1_490' title='bbox 2306 2048 2453 2087; x_wconf 88' lang='lat' dir='ltr'>nova</span> <span class='ocrx_word' id='word_1_491' title='bbox 2480 2030 2570 2085; x_wconf 85' lang='lat' dir='ltr'>lex</span> <span class='ocrx_word' id='word_1_492' title='bbox 2598 2031 2736 2085; x_wconf 87' lang='lat' dir='ltr'>data</span> <span class='ocrx_word' id='word_1_493' title='bbox 2764 2034 2853 2084; x_wconf 90' lang='lat' dir='ltr'>est</span> <span class='ocrx_word' id='word_1_494' title='bbox 2870 2028 3083 2101; x_wconf 92' lang='lat' dir='ltr'>populo</span> <span class='ocrx_word' id='word_1_495' title='bbox 3106 2028 3455 2083; x_wconf 84' lang='lat' dir='ltr'>Christiano.</span> <span class='ocrx_word' id='word_1_496' title='bbox 3492 2027 3704 2083; x_wconf 82' lang='lat' dir='ltr'>Aliter:</span> <span class='ocrx_word' id='word_1_497' title='bbox 3741 2052 3765 2077; x_wconf 85' lang='grc'>‹‹</span> <span class='ocrx_word' id='word_1_498' title='bbox 3785 2028 3953 2083; x_wconf 90' lang='lat' dir='ltr'>Com-</span> 
     </span>
    </p>
   </div>
   <div class='ocr_carea' id='block_1_65' title="bbox 2307 2116 3957 2189">
    <p class='ocr_par' dir='ltr' id='par_1_65' title="bbox 2307 2116 3957 2189">
     <span class='ocr_line' id='line_1_65' title="bbox 2307 2116 3957 2189; baseline -0.002 -14"><span class='ocrx_word' id='word_1_499' title='bbox 2307 2125 2467 2175; x_wconf 90' lang='lat' dir='ltr'>mota</span> <span class='ocrx_word' id='word_1_500' title='bbox 2496 2124 2583 2174; x_wconf 90' lang='lat' dir='ltr'>est</span> <span class='ocrx_word' id='word_1_501' title='bbox 2610 2123 2783 2184; x_wconf 91' lang='lat' dir='ltr'>terra,</span> <span class='ocrx_word' id='word_1_502' title='bbox 2821 2141 2847 2166; x_wconf 87' lang='grc'><strong>››</strong></span> <span class='ocrx_word' id='word_1_503' title='bbox 2872 2118 3103 2189; x_wconf 91' lang='lat' dir='ltr'>quando</span> <span class='ocrx_word' id='word_1_504' title='bbox 3144 2118 3211 2171; x_wconf 91' lang='lat' dir='ltr'>de</span> <span class='ocrx_word' id='word_1_505' title='bbox 3258 2116 3595 2172; x_wconf 85' lang='lat' dir='ltr'>infidelitate</span> <span class='ocrx_word' id='word_1_506' title='bbox 3652 2117 3719 2171; x_wconf 90' lang='lat' dir='ltr'>ad</span> <span class='ocrx_word' id='word_1_507' title='bbox 3782 2116 3957 2171; x_wconf 81' lang='lat' dir='ltr'>ﬁdem</span> 
     </span>
    </p>
   </div>
   <div class='ocr_carea' id='block_1_66' title="bbox 2308 2205 3957 2284">
    <p class='ocr_par' dir='ltr' id='par_1_66' title="bbox 2308 2205 3957 2284">
     <span class='ocr_line' id='line_1_66' title="bbox 2308 2205 3957 2284; baseline -0.003 -20"><span class='ocrx_word' id='word_1_508' title='bbox 2308 2212 2607 2284; x_wconf 80' lang='lat' dir='ltr'>venerunt.</span> <span class='ocrx_word' id='word_1_509' title='bbox 2641 2212 2697 2262; x_wconf 90' lang='lat' dir='ltr'>et</span> <span class='ocrx_word' id='word_1_510' title='bbox 2728 2206 3099 2262; x_wconf 89' lang='lat' dir='ltr'>credentibus</span> <span class='ocrx_word' id='word_1_511' title='bbox 3122 2205 3392 2273; x_wconf 88' lang='lat' dir='ltr'>terrenis,</span> <span class='ocrx_word' id='word_1_512' title='bbox 3424 2206 3640 2261; x_wconf 86' lang='lat' dir='ltr'>factum</span> <span class='ocrx_word' id='word_1_513' title='bbox 3702 2210 3790 2261; x_wconf 88' lang='lat' dir='ltr'>est</span> <span class='ocrx_word' id='word_1_514' title='bbox 3843 2221 3957 2260; x_wconf 68' lang='lat' dir='ltr'>coa-</span> 
     </span>
    </p>
   </div>
   <div class='ocr_carea' id='block_1_67' title="bbox 2308 2294 3961 2360">
    <p class='ocr_par' dir='ltr' id='par_1_67' title="bbox 2308 2294 3961 2360">
     <span class='ocr_line' id='line_1_67' title="bbox 2308 2294 3961 2360; baseline -0.003 -8"><span class='ocrx_word' id='word_1_515' title='bbox 2308 2297 2453 2352; x_wconf 92' lang='lat' dir='ltr'>lum.</span> <span class='ocrx_word' id='word_1_516' title='bbox 2494 2320 2513 2344; x_wconf 76' lang='grc' dir='ltr'>α</span> <span class='ocrx_word' id='word_1_517' title='bbox 2552 2296 2955 2351; x_wconf 89' lang='lat' dir='ltr'>Fundamenta</span> <span class='ocrx_word' id='word_1_518' title='bbox 2986 2294 3273 2349; x_wconf 89' lang='lat' dir='ltr'>montium</span> <span class='ocrx_word' id='word_1_519' title='bbox 3306 2295 3648 2349; x_wconf 88' lang='lat' dir='ltr'>conturbata</span> <span class='ocrx_word' id='word_1_520' title='bbox 3688 2298 3845 2360; x_wconf 90' lang='lat' dir='ltr'>sunt,</span> <span class='ocrx_word' id='word_1_521' title='bbox 3905 2298 3961 2347; x_wconf 91' lang='lat' dir='ltr'>et</span> 
     </span>
    </p>
   </div>
   <div class='ocr_carea' id='block_1_68' title="bbox 2307 2381 3957 2454">
    <p class='ocr_par' dir='ltr' id='par_1_68' title="bbox 2307 2381 3957 2454">
     <span class='ocr_line' id='line_1_68' title="bbox 2307 2381 3957 2454; baseline -0.003 -12"><span class='ocrx_word' id='word_1_522' title='bbox 2307 2389 2601 2442; x_wconf 88' lang='lat' dir='ltr'>commota</span> <span class='ocrx_word' id='word_1_523' title='bbox 2629 2389 2787 2440; x_wconf 91' lang='lat' dir='ltr'>sunt.</span> <span class='ocrx_word' id='word_1_524' title='bbox 2829 2406 2848 2431; x_wconf 75' lang='grc' dir='ltr'>ιι</span> <span class='ocrx_word' id='word_1_525' title='bbox 2900 2384 2999 2438; x_wconf 79' lang='lat' dir='ltr'>Hic</span> <span class='ocrx_word' id='word_1_526' title='bbox 3034 2388 3262 2439; x_wconf 89' lang='lat' dir='ltr'>montes</span> <span class='ocrx_word' id='word_1_527' title='bbox 3319 2381 3557 2454; x_wconf 92' lang='lat' dir='ltr'>superbi</span> <span class='ocrx_word' id='word_1_528' title='bbox 3620 2382 3957 2454; x_wconf 87' lang='lat' dir='ltr'>intelligun-</span> 
     </span>
    </p>
   </div>
   <div class='ocr_carea' id='block_1_69' title="bbox 2308 2472 3963 2539">
    <p class='ocr_par' dir='ltr' id='par_1_69' title="bbox 2308 2472 3963 2539">
     <span class='ocr_line' id='line_1_69' title="bbox 2308 2472 3963 2539; baseline -0.002 -9"><span class='ocrx_word' id='word_1_529' title='bbox 2308 2481 2423 2530; x_wconf 90' lang='lat' dir='ltr'>tur.</span> <span class='ocrx_word' id='word_1_530' title='bbox 2453 2474 2853 2529; x_wconf 80' lang='lat' dir='ltr'>Fundamenta</span> <span class='ocrx_word' id='word_1_531' title='bbox 2883 2474 3423 2539; x_wconf 65' lang='lat' dir='ltr'>eorum,dmmones</span> <span class='ocrx_word' id='word_1_532' title='bbox 3469 2476 3644 2526; x_wconf 89' lang='lat' dir='ltr'>sunt:</span> <span class='ocrx_word' id='word_1_533' title='bbox 3698 2472 3850 2525; x_wconf 90' lang='lat' dir='ltr'>sicut</span> <span class='ocrx_word' id='word_1_534' title='bbox 3905 2475 3963 2526; x_wconf 90' lang='lat' dir='ltr'>et</span> 
     </span>
    </p>
   </div>
   <div class='ocr_carea' id='block_1_70' title="bbox 2310 2558 3960 2631">
    <p class='ocr_par' dir='ltr' id='par_1_70' title="bbox 2310 2558 3960 2631">
     <span class='ocr_line' id='line_1_70' title="bbox 2310 2558 3960 2631; baseline -0.002 -14"><span class='ocrx_word' id='word_1_535' title='bbox 2310 2563 2693 2617; x_wconf 87' lang='lat' dir='ltr'>fundamenta</span> <span class='ocrx_word' id='word_1_536' title='bbox 2718 2566 3079 2628; x_wconf 90' lang='lat' dir='ltr'>sanctorum,</span> <span class='ocrx_word' id='word_1_537' title='bbox 3111 2559 3404 2631; x_wconf 68' lang='lat' dir='ltr'>prophetas</span> <span class='ocrx_word' id='word_1_538' title='bbox 3436 2565 3491 2614; x_wconf 86' lang='lat' dir='ltr'>et</span> <span class='ocrx_word' id='word_1_539' title='bbox 3522 2558 3769 2631; x_wconf 86' lang='lat' dir='ltr'>apostoli</span> <span class='ocrx_word' id='word_1_540' title='bbox 3802 2565 3960 2614; x_wconf 90' lang='lat' dir='ltr'>sunt.</span> 
     </span>
    </p>
   </div>
   <div class='ocr_carea' id='block_1_71' title="bbox 2310 2646 3965 2720">
    <p class='ocr_par' dir='ltr' id='par_1_71' title="bbox 2310 2646 3965 2720">
     <span class='ocr_line' id='line_1_71' title="bbox 2310 2646 3965 2720; baseline -0.002 -15"><span class='ocrx_word' id='word_1_541' title='bbox 2310 2651 2471 2705; x_wconf 83' lang='lat' dir='ltr'>Unde</span> <span class='ocrx_word' id='word_1_542' title='bbox 2502 2650 2640 2705; x_wconf 89' lang='lat' dir='ltr'>dicit</span> <span class='ocrx_word' id='word_1_543' title='bbox 2668 2654 2906 2704; x_wconf 90' lang='lat' dir='ltr'>sanctus</span> <span class='ocrx_word' id='word_1_544' title='bbox 2936 2648 3187 2703; x_wconf 88' lang='lat' dir='ltr'>Paulus:</span> <span class='ocrx_word' id='word_1_545' title='bbox 3222 2647 3508 2718; x_wconf 59' lang='lat' dir='ltr'>.tldiﬁcati</span> <span class='ocrx_word' id='word_1_546' title='bbox 3550 2664 3717 2719; x_wconf 78' lang='lat' dir='ltr'>super</span> <span class='ocrx_word' id='word_1_547' title='bbox 3766 2646 3965 2720; x_wconf 81' lang='lat' dir='ltr'>funda-</span> 
     </span>
    </p>
   </div>
   <div class='ocr_carea' id='block_1_72' title="bbox 2307 2736 3961 2809">
    <p class='ocr_par' dir='ltr' id='par_1_72' title="bbox 2307 2736 3961 2809">
     <span class='ocr_line' id='line_1_72' title="bbox 2307 2736 3961 2809; baseline -0.002 -16"><span class='ocrx_word' id='word_1_548' title='bbox 2307 2743 2497 2794; x_wconf 83' lang='lat' dir='ltr'>menta</span> <span class='ocrx_word' id='word_1_549' title='bbox 2525 2739 2911 2809; x_wconf 80' lang='lat' dir='ltr'>praphetarum</span> <span class='ocrx_word' id='word_1_550' title='bbox 2940 2741 2991 2791; x_wconf 90' lang='lat' dir='ltr'>et</span> <span class='ocrx_word' id='word_1_551' title='bbox 3048 2737 3413 2807; x_wconf 77' lang='lat' dir='ltr'>apostolorum</span> <span class='ocrx_word' id='word_1_552' title='bbox 3464 2737 3676 2807; x_wconf 81' lang='lat' dir='ltr'>(Ephes.</span> <span class='ocrx_word' id='word_1_553' title='bbox 3740 2752 3802 2805; x_wconf 80' lang='grc' dir='ltr'>ιι,</span> <span class='ocrx_word' id='word_1_554' title='bbox 3848 2736 3961 2805; x_wconf 82' lang='lat'>20).</span> 
     </span>
    </p>
   </div>
   <div class='ocr_carea' id='block_1_73' title="bbox 2308 2825 3965 2890">
    <p class='ocr_par' dir='ltr' id='par_1_73' title="bbox 2308 2825 3965 2890">
     <span class='ocr_line' id='line_1_73' title="bbox 2308 2825 3965 2890; baseline -0.004 -6"><span class='ocrx_word' id='word_1_555' title='bbox 2308 2827 2689 2884; x_wconf 77' lang='lat' dir='ltr'>Fundamenta</span> <span class='ocrx_word' id='word_1_556' title='bbox 2718 2829 2987 2881; x_wconf 79' lang='lat' dir='ltr'>montium</span> <span class='ocrx_word' id='word_1_557' title='bbox 3025 2825 3346 2880; x_wconf 82' lang='lat' dir='ltr'>conturbata</span> <span class='ocrx_word' id='word_1_558' title='bbox 3391 2834 3544 2890; x_wconf 77' lang='lat' dir='ltr'>sunt,</span> <span class='ocrx_word' id='word_1_559' title='bbox 3600 2828 3649 2879; x_wconf 86' lang='lat' dir='ltr'>et</span> <span class='ocrx_word' id='word_1_560' title='bbox 3701 2834 3965 2880; x_wconf 88' lang='lat' dir='ltr'>commota</span> 
     </span>
    </p>
   </div>
   <div class='ocr_carea' id='block_1_74' title="bbox 2308 2913 3968 2984">
    <p class='ocr_par' dir='ltr' id='par_1_74' title="bbox 2308 2913 3968 2984">
     <span class='ocr_line' id='line_1_74' title="bbox 2308 2913 3968 2984; baseline -0.002 -14"><span class='ocrx_word' id='word_1_561' title='bbox 2308 2922 2460 2981; x_wconf 78' lang='lat' dir='ltr'>sunt,</span> <span class='ocrx_word' id='word_1_562' title='bbox 2492 2932 2691 2970; x_wconf 85' lang='lat' dir='ltr'>eorum</span> <span class='ocrx_word' id='word_1_563' title='bbox 2726 2915 3005 2984; x_wconf 90' lang='lat' dir='ltr'>superbia</span> <span class='ocrx_word' id='word_1_564' title='bbox 3037 2913 3137 2984; x_wconf 91' lang='lat' dir='ltr'>qui</span> <span class='ocrx_word' id='word_1_565' title='bbox 3168 2914 3225 2968; x_wconf 91' lang='lat' dir='ltr'>in</span> <span class='ocrx_word' id='word_1_566' title='bbox 3258 2913 3366 2968; x_wconf 91' lang='lat' dir='ltr'>hoc</span> <span class='ocrx_word' id='word_1_567' title='bbox 3397 2913 3615 2968; x_wconf 90' lang='lat' dir='ltr'>mundo</span> <span class='ocrx_word' id='word_1_568' title='bbox 3664 2913 3968 2968; x_wconf 85' lang='lat' dir='ltr'>confidunt</span> 
     </span>
    </p>
   </div>
   <div class='ocr_carea' id='block_1_75' title="bbox 2313 3001 3967 3073">
    <p class='ocr_par' dir='ltr' id='par_1_75' title="bbox 2313 3001 3967 3073">
     <span class='ocr_line' id='line_1_75' title="bbox 2313 3001 3967 3073; baseline -0.002 -14"><span class='ocrx_word' id='word_1_569' title='bbox 2313 3005 2577 3073; x_wconf 79' lang='lat' dir='ltr'>Quoniam</span> <span class='ocrx_word' id='word_1_570' title='bbox 2608 3004 2782 3057; x_wconf 79' lang='lat' dir='ltr'>iratus</span> <span class='ocrx_word' id='word_1_571' title='bbox 2814 3011 2891 3057; x_wconf 84' lang='lat' dir='ltr'>est</span> <span class='ocrx_word' id='word_1_572' title='bbox 2922 3006 2997 3056; x_wconf 78' lang='lat' dir='ltr'>eis</span> <span class='ocrx_word' id='word_1_573' title='bbox 3055 3003 3213 3056; x_wconf 75' lang='lat' dir='ltr'>Deus.</span> <span class='ocrx_word' id='word_1_574' title='bbox 3272 3005 3390 3056; x_wconf 90' lang='lat' dir='ltr'>Hoc</span> <span class='ocrx_word' id='word_1_575' title='bbox 3449 3006 3557 3069; x_wconf 90' lang='lat' dir='ltr'>est,</span> <span class='ocrx_word' id='word_1_576' title='bbox 3612 3001 3696 3057; x_wconf 91' lang='lat' dir='ltr'>eis</span> <span class='ocrx_word' id='word_1_577' title='bbox 3752 3002 3967 3056; x_wconf 88' lang='lat' dir='ltr'>monti-</span> 
     </span>
    </p>
   </div>
   <div class='ocr_carea' id='block_1_76' title="bbox 2311 3089 3967 3164">
    <p class='ocr_par' dir='ltr' id='par_1_76' title="bbox 2311 3089 3967 3164">
     <span class='ocr_line' id='line_1_76' title="bbox 2311 3089 3967 3164; baseline -0.002 -16"><span class='ocrx_word' id='word_1_578' title='bbox 2311 3095 2446 3160; x_wconf 90' lang='lat' dir='ltr'>bus,</span> <span class='ocrx_word' id='word_1_579' title='bbox 2476 3092 2563 3147; x_wconf 90' lang='lat' dir='ltr'>vel</span> <span class='ocrx_word' id='word_1_580' title='bbox 2599 3092 3067 3164; x_wconf 89' lang='lat' dir='ltr'>persecutoribus</span> <span class='ocrx_word' id='word_1_581' title='bbox 3101 3090 3435 3163; x_wconf 90' lang='lat' dir='ltr'>:dissipans</span> <span class='ocrx_word' id='word_1_582' title='bbox 3474 3107 3636 3162; x_wconf 89' lang='lat' dir='ltr'>spem</span> <span class='ocrx_word' id='word_1_583' title='bbox 3698 3089 3967 3145; x_wconf 86' lang='lat' dir='ltr'>mundia-</span> 
     </span>
    </p>
   </div>
   <div class='ocr_carea' id='block_1_77' title="bbox 2312 3181 2878 3252">
    <p class='ocr_par' dir='ltr' id='par_1_77' title="bbox 2312 3181 2878 3252">
     <span class='ocr_line' id='line_1_77' title="bbox 2312 3181 2878 3252; baseline -0.004 -15"><span class='ocrx_word' id='word_1_584' title='bbox 2312 3182 2458 3238; x_wconf 90' lang='lat' dir='ltr'>lium</span> <span class='ocrx_word' id='word_1_585' title='bbox 2489 3181 2878 3252; x_wconf 89' lang='lat' dir='ltr'>voluptatum.</span> 
     </span>
    </p>
   </div>
   <div class='ocr_carea' id='block_1_78' title="bbox 2400 3314 3972 3385">
    <p class='ocr_par' dir='ltr' id='par_1_78' title="bbox 2400 3314 3972 3385">
     <span class='ocr_line' id='line_1_78' title="bbox 2400 3314 3972 3385; baseline -0.003 -14"><span class='ocrx_word' id='word_1_586' title='bbox 2400 3337 2422 3364; x_wconf 81' lang='grc' dir='ltr'>ι</span> <span class='ocrx_word' id='word_1_587' title='bbox 2458 3315 2731 3371; x_wconf 89' lang='lat' dir='ltr'>Ascendit</span> <span class='ocrx_word' id='word_1_588' title='bbox 2754 3315 2952 3369; x_wconf 88' lang='lat' dir='ltr'>fumus</span> <span class='ocrx_word' id='word_1_589' title='bbox 2984 3314 3044 3369; x_wconf 92' lang='lat' dir='ltr'>in</span> <span class='ocrx_word' id='word_1_590' title='bbox 3076 3314 3164 3369; x_wconf 89' lang='lat' dir='ltr'>ira</span> <span class='ocrx_word' id='word_1_591' title='bbox 3192 3315 3339 3385; x_wconf 87' lang='lat' dir='ltr'>ejus,</span> <span class='ocrx_word' id='word_1_592' title='bbox 3382 3336 3409 3363; x_wconf 82' lang='lat'><strong>»</strong></span> <span class='ocrx_word' id='word_1_593' title='bbox 3466 3318 3575 3369; x_wconf 90' lang='lat' dir='ltr'>etc.</span> <span class='ocrx_word' id='word_1_594' title='bbox 3638 3315 3858 3369; x_wconf 89' lang='lat' dir='ltr'>Fumus</span> <span class='ocrx_word' id='word_1_595' title='bbox 3904 3329 3972 3368; x_wconf 88' lang='lat' dir='ltr'>ex</span> 
     </span>
    </p>
   </div>
   <div class='ocr_carea' id='block_1_79' title="bbox 2312 3402 3969 3473">
    <p class='ocr_par' dir='ltr' id='par_1_79' title="bbox 2312 3402 3969 3473">
     <span class='ocr_line' id='line_1_79' title="bbox 2312 3402 3969 3473; baseline -0.004 -12"><span class='ocrx_word' id='word_1_596' title='bbox 2312 3406 2547 3461; x_wconf 90' lang='lat' dir='ltr'>duabus</span> <span class='ocrx_word' id='word_1_597' title='bbox 2570 3404 2745 3459; x_wconf 91' lang='lat' dir='ltr'>rebus</span> <span class='ocrx_word' id='word_1_598' title='bbox 2777 3403 2879 3469; x_wconf 83' lang='lat' dir='ltr'>fit;</span> <span class='ocrx_word' id='word_1_599' title='bbox 2940 3420 3007 3457; x_wconf 86' lang='lat' dir='ltr'>ex</span> <span class='ocrx_word' id='word_1_600' title='bbox 3065 3402 3199 3473; x_wconf 81' lang='lat' dir='ltr'>igne</span> <span class='ocrx_word' id='word_1_601' title='bbox 3236 3407 3293 3457; x_wconf 89' lang='lat' dir='ltr'>et</span> <span class='ocrx_word' id='word_1_602' title='bbox 3351 3419 3524 3473; x_wconf 88' lang='lat' dir='ltr'>aqua.</span> <span class='ocrx_word' id='word_1_603' title='bbox 3585 3402 3693 3457; x_wconf 91' lang='lat' dir='ltr'>Per</span> <span class='ocrx_word' id='word_1_604' title='bbox 3741 3402 3969 3456; x_wconf 86' lang='lat' dir='ltr'>fumum</span> 
     </span>
    </p>
   </div>
   <div class='ocr_carea' id='block_1_80' title="bbox 2309 3484 3965 3565">
    <p class='ocr_par' dir='ltr' id='par_1_80' title="bbox 2309 3484 3965 3565">
     <span class='ocr_line' id='line_1_80' title="bbox 2309 3484 3965 3565; baseline -0.002 -18"><span class='ocrx_word' id='word_1_605' title='bbox 2309 3484 2577 3565; x_wconf 76' lang='lat' dir='ltr'>lacrymae</span> <span class='ocrx_word' id='word_1_606' title='bbox 2633 3491 2981 3557; x_wconf 85' lang='lat' dir='ltr'>excitantur,</span> <span class='ocrx_word' id='word_1_607' title='bbox 3043 3495 3101 3545; x_wconf 90' lang='lat' dir='ltr'>et</span> <span class='ocrx_word' id='word_1_608' title='bbox 3165 3507 3267 3562; x_wconf 92' lang='lat' dir='ltr'>per</span> <span class='ocrx_word' id='word_1_609' title='bbox 3333 3491 3526 3560; x_wconf 83' lang='lat' dir='ltr'>ignem</span> <span class='ocrx_word' id='word_1_610' title='bbox 3593 3489 3965 3562; x_wconf 91' lang='lat' dir='ltr'>compunctio</span> 
     </span>
    </p>
   </div>
   <div class='ocr_carea' id='block_1_81' title="bbox 2313 3578 3971 3651">
    <p class='ocr_par' dir='ltr' id='par_1_81' title="bbox 2313 3578 3971 3651">
     <span class='ocr_line' id='line_1_81' title="bbox 2313 3578 3971 3651; baseline -0.002 -14"><span class='ocrx_word' id='word_1_611' title='bbox 2313 3583 2507 3637; x_wconf 88' lang='lat' dir='ltr'>cordis</span> <span class='ocrx_word' id='word_1_612' title='bbox 2537 3580 2905 3651; x_wconf 90' lang='lat' dir='ltr'>intelligitur,</span> <span class='ocrx_word' id='word_1_613' title='bbox 2940 3584 2996 3634; x_wconf 90' lang='lat' dir='ltr'>et</span> <span class='ocrx_word' id='word_1_614' title='bbox 3024 3594 3127 3650; x_wconf 89' lang='lat' dir='ltr'>per</span> <span class='ocrx_word' id='word_1_615' title='bbox 3155 3578 3466 3650; x_wconf 84' lang='lat' dir='ltr'>lacrymas,</span> <span class='ocrx_word' id='word_1_616' title='bbox 3520 3595 3693 3650; x_wconf 90' lang='lat' dir='ltr'>aqua.</span> <span class='ocrx_word' id='word_1_617' title='bbox 3753 3601 3782 3629; x_wconf 92' lang='grc'>‹‹</span> <span class='ocrx_word' id='word_1_618' title='bbox 3837 3584 3971 3635; x_wconf 89' lang='lat' dir='ltr'>Car-</span> 
     </span>
    </p>
   </div>
   <div class='ocr_carea' id='block_1_82' title="bbox 2314 3666 3963 3736">
    <p class='ocr_par' dir='ltr' id='par_1_82' title="bbox 2314 3666 3963 3736">
     <span class='ocr_line' id='line_1_82' title="bbox 2314 3666 3963 3736; baseline -0.002 -12"><span class='ocrx_word' id='word_1_619' title='bbox 2314 3670 2498 3724; x_wconf 88' lang='lat' dir='ltr'>bones</span> <span class='ocrx_word' id='word_1_620' title='bbox 2531 3668 2795 3723; x_wconf 89' lang='lat' dir='ltr'>succensi</span> <span class='ocrx_word' id='word_1_621' title='bbox 2826 3672 2966 3723; x_wconf 92' lang='lat' dir='ltr'>sunt</span> <span class='ocrx_word' id='word_1_622' title='bbox 2995 3668 3067 3720; x_wconf 90' lang='lat' dir='ltr'>ab</span> <span class='ocrx_word' id='word_1_623' title='bbox 3088 3683 3175 3721; x_wconf 94' lang='lat' dir='ltr'>eo.</span> <span class='ocrx_word' id='word_1_624' title='bbox 3211 3688 3239 3715; x_wconf 85' lang='lat'>»</span> <span class='ocrx_word' id='word_1_625' title='bbox 3297 3666 3441 3729; x_wconf 91' lang='lat' dir='ltr'>Quid</span> <span class='ocrx_word' id='word_1_626' title='bbox 3502 3682 3606 3736; x_wconf 91' lang='lat' dir='ltr'>per</span> <span class='ocrx_word' id='word_1_627' title='bbox 3656 3668 3963 3723; x_wconf 88' lang='lat' dir='ltr'>carbones.</span> 
     </span>
    </p>
   </div>
   <div class='ocr_carea' id='block_1_83' title="bbox 2316 3753 3968 3826">
    <p class='ocr_par' dir='ltr' id='par_1_83' title="bbox 2316 3753 3968 3826">
     <span class='ocr_line' id='line_1_83' title="bbox 2316 3753 3968 3826; baseline -0.002 -16"><span class='ocrx_word' id='word_1_628' title='bbox 2316 3756 2433 3811; x_wconf 88' lang='lat' dir='ltr'>nisi</span> <span class='ocrx_word' id='word_1_629' title='bbox 2464 3759 2631 3810; x_wconf 69' lang='lat' dir='ltr'>bonae</span> <span class='ocrx_word' id='word_1_630' title='bbox 2649 3760 2871 3809; x_wconf 74' lang='lat' dir='ltr'>natura:</span> <span class='ocrx_word' id='word_1_631' title='bbox 2887 3770 3072 3826; x_wconf 89' lang='lat' dir='ltr'>genus</span> <span class='ocrx_word' id='word_1_632' title='bbox 3103 3753 3451 3819; x_wconf 89' lang='lat' dir='ltr'>humanum,</span> <span class='ocrx_word' id='word_1_633' title='bbox 3484 3754 3833 3810; x_wconf 86' lang='lat' dir='ltr'>exstinctum</span> <span class='ocrx_word' id='word_1_634' title='bbox 3865 3771 3968 3824; x_wconf 92' lang='lat' dir='ltr'>per</span> 
     </span>
    </p>
   </div>
   <div class='ocr_carea' id='block_1_84' title="bbox 2317 3840 3992 3915">
    <p class='ocr_par' dir='ltr' id='par_1_84' title="bbox 2317 3840 3992 3915">
     <span class='ocr_line' id='line_1_84' title="bbox 2317 3840 3992 3915; baseline -0.002 -17"><span class='ocrx_word' id='word_1_635' title='bbox 2317 3844 2523 3909; x_wconf 84' lang='lat' dir='ltr'>Adam,</span> <span class='ocrx_word' id='word_1_636' title='bbox 2559 3843 2616 3896; x_wconf 93' lang='lat' dir='ltr'>in</span> <span class='ocrx_word' id='word_1_637' title='bbox 2649 3844 2900 3898; x_wconf 83' lang='lat' dir='ltr'>adventu</span> <span class='ocrx_word' id='word_1_638' title='bbox 2931 3841 3143 3896; x_wconf 88' lang='lat' dir='ltr'>Christi</span> <span class='ocrx_word' id='word_1_639' title='bbox 3175 3840 3571 3895; x_wconf 89' lang='lat' dir='ltr'>illuminatum</span> <span class='ocrx_word' id='word_1_640' title='bbox 3616 3859 3717 3912; x_wconf 90' lang='lat' dir='ltr'>per</span> <span class='ocrx_word' id='word_1_641' title='bbox 3771 3843 3992 3915; x_wconf 47' lang='lat' dir='ltr'>baptiw</span> 
     </span>
    </p>
   </div>
   <div class='ocr_carea' id='block_1_85' title="bbox 2319 3928 3972 4001">
    <p class='ocr_par' dir='ltr' id='par_1_85' title="bbox 2319 3928 3972 4001">
     <span class='ocr_line' id='line_1_85' title="bbox 2319 3928 3972 4001; baseline 0 -15"><span class='ocrx_word' id='word_1_642' title='bbox 2319 3947 2514 3986; x_wconf 91' lang='lat' dir='ltr'>smum</span> <span class='ocrx_word' id='word_1_643' title='bbox 2546 3930 2665 3984; x_wconf 89' lang='lat' dir='ltr'>sive</span> <span class='ocrx_word' id='word_1_644' title='bbox 2695 3947 2797 4000; x_wconf 89' lang='lat' dir='ltr'>per</span> <span class='ocrx_word' id='word_1_645' title='bbox 2844 3928 3245 3999; x_wconf 71' lang='lat' dir='ltr'>paenitentiam</span> <span class='ocrx_word' id='word_1_646' title='bbox 3295 3928 3685 4001; x_wconf 81' lang='lat' dir='ltr'>designatur?</span> <span class='ocrx_word' id='word_1_647' title='bbox 3741 3932 3972 3986; x_wconf 87' lang='lat' dir='ltr'>Exstin-</span> 
     </span>
    </p>
   </div>
   <div class='ocr_carea' id='block_1_86' title="bbox 2320 4018 3975 4092">
    <p class='ocr_par' dir='ltr' id='par_1_86' title="bbox 2320 4018 3975 4092">
     <span class='ocr_line' id='line_1_86' title="bbox 2320 4018 3975 4092; baseline 0.001 -19"><span class='ocrx_word' id='word_1_648' title='bbox 2320 4024 2581 4092; x_wconf 89' lang='lat' dir='ltr'>guuntur</span> <span class='ocrx_word' id='word_1_649' title='bbox 2610 4020 2893 4073; x_wconf 88' lang='lat' dir='ltr'>carbones</span> <span class='ocrx_word' id='word_1_650' title='bbox 2915 4018 2987 4072; x_wconf 90' lang='lat' dir='ltr'>ab</span> <span class='ocrx_word' id='word_1_651' title='bbox 3018 4033 3192 4087; x_wconf 88' lang='lat' dir='ltr'>aqua,</span> <span class='ocrx_word' id='word_1_652' title='bbox 3225 4035 3350 4089; x_wconf 61' lang='lat' dir='ltr'>qua</span> <span class='ocrx_word' id='word_1_653' title='bbox 3391 4023 3480 4072; x_wconf 90' lang='lat' dir='ltr'>est</span> <span class='ocrx_word' id='word_1_654' title='bbox 3527 4020 3818 4090; x_wconf 89' lang='lat' dir='ltr'>cupiditas</span> <span class='ocrx_word' id='word_1_655' title='bbox 3852 4037 3864 4074; x_wconf 93' lang='lat'>:</span> <span class='ocrx_word' id='word_1_656' title='bbox 3917 4025 3975 4075; x_wconf 90' lang='lat' dir='ltr'>et</span> 
     </span>
    </p>
   </div>
   <div class='ocr_carea' id='block_1_87' title="bbox 2318 4106 3978 4179">
    <p class='ocr_par' dir='ltr' id='par_1_87' title="bbox 2318 4106 3978 4179">
     <span class='ocr_line' id='line_1_87' title="bbox 2318 4106 3978 4179; baseline 0.001 -17"><span class='ocrx_word' id='word_1_657' title='bbox 2318 4108 2732 4163; x_wconf 91' lang='lat' dir='ltr'>illuminantur</span> <span class='ocrx_word' id='word_1_658' title='bbox 2761 4124 2860 4178; x_wconf 93' lang='lat' dir='ltr'>per</span> <span class='ocrx_word' id='word_1_659' title='bbox 2881 4106 3150 4179; x_wconf 91' lang='lat' dir='ltr'>gratiam,</span> <span class='ocrx_word' id='word_1_660' title='bbox 3218 4123 3345 4177; x_wconf 69' lang='lat' dir='ltr'>quae</span> <span class='ocrx_word' id='word_1_661' title='bbox 3386 4112 3475 4161; x_wconf 90' lang='lat' dir='ltr'>est</span> <span class='ocrx_word' id='word_1_662' title='bbox 3525 4108 3787 4178; x_wconf 88' lang='lat' dir='ltr'>Spiritus</span> <span class='ocrx_word' id='word_1_663' title='bbox 3846 4126 3978 4164; x_wconf 88' lang='lat' dir='ltr'>san-</span> 
     </span>
    </p>
   </div>
   <div class='ocr_carea' id='block_1_88' title="bbox 2322 4202 2475 4253">
    <p class='ocr_par' dir='ltr' id='par_1_88' title="bbox 2322 4202 2475 4253">
     <span class='ocr_line' id='line_1_88' title="bbox 2322 4202 2475 4253; baseline -0.02 0"><span class='ocrx_word' id='word_1_664' title='bbox 2322 4202 2475 4253; x_wconf 86' lang='lat' dir='ltr'>ctus.</span> 
     </span>
    </p>
   </div>
   <div class='ocr_carea' id='block_1_89' title="bbox 2399 4309 3976 4383">
    <p class='ocr_par' dir='ltr' id='par_1_89' title="bbox 2399 4309 3976 4383">
     <span class='ocr_line' id='line_1_89' title="bbox 2399 4309 3976 4383; baseline 0.004 -23"><span class='ocrx_word' id='word_1_665' title='bbox 2399 4333 2425 4360; x_wconf 86' lang='lat'>«</span> <span class='ocrx_word' id='word_1_666' title='bbox 2460 4310 2765 4365; x_wconf 85' lang='lat' dir='ltr'>Inclinavit</span> <span class='ocrx_word' id='word_1_667' title='bbox 2794 4310 2966 4365; x_wconf 65' lang='lat' dir='ltr'>caelos</span> <span class='ocrx_word' id='word_1_668' title='bbox 2996 4312 3051 4363; x_wconf 91' lang='lat' dir='ltr'>et</span> <span class='ocrx_word' id='word_1_669' title='bbox 3082 4309 3403 4364; x_wconf 90' lang='lat' dir='ltr'>descendit.</span> <span class='ocrx_word' id='word_1_670' title='bbox 3436 4331 3464 4359; x_wconf 82' lang='lat'><strong>»</strong></span> <span class='ocrx_word' id='word_1_671' title='bbox 3502 4310 3618 4365; x_wconf 91' lang='lat' dir='ltr'>Hoc</span> <span class='ocrx_word' id='word_1_672' title='bbox 3662 4316 3770 4378; x_wconf 90' lang='lat' dir='ltr'>est,</span> <span class='ocrx_word' id='word_1_673' title='bbox 3822 4313 3976 4383; x_wconf 90' lang='lat' dir='ltr'>quod</span> 
     </span>
    </p>
   </div>
   <div class='ocr_carea' id='block_1_90' title="bbox 2324 4398 3976 4470">
    <p class='ocr_par' dir='ltr' id='par_1_90' title="bbox 2324 4398 3976 4470">
     <span class='ocr_line' id='line_1_90' title="bbox 2324 4398 3976 4470; baseline -0.001 -16"><span class='ocrx_word' id='word_1_674' title='bbox 2324 4400 2383 4454; x_wconf 93' lang='lat' dir='ltr'>in</span> <span class='ocrx_word' id='word_1_675' title='bbox 2411 4398 2521 4453; x_wconf 89' lang='lat' dir='ltr'>alio</span> <span class='ocrx_word' id='word_1_676' title='bbox 2554 4398 2777 4470; x_wconf 92' lang='lat' dir='ltr'>psalmo</span> <span class='ocrx_word' id='word_1_677' title='bbox 2811 4399 2924 4452; x_wconf 91' lang='lat' dir='ltr'>ait:</span> <span class='ocrx_word' id='word_1_678' title='bbox 2959 4398 3241 4451; x_wconf 78' lang='lat' dir='ltr'>Descendit</span> <span class='ocrx_word' id='word_1_679' title='bbox 3268 4399 3403 4451; x_wconf 71' lang='lat' dir='ltr'>sicut</span> <span class='ocrx_word' id='word_1_680' title='bbox 3461 4398 3655 4465; x_wconf 82' lang='lat' dir='ltr'>pluvia</span> <span class='ocrx_word' id='word_1_681' title='bbox 3692 4402 3753 4453; x_wconf 90' lang='lat' dir='ltr'>in</span> <span class='ocrx_word' id='word_1_682' title='bbox 3806 4401 3976 4455; x_wconf 73' lang='lat' dir='ltr'>uellus</span> 
     </span>
    </p>
   </div>
   <div class='ocr_carea' id='block_1_91' title="bbox 2326 4484 3974 4560">
    <p class='ocr_par' dir='ltr' id='par_1_91' title="bbox 2326 4484 3974 4560">
     <span class='ocr_line' id='line_1_91' title="bbox 2326 4484 3974 4560; baseline 0 -18"><span class='ocrx_word' id='word_1_683' title='bbox 2326 4488 2499 4560; x_wconf 84' lang='lat' dir='ltr'>(Psal.</span> <span class='ocrx_word' id='word_1_684' title='bbox 2553 4504 2699 4553; x_wconf 79' lang='lat' dir='ltr'>Lxxi,</span> <span class='ocrx_word' id='word_1_685' title='bbox 2742 4488 2846 4557; x_wconf 89' lang='lat'>6):</span> <span class='ocrx_word' id='word_1_686' title='bbox 2903 4486 3042 4557; x_wconf 89' lang='lat' dir='ltr'>quia</span> <span class='ocrx_word' id='word_1_687' title='bbox 3096 4484 3376 4539; x_wconf 90' lang='lat' dir='ltr'>humilem</span> <span class='ocrx_word' id='word_1_688' title='bbox 3434 4502 3497 4540; x_wconf 91' lang='lat' dir='ltr'>se</span> <span class='ocrx_word' id='word_1_689' title='bbox 3555 4488 3747 4554; x_wconf 89' lang='lat' dir='ltr'>nobis,</span> <span class='ocrx_word' id='word_1_690' title='bbox 3805 4492 3862 4543; x_wconf 89' lang='lat' dir='ltr'>et</span> <span class='ocrx_word' id='word_1_691' title='bbox 3916 4488 3974 4542; x_wconf 91' lang='lat' dir='ltr'>in</span> 
     </span>
    </p>
   </div>
   <div class='ocr_carea' id='block_1_92' title="bbox 2328 4573 3974 4644">
    <p class='ocr_par' dir='ltr' id='par_1_92' title="bbox 2328 4573 3974 4644">
     <span class='ocr_line' id='line_1_92' title="bbox 2328 4573 3974 4644; baseline 0 -15"><span class='ocrx_word' id='word_1_692' title='bbox 2328 4576 2514 4630; x_wconf 88' lang='lat' dir='ltr'>lorma</span> <span class='ocrx_word' id='word_1_693' title='bbox 2539 4575 2683 4630; x_wconf 81' lang='lat' dir='ltr'>servi</span> <span class='ocrx_word' id='word_1_694' title='bbox 2738 4573 3030 4629; x_wconf 90' lang='lat' dir='ltr'>occultum</span> <span class='ocrx_word' id='word_1_695' title='bbox 3081 4573 3347 4644; x_wconf 60' lang='lat' dir='ltr'>praebuit,</span> <span class='ocrx_word' id='word_1_696' title='bbox 3400 4577 3459 4628; x_wconf 90' lang='lat' dir='ltr'>et</span> <span class='ocrx_word' id='word_1_697' title='bbox 3513 4574 3813 4631; x_wconf 87' lang='lat' dir='ltr'>latentem.</span> <span class='ocrx_word' id='word_1_698' title='bbox 3873 4575 3974 4630; x_wconf 87' lang='lat' dir='ltr'>Vel</span> 
     </span>
    </p>
   </div>
   <div class='ocr_carea' id='block_1_93' title="bbox 568 4644 3977 4734">
    <p class='ocr_par' dir='ltr' id='par_1_93' title="bbox 568 4644 3977 4734">
     <span class='ocr_line' id='line_1_93' title="bbox 568 4644 3977 4734; baseline 0 -17"><span class='ocrx_word' id='word_1_699' title='bbox 568 4647 855 4717; x_wconf 57' lang='lat' dir='ltr'>scriptum</span> <span class='ocrx_word' id='word_1_700' title='bbox 907 4650 995 4701; x_wconf 66' lang='grc' dir='ltr'>θεῖ</span> <span class='ocrx_word' id='word_1_701' title='bbox 1028 4663 1040 4699; x_wconf 73' lang='grc' dir='ltr'>ε</span> <span class='ocrx_word' id='word_1_702' title='bbox 1106 4644 1388 4734; x_wconf 67' lang='grc' dir='ltr'>ϐεη-θναιίο</span> <span class='ocrx_word' id='word_1_703' title='bbox 1430 4646 1581 4700; x_wconf 61' lang='lat' dir='ltr'>vadit</span> <span class='ocrx_word' id='word_1_704' title='bbox 1636 4648 1687 4700; x_wconf 62' lang='lat' dir='ltr'>et</span> <span class='ocrx_word' id='word_1_705' title='bbox 1739 4649 2014 4715; x_wconf 70' lang='grc' dir='ltr'>θεηεναίίο</span> <span class='ocrx_word' id='word_1_706' title='bbox 2072 4648 2218 4701; x_wconf 60' lang='lat' dir='ltr'>venit</span> <span class='ocrx_word' id='word_1_707' title='bbox 2248 4663 2293 4727; x_wconf 92' lang='lat' dir='ltr'>D</span> <span class='ocrx_word' id='word_1_708' title='bbox 2325 4663 2479 4720; x_wconf 90' lang='lat' dir='ltr'>aliud</span> <span class='ocrx_word' id='word_1_709' title='bbox 2517 4681 2529 4718; x_wconf 93' lang='lat'>:</span> <span class='ocrx_word' id='word_1_710' title='bbox 2562 4662 2721 4728; x_wconf 81' lang='lat' dir='ltr'>Cceli,</span> <span class='ocrx_word' id='word_1_711' title='bbox 2755 4662 2945 4734; x_wconf 90' lang='lat' dir='ltr'>angeli</span> <span class='ocrx_word' id='word_1_712' title='bbox 2976 4661 3236 4715; x_wconf 88' lang='lat' dir='ltr'>inclinati</span> <span class='ocrx_word' id='word_1_713' title='bbox 3270 4666 3429 4731; x_wconf 86' lang='lat' dir='ltr'>sunt,</span> <span class='ocrx_word' id='word_1_714' title='bbox 3461 4663 3695 4733; x_wconf 90' lang='lat' dir='ltr'>quando</span> <span class='ocrx_word' id='word_1_715' title='bbox 3744 4662 3977 4719; x_wconf 87' lang='lat' dir='ltr'>Gabriel</span> 
     </span>
    </p>
   </div>
   <div class='ocr_carea' id='block_1_94' title="bbox 569 4733 2217 4807">
    <p class='ocr_par' dir='ltr' id='par_1_94' title="bbox 569 4733 2217 4807">
     <span class='ocr_line' id='line_1_94' title="bbox 569 4733 2217 4807; baseline -0.001 -16"><span class='ocrx_word' id='word_1_716' title='bbox 569 4735 839 4807; x_wconf 84' lang='lat' dir='ltr'>(Eccle.1,</span> <span class='ocrx_word' id='word_1_717' title='bbox 890 4735 967 4804; x_wconf 84' lang='grc'>4).</span> <span class='ocrx_word' id='word_1_718' title='bbox 1025 4734 1091 4787; x_wconf 92' lang='lat' dir='ltr'>Et</span> <span class='ocrx_word' id='word_1_719' title='bbox 1149 4733 1313 4789; x_wconf 87' lang='lat' dir='ltr'>aliter</span> <span class='ocrx_word' id='word_1_720' title='bbox 1343 4757 1371 4783; x_wconf 84' lang='lat'><strong><em>«</em></strong></span> <span class='ocrx_word' id='word_1_721' title='bbox 1431 4739 1497 4789; x_wconf 88' lang='lat' dir='ltr'>Et</span> <span class='ocrx_word' id='word_1_722' title='bbox 1553 4739 1841 4790; x_wconf 89' lang='lat' dir='ltr'>torrentes</span> <span class='ocrx_word' id='word_1_723' title='bbox 1888 4735 2217 4807; x_wconf 81' lang='lat' dir='ltr'>iniquitatis</span> 
     </span>
    </p>
   </div>
   <div class='ocr_carea' id='block_1_95' title="bbox 569 4822 2220 4895">
    <p class='ocr_par' dir='ltr' id='par_1_95' title="bbox 569 4822 2220 4895">
     <span class='ocr_line' id='line_1_95' title="bbox 569 4822 2220 4895; baseline -0.002 -15"><span class='ocrx_word' id='word_1_724' title='bbox 569 4822 1065 4880; x_wconf 89' lang='lat' dir='ltr'>conturbaverunt</span> <span class='ocrx_word' id='word_1_725' title='bbox 1096 4839 1208 4878; x_wconf 92' lang='lat' dir='ltr'>me.</span> <span class='ocrx_word' id='word_1_726' title='bbox 1233 4846 1260 4872; x_wconf 85' lang='lat'><strong>»</strong></span> <span class='ocrx_word' id='word_1_727' title='bbox 1284 4824 1487 4878; x_wconf 69' lang='lat' dir='ltr'>Turba:</span> <span class='ocrx_word' id='word_1_728' title='bbox 1517 4823 1875 4895; x_wconf 90' lang='lat' dir='ltr'>iniquorum,</span> <span class='ocrx_word' id='word_1_729' title='bbox 1908 4842 2036 4895; x_wconf 68' lang='lat' dir='ltr'>quae</span> <span class='ocrx_word' id='word_1_730' title='bbox 2069 4824 2220 4879; x_wconf 90' lang='lat' dir='ltr'>sicut</span> 
     </span>
    </p>
   </div>
   <div class='ocr_carea' id='block_1_96' title="bbox 571 4911 2217 4984">
    <p class='ocr_par' dir='ltr' id='par_1_96' title="bbox 571 4911 2217 4984">
     <span class='ocr_line' id='line_1_96' title="bbox 571 4911 2217 4984; baseline -0.001 -15"><span class='ocrx_word' id='word_1_731' title='bbox 571 4916 856 4969; x_wconf 85' lang='lat' dir='ltr'>torrentes</span> <span class='ocrx_word' id='word_1_732' title='bbox 878 4913 938 4967; x_wconf 92' lang='lat' dir='ltr'>in</span> <span class='ocrx_word' id='word_1_733' title='bbox 969 4911 1160 4967; x_wconf 90' lang='lat' dir='ltr'>hieme</span> <span class='ocrx_word' id='word_1_734' title='bbox 1191 4912 1609 4978; x_wconf 90' lang='lat' dir='ltr'>intumescunt,</span> <span class='ocrx_word' id='word_1_735' title='bbox 1644 4915 1912 4984; x_wconf 88' lang='lat' dir='ltr'>protinus</span> <span class='ocrx_word' id='word_1_736' title='bbox 1961 4915 2217 4969; x_wconf 75' lang='lat' dir='ltr'>defluen-</span> 
     </span>
    </p>
   </div>
   <div class='ocr_carea' id='block_1_97' title="bbox 572 5008 679 5059">
    <p class='ocr_par' dir='ltr' id='par_1_97' title="bbox 572 5008 679 5059">
     <span class='ocr_line' id='line_1_97' title="bbox 572 5008 679 5059; baseline -0.009 -1"><span class='ocrx_word' id='word_1_737' title='bbox 572 5008 679 5059; x_wconf 89' lang='lat' dir='ltr'>tes.</span> 
     </span>
    </p>
   </div>
   <div class='ocr_carea' id='block_1_98' title="bbox 640 5088 2220 5146">
    <p class='ocr_par' dir='ltr' id='par_1_98' title="bbox 640 5088 2220 5146">
     <span class='ocr_line' id='line_1_98' title="bbox 640 5088 2220 5146; baseline 0.001 -1"><span class='ocrx_word' id='word_1_738' title='bbox 640 5112 670 5140; x_wconf 89' lang='lat'><strong>«</strong></span> <span class='ocrx_word' id='word_1_739' title='bbox 706 5089 940 5146; x_wconf 92' lang='lat' dir='ltr'>Dolores</span> <span class='ocrx_word' id='word_1_740' title='bbox 971 5088 1181 5144; x_wconf 87' lang='lat' dir='ltr'>inferni</span> <span class='ocrx_word' id='word_1_741' title='bbox 1213 5088 1721 5145; x_wconf 90' lang='lat' dir='ltr'>circumdederunt</span> <span class='ocrx_word' id='word_1_742' title='bbox 1752 5107 1863 5145; x_wconf 91' lang='lat' dir='ltr'>me.</span> <span class='ocrx_word' id='word_1_743' title='bbox 1921 5114 1947 5139; x_wconf 84' lang='lat'>»</span> <span class='ocrx_word' id='word_1_744' title='bbox 2007 5096 2071 5145; x_wconf 88' lang='lat' dir='ltr'>1n</span> <span class='ocrx_word' id='word_1_745' title='bbox 2128 5091 2220 5146; x_wconf 87' lang='lat' dir='ltr'>die</span> 
     </span>
    </p>
   </div>
   <div class='ocr_carea' id='block_1_99' title="bbox 570 5178 2222 5250">
    <p class='ocr_par' dir='ltr' id='par_1_99' title="bbox 570 5178 2222 5250">
     <span class='ocr_line' id='line_1_99' title="bbox 570 5178 2222 5250; baseline -0.002 -14"><span class='ocrx_word' id='word_1_746' title='bbox 570 5178 1029 5245; x_wconf 90' lang='lat' dir='ltr'>detrahentium,</span> <span class='ocrx_word' id='word_1_747' title='bbox 1063 5195 1189 5249; x_wconf 74' lang='lat' dir='ltr'>quas</span> <span class='ocrx_word' id='word_1_748' title='bbox 1226 5183 1469 5233; x_wconf 90' lang='lat' dir='ltr'>mortem</span> <span class='ocrx_word' id='word_1_749' title='bbox 1520 5178 1862 5234; x_wconf 83' lang='lat' dir='ltr'>internalem</span> <span class='ocrx_word' id='word_1_750' title='bbox 1906 5184 2222 5250; x_wconf 88' lang='lat' dir='ltr'>operantur</span> 
     </span>
    </p>
   </div>
   <div class='ocr_carea' id='block_1_100' title="bbox 570 5266 2222 5337">
    <p class='ocr_par' dir='ltr' id='par_1_100' title="bbox 570 5266 2222 5337">
     <span class='ocr_line' id='line_1_100' title="bbox 570 5266 2222 5337; baseline -0.001 -17"><span class='ocrx_word' id='word_1_751' title='bbox 570 5295 596 5320; x_wconf 90' lang='grc'><strong>‹‹</strong></span> <span class='ocrx_word' id='word_1_752' title='bbox 637 5272 1043 5323; x_wconf 63' lang='grc' dir='ltr'>Ρτθξνθηθῐήηι</span> <span class='ocrx_word' id='word_1_753' title='bbox 1073 5283 1164 5321; x_wconf 88' lang='lat' dir='ltr'>me</span> <span class='ocrx_word' id='word_1_754' title='bbox 1209 5266 1403 5337; x_wconf 87' lang='lat' dir='ltr'>laquei</span> <span class='ocrx_word' id='word_1_755' title='bbox 1452 5268 1676 5322; x_wconf 90' lang='lat' dir='ltr'>mortis.</span> <span class='ocrx_word' id='word_1_756' title='bbox 1727 5289 1755 5316; x_wconf 89' lang='grc'><strong>››</strong></span> <span class='ocrx_word' id='word_1_757' title='bbox 1816 5269 2222 5321; x_wconf 66' lang='lat' dir='ltr'>Praevenerunt</span> 
     </span>
    </p>
   </div>
   <div class='ocr_carea' id='block_1_101' title="bbox 567 5355 2220 5427">
    <p class='ocr_par' dir='ltr' id='par_1_101' title="bbox 567 5355 2220 5427">
     <span class='ocr_line' id='line_1_101' title="bbox 567 5355 2220 5427; baseline -0.004 -14"><span class='ocrx_word' id='word_1_758' title='bbox 567 5358 863 5413; x_wconf 91' lang='lat' dir='ltr'>Christum</span> <span class='ocrx_word' id='word_1_759' title='bbox 894 5355 1116 5410; x_wconf 89' lang='lat' dir='ltr'>inimici</span> <span class='ocrx_word' id='word_1_760' title='bbox 1152 5355 1210 5409; x_wconf 91' lang='lat' dir='ltr'>in</span> <span class='ocrx_word' id='word_1_761' title='bbox 1242 5356 1513 5427; x_wconf 89' lang='lat' dir='ltr'>passione</span> <span class='ocrx_word' id='word_1_762' title='bbox 1545 5360 1679 5409; x_wconf 88' lang='lat' dir='ltr'>ante</span> <span class='ocrx_word' id='word_1_763' title='bbox 1726 5355 2041 5410; x_wconf 91' lang='lat' dir='ltr'>vindictam</span> <span class='ocrx_word' id='word_1_764' title='bbox 2094 5370 2220 5408; x_wconf 90' lang='lat' dir='ltr'>cru-</span> 
     </span>
    </p>
   </div>
   <div class='ocr_carea' id='block_1_102' title="bbox 569 5442 2219 5517">
    <p class='ocr_par' dir='ltr' id='par_1_102' title="bbox 569 5442 2219 5517">
     <span class='ocr_line' id='line_1_102' title="bbox 569 5442 2219 5517; baseline -0.003 -17"><span class='ocrx_word' id='word_1_765' title='bbox 569 5447 673 5513; x_wconf 90' lang='lat' dir='ltr'>cis,</span> <span class='ocrx_word' id='word_1_766' title='bbox 707 5446 916 5517; x_wconf 74' lang='lat' dir='ltr'>lagueis</span> <span class='ocrx_word' id='word_1_767' title='bbox 945 5446 1160 5507; x_wconf 72' lang='lat' dir='ltr'>mortis,</span> <span class='ocrx_word' id='word_1_768' title='bbox 1194 5459 1340 5514; x_wconf 87' lang='lat' dir='ltr'>quos</span> <span class='ocrx_word' id='word_1_769' title='bbox 1393 5442 1535 5498; x_wconf 90' lang='lat' dir='ltr'>mihi</span> <span class='ocrx_word' id='word_1_770' title='bbox 1594 5442 1903 5497; x_wconf 87' lang='lat' dir='ltr'>adversarii</span> <span class='ocrx_word' id='word_1_771' title='bbox 1960 5443 2219 5496; x_wconf 89' lang='lat' dir='ltr'>intende-</span> 
     </span>
    </p>
   </div>
   <div class='ocr_carea' id='block_1_103' title="bbox 573 5535 737 5587">
    <p class='ocr_par' dir='ltr' id='par_1_103' title="bbox 573 5535 737 5587">
     <span class='ocr_line' id='line_1_103' title="bbox 573 5535 737 5587; baseline 0.006 -1"><span class='ocrx_word' id='word_1_772' title='bbox 573 5535 737 5587; x_wconf 89' lang='lat' dir='ltr'>bant.</span> 
     </span>
    </p>
   </div>
   <div class='ocr_carea' id='block_1_104' title="bbox 651 5636 2219 5693">
    <p class='ocr_par' dir='ltr' id='par_1_104' title="bbox 651 5636 2219 5693">
     <span class='ocr_line' id='line_1_104' title="bbox 651 5636 2219 5693; baseline 0 -6"><span class='ocrx_word' id='word_1_773' title='bbox 651 5659 679 5687; x_wconf 83' lang='lat'><strong>«</strong></span> <span class='ocrx_word' id='word_1_774' title='bbox 710 5639 781 5692; x_wconf 92' lang='lat' dir='ltr'>Et</span> <span class='ocrx_word' id='word_1_775' title='bbox 803 5639 864 5692; x_wconf 91' lang='lat' dir='ltr'>in</span> <span class='ocrx_word' id='word_1_776' title='bbox 895 5638 1271 5693; x_wconf 87' lang='lat' dir='ltr'>tribulatione</span> <span class='ocrx_word' id='word_1_777' title='bbox 1312 5654 1441 5692; x_wconf 90' lang='lat' dir='ltr'>mea</span> <span class='ocrx_word' id='word_1_778' title='bbox 1498 5637 1754 5691; x_wconf 89' lang='lat' dir='ltr'>invocavi</span> <span class='ocrx_word' id='word_1_779' title='bbox 1822 5636 2155 5691; x_wconf 89' lang='lat' dir='ltr'>Dominum.</span> <span class='ocrx_word' id='word_1_780' title='bbox 2190 5658 2219 5686; x_wconf 85' lang='lat'><strong>»</strong></span> 
     </span>
    </p>
   </div>
   <div class='ocr_carea' id='block_1_105' title="bbox 583 5724 2223 5794">
    <p class='ocr_par' dir='ltr' id='par_1_105' title="bbox 583 5724 2223 5794">
     <span class='ocr_line' id='line_1_105' title="bbox 583 5724 2223 5794; baseline -0.002 -12"><span class='ocrx_word' id='word_1_781' title='bbox 583 5726 928 5782; x_wconf 88' lang='lat' dir='ltr'>Humanitas</span> <span class='ocrx_word' id='word_1_782' title='bbox 959 5726 1244 5781; x_wconf 89' lang='lat' dir='ltr'>invocavit</span> <span class='ocrx_word' id='word_1_783' title='bbox 1267 5725 1651 5794; x_wconf 88' lang='lat' dir='ltr'>divinitatem,</span> <span class='ocrx_word' id='word_1_784' title='bbox 1685 5729 1742 5780; x_wconf 89' lang='lat' dir='ltr'>et</span> <span class='ocrx_word' id='word_1_785' title='bbox 1770 5724 2024 5781; x_wconf 89' lang='lat' dir='ltr'>Ecclesia</span> <span class='ocrx_word' id='word_1_786' title='bbox 2064 5724 2223 5779; x_wconf 90' lang='lat' dir='ltr'>Chri-</span> 
     </span>
    </p>
   </div>
   <div class='ocr_carea' id='block_1_106' title="bbox 584 5814 2214 5881">
    <p class='ocr_par' dir='ltr' id='par_1_106' title="bbox 584 5814 2214 5881">
     <span class='ocr_line' id='line_1_106' title="bbox 584 5814 2214 5881; baseline -0.001 -10"><span class='ocrx_word' id='word_1_787' title='bbox 584 5831 756 5872; x_wconf 89' lang='lat' dir='ltr'>sum:</span> <span class='ocrx_word' id='word_1_788' title='bbox 790 5831 905 5870; x_wconf 92' lang='lat' dir='ltr'>non</span> <span class='ocrx_word' id='word_1_789' title='bbox 941 5814 1060 5869; x_wconf 91' lang='lat' dir='ltr'>oris</span> <span class='ocrx_word' id='word_1_790' title='bbox 1081 5830 1238 5881; x_wconf 89' lang='lat' dir='ltr'>voce,</span> <span class='ocrx_word' id='word_1_791' title='bbox 1265 5815 1365 5868; x_wconf 91' lang='lat' dir='ltr'>sed</span> <span class='ocrx_word' id='word_1_792' title='bbox 1425 5814 1636 5870; x_wconf 88' lang='lat' dir='ltr'>cordis.</span> <span class='ocrx_word' id='word_1_793' title='bbox 1702 5836 1723 5864; x_wconf 78' lang='grc' dir='ltr'>ι</span> <span class='ocrx_word' id='word_1_794' title='bbox 1788 5814 1854 5868; x_wconf 89' lang='lat' dir='ltr'>Et</span> <span class='ocrx_word' id='word_1_795' title='bbox 1892 5816 1962 5869; x_wconf 89' lang='lat' dir='ltr'>ad</span> <span class='ocrx_word' id='word_1_796' title='bbox 2030 5814 2214 5871; x_wconf 89' lang='lat' dir='ltr'>Deum</span> 
     </span>
    </p>
   </div>
   <div class='ocr_carea' id='block_1_107' title="bbox 2330 4748 3972 4818">
    <p class='ocr_par' dir='ltr' id='par_1_107' title="bbox 2330 4748 3972 4818">
     <span class='ocr_line' id='line_1_107' title="bbox 2330 4748 3972 4818; baseline 0 -11"><span class='ocrx_word' id='word_1_797' title='bbox 2330 4753 2401 4807; x_wconf 90' lang='lat' dir='ltr'>ad</span> <span class='ocrx_word' id='word_1_798' title='bbox 2434 4752 2677 4806; x_wconf 90' lang='lat' dir='ltr'>Mariam</span> <span class='ocrx_word' id='word_1_799' title='bbox 2700 4750 2877 4818; x_wconf 85' lang='lat' dir='ltr'>venit,</span> <span class='ocrx_word' id='word_1_800' title='bbox 2912 4754 2965 4803; x_wconf 89' lang='lat' dir='ltr'>et</span> <span class='ocrx_word' id='word_1_801' title='bbox 2997 4748 3296 4803; x_wconf 90' lang='lat' dir='ltr'>descendit</span> <span class='ocrx_word' id='word_1_802' title='bbox 3326 4748 3617 4816; x_wconf 89' lang='lat' dir='ltr'>Christus,</span> <span class='ocrx_word' id='word_1_803' title='bbox 3649 4757 3705 4805; x_wconf 90' lang='lat' dir='ltr'>et</span> <span class='ocrx_word' id='word_1_804' title='bbox 3723 4752 3879 4807; x_wconf 90' lang='lat' dir='ltr'>venit</span> <span class='ocrx_word' id='word_1_805' title='bbox 3916 4753 3972 4807; x_wconf 91' lang='lat' dir='ltr'>in</span> 
     </span>
    </p>
   </div>
   <div class='ocr_carea' id='block_1_108' title="bbox 2329 4837 3975 4909">
    <p class='ocr_par' dir='ltr' id='par_1_108' title="bbox 2329 4837 3975 4909">
     <span class='ocr_line' id='line_1_108' title="bbox 2329 4837 3975 4909; baseline -0.001 -14"><span class='ocrx_word' id='word_1_806' title='bbox 2329 4857 2561 4896; x_wconf 88' lang='lat' dir='ltr'>carnem</span> <span class='ocrx_word' id='word_1_807' title='bbox 2593 4840 2747 4909; x_wconf 87' lang='lat' dir='ltr'>(Luc.</span> <span class='ocrx_word' id='word_1_808' title='bbox 2779 4856 2818 4903; x_wconf 86' lang='grc' dir='ltr'>ι,</span> <span class='ocrx_word' id='word_1_809' title='bbox 2841 4840 2931 4901; x_wconf 83' lang='grc'>26,</span> <span class='ocrx_word' id='word_1_810' title='bbox 2957 4854 3103 4907; x_wconf 82' lang='lat' dir='ltr'>seqq.</span> <span class='ocrx_word' id='word_1_811' title='bbox 3140 4838 3176 4908; x_wconf 94' lang='lat'>).</span> <span class='ocrx_word' id='word_1_812' title='bbox 3208 4837 3309 4893; x_wconf 92' lang='lat' dir='ltr'>Vel</span> <span class='ocrx_word' id='word_1_813' title='bbox 3340 4837 3511 4893; x_wconf 90' lang='lat' dir='ltr'>aliter</span> <span class='ocrx_word' id='word_1_814' title='bbox 3542 4856 3555 4893; x_wconf 92' lang='lat'>:</span> <span class='ocrx_word' id='word_1_815' title='bbox 3584 4839 3745 4907; x_wconf 66' lang='lat' dir='ltr'>Coeli,</span> <span class='ocrx_word' id='word_1_816' title='bbox 3789 4842 3975 4896; x_wconf 89' lang='lat' dir='ltr'>sancti</span> 
     </span>
    </p>
   </div>
   <div class='ocr_carea' id='block_1_109' title="bbox 2329 4925 3975 5000">
    <p class='ocr_par' dir='ltr' id='par_1_109' title="bbox 2329 4925 3975 5000">
     <span class='ocr_line' id='line_1_109' title="bbox 2329 4925 3975 5000; baseline 0 -16"><span class='ocrx_word' id='word_1_817' title='bbox 2329 4927 2598 5000; x_wconf 89' lang='lat' dir='ltr'>apostoli,</span> <span class='ocrx_word' id='word_1_818' title='bbox 2618 4925 2705 4982; x_wconf 91' lang='lat' dir='ltr'>vel</span> <span class='ocrx_word' id='word_1_819' title='bbox 2762 4926 3088 4981; x_wconf 84' lang='lat' dir='ltr'>imitatores</span> <span class='ocrx_word' id='word_1_820' title='bbox 3136 4942 3358 4981; x_wconf 91' lang='lat' dir='ltr'>eorum.</span> <span class='ocrx_word' id='word_1_821' title='bbox 3416 4926 3848 4983; x_wconf 88' lang='lat' dir='ltr'>Inclinaverunt</span> <span class='ocrx_word' id='word_1_822' title='bbox 3903 4930 3975 4984; x_wconf 90' lang='lat' dir='ltr'>ab</span> 
     </span>
    </p>
   </div>
   <div class='ocr_carea' id='block_1_110' title="bbox 2330 5014 3979 5087">
    <p class='ocr_par' dir='ltr' id='par_1_110' title="bbox 2330 5014 3979 5087">
     <span class='ocr_line' id='line_1_110' title="bbox 2330 5014 3979 5087; baseline 0.001 -16"><span class='ocrx_word' id='word_1_823' title='bbox 2330 5017 2639 5072; x_wconf 89' lang='lat' dir='ltr'>altitudine</span> <span class='ocrx_word' id='word_1_824' title='bbox 2671 5034 2683 5071; x_wconf 89' lang='lat'>:</span> <span class='ocrx_word' id='word_1_825' title='bbox 2719 5016 2829 5071; x_wconf 91' lang='lat' dir='ltr'>hoc</span> <span class='ocrx_word' id='word_1_826' title='bbox 2858 5021 2967 5077; x_wconf 88' lang='lat' dir='ltr'>est,</span> <span class='ocrx_word' id='word_1_827' title='bbox 3000 5016 3069 5069; x_wconf 91' lang='lat' dir='ltr'>de</span> <span class='ocrx_word' id='word_1_828' title='bbox 3100 5014 3607 5087; x_wconf 87' lang='lat' dir='ltr'>contemplatione,</span> <span class='ocrx_word' id='word_1_829' title='bbox 3642 5022 3705 5072; x_wconf 90' lang='lat' dir='ltr'>ut</span> <span class='ocrx_word' id='word_1_830' title='bbox 3734 5018 3979 5073; x_wconf 90' lang='lat' dir='ltr'>doceant</span> 
     </span>
    </p>
   </div>
   <div class='ocr_carea' id='block_1_111' title="bbox 2330 5103 3976 5177">
    <p class='ocr_par' dir='ltr' id='par_1_111' title="bbox 2330 5103 3976 5177">
     <span class='ocr_line' id='line_1_111' title="bbox 2330 5103 3976 5177; baseline 0 -17"><span class='ocrx_word' id='word_1_831' title='bbox 2330 5106 2554 5173; x_wconf 90' lang='lat' dir='ltr'>brutos,</span> <span class='ocrx_word' id='word_1_832' title='bbox 2585 5105 2851 5159; x_wconf 78' lang='lat' dir='ltr'>infirmos</span> <span class='ocrx_word' id='word_1_833' title='bbox 2872 5104 2931 5158; x_wconf 91' lang='lat' dir='ltr'>in</span> <span class='ocrx_word' id='word_1_834' title='bbox 2964 5103 3217 5158; x_wconf 89' lang='lat' dir='ltr'>Ecclesia</span> <span class='ocrx_word' id='word_1_835' title='bbox 3237 5108 3471 5175; x_wconf 90' lang='lat' dir='ltr'>propter</span> <span class='ocrx_word' id='word_1_836' title='bbox 3489 5109 3976 5177; x_wconf 88' lang='lat' dir='ltr'>compassionem,</span> 
     </span>
    </p>
   </div>
   <div class='ocr_carea' id='block_1_112' title="bbox 2330 5192 3979 5266">
    <p class='ocr_par' dir='ltr' id='par_1_112' title="bbox 2330 5192 3979 5266">
     <span class='ocr_line' id='line_1_112' title="bbox 2330 5192 3979 5266; baseline 0.001 -18"><span class='ocrx_word' id='word_1_837' title='bbox 2330 5195 2752 5266; x_wconf 85' lang='lat' dir='ltr'>proximorum.</span> <span class='ocrx_word' id='word_1_838' title='bbox 2774 5192 2877 5247; x_wconf 88' lang='lat' dir='ltr'>Vel</span> <span class='ocrx_word' id='word_1_839' title='bbox 2912 5193 2981 5246; x_wconf 90' lang='lat' dir='ltr'>ad</span> <span class='ocrx_word' id='word_1_840' title='bbox 3016 5192 3379 5261; x_wconf 88' lang='lat' dir='ltr'>conjugatos,</span> <span class='ocrx_word' id='word_1_841' title='bbox 3402 5198 3469 5246; x_wconf 87' lang='lat' dir='ltr'>ut</span> <span class='ocrx_word' id='word_1_842' title='bbox 3496 5198 3736 5249; x_wconf 90' lang='lat' dir='ltr'>sanctus</span> <span class='ocrx_word' id='word_1_843' title='bbox 3764 5194 3979 5250; x_wconf 89' lang='lat' dir='ltr'>Paulus</span> 
     </span>
    </p>
   </div>
   <div class='ocr_carea' id='block_1_113' title="bbox 2331 5281 3980 5347">
    <p class='ocr_par' dir='ltr' id='par_1_113' title="bbox 2331 5281 3980 5347">
     <span class='ocr_line' id='line_1_113' title="bbox 2331 5281 3980 5347; baseline 0.001 -10"><span class='ocrx_word' id='word_1_844' title='bbox 2331 5284 2412 5338; x_wconf 89' lang='lat' dir='ltr'>ait</span> <span class='ocrx_word' id='word_1_845' title='bbox 2447 5299 2459 5336; x_wconf 93' lang='lat'>:</span> <span class='ocrx_word' id='word_1_846' title='bbox 2497 5285 2601 5337; x_wconf 81' lang='lat' dir='ltr'>Vir</span> <span class='ocrx_word' id='word_1_847' title='bbox 2628 5282 2816 5337; x_wconf 83' lang='lat' dir='ltr'>reddat</span> <span class='ocrx_word' id='word_1_848' title='bbox 2846 5281 3091 5335; x_wconf 80' lang='lat' dir='ltr'>debitum</span> <span class='ocrx_word' id='word_1_849' title='bbox 3116 5282 3301 5347; x_wconf 69' lang='lat' dir='ltr'>uxori,</span> <span class='ocrx_word' id='word_1_850' title='bbox 3334 5289 3383 5335; x_wconf 88' lang='lat' dir='ltr'>et</span> <span class='ocrx_word' id='word_1_851' title='bbox 3411 5298 3552 5337; x_wconf 74' lang='lat' dir='ltr'>uxor</span> <span class='ocrx_word' id='word_1_852' title='bbox 3570 5285 3827 5339; x_wconf 82' lang='lat' dir='ltr'>similiter</span> <span class='ocrx_word' id='word_1_853' title='bbox 3861 5286 3980 5339; x_wconf 84' lang='lat' dir='ltr'>viro</span> 
     </span>
    </p>
   </div>
   <div class='ocr_carea' id='block_1_114' title="bbox 2331 5367 3979 5442">
    <p class='ocr_par' dir='ltr' id='par_1_114' title="bbox 2331 5367 3979 5442">
     <span class='ocr_line' id='line_1_114' title="bbox 2331 5367 3979 5442; baseline -0.004 -15"><span class='ocrx_word' id='word_1_854' title='bbox 2331 5377 2381 5442; x_wconf 89' lang='grc' dir='ltr'>(ι</span> <span class='ocrx_word' id='word_1_855' title='bbox 2413 5371 2534 5426; x_wconf 86' lang='lat' dir='ltr'>Cor.</span> <span class='ocrx_word' id='word_1_856' title='bbox 2568 5389 2669 5437; x_wconf 80' lang='lat' dir='ltr'>vn,</span> <span class='ocrx_word' id='word_1_857' title='bbox 2720 5371 2796 5441; x_wconf 89' lang='lat'>3).</span> <span class='ocrx_word' id='word_1_858' title='bbox 2856 5392 2883 5419; x_wconf 84' lang='lat'><strong>«</strong></span> <span class='ocrx_word' id='word_1_859' title='bbox 2944 5369 3013 5422; x_wconf 88' lang='lat' dir='ltr'>Et</span> <span class='ocrx_word' id='word_1_860' title='bbox 3055 5367 3241 5439; x_wconf 85' lang='lat' dir='ltr'>caligo</span> <span class='ocrx_word' id='word_1_861' title='bbox 3301 5370 3411 5424; x_wconf 91' lang='lat' dir='ltr'>sub</span> <span class='ocrx_word' id='word_1_862' title='bbox 3469 5372 3713 5442; x_wconf 90' lang='lat' dir='ltr'>pedibus</span> <span class='ocrx_word' id='word_1_863' title='bbox 3770 5373 3915 5441; x_wconf 89' lang='lat' dir='ltr'>ejus.</span> <span class='ocrx_word' id='word_1_864' title='bbox 3952 5395 3979 5422; x_wconf 84' lang='lat'>»</span> 
     </span>
    </p>
   </div>
   <div class='ocr_carea' id='block_1_115' title="bbox 2333 5456 3983 5527">
    <p class='ocr_par' dir='ltr' id='par_1_115' title="bbox 2333 5456 3983 5527">
     <span class='ocr_line' id='line_1_115' title="bbox 2333 5456 3983 5527; baseline 0.001 -13"><span class='ocrx_word' id='word_1_865' title='bbox 2333 5459 2688 5515; x_wconf 88' lang='lat' dir='ltr'>lnvisibilem</span> <span class='ocrx_word' id='word_1_866' title='bbox 2719 5456 3111 5512; x_wconf 88' lang='lat' dir='ltr'>substantiam</span> <span class='ocrx_word' id='word_1_867' title='bbox 3141 5456 3259 5526; x_wconf 89' lang='lat' dir='ltr'>Dei,</span> <span class='ocrx_word' id='word_1_868' title='bbox 3290 5463 3348 5512; x_wconf 93' lang='lat' dir='ltr'>et</span> <span class='ocrx_word' id='word_1_869' title='bbox 3365 5458 3725 5527; x_wconf 90' lang='lat' dir='ltr'>judiciorum</span> <span class='ocrx_word' id='word_1_870' title='bbox 3755 5460 3983 5516; x_wconf 89' lang='lat' dir='ltr'>occulta</span> 
     </span>
    </p>
   </div>
   <div class='ocr_carea' id='block_1_116' title="bbox 2332 5544 3978 5619">
    <p class='ocr_par' dir='ltr' id='par_1_116' title="bbox 2332 5544 3978 5619">
     <span class='ocr_line' id='line_1_116' title="bbox 2332 5544 3978 5619; baseline 0.001 -17"><span class='ocrx_word' id='word_1_871' title='bbox 2332 5548 2642 5619; x_wconf 85' lang='lat' dir='ltr'>signiﬁcat.</span> <span class='ocrx_word' id='word_1_872' title='bbox 2705 5544 2799 5600; x_wconf 88' lang='lat' dir='ltr'>Vel</span> <span class='ocrx_word' id='word_1_873' title='bbox 2859 5545 3047 5600; x_wconf 86' lang='lat' dir='ltr'>aliud:</span> <span class='ocrx_word' id='word_1_874' title='bbox 3108 5567 3135 5593; x_wconf 85' lang='lat'><strong><em>«</em></strong></span> <span class='ocrx_word' id='word_1_875' title='bbox 3196 5547 3265 5599; x_wconf 89' lang='lat' dir='ltr'>Et</span> <span class='ocrx_word' id='word_1_876' title='bbox 3321 5546 3506 5619; x_wconf 89' lang='lat' dir='ltr'>caligo</span> <span class='ocrx_word' id='word_1_877' title='bbox 3563 5548 3674 5603; x_wconf 89' lang='lat' dir='ltr'>sub</span> <span class='ocrx_word' id='word_1_878' title='bbox 3734 5549 3978 5619; x_wconf 90' lang='lat' dir='ltr'>pedibus</span> 
     </span>
    </p>
   </div>
   <div class='ocr_carea' id='block_1_117' title="bbox 2331 5633 3975 5708">
    <p class='ocr_par' dir='ltr' id='par_1_117' title="bbox 2331 5633 3975 5708">
     <span class='ocr_line' id='line_1_117' title="bbox 2331 5633 3975 5708; baseline 0.001 -17"><span class='ocrx_word' id='word_1_879' title='bbox 2331 5637 2478 5707; x_wconf 91' lang='lat' dir='ltr'>ejus.</span> <span class='ocrx_word' id='word_1_880' title='bbox 2516 5659 2543 5684; x_wconf 89' lang='grc'><strong>››</strong></span> <span class='ocrx_word' id='word_1_881' title='bbox 2577 5636 2782 5704; x_wconf 84' lang='lat' dir='ltr'>Caligo,</span> <span class='ocrx_word' id='word_1_882' title='bbox 2816 5633 2925 5687; x_wconf 91' lang='lat' dir='ltr'>hoc</span> <span class='ocrx_word' id='word_1_883' title='bbox 2947 5639 3060 5699; x_wconf 91' lang='lat' dir='ltr'>est,</span> <span class='ocrx_word' id='word_1_884' title='bbox 3091 5634 3457 5705; x_wconf 76' lang='lat' dir='ltr'>profunditas</span> <span class='ocrx_word' id='word_1_885' title='bbox 3500 5636 3932 5708; x_wconf 89' lang='lat' dir='ltr'>Scripturarum</span> <span class='ocrx_word' id='word_1_886' title='bbox 3961 5663 3975 5705; x_wconf 87' lang='lat'><strong>;</strong></span> 
     </span>
    </p>
   </div>
   <div class='ocr_carea' id='block_1_118' title="bbox 2330 5723 3975 5796">
    <p class='ocr_par' dir='ltr' id='par_1_118' title="bbox 2330 5723 3975 5796">
     <span class='ocr_line' id='line_1_118' title="bbox 2330 5723 3975 5796; baseline 0.001 -17"><span class='ocrx_word' id='word_1_887' title='bbox 2330 5741 2508 5796; x_wconf 90' lang='lat' dir='ltr'>quam</span> <span class='ocrx_word' id='word_1_888' title='bbox 2539 5724 2699 5779; x_wconf 89' lang='lat' dir='ltr'>dedit</span> <span class='ocrx_word' id='word_1_889' title='bbox 2730 5724 2878 5777; x_wconf 88' lang='lat' dir='ltr'>Deus</span> <span class='ocrx_word' id='word_1_890' title='bbox 2929 5723 3175 5793; x_wconf 91' lang='lat' dir='ltr'>pedibus</span> <span class='ocrx_word' id='word_1_891' title='bbox 3234 5724 3381 5791; x_wconf 89' lang='lat' dir='ltr'>suis,</span> <span class='ocrx_word' id='word_1_892' title='bbox 3435 5726 3536 5795; x_wconf 89' lang='lat' dir='ltr'>qui</span> <span class='ocrx_word' id='word_1_893' title='bbox 3594 5730 3734 5780; x_wconf 88' lang='lat' dir='ltr'>sunt</span> <span class='ocrx_word' id='word_1_894' title='bbox 3788 5728 3975 5781; x_wconf 89' lang='lat' dir='ltr'>sancti</span> 
     </span>
    </p>
   </div>
   <div class='ocr_carea' id='block_1_119' title="bbox 2330 5812 3972 5885">
    <p class='ocr_par' dir='ltr' id='par_1_119' title="bbox 2330 5812 3972 5885">
     <span class='ocr_line' id='line_1_119' title="bbox 2330 5812 3972 5885; baseline 0.002 -17"><span class='ocrx_word' id='word_1_895' title='bbox 2330 5813 2461 5880; x_wconf 88' lang='lat' dir='ltr'>sui;</span> <span class='ocrx_word' id='word_1_896' title='bbox 2494 5814 2551 5868; x_wconf 90' lang='lat' dir='ltr'>id</span> <span class='ocrx_word' id='word_1_897' title='bbox 2582 5816 2689 5879; x_wconf 90' lang='lat' dir='ltr'>est,</span> <span class='ocrx_word' id='word_1_898' title='bbox 2738 5812 3047 5867; x_wconf 69' lang='lat' dir='ltr'>Ecclesiae:</span> <span class='ocrx_word' id='word_1_899' title='bbox 3105 5812 3244 5885; x_wconf 91' lang='lat' dir='ltr'>quia</span> <span class='ocrx_word' id='word_1_900' title='bbox 3297 5813 3357 5868; x_wconf 90' lang='lat' dir='ltr'>in</span> <span class='ocrx_word' id='word_1_901' title='bbox 3405 5830 3581 5869; x_wconf 89' lang='lat' dir='ltr'>sensu</span> <span class='ocrx_word' id='word_1_902' title='bbox 3633 5819 3972 5872; x_wconf 90' lang='lat' dir='ltr'>sanctorum</span> 
     </span>
    </p>
   </div>
  </div>
