4314 6608
372 461 493 520 917

376 676 512 731 illos
544 676 831 747 prasidet.

455 786 483 814 α
525 765 590 819 Et
620 763 881 819 ascendit
911 779 1087 834 super
1116 762 1451 819 Cherubim.
1488 786 1508 812 ι
1563 764 1679 819 Hoc
1711 769 1819 829 est,
1851 780 2030 836 super

382 852 808 924 plenitudinem
839 850 1112 922 scientia,
1147 851 1418 907 Christus
1450 854 1714 908 ascendit
1742 869 1878 908 cum
1910 869 2030 908 cor-

379 957 517 1013 pore
575 956 681 995 suo
729 956 909 1012 super
939 956 1144 996 omnes
1188 939 1449 1013 angelos,
1509 945 1566 996 et
1621 940 2024 1013 archangelos.

378 1027 710 1093 Cherubim,
757 1029 1192 1101 interpretatur,
1242 1028 1525 1099 plenitudo
1570 1031 1840 1094 scientiae,
1900 1046 2027 1100 qua

380 1120 470 1172 est
528 1116 821 1171 charitas:
883 1116 1021 1189 quia
1077 1116 1376 1189 plenitudo
1427 1117 1571 1189 legis
1628 1122 1718 1172 est
1773 1116 2024 1183 dilectio,

378 1204 488 1259 hoc
545 1208 634 1259 est
688 1204 964 1259 charitas.
1021 1204 1287 1260 Christus
1340 1222 1517 1277 super
1574 1205 1681 1260 hoc
1740 1204 2025 1271 ascendit,

374 1292 529 1348 sicut
584 1293 644 1347 in
690 1293 1001 1365 Evangelio
1035 1294 1159 1365 ipse
1200 1293 1483 1348 Dominus
1532 1294 1711 1348 dicit:
1771 1294 2029 1364 Majorem

372 1382 699 1436 charitatem
749 1398 906 1437 nemo
954 1384 1134 1447 habet,
1186 1398 1352 1454 quam
1381 1386 1442 1437 ut
1471 1384 1715 1437 animam
1744 1399 1905 1437 suam
1927 1397 2031 1453 po-

372 1474 470 1525 nat
510 1472 633 1542 quis
680 1487 778 1542 pro
826 1472 1021 1527 amicis
1066 1474 1179 1526 suis
1230 1472 1409 1542 (Joan.
1460 1489 1555 1536 xv,
1587 1472 1698 1542 13).
1735 1471 1897 1534 Quod
1950 1470 2031 1523 ita

375 1558 644 1616 Christus
676 1559 830 1625 fecit,
864 1561 963 1632 qui
996 1561 1255 1615 animam
1280 1577 1449 1616 suam
1477 1547 1578 1633 pro
1612 1560 1816 1615 amicis
1848 1558 2027 1613 dedit.

372 1650 439 1703 Et
472 1650 694 1714 volavit,
737 1655 846 1705 etc.
907 1650 1241 1705 Secundum
1289 1648 1590 1706 historiam
1651 1648 1808 1720 quod
1866 1647 2031 1718 prius

376 1743 486 1805 est,
519 1738 737 1793 volavit
769 1756 947 1811 super
976 1755 1201 1810 pennas
1230 1743 1543 1793 ventorum
1571 1756 1583 1793 :
1617 1738 1756 1809 quia
1783 1735 2033 1792 velocior

379 1831 469 1881 est
499 1832 710 1882 ventus
740 1828 1018 1884 omnibus
1050 1827 1363 1894 creaturis,
1394 1831 1450 1882 et
1474 1826 1751 1881 Dominus
1782 1823 2034 1880 velocior

386 1920 476 1969 est
543 1922 733 1983 vento,
796 1917 934 1987 quia
983 1919 1245 1986 penetrat
1304 1931 1492 1985 usque
1549 1914 1620 1968 ad
1667 1914 1812 1969 fines
1870 1917 2112 2015 terraB

387 2003 601 2075 (Ep/ws.
653 2020 732 2074 ix,
781 2004 859 2074 9),
922 2008 978 2059 et
1024 2004 1222 2059 omnia
1269 2003 1525 2059 suaviter
1569 2002 1828 2074 disponit
1883 2002 2030 2073 (Sap.

384 2108 508 2158 vui,
543 2093 614 2163 1).
648 2093 795 2158 Quia
824 2092 973 2147 ultra
1002 2097 1239 2148 ventum
1288 2092 1414 2164 ipse
1444 2096 1555 2163 est,
1586 2091 1713 2147 ideo
1758 2090 2029 2147 velocior.

388 2182 458 2235 Et
486 2182 558 2235 ad
591 2180 872 2237 moralem
895 2198 1171 2237 sensum:
1206 2179 1464 2236 animam
1497 2179 1826 2251 significare
1850 2178 2035 2234 voluit

388 2272 751 2334 vento,sicut
784 2275 993 2325 ventus
1024 2270 1133 2325 iste
1157 2268 1469 2325 invisibilis
1498 2274 1606 2334 est,
1639 2268 1721 2323 ita
1748 2274 1805 2323 et
1834 2268 2034 2323 anima

386 2356 606 2412 Ventus
658 2365 849 2413 movet
895 2375 1127 2429 corpus,
1197 2362 1253 2412 et
1302 2356 1501 2412 anima
1566 2364 1756 2412 movet
1820 2372 2031 2426 corpus

379 2444 668 2500 similiter.
702 2447 811 2501 Sed
843 2464 948 2502 cur
967 2451 1205 2501 ventum
1234 2445 1548 2517 appellavit
1576 2446 1834 2501 animam
1854 2445 1882 2499 ?
1910 2449 2030 2498 Hoc

381 2537 491 2597 est,
524 2535 663 2605 quia
685 2536 838 2590 Deus
866 2536 1187 2590 insufflavit
1216 2534 1275 2589 in
1308 2536 1499 2590 Adam
1531 2534 1685 2605 (Gen.
1710 2552 1774 2601 ιι,
1804 2534 1882 2603 7).
1903 2533 2028 2588 Non

384 2620 540 2691 quod
573 2622 890 2692 corporalis
921 2623 1000 2676 sit
1032 2624 1180 2677 Deus
1213 2623 1413 2678 Pater:
1451 2623 1551 2678 sed
1574 2628 1713 2677 tunc
1757 2621 2029 2677 insufﬂa-

382 2708 485 2773 vit,
518 2711 755 2779 quando
787 2710 1046 2764 animam
1079 2710 1255 2778 dedit,
1299 2716 1364 2765 ut
1407 2712 1505 2778 ait,
1558 2710 1839 2782 propheta
1871 2727 1883 2764 :
1926 2713 2027 2773 ’l‘u,

356 2788 631 2863 'Domine,
685 2814 836 2853 creas
884 2815 1100 2854 omnem
1156 2802 1350 2869 ﬂatum
1393 2801 1591 2871 (Amos.
1642 2817 1716 2863 1v,
1765 2800 1871 2869 13).
1922 2802 2031 2852 Per

387 2885 507 2940 hac
538 2885 922 2959 intelligimus
946 2903 1150 2942 omnes
1172 2888 1402 2943 animas
1424 2906 1457 2942 a
1487 2893 1599 2943 Deo
1631 2903 1757 2942 esse
1807 2890 2031 2941 creatas

387 2998 415 3024 «
451 2975 517 3029 Et
546 2974 758 3031 volavit
790 2991 803 3031 :
837 2975 1049 3031 volavit
1096 2993 1272 3047 super
1327 2994 1549 3048 pennas
1602 2982 1905 3031 ventorum
1934 3000 1947 3043 ;
2002 2997 2030 3024 ››

389 3064 497 3119 hoc
527 3068 635 3132 est,
669 3066 911 3119 virtutes
946 3070 1283 3121 sanctarum
1315 3065 1666 3132 animarum,
1700 3064 1838 3135 quia
1866 3064 2029 3118 Chri-

386 3157 512 3209 stus
540 3152 788 3208 velocior
835 3159 925 3209 est
964 3161 1157 3220 vento,
1208 3159 1265 3209 et
1297 3154 1472 3211 levior
1502 3171 1678 3226 quam
1728 3152 1943 3223 anima,
1976 3157 2033 3207 et

386 3241 717 3313 pracelsior
750 3240 975 3315 angelis
1006 3246 1063 3297 et
1094 3243 1334 3299 sanctis.

458 3353 485 3380 ‹‹
521 3330 720 3386 Posuit
772 3309 1045 3387 tenebras
1093 3330 1407 3387 latibulum
1439 3348 1637 3396 suum,
1673 3353 1699 3380 »
1731 3335 1840 3386 etc.
1875 3330 2029 3386 Lati-
2062 3309 2104 3375 (ἶ

385 3418 590 3475 bulum
649 3421 911 3491 seipsum
961 3419 1108 3475 dixit
1150 3419 1210 3474 in
1259 3419 1595 3491 Scripturis.
1630 3442 1659 3469 ‹‹
1694 3420 1755 3473 In
1788 3418 2031 3473 circuitu

385 3509 514 3579 ejus
544 3507 989 3564 tabernaculum
1033 3509 1181 3579 ejus.
1212 3531 1233 3557 ι
1271 3509 1537 3563 Christus
1561 3508 1618 3562 in
1653 3508 1836 3562 Maria
1865 3507 2034 3578 quasi

385 3614 638 3669 sponsus
685 3597 745 3652 in
796 3597 1055 3653 thalamo
1103 3598 1290 3665 (I’sal.
1348 3614 1508 3663 xvm,
1564 3598 1659 3666 6),
1708 3600 1765 3652 et
1820 3612 2033 3667 corpus

387 3686 578 3740 Maria
647 3686 812 3757 quasi
874 3685 1345 3741 tabernaculum.
1398 3686 1693 3740 Tenebras
1751 3685 1925 3739 dicit:
1967 3701 2033 3739 eo

387 3775 540 3846 quod
573 3774 742 3830 nobis
790 3775 1041 3830 obscura
1091 3780 1181 3830 est
1226 3774 1574 3841 incarnatio,
1611 3774 1699 3829 vel
1749 3773 2033 3828 Nativitas

387 3866 535 3934 ejus.
568 3863 899 3919 Tenebrosa
929 3880 1083 3935 aqua
1132 3864 1193 3918 in
1242 3864 1501 3919 nubibus
1543 3865 1714 3919 aeris.
1753 3885 1779 3911 ››
1838 3862 2035 3917 Nubes

388 3952 682 4024 propheta
732 3957 910 4008 sunt:
964 3958 1021 4009 et
1064 3970 1238 4025 aqua,
1293 3952 1562 4008 doctrina
1612 3969 1836 4021 eorum,
1897 3951 2036 4022 quia

387 4042 650 4097 obscura
682 4048 822 4097 sunt
851 4042 1162 4113 Scriptura
1205 4042 1641 4114 pr0phetarum.
1692 4041 1839 4107 Quia
1884 4040 2037 4094 sicut

388 4132 573 4186 nubes
600 4130 857 4203 pluviam
886 4136 1139 4203 portant,
1172 4136 1231 4186 et
1260 4135 1477 4186 terram
1512 4129 1735 4185 aridam
1767 4128 2032 4201 irrigant,

386 4220 469 4275 sic
490 4223 547 4275 et
568 4221 855 4293 prepheta
879 4237 981 4291 per
1009 4235 1213 4275 eorum
1246 4219 1572 4275 doctrinam
1596 4219 1844 4290 irrigant
1860 4217 2037 4272 corda

387 4308 569 4364 arida.

466 4418 487 4445 ε
521 4402 641 4452 Pra
674 4398 902 4470 fulgure
944 4398 1002 4452 in
1047 4400 1363 4469 conspectu
1392 4397 1520 4467 ejus
1569 4396 1755 4451 nubes
1785 4395 2034 4450 transie-

388 4491 544 4542 runt.
577 4510 604 4537 ››
640 4487 916 4559 Fulgura,
979 4485 1333 4540 illuminatio
1365 4485 1616 4557 Spiritus
1648 4483 1871 4539 Sancti.
1906 4484 2033 4554 Ipse

390 4577 575 4631 nubes
607 4575 827 4631 scilicet
858 4576 1173 4647 propheta,
1206 4575 1569 4630 transierunt
1607 4574 1665 4627 in
1696 4572 1912 4627 Judais
1961 4571 2032 4626 ad

391 4669 616 4736 gentes,
671 4662 892 4735 Spiritu
942 4669 1142 4718 sancto
1184 4664 1586 4735 gubernante.
1634 4666 1742 4716 Per
1801 4659 2038 4731 fulgura
2068 4674 2114 4737 Ι)

304 4793 316 4807 ,
391 4752 568 4825 ignis,
604 4752 975 4824 compunctio
1008 4752 1200 4807 cordis
1228 4752 1594 4823 intelligitur.
1636 4774 1663 4801 ‹‹
1698 4750 1951 4819 Grando,
1983 4754 2039 4803 et

392 4843 674 4897 carbones
722 4841 895 4913 ignis.
932 4863 959 4890 »
1010 4841 1073 4896 In
1117 4843 1423 4914 grandine,
1478 4842 1753 4896 verbera:
1788 4838 1847 4893 in
1879 4838 2035 4911 igne,

391 4930 696 4986 charitatis
753 4929 1019 4986 accensio
1076 4931 1442 4987 ostenditur:
1498 4930 1715 5001 quibus
1779 4927 2037 4983 ﬁdelium

391 5019 569 5073 corda
599 5022 906 5073 moventur
937 5018 1009 5076 ad
1041 5019 1513 5091 cognoscendum
1549 5020 1749 5073 Deum.

462 5127 489 5154 «
536 5107 603 5161 Et
648 5105 904 5161 intonuit
954 5107 1023 5162 de
1065 5107 1203 5162 calo
1251 5107 1554 5162 Dominus.
1589 5129 1618 5156 »
1653 5107 1759 5161 Per
1805 5109 2037 5161 sanctos

388 5212 531 5250 suos
583 5195 877 5250 intonuit:
913 5196 1083 5267 quasi
1133 5197 1204 5253 de
1234 5196 1376 5252 calo
1406 5213 1509 5267 per
1530 5197 1827 5266 justorum
1864 5193 2040 5248 corda

389 5283 807 5356 evangelizavit
834 5324 847 5338 .
882 5304 908 5335 α
938 5285 1008 5339 Et
1035 5284 1371 5341 Altissimus
1403 5284 1562 5340 dedit
1589 5300 1782 5339 vocem
1808 5298 2038 5337 suam.»

391 5373 499 5427 Per
547 5372 936 5444 evangelistas
987 5373 1252 5430 maltiam
1303 5374 1623 5429 humanam
1670 5369 2037 5442 disperdidit.

390 5461 711 5517 Altissimus
742 5478 921 5517 vocem
951 5478 1111 5516 suam
1138 5463 1320 5519 dedit:
1383 5464 1488 5518 hoc
1531 5467 1637 5527 est,
1680 5459 2039 5533 praedicatio-

392 5568 549 5623 nem,
604 5556 669 5607 ut
716 5552 798 5607 ait
850 5550 1171 5621 Propheta:
1220 5554 1330 5608 Vox
1376 5552 1610 5608 tonitrui
1665 5550 1753 5605 tui
1808 5551 1869 5603 in
1922 5551 2041 5602 rota

393 5640 562 5711 (Psat.
612 5657 796 5695 Lxxvn
827 5639 1016 5709 x,19),
1058 5638 1116 5693 id
1166 5646 1274 5710 est,
1326 5640 1659 5712 pradicatio
1707 5653 1910 5693 eorum
1980 5636 2039 5691 in

393 5734 515 5785 toto
548 5730 791 5786 mundo.

1554 456 1846 517 BREVIA
1856 455 2054 518 RIUM
2097 455 2178 516 IN
2225 457 2611 520 PSALMOS.

374 590 455 645 ibi
485 592 575 644 est
596 587 964 661 profunditas
991 587 1449 658 Scripturarum,
1476 593 1534 642 et
1554 586 1820 643 Christus
1853 604 2028 659 super
2057 587 2110 654 Α

3667 460 3790 520 918

2218 609 2246 635 ‹‹
2277 589 2349 643 Et
2367 588 2529 645 misit
2561 588 2803 660 sagittas
2836 604 2995 654 suas,
3026 592 3082 644 et
3121 586 3424 658 dissipavit
3451 603 3572 644 eos.
3617 609 3646 638 ››
3675 589 3787 646 Μί-

2138 676 2216 731 sit
2244 676 2423 731 verba
2452 693 2558 732 sua
2582 681 2783 731 sancta
2836 675 3004 748 quasi
3051 674 3314 747 sagittas,
3365 690 3491 745 qua
3539 673 3791 746 pleniter

2139 770 2195 819 et
2254 764 2424 820 malis
2476 770 2535 819 et
2591 764 2759 819 bonis
2822 764 3157 836 pradicant.
3215 764 3400 819 Bonos
3456 769 3790 819 remunerat

2138 857 2309 922 Deus,
2343 853 2392 907 si
2426 853 2651 907 faciunt
2681 870 2694 907 :
2729 857 2788 908 et
2820 851 3006 907 malos
3055 851 3318 921 conterit,
3352 851 3401 906 si
3434 851 3702 919 audiunt,
3730 856 3791 908 et
3848 852 3855 855 ⁷

2137 958 2254 996 non
2290 940 2532 996 faciunt.
2567 941 2731 996 Unde
2764 944 3003 996 sanctus
3029 940 3344 1011 Apostolus
3366 940 3485 995 ait:
3516 939 3626 995 Alii
3656 940 3787 1011 qui-

2137 1030 2268 1085 dem
2302 1045 2510 1085 sumus
2544 1030 2688 1084 odor
2707 1028 2837 1083 vita
2870 1028 2930 1083 in
2965 1029 3167 1093 vitam,
3201 1033 3258 1083 et
3288 1027 3386 1082 alii
3407 1028 3549 1083 odor
3577 1029 3785 1083 mortis

2135 1116 2196 1171 in
2246 1121 2494 1172 mortem
2550 1118 2623 1189 (II
2667 1119 2792 1174 Cor.
2844 1135 2905 1183 ιι,
2959 1118 3065 1188 16).
3114 1116 3268 1172 Odor
3294 1116 3422 1171 vita
3481 1121 3621 1173 sunt
3667 1116 3781 1184 bis,

2137 1205 2236 1277 qui
2266 1206 2517 1261 audiunt
2547 1211 2603 1260 et
2663 1206 2902 1275 faciunt,
2963 1210 3019 1261 et
3073 1206 3215 1261 odor
3264 1204 3469 1261 mortis
3524 1209 3661 1261 sunt
3692 1205 3785 1263 his

2138 1294 2237 1365 qui
2297 1295 2547 1349 audiunt
2616 1300 2673 1349 et
2732 1311 2846 1349 non
2906 1294 3128 1349 faciunt
3174 1293 3319 1357 Quia
3377 1294 3783 1366 praedicatores

2138 1383 2411 1438 nesciunt
2436 1383 2536 1454 qui
2570 1387 2708 1437 sunt
2738 1382 3174 1454 pradestinati:
3209 1386 3405 1437 tamen
3439 1382 3787 1439 ﬁducialiter

2139 1471 2470 1543 pradicant.
2536 1491 2562 1522 α
2616 1472 2682 1525 Et
2713 1471 2945 1543 fulgura
2978 1469 3403 1543 multiplicavit,
3463 1474 3522 1525 et
3551 1475 3785 1526 contur-

2140 1559 2298 1615 bavit
2349 1576 2467 1615 eos.
2502 1581 2531 1611 «
2568 1559 2836 1632 Fulgura,
2870 1559 3173 1627 miracula,
3208 1564 3383 1631 atque
3413 1557 3645 1614 claritas
3675 1560 3789 1613 vir-

2139 1648 2283 1703 tutis
2332 1665 2471 1703 sua.
2520 1671 2547 1697 «
2580 1648 2958 1703 Conturbavit
2986 1647 3137 1703 illos.
3166 1670 3194 1696 »
3240 1648 3343 1702 Per
3372 1646 3475 1702 illa
3502 1647 3787 1703 miracula

2141 1737 2537 1809 apostolorum
2565 1736 2899 1808 compuncti
2942 1741 3101 1802 sunt,
3131 1742 3189 1791 et
3237 1735 3321 1790 illi
3370 1735 3470 1807 qui
3516 1735 3789 1792 dixerunt

2141 1825 2213 1881 ad
2263 1825 2497 1880 Petrum
2525 1843 2538 1893 ;
2588 1824 2735 1895 Quid
2779 1826 3069 1896 faciemus,
3118 1825 3233 1879 viri
3260 1826 3472 1894 fratres
3496 1826 3523 1878 ?
3551 1825 3617 1878 Et
3648 1824 3746 1878 ille
3766 1843 3783 1878 :

2138 1915 2550 1980 Pmnitentiam,
2601 1915 2801 1986 inquit,
2834 1916 2979 1985 agite
3000 1933 3019 1968 :
3047 1922 3098 1969 et
3131 1913 3439 1984 baptizatur
3486 1913 3782 1983 unusquis-

2143 2018 2245 2074 que
2274 2010 2511 2057 vestrum
2540 2001 2674 2072 (Act.
2710 2019 2774 2068 ιι,
2804 2002 2895 2067 37,
2925 2003 3037 2072 38).

2216 2140 2244 2167 ‹‹
2297 2119 2367 2173 Et
2421 2121 2820 2190 apparuerunt
2866 2117 3055 2173 fontes
3108 2132 3434 2187 aquarum.
3492 2137 3515 2164 ιι
3572 2115 3783 2170 Fontes

2141 2205 2411 2278 apostoli,
2443 2205 2612 2278 quasi
2642 2205 2815 2276 aquis
2842 2206 2913 2260 de
2956 2222 3074 2260 uno
3106 2206 3261 2260 fonte
3299 2203 3481 2276 potati
3511 2207 3671 2259 sunt.
3708 2207 3784 2257 De

2140 2311 2258 2349 uno
2289 2295 2445 2349 fonte
2476 2293 2574 2365 qui
2607 2298 2698 2349 est
2728 2292 3014 2361 Christus,
3047 2292 3243 2347 satiati
3271 2292 3506 2347 fuerunt
3535 2289 3785 2363 apostoli

2141 2383 2293 2438 sicut
2320 2382 2381 2438 in
2413 2381 2723 2454 Evangelio
2756 2381 2938 2437 dixit:
2992 2382 3099 2449 Qui
3134 2381 3334 2437 biberit
3360 2396 3562 2453 aquam
3606 2396 3780 2452 quam

2138 2488 2232 2542 ego
2277 2470 2421 2526 dabo
2466 2473 2519 2525 ei
2564 2487 2676 2525 non
2721 2472 2870 2525 sitiet
2917 2471 2978 2523 in
3021 2473 3289 2524 aeternum
3331 2470 3509 2540 (Joan.
3557 2485 3632 2538 1v,
3669 2468 3776 2538 13).

2139 2561 2209 2614 Et
2246 2558 2447 2614 aliter:
2483 2582 2510 2607 «
2544 2559 2754 2614 Fontes
2798 2574 3111 2629 aquarum,
3161 2579 3189 2607 ››
3226 2557 3331 2620 illi,
3385 2557 3485 2628 qui
3527 2573 3631 2628 per
3684 2557 3786 2610 ba-

2140 2647 2339 2720 ptismi
2391 2652 2824 2702 sacramentum
2880 2645 3012 2700 facti
3054 2648 3192 2701 sunt
3223 2643 3625 2723 peccatoribus
3655 2645 3786 2699 fons

2140 2746 2301 2806 aqua
2350 2735 2489 2790 viva
2520 2734 2787 2789 salientis
2832 2734 2889 2788 in
2935 2734 3112 2788 vitam
3145 2738 3442 2786 aternam.
3483 2750 3505 2779 α
3531 2732 3601 2786 Et
3630 2748 3785 2787 reve-

2139 2824 2258 2880 lata
2288 2830 2429 2880 sunt
2462 2825 2846 2880 fundamenta
2878 2823 3037 2879 orbis
3091 2828 3275 2877 terra.
3311 2845 3341 2871 »
3374 2821 3671 2891 Propheta
3700 2826 3788 2876 at-

2140 2931 2253 2985 que
2289 2914 2533 2986 apostoli
2568 2931 2745 2985 super
2775 2931 2920 2985 quos
2943 2912 3207 2968 omnium
3239 2909 3627 2967 Ecclesarium
3662 2910 3789 2965 fun-

2146 3004 2421 3058 damenta
2483 3002 2784 3058 locantur.
2844 3000 3117 3057 Revelata
3192 3005 3332 3056 sunt
3408 3000 3790 3055 fundamenta

2144 3092 2303 3149 orbis
2334 3097 2523 3158 terra,
2556 3092 2881 3146 secundum
2921 3089 3249 3155 historiam,
3299 3090 3533 3161 quando
3565 3089 3624 3143 in
3655 3107 3788 3162 pas-

2141 3182 2305 3237 sione
2334 3181 2526 3235 velum
2560 3179 2761 3250 templi
2818 3178 3069 3235 scissum
3122 3183 3212 3233 cst
3258 3179 3571 3234 desursum
3603 3194 3789 3250 usque

2142 3271 2440 3339 deorsum,
2473 3273 2529 3323 et
2552 3267 2654 3323 illa
2684 3285 2812 3340 qua
2841 3268 2898 3322 in
2932 3265 3151 3338 templo
3169 3270 3334 3322 erant
3365 3270 3784 3339 apparuerunt.

2143 3360 2213 3413 Et
2268 3359 2338 3413 ad
2396 3374 2633 3413 sensum
2668 3359 2738 3411 de
2786 3356 2979 3411 littera
3026 3371 3234 3410 sensus
3271 3353 3621 3426 spiritualis,
3652 3356 3791 3426 quia

2148 3447 2301 3518 quod
2333 3444 2548 3501 ibidem
2582 3443 2801 3500 latebat
2830 3444 2889 3498 in
2922 3444 3129 3515 figura,
3162 3441 3439 3498 omnibus
3470 3441 3660 3513 patuit
3690 3458 3794 3514 per

2146 3534 2442 3606 mysteria.

2218 3671 2246 3699 ‹‹
2279 3650 2362 3703 Ab
2395 3648 2790 3719 increpatione
2837 3651 2957 3717 tua,
2990 3646 3255 3713 Domine,
3299 3647 3372 3702 ab
3402 3647 3792 3719 inspiratione

2144 3738 2387 3811 spiritus
2415 3738 2514 3792 ira
2545 3743 2711 3792 tua.»
2731 3737 2908 3791 —«Ab
2940 3736 3335 3807 increpatione
3366 3740 3490 3807 tua,
3514 3735 3790 3791 Domine»

2146 3845 2279 3883 cum
2311 3827 2535 3882 diceres
2578 3844 2590 3882 :
2621 3827 2741 3881 Nisi
2768 3842 2859 3882 vos
2891 3828 3064 3881 Filius
3096 3826 3432 3897 liberaverit,
3474 3825 3794 3882 moriemini

2144 3921 2204 3971 in
2226 3918 2462 3987 peccatis
2492 3917 2684 3970 vestris
2714 3915 2891 3985 (Joan.
2923 3930 3045 3982 vm,
3076 3915 3190 3981 24).
3226 3936 3253 3963 «
3292 3914 3375 3968 Ab
3407 3914 3791 3986 inspiratione

2145 4006 2389 4078 spiritus
2420 4004 2516 4059 ira
2547 4009 2712 4071 tua,»
2751 4003 3096 4073 promittens
3118 4002 3178 4056 in
3208 4000 3301 4057 his
3322 4002 3792 4074 appropinquare

2146 4111 2391 4165 regnum
2421 4094 2538 4148 Dei.

2217 4222 2245 4250 ‹‹
2289 4199 2445 4254 Misit
2474 4200 2544 4254 de
2575 4214 2808 4252 summo
2851 4201 2908 4251 et
2937 4196 3157 4267 accepit
3186 4211 3298 4250 me.
3335 4218 3364 4245 »
3394 4195 3665 4251 Vocando
3699 4211 3791 4250 me

2145 4312 2173 4340 ‹‹
2207 4290 2277 4343 Et
2326 4286 2650 4358 assumpsit
2708 4302 2800 4341 me
2858 4286 2929 4340 de
2989 4285 3365 4339 multitudine
3422 4300 3789 4355 aquarum.»

2148 4375 2593 4433 Adversantium
2641 4374 3011 4446 populorum.
3070 4372 3172 4428 Vel
3203 4373 3410 4428 aliter:
3453 4394 3481 4421 ‹‹
3530 4372 3690 4427 Misit
3719 4372 3791 4426 de

2146 4482 2401 4532 summo,
2435 4469 2491 4520 et
2521 4463 2744 4534 accepit
2773 4479 2886 4533 me,
2920 4467 2976 4516 et
3005 4461 3328 4532 assumpsit
3356 4477 3449 4516 me
3480 4461 3553 4517 de
3591 4459 3791 4515 multi-

2145 4554 2346 4611 tudine
2377 4569 2685 4624 aquarum.
2723 4575 2749 4599 »
2782 4551 2935 4606 Deus
2969 4552 3131 4605 Pater
3161 4550 3327 4606 misit
3347 4550 3559 4606 Filium
3590 4567 3794 4616 suum,

2146 4644 2298 4699 sicut
2344 4643 2564 4697 dictum
2598 4646 2719 4696 est:
2761 4640 2988 4695 Verbum
3038 4655 3171 4694 caro
3216 4642 3427 4710 factum
3473 4645 3572 4707 est,
3605 4644 3655 4695 et
3693 4645 3795 4695 lia-

2151 4734 2345 4788 bitavit
2393 4734 2457 4787 in
2504 4732 2659 4785 nobis
2707 4729 2884 4801 (Joan.
2918 4746 2964 4795 ι,
3020 4729 3145 4796 14).
3199 4728 3358 4785 Misit
3412 4746 3668 4801 sponsus
3723 4730 3796 4784 ad

2148 4837 2463 4894 sponsam:
2494 4835 2695 4875 verum
2716 4835 2996 4890 sponsum
3023 4819 3223 4889 junxit
3256 4835 3522 4890 sponsa:
3557 4818 3665 4875 hoc
3683 4824 3794 4886 est,

2147 4926 2381 4965 carnem
2416 4908 2473 4962 in
2507 4913 2670 4963 utero
2715 4905 2958 4978 virginis
2987 4906 3203 4961 Maria.
3236 4908 3573 4979 Assumpsit
3602 4924 3694 4962 me
3725 4907 3795 4961 de

2150 4996 2526 5054 multitudine
2586 5011 2915 5067 aquarum;
2953 5017 2979 5043 ››
3039 4995 3095 5050 id
3156 5001 3264 5061 est,
3299 4995 3369 5051 de
3419 4994 3793 5049 multitudine

2148 5086 2346 5159 p0puli
2398 5084 2652 5141 Ecclesia
2701 5083 2941 5139 collecta
2987 5089 3093 5138 est.
3128 5085 3303 5155 Aqua
3339 5082 3557 5147 multa,
3592 5081 3793 5154 populi

2150 5175 2318 5230 multi
2350 5176 2531 5246 (Apoc.
2565 5190 2703 5239 xvu,
2735 5174 2843 5244 15).

2225 5306 2253 5331 (ι
2286 5281 2513 5353 Eripuit
2540 5296 2629 5335 me
2651 5281 2722 5334 de
2754 5278 3008 5335 inimicis
3040 5278 3187 5333 meis
3217 5276 3608 5333 fortissimis.»
3644 5280 3794 5331 Deus

2152 5375 2323 5426 Pater
2353 5371 2568 5434 eripuit
2593 5369 2891 5423 Christum
2925 5386 2957 5422 a
2997 5367 3238 5432 Judais,
3269 5370 3322 5421 et
3372 5364 3685 5421 Ecclesiam
3718 5366 3790 5421 ab

2152 5460 2457 5515 hareticis.
2492 5482 2518 5508 ‹‹
2567 5458 2637 5513 Et
2666 5459 2738 5513 ab
2790 5458 2858 5511 iis
2910 5456 3009 5527 qui
3041 5455 3289 5510 oderunt
3329 5471 3441 5525 me,
3475 5454 3615 5526 quia
3656 5470 3791 5510 con-

2153 5550 2344 5604 fortati
2379 5553 2517 5603 sunt
2538 5563 2715 5618 super
2746 5562 2856 5600 me.
2892 5564 2917 5593 ››
2951 5544 3208 5599 Oderunt
3235 5544 3421 5599 Judai
3454 5543 3798 5615 Dominum,

2151 5645 2211 5693 et
2254 5637 2508 5693 haretici
2554 5634 2888 5691 Ecclesiam.
2921 5632 3066 5697 Quia
3095 5633 3403 5688 confortati
3452 5638 3592 5690 sunt
3621 5651 3799 5707 super

2158 5743 2271 5797 me,
2304 5726 2471 5799 quasi
2500 5725 2728 5780 vincere
2751 5720 3097 5794 potuissent.
