4314 6578
542 452 660 516 919

2031 451 2456 516 APPENDIX.

3827 452 3953 515 920

613 607 642 635 «
676 586 1083 639 Preevenerunt
1111 599 1224 640 me.
1264 605 1293 634 »
1323 586 1397 641 Ut
1424 586 1695 657 superius
1732 585 2012 653 diximus,
2044 590 2179 640 ante
2210 589 2267 652 Α
2297 585 2375 641 ris
2406 587 2561 657 quod
2612 586 2829 643 electus
2876 603 2957 653 es,
3001 589 3067 642 ut
3109 586 3323 642 Paulus
3354 585 3530 640 dixit:
3581 585 3945 656 Comprehen-

538 672 857 727 vindictam
888 673 1098 733 crucis.
1130 695 1159 723 «
1205 673 1270 728 Et
1299 674 1487 731 factus
1532 680 1622 730 est
1672 674 1951 730 Dominus
1996 678 2184 745 prote-

538 766 664 817 ctor
691 776 880 816 meus.
915 783 944 810 »
977 760 1132 817 Deus
1164 763 1328 817 Pater
1375 762 1586 819 Filium
1619 781 1793 819 suum
1825 761 2094 835 protexit,
2127 766 2185 817 et

540 850 721 921 Filius
754 849 1073 906 Ecclesiam
1103 867 1295 906 suam.

612 980 641 1007 ‹‹
675 958 886 1013 Eduxit
938 973 1031 1013 me
1069 957 1129 1012 in
1178 955 1513 1015 latitudine.
1551 980 1579 1008 ››
1615 952 1823 1013 Eduxit
1863 957 2185 1013 Ecclesiam

542 1046 613 1102 de
643 1045 1036 1117 tribulatione,
1065 1046 1233 1119 quasi
1264 1047 1334 1102 de
1366 1046 1639 1119 angustia
1659 1048 1780 1102 :«In
1815 1046 2184 1101 latitudinem

544 1152 671 1208 quae
712 1140 800 1192 est
828 1153 964 1208 spes
996 1135 1197 1207 futuri,
1228 1135 1314 1191 vel
1355 1137 1746 1191 remuneratio
1776 1136 1907 1190 vitae
1940 1141 2183 1191 zeternaa.

544 1250 572 1275 ‹‹
606 1224 843 1281 Salvum
875 1241 968 1279 me
1013 1224 1163 1291 fecit,
1198 1225 1476 1298 quoniam
1505 1224 1689 1280 voluit
1719 1242 1831 1279 me.
1869 1248 1897 1274 «
1931 1228 2053 1278 Vox
2084 1225 2186 1279 Ec-

544 1313 751 1383 clesiae,
782 1312 878 1388 qui
913 1330 1004 1369 me
1032 1314 1236 1385 voluit,
1270 1319 1334 1369 ut
1363 1314 1657 1369 exhiberet
1704 1313 1814 1369 sibi
1847 1313 2183 1369 Ecclesium.

543 1426 573 1453 ‹‹
604 1404 887 1468 Quoniam
916 1401 1098 1458 voluit
1129 1420 1240 1459 me.
1278 1425 1305 1453 »
1337 1401 1645 1458 Voluntate
1676 1403 1931 1475 propria,
1964 1406 2021 1457 et
2071 1419 2187 1458 non

541 1508 611 1548 ex
667 1508 795 1547 meo
853 1492 1061 1569 merito
1118 1506 1211 1546 me
1273 1490 1534 1557 vocavit,
1588 1490 1815 1545 dicente
1863 1490 2183 1562 Apostolo:

543 1580 733 1637 Gratia
761 1582 893 1636 estis
923 1580 1123 1637 saluati
1162 1596 1258 1652 per
1302 1579 1502 1650 ﬁdem:
1535 1583 1587 1634 et
1626 1579 1723 1633 hoc
1767 1596 1877 1633 non
1924 1595 1993 1634 ex
2040 1580 2187 1634 vobis

541 1670 757 1745 (Ephes.
790 1688 853 1736 ιι,
884 1672 961 1740 8).

617 1781 636 1807 α
673 1760 743 1815 Et
763 1759 1043 1815 retribuet
1068 1756 1215 1813 mihi
1238 1757 1521 1811 Dominus
1552 1757 1874 1811 secundum
1892 1756 2186 1827 justitiam

542 1862 759 1914 meam,
791 1850 847 1902 et
867 1845 1193 1902 secundum
1223 1844 1576 1901 inocentiam
1608 1861 1891 1900 manuum
1922 1861 2186 1902 mearum

542 1933 823 1991 retribuet
870 1933 1037 1989 mihi.
1062 1955 1090 1984 »
1140 1934 1275 1997 Quae
1308 1938 1502 2023 autem
1552 1933 1629 1989 sit
1644 1934 1900 2023 justitia,
1922 1938 1988 1989 et
2019 1935 2186 1990 inno-
2219 1958 2267 2023 Β

541 2022 733 2079 centia
764 2039 1049 2077 manuum
1090 2024 1238 2094 ejus,
1286 2022 1425 2077 audi
1482 2024 1636 2093 quod
1690 2022 1988 2093 sequitur.
2038 2024 2185 2089 Quia

540 2112 753 2184 inquit,
786 2110 1091 2180 custodivi,
1126 2115 1191 2166 ut
1217 2112 1322 2167 via:
1354 2108 1456 2166 Dei
1489 2111 1915 2178 custodiantur,
1948 2116 2006 2167 et
2034 2112 2181 2167 nihil

539 2201 719 2273 impie
749 2202 821 2257 de
850 2217 917 2256 eo
943 2216 1077 2257 cum
1104 2201 1388 2256 haereticis
1417 2201 1725 2256 sentiatur.

620 2331 641 2359 ι
667 2306 809 2372 Quia
841 2307 1126 2363 custodivi
1155 2308 1278 2364 vias
1302 2306 1556 2363 Domini.
1590 2328 1619 2356 ››
1646 2306 1707 2363 Id
1739 2310 1850 2380 est,
1882 2324 1991 2364 sua
2023 2325 2185 2365 man-

542 2398 697 2452 data.
733 2420 758 2447 ‹‹
793 2396 910 2452 Nec
937 2396 1117 2469 impie
1144 2396 1298 2470 gessi
1329 2413 1363 2453 a
1388 2397 1502 2452 Deo
1534 2412 1682 2452 meo.
1709 2418 1737 2446 »
1760 2400 1834 2453 Ut
1855 2397 1927 2452 ad
1960 2397 2182 2454 idolum

542 2491 937 2542 converterem
968 2485 1226 2542 laudem.

612 2596 641 2625 ‹‹
673 2574 956 2638 Quoniam
988 2574 1186 2629 omnia
1205 2572 1434 2645 judicia
1453 2575 1581 2645 ejus
1618 2574 1677 2629 in
1708 2579 2022 2646 conspectu
2054 2592 2181 2631 meo

540 2665 680 2719 sunt
709 2678 959 2735 semper.
995 2685 1023 2711 ››
1056 2664 1317 2728 Quatuor
1346 2668 1485 2719 sunt
1515 2663 1746 2734 judicia
1775 2664 1912 2719 Dei:
1967 2665 2081 2719 duo
2111 2666 2183 2720 de

537 2751 832 2822 praesenti,
865 2755 922 2807 et
950 2749 1065 2806 duo
1099 2750 1169 2805 de
1201 2752 1416 2807 futuro.
1452 2756 1516 2806 In
1548 2751 1840 2823 praesenti,
1883 2753 2179 2824 prosperi-

538 2843 629 2895 tas
686 2838 999 2906 malorum,
1048 2843 1105 2895 et
1134 2838 1435 2896 tribulatio
1481 2845 1842 2896 sanctorum.
1866 2842 1931 2896 In
1964 2842 2179 2908 futuro,

534 2928 928 2984 remuneratio
967 2934 1328 2996 sanctorum,
1360 2934 1417 2984 et
1456 2930 1869 2985 condemnatio
1918 2936 2181 3002 peccato~

534 3032 688 3070 rum.
710 3014 977 3087 Ecclesia
1007 3015 1261 3071 adhaeret
1300 3016 1551 3083 Christo,
1600 3017 1740 3089 quia
1768 3016 2034 3073 Christus
2065 3036 2181 3074 non

534 3103 673 3159 fecit
703 3107 1045 3175 peccatum:
1080 3120 1186 3159 nec
1228 3104 1499 3160 inventus
1544 3109 1633 3163 est
1676 3106 1738 3160 in
1783 3122 1881 3161 ore
1920 3108 2047 3177 ejus
2078 3108 2178 3162 do-

535 3191 630 3247 lus
677 3191 726 3263 (ι
766 3196 916 3248 Petr.
966 3207 1028 3259 ιι,
1058 3192 1169 3263 22).
1219 3191 1285 3247 Et
1331 3191 1584 3248 Ecclesia
1630 3192 1859 3247 Christo
1904 3193 2175 3261 adhaeret,

537 3302 567 3331 «
601 3280 877 3352 quoniam
924 3280 1123 3337 omnia
1142 3281 1372 3353 judicia
1409 3282 1538 3353 ejus
1578 3282 1638 3338 in
1684 3290 1997 3355 conspectu
2050 3301 2179 3341 meo
2211 3319 2254 3386 C
2292 3280 2321 3395 ζ

537 3374 675 3395 ι-..-ι
715 3386 946 3395 -.ι-.---
998 3370 1065 3395 DL
1097 3371 1355 3395 :.--‘:L:-_
1406 3372 1529 3395 -:.-_
1571 3388 1680 3395 _-_
1717 3371 1899 3395 ..Α---12
1937 3389 1960 3395 Α
2000 3389 2088 3395 Α.-

537 3374 678 3424 sunt
714 3386 965 3443 semper.
998 3370 1069 3425 Et
1089 3371 1356 3442 justitias
1402 3372 1531 3441 ejus
1571 3388 1685 3427 non
1717 3371 1902 3444 repuli
1934 3389 1968 3428 a
2000 3389 2112 3429 me.
2148 3397 2176 3424 »

536 3459 649 3514 Sed
679 3460 986 3531 amplexus
1015 3476 1148 3516 sum
1180 3476 1300 3516 eas.

598 3570 626 3600 ι»
664 3549 728 3604 Et
757 3565 854 3605 ero
884 3549 1303 3605 immaculatus
1334 3566 1470 3605 cum
1521 3566 1610 3617 eo,
1642 3555 1699 3605 et
1737 3551 2055 3607 observabo
2087 3570 2179 3609 me

530 3638 604 3693 ab
635 3638 945 3709 iniquitate
967 3653 1149 3693 mea.»
1176 3639 1565 3694 Perseverabo
1589 3639 1650 3694 in
1673 3638 1774 3694 illa
1822 3640 2174 3697 innocentia.

529 3726 591 3781 in
621 3740 739 3797 qua
766 3729 1012 3781 vocatus
1043 3742 1197 3781 sum.
1244 3748 1272 3775 «
1301 3727 1372 3782 Et
1397 3728 1714 3784 observabo
1746 3744 1838 3783 me
1866 3730 1937 3784 ab
1969 3730 2180 3802 iniqui-

527 3818 648 3870 tate
681 3829 833 3884 mea,
858 3833 887 3867 ιι
913 3813 971 3869 id
994 3820 1102 3886 est,
1134 3831 1251 3870 non
1285 3822 1589 3871 convertar
1617 3817 1687 3872 ad
1716 3816 1876 3872 illam
1904 3818 2183 3890 iniquita-

532 3906 673 3968 tem,
706 3902 807 3957 ubi
838 3901 1004 3975 prius
1032 3903 1115 3957 fui
1149 3904 1210 3958 in
1241 3903 1611 3961 infidelitate.

601 4008 705 4063 «Et
734 4007 1019 4064 retribuet
1050 4008 1194 4064 mihi
1221 4008 1504 4066 Dominus
1536 4013 1859 4067 secundum
1883 4013 2181 4085 justitiam

534 4113 747 4165 meam,
779 4100 837 4152 et
886 4098 1215 4153 secundum
1247 4098 1563 4170 puritatem
1598 4118 1882 4157 manuum
1916 4118 2182 4157 mearum

530 4186 591 4241 in
640 4190 955 4258 conspectu
999 4186 1304 4267 oculorum
1352 4189 1499 4259 ejus.
1534 4211 1563 4237 ‹‹
1598 4193 1706 4245 Per
1741 4189 1962 4260 oculos,
2010 4206 2182 4261 aspe-

535 4279 664 4329 ctus
687 4274 1008 4330 divinitatis
1038 4274 1421 4348 intelligitur:
1458 4278 1596 4349 quia
1618 4278 1745 4350 ipse
1777 4279 1986 4351 aspicit
2018 4278 2187 4349 quid-

535 4363 675 4435 quid
696 4368 970 4435 operatur
988 4363 1164 4420 homo
1185 4366 1244 4419 in
1268 4367 1562 4422 mandatis
1585 4367 1778 4423 Dei.ln
1801 4367 2184 4423 retributione

535 4452 864 4521 beatorum,
898 4452 1000 4523 qui
1021 4468 1150 4508 eam
1173 4469 1273 4524 per
1312 4454 1677 4511 altitudinem
1704 4456 1829 4529 spei
1860 4456 2180 4511 considero.

607 4580 637 4608 «
663 4558 809 4613 Cum
866 4563 1068 4614 sancto
1115 4565 1353 4616 sanctus
1385 4562 1520 4633 eris,
1556 4585 1583 4611 »
1641 4579 1777 4618 cum
1807 4579 1873 4617 eo
1922 4560 2021 4633 qui
2069 4566 2185 4616 ate

537 4646 958 4702 sanctificatur.
999 4669 1039 4711 ,‹‹
1070 4647 1140 4703 Et
1176 4665 1308 4704 cum
1340 4650 1462 4705 viro
1509 4651 1841 4717 innocente,
1902 4650 2183 4706 innocens

536 4736 711 4801 eris,»
738 4751 871 4790 cum
895 4752 960 4791 eo
987 4737 1086 4808 qui
1118 4754 1234 4793 non
1266 4740 1588 4812 corruperit
1606 4739 1762 4795 vitiis
1782 4740 1963 4795 vitam
1990 4756 2182 4794 suam.

609 4864 637 4892 ‹‹
673 4842 741 4897 Et
770 4857 904 4897 cum
953 4841 1152 4913 electo,
1204 4843 1425 4900 electus
1472 4847 1610 4914 eris,
1650 4867 1677 4895 »
1708 4862 1841 4900 cum
1874 4844 1972 4901 illo
2008 4863 2182 4917 quem

534 4931 874 5005 praescitum
901 4931 1040 4989 scis.
1076 4955 1105 4982 «
1134 4934 1203 4988 Et
1250 4950 1384 4989 cum
1417 4951 1708 5005 perverso,
1741 4934 2119 5003 subverteris,
2155 4958 2183 4985 ›ο

537 5038 672 5078 cum
702 5021 991 5090 hazretico,
1027 5022 1128 5095 qui
1176 5021 1327 5078 male
1358 5022 1735 5094 intelligendo
1783 5024 2056 5093 pervertit
2097 5024 2184 5078 di-

536 5109 674 5165 vina
728 5109 995 5182 eloquia:
1053 5110 1205 5166 sicut
1251 5111 1389 5166 alibi
1444 5110 1664 5166 Judaeis
1724 5111 1849 5183 ipse
1905 5113 2186 5169 Dominus

538 5198 834 5271 loquitur:
864 5200 923 5256 Si
954 5200 1316 5257 incesseritis
1349 5217 1615 5272 perverse
1647 5217 1844 5256 coram
1880 5218 1993 5269 me,
2027 5202 2183 5259 ince-

538 5289 672 5343 dam
705 5293 762 5344 et
790 5305 893 5360 ego
925 5305 1232 5361 perversus
1261 5288 1445 5344 vobis.
1479 5310 1507 5337 ‹‹
1540 5288 1684 5342 Cum
1715 5294 1913 5343 sancto
1946 5296 2187 5346 sanctus

540 5377 675 5434 eris.
711 5401 739 5427 »
771 5378 881 5447 Tu,
933 5379 1181 5442 Christe,
1240 5383 1479 5434 sanctus
1511 5382 1721 5431 natura
1767 5394 1865 5433 es:
1916 5394 2088 5449 quem
2123 5385 2185 5434 tu

540 5466 1016 5530 sanctiﬁcaveris.
1078 5467 1149 5522 ab
1197 5465 1297 5521 illo
1352 5464 1741 5537 cognosceris,
1796 5466 2073 5537 quoniam
2123 5470 2184 5521 tu

540 5558 779 5610 sanctus
809 5572 891 5611 es.
941 5557 1063 5612 Vox
1093 5555 1390 5628 prophetae.
1440 5555 1509 5609 ad
1542 5553 1875 5609 Christum:
1911 5555 2091 5617 Quem
2124 5560 2184 5609 tu

538 5643 907 5699 innocentem
949 5645 1173 5717 feceris,
1222 5646 1292 5700 ab
1348 5642 1445 5698 illo
1498 5643 1889 5714 cognosceris,
1937 5644 2090 5714 quod
2125 5649 2183 5697 tu

537 5732 823 5787 innocens
875 5748 976 5788 es:
1033 5734 1174 5805 quia
1221 5732 1367 5789 nulli
1427 5748 1640 5799 noces,
1697 5731 1827 5788 ideo
1885 5731 2183 5788 innocens.

540 5820 719 5884 Quem
752 5823 816 5875 tu
847 5820 1113 5893 elegeris,
1145 5827 1211 5877 ut
1233 5823 1311 5877 sit
1341 5821 1560 5878 electus
1586 5838 1599 5877 :
1641 5822 1713 5877 ab
1743 5820 1842 5877 illo
1872 5838 2182 5893 cognosce-

2293 674 2390 729 der
2429 679 2613 730 autem
2661 693 2695 729 a
2750 693 2853 748 quo
2900 678 3317 747 comprehensus
3377 691 3499 729 sum
3563 674 3794 745 (Philip.
3858 691 3943 744 III,

2296 764 2403 835 12).
2440 765 2696 820 Perversi
2723 765 3015 832 dicuntur,
3044 766 3142 835 qui
3174 766 3244 819 de
3275 762 3622 818 rectitudine
3645 761 3944 818 declinant

2297 853 2367 906 ad
2412 852 2874 924 perversitatem,
2909 855 2974 905 ut
3002 850 3292 919 diabolus,
3342 854 3397 905 et
3442 850 3647 918 Judas,
3681 855 3737 905 et
3766 851 3948 905 haere-

2294 940 2417 1005 tici,
2464 945 2521 994 et
2552 956 2757 995 omnes
2806 940 3065 1012 superbi.
3100 940 3334 1005 Quoties
3368 943 3518 994 Deus
3557 938 3695 993 facit
3716 939 3945 1011 justam

2296 1028 2636 1094 vindictam,
2668 1029 3108 1100 reprehendunt
3136 1027 3325 1096 illum,
3359 1044 3493 1083 cum
3531 1026 3695 1099 eligit
3724 1045 3944 1100 paupe-

2297 1132 2412 1182 res,
2461 1122 2518 1171 et
2557 1119 2831 1189 reprobat
2874 1121 3157 1189 potentes,
3208 1133 3340 1171 cum
3390 1115 3553 1187 eligit
3601 1117 3941 1187 piscatores,

2298 1206 2450 1260 sicut
2499 1206 2753 1273 Petrum,
2786 1210 2841 1260 et
2891 1204 3125 1276 reliquit
3166 1204 3410 1260 nobiles.
3449 1207 3559 1259 Hoc
3602 1221 3940 1277 perversum

2297 1292 2530 1347 videtur
2557 1310 2685 1349 esse
2715 1294 2868 1364 apud
2902 1310 3221 1366 perversos,
3268 1299 3333 1348 ut
3363 1293 3647 1365 propheta
3678 1293 3793 1348 ait:
3830 1295 3941 1351 Viae

2297 1384 2515 1437 Domini
2535 1387 2699 1439 rectae
2723 1383 3109 1454 (Osee,x1v,10)
3131 1400 3143 1436 :
3168 1383 3268 1438 sed
3291 1383 3393 1436 vise
3417 1386 3618 1437 vestrae
3638 1398 3937 1453 perversae.

2369 1495 2397 1521 ‹‹
2440 1471 2723 1535 Quoniam
2745 1478 2807 1527 tu
2833 1471 3117 1543 populum
3145 1470 3428 1527 humilem
3452 1470 3686 1547 salvum
3705 1471 3933 1539 facies,»

2299 1559 2453 1630 quod
2503 1562 2776 1632 superius
2823 1560 3099 1615 diximus.
3148 1583 3175 1610 ‹‹
3211 1561 3281 1615 Et
3321 1559 3520 1616 oculos
3554 1562 3939 1631 superborum

2298 1647 2659 1704 humiliabis.
2694 1672 2721 1699 ‹‹
2759 1650 3043 1714 Quoniam
3097 1652 3159 1703 tu
3192 1648 3473 1720 populum
3507 1647 3791 1704 humilem
3824 1649 3937 1705 sal-

2295 1753 2432 1792 vum
2456 1738 3057 1809 facies,pcenitentiam
3080 1743 3373 1810 agentem,
3392 1761 3419 1787 «
3440 1741 3496 1793 et
3517 1737 3713 1793 oculos
3736 1754 3940 1810 super-

2297 1826 2505 1881 borum
2554 1826 2931 1895 humiliabis;
2969 1849 2996 1876 »
3047 1828 3204 1899 quia,
3258 1827 3393 1882 elati
3426 1827 3717 1899 superbia,
3761 1827 3943 1900 poeni-

2296 1915 2541 1971 tentiam
2573 1932 2743 1988 agere
2776 1917 3189 1988 dedignantur.

2365 2027 2393 2054 ‹‹
2437 2007 2721 2070 Quoniam
2754 2010 2816 2061 tu
2848 2005 3151 2061 illuminas
3182 2005 3479 2061 lucernam
3513 2022 3759 2062 meam.»
3794 2007 3940 2071 Quid

2294 2096 2382 2148 est
2412 2092 2669 2163 lucerna,
2729 2094 2842 2150 nisi
2891 2094 3222 2150 intellectus
3267 2094 3526 2150 animae?
3577 2096 3739 2151 Sicut
3789 2095 3940 2151 oculi

2292 2184 2573 2254 corporis,
2624 2183 2673 2239 si
2721 2184 2792 2240 de
2838 2184 3075 2239 lucerna
3131 2184 3398 2240 exteriori
3440 2201 3558 2240 non
3598 2184 3818 2240 habent
3847 2184 3938 2239 lu-

2293 2287 2449 2343 men,
2501 2273 2561 2327 in
2609 2273 2868 2329 tenebris
2902 2290 3017 2329 non
3068 2274 3309 2329 vident:
3360 2273 3442 2329 ita
3510 2278 3565 2329 et
3612 2273 3940 2329 intellectus

2294 2360 2526 2431 animae,
2551 2361 2663 2417 nisi
2684 2360 3050 2417 illuminetur
3073 2362 3144 2417 ab
3168 2361 3372 2432 altero,
3396 2362 3505 2417 hoc
3525 2367 3613 2417 est
3634 2378 3667 2417 a
3686 2362 3937 2436 Christo,

2294 2465 2409 2504 non
2441 2449 2630 2504 videt:
2671 2450 2824 2505 sicut
2866 2450 2924 2504 in
2982 2449 3293 2523 Evangelio
3351 2449 3528 2505 dicit:
3590 2450 3719 2505 Erat
3752 2449 3939 2507 lumen
3988 2471 3995 2477 '

2294 2554 2504 2610 verum,
2535 2539 2676 2609 quod
2706 2541 2988 2595 illuminat
3009 2556 3223 2595 omnem
3244 2540 3526 2594 hominem
3548 2542 3850 2596 venientem
3879 2543 3940 2596 in

2295 2628 2440 2682 hunc
2480 2628 2749 2683 mundum
2784 2630 2967 2701 (Joan.
3020 2646 3059 2695 ι,
3090 2630 3166 2692 9).
3222 2650 3251 2679 ‹‹
3282 2629 3526 2684 Domine
3558 2634 3709 2684 Deus
3750 2647 3936 2699 meus,

2293 2715 2565 2772 illumina
2609 2721 2883 2773 tonebras
2935 2734 3114 2785 meas,
3166 2741 3186 2766 ι
3242 2717 3352 2771 hoc
3410 2720 3502 2772 est
3547 2717 3937 2789 ignorantiam

2292 2805 2500 2860 cordis.
2529 2805 2691 2861 Unde
2720 2806 3006 2878 scriptum
3039 2807 3158 2862 est:
3192 2806 3254 2861 Si
3275 2804 3465 2861 tamen
3494 2808 3632 2877 quod
3665 2808 3727 2861 in
3759 2810 3809 2862 te
3838 2810 3934 2875 est,

2291 2894 2527 2948 tenebra:
2572 2897 2720 2963 sunt,
2771 2895 2903 2967 ipsae
2951 2898 3191 2952 tenebrae
3237 2904 3453 2966 quanta?
3505 2904 3671 2950 erant
3727 2896 3935 2967 (Matth.

2291 2999 2368 3048 v1,
2400 2983 2529 3055 23)!
2563 3004 2591 3033 »
2625 2984 2695 3038 Et
2739 2984 3053 3056 Apostolus
3102 2985 3209 3039 ait:
3263 2986 3466 3039 Fuisti:
3508 2984 3813 3056 aliquando
3862 2990 3939 3041 te-

2289 3072 2494 3137 nebrw,
2525 3089 2673 3127 nunc
2690 3076 2875 3129 autem
2906 3074 3005 3129 tua:
3035 3077 3094 3129 in
3125 3075 3355 3129 Domino
3387 3074 3600 3144 (Ephes.
3631 3091 3688 3141 v,
3718 3075 3793 3146 8).

2362 3184 2389 3210 «
2424 3161 2706 3226 Quoniam
2739 3163 2799 3216 in
2848 3167 2905 3217 te
2935 3163 3150 3234 eripiar
3181 3177 3213 3216 a
3242 3161 3581 3217 tentatione.
3617 3184 3645 3212 ››
3682 3165 3803 3217 Vox
3834 3162 3937 3217 Ec-

2292 3248 2499 3305 clesiae.
2530 3251 2651 3305 Nisi
2684 3268 2718 3306 a
2745 3251 2862 3307 Deo
2893 3252 3125 3324 eripiar,
3150 3268 3252 3323 per
3273 3266 3366 3306 me
3396 3268 3769 3323 nequaquam
3806 3269 3935 3324 pos-

2325 3356 2446 3394 um.
2487 3363 2507 3388 ιι
2561 3339 2631 3394 Et
2656 3339 2714 3394 in
2750 3344 2861 3395 Deo
2900 3341 3299 3413 transgrediar
3341 3356 3600 3395 murum.
3646 3362 3675 3389 »
3705 3344 3934 3396 Murum

2288 3428 2431 3482 dicit
2479 3428 2735 3484 Ecclesia
2781 3435 3017 3501 peccata
3061 3434 3295 3483 nostra:
3347 3445 3522 3499 quem
3557 3429 3934 3495 aediﬁcamus,

2290 3518 2545 3589 peccatis
2577 3523 2814 3589 peccata
2843 3520 3135 3589 augendo.
3179 3517 3301 3571 Nisi
3335 3534 3369 3571 a
3399 3517 3513 3572 Deo
3557 3518 3940 3573 destruantur

2287 3605 2389 3661 illa
2409 3612 2785 3678 peccata,non
2806 3622 3125 3677 possumus
3145 3621 3249 3677 per
3264 3622 3370 3660 nos
3392 3605 3640 3660 transire
3661 3606 3733 3660 ad
3758 3611 3937 3663 Deum

2368 3720 2387 3744 ιι
2422 3695 2577 3751 Deus
2605 3711 2790 3761 meus,
2820 3693 3133 3766 impolluta
3152 3692 3243 3747 via
3265 3694 3412 3762 ejus.
3442 3692 3756 3763 Impolluta
3786 3694 3934 3757 via,»

2289 3784 2399 3839 hoc
2446 3789 2552 3850 est,
2605 3782 2927 3838 incarnatio
2969 3783 3127 3850 ejus:
3178 3780 3316 3850 quia
3368 3795 3480 3833 non
3531 3782 3618 3834 est
3668 3795 3735 3834 ex
3783 3778 3935 3833 virili

2291 3872 2536 3939 semine,
2570 3872 2671 3926 sed
2697 3871 2765 3925 de
2798 3868 3018 3939 Spiritu
3052 3871 3253 3922 sancto
3287 3871 3628 3939 conceptus.
3662 3867 3729 3921 Et
3754 3866 3942 3922 aliter:

2292 3959 2461 4014 Fides
2493 3958 2745 4031 perfecta
2776 3955 3068 4023 Ecclesiae,
3100 3952 3412 4026 impolluta
3444 3954 3536 4010 via
3567 3956 3696 4025 ejus
3731 3956 3951 4011 dicitur

2292 4063 2394 4120 per
2442 4062 2618 4118 quam
2670 4046 2825 4100 Deus
2875 4045 3032 4099 venit
3079 4044 3151 4100 ad
3200 4060 3327 4098 nos.
3370 4067 3389 4093 α
3428 4043 3671 4116 Eloquia
3711 4045 3944 4100 Domini

2291 4136 2425 4208 igne
2453 4134 2798 4189 examinata.
2835 4132 3078 4204 Eloquia
3110 4133 3363 4203 Domini,
3401 4156 3428 4183 ››
3477 4151 3584 4189 sua
3644 4134 3939 4202 mandata,

2293 4224 2352 4277 in
2383 4222 2492 4277 hoc
2526 4226 2639 4277 Deo
2669 4227 2809 4278 sunt
2841 4221 3086 4294 placita:
3120 4239 3234 4277 non
3267 4223 3420 4294 quod
3461 4224 3589 4295 ipsa
3636 4224 3757 4278 sint
3803 4240 3932 4278 exa-

2293 4312 2516 4367 minata
2546 4312 2618 4366 ab
2645 4311 2799 4383 igne,
2832 4316 2933 4366 aut
2981 4312 3137 4383 quod
3169 4312 3419 4366 fuissent
3456 4311 3801 4382 inquinata;
3835 4312 3933 4367 sed

2294 4401 2394 4474 qui
2428 4400 2529 4455 illa
2560 4401 2864 4473 acceperit,
2901 4401 3119 4456 faciant
3140 4417 3274 4455 eum
3295 4405 3358 4454 ut
3387 4417 3597 4455 aurum
3631 4401 3942 4467 mundum,

2295 4490 2669 4564 puriﬁcatam
2721 4507 2823 4561 per
2872 4490 3087 4561 ignem.
3123 4513 3143 4539 ο
3194 4494 3491 4543 Protector
3539 4494 3630 4543 est
3680 4489 3944 4544 omnium

2296 4580 2657 4651 sperantium
2681 4579 2741 4633 in
2773 4596 2853 4634 se.
2887 4602 2914 4629 ››
2944 4578 3052 4643 Qui
3084 4579 3141 4632 in
3169 4594 3303 4632 eum
3330 4577 3594 4631 credunt.
3627 4578 3781 4633 Deus
3812 4577 3945 4633 illos

2216 4691 2263 4755 Ι)
2296 4668 2563 4741 protegit,
2598 4667 2698 4740 qui
2729 4673 2931 4722 sancto
2966 4666 3169 4722 timore
3201 4664 3371 4755 illum
3401 4666 3631 4755 timent.

2367 4782 2394 4807 ‹‹
2418 4757 2705 4821 Quoniam
2733 4757 2867 4827 quis
2893 4758 3041 4811 Deus
3073 4759 3284 4826 praeter
3312 4753 3659 4810 Dominum:
3683 4760 3784 4810 aut
3813 4756 3947 4827 quis

2295 4848 2448 4903 Deus
2481 4852 2686 4917 praeter
2714 4845 2894 4899 Deum
2918 4848 3184 4899 nostrum
3209 4843 3269 4896 ‘?»
3294 4842 3395 4897 Hic
3418 4842 3647 4898 trinitas
3672 4844 3946 4916 intelligi-

2292 4941 2408 4991 tur.
2442 4935 2655 4989 Praeter
2677 4933 3011 4997 Dominum,
3037 4933 3192 5003 quod
3221 4932 3385 5001 dixit,
3410 4931 3563 4987 Deus
3594 4933 3762 4988 Pater
3782 4932 3949 4988 intel-

2295 5024 2514 5095 ligitur.
2568 5026 2781 5077 Praeter
2830 5027 3006 5076 Deum
3059 5025 3367 5075 nostrum:
3421 5020 3639 5076 Filius:
3687 5028 3743 5076 et
3779 5021 3947 5077 tertia

2295 5128 2566 5185 persona,
2599 5111 2656 5165 id
2688 5116 2777 5165 est
2808 5110 3066 5181 Spiritus
3102 5114 3346 5164 sanctus
3376 5125 3389 5163 :
3441 5109 3539 5179 qui
3575 5110 3727 5165 Deus
3759 5110 3944 5178 Pater,

2253 5203 2451 5257 ’Deus
2481 5199 2680 5267 Filius,
2714 5200 2869 5254 Deus
2900 5199 3153 5269 Spiritus
3185 5204 3445 5265 sanctus,
3481 5215 3635 5253 unus
3661 5204 3748 5255 est
3768 5205 3943 5255 Deus.

2370 5313 2396 5339 ‹‹
2429 5290 2583 5345 Deus
2614 5288 2713 5360 qui
2746 5286 3044 5360 prmcinxit
3091 5304 3183 5342 me
3232 5288 3463 5342 virtute.
3509 5306 3536 5338 ιι
3584 5288 3688 5342 Per
3737 5288 3946 5343 simili-

2296 5379 2583 5445 tudinem,
2647 5378 2801 5432 sicut
2852 5376 3024 5431 homo
3067 5376 3368 5448 prmcingit
3415 5377 3764 5432 vestimenta
3817 5395 3945 5432 sua.

2297 5473 2364 5521 ut
2394 5483 2508 5522 non
2543 5470 2785 5521 noceant
2832 5465 3099 5536 pedibus,
3152 5466 3251 5536 qui
3286 5472 3425 5520 sunt
3456 5483 3699 5521 sensus:
3735 5471 3791 5521 et
3823 5462 3947 5521 mai

2298 5555 2497 5619 nibus,
2547 5573 2673 5627 qua:
2722 5560 2862 5611 sunt
2918 5571 3111 5624 opera.
3167 5558 3500 5611 l’rzrrinxit:
3554 5556 3661 5610 hoc
3717 5561 3823 5623 est,
3884 5563 3951 5611 ut

2299 5645 2656 5716 restringant
2717 5645 2888 5698 sinus
2947 5644 3306 5713 cupiditatis,
3356 5650 3421 5698 ut
3470 5661 3647 5715 supra
3695 5645 3833 5709 dixi,
3876 5662 3948 5700 ne

2297 5733 2695 5813 impedanitur
2751 5749 2851 5802 per
2910 5732 3263 5803 cupidatem.
3312 5732 3412 5788 Vel
3444 5732 3646 5788 aliter:
3681 5735 3819 5788 Deus
3848 5736 3950 5804 qui

2298 5824 2591 5892 prxcinxit
2644 5839 2730 5876 me
2777 5824 3019 5877 virtute:
3079 5823 3331 5893 Spiritus
3389 5827 3627 5878 sanctus
3685 5824 3782 5894 qui
3840 5839 3945 5878 nos
