4314 6580
323 458 437 520 921

1498 462 1994 527 BREVIARIUM
2038 462 2118 525 IN
2159 460 2547 526 PSALMOS.

3607 452 3726 522 922

323 595 513 646 armat
586 592 866 647 adversus
938 595 1250 663 potestates
1321 593 1576 666 iniquas,
1647 598 1970 652 secundum
2001 598 2053 665 Α
2086 596 2237 653 sicut
2257 598 2384 667 jam
2417 597 2633 651 factum
2663 599 2925 667 tempore
2966 594 3219 666 legimus
3248 592 3384 649 Titi.
3417 616 3447 644 «
3476 593 3592 649 Nec
3623 612 3729 667 po-

322 678 710 750 Apdstolum:
786 680 1005 736 Induite
1060 697 1149 736 vos
1222 699 1378 737 arma
1436 685 1549 749 Dei,
1617 694 1667 740 et
1717 686 1971 754 gladium

324 767 562 838 Spiritus
589 771 783 833 sancti,
818 774 880 823 ut
926 770 1146 839 possitis
1194 773 1441 826 resistere
1485 773 1698 829 diabolo
1728 775 1966 846 (Ephes.,

318 873 395 924 v1,
430 858 455 910 1
511 858 621 925 13).
672 856 1070 913 Conticescant
1116 876 1272 915 nunc
1320 861 1574 916 haeretici
1622 863 1969 934 aspicientes

319 943 414 998 hic
458 943 800 999 Trinitatem
851 963 1205 1019 expressam,
1262 952 1319 1004 et
1368 955 1719 1021 cognoscant
1757 952 1966 1006 Filium

319 1048 491 1103 quem
519 1032 804 1088 minorem
855 1035 1023 1091 Patre
1069 1037 1293 1108 dicunt,
1334 1039 1592 1111 primum
1623 1057 1656 1095 a
1686 1042 1969 1112 propheta

318 1122 795 1192 praenuntiatum,
871 1141 986 1179 non
1059 1126 1229 1196 quasi
1306 1127 1582 1197 priorem,
1656 1129 1757 1184 sed
1819 1129 1965 1184 nihil

316 1209 669 1265 inferiorem.
707 1233 736 1262 «
759 1216 825 1265 Et
844 1213 1038 1284 posuit
1060 1214 1500 1271 immaculatam
1521 1216 1672 1273 viam
1698 1234 1910 1274 meam.
1936 1240 1963 1268 »

311 1297 429 1354 Hoc
458 1304 547 1355 est
574 1300 747 1355 fidem
780 1318 994 1372 meam,
1026 1319 1098 1358 ne
1128 1304 1198 1358 ab
1230 1320 1298 1359 ea
1324 1304 1590 1361 violarer.

390 1409 412 1436 α
447 1388 555 1453 Qui
581 1390 820 1459 perfecit
850 1392 1028 1461 pedes
1059 1409 1219 1447 meos
1264 1398 1544 1465 tanquam
1577 1411 1899 1450 cervorum.
1931 1417 1958 1448 υ

313 1478 474 1533 Sicut
503 1479 653 1533 cervi
697 1479 922 1534 calcant
970 1481 1218 1552 pedibus
1267 1483 1487 1555 spinas,
1533 1488 1588 1538 et
1626 1485 1967 1540 transiliunt

314 1583 503 1638 usque
546 1568 617 1623 ad
659 1568 866 1638 Deum,
914 1569 1025 1624 hoc
1074 1575 1183 1639 est,
1236 1588 1424 1643 usque
1474 1573 1545 1627 ad
1594 1572 1963 1628 altitudinem

310 1655 523 1711 silvas:
558 1656 638 1711 ita
679 1658 865 1712 sancti
909 1658 1138 1713 calcant
1188 1660 1409 1731 spinas,
1461 1662 1518 1716 id
1563 1666 1652 1717 est
1690 1666 1960 1733 peccata;

309 1745 653 1800 transiliunt
681 1745 878 1813 silvas,
911 1746 969 1801 id
1009 1752 1099 1802 est
1146 1748 1549 1805 infidelitatem
1577 1769 1590 1805 :
1625 1754 1681 1806 et
1710 1751 1965 1806 subeunt

311 1850 499 1904 usque
558 1835 627 1889 ad
690 1835 894 1901 Deum,
928 1835 1038 1891 hoc
1076 1841 1186 1901 est,
1219 1853 1405 1908 usque
1464 1839 1535 1892 ad
1595 1838 1961 1894 altitudinem

307 1924 626 1980 charitatis.
662 1947 690 1976 «
724 1924 832 1991 Qui
864 1926 1104 1997 perfecit
1134 1928 1310 1998 pedes
1342 1944 1502 1983 meos
1529 1932 1811 1999 tanquam
1844 1946 1961 1984 cer—
1992 1964 2041 2031 B

304 2029 532 2084 vorum,
586 2036 614 2063 »
664 2014 735 2068 ad
794 2014 1178 2070 transilienda
1235 2015 1430 2070 saeculi
1492 2016 1671 2086 hujus
1716 2018 1959 2089 impedi-

305 2106 523 2156 menta.
557 2123 585 2152 «
632 2104 702 2157 Et
749 2119 926 2175 super
971 2104 1197 2160 excelsa
1244 2105 1448 2160 statuit
1495 2122 1606 2161 me.
1645 2128 1672 2155 ››
1704 2107 1960 2177 Excelsa,

309 2195 515 2245 sancta
545 2191 798 2246 Ecclesia
843 2195 968 2248 est:
1019 2197 1076 2247 et
1116 2192 1382 2249 Christus
1423 2211 1598 2266 super
1626 2195 1869 2265 excelsa,
1904 2200 1962 2251 et

309 2278 536 2335 excelsa
560 2295 738 2351 super
764 2282 1027 2336 excelsa:
1062 2282 1121 2336 id
1154 2286 1263 2347 est,
1291 2299 1468 2354 super
1492 2283 1744 2339 sublime
1773 2285 1963 2340 Eccle-

200 2440 213 2447 λ
305 2367 426 2433 size,
462 2391 490 2418 ‹‹
521 2369 706 2440 Super
734 2372 960 2425 excelsa
1005 2369 1213 2426 statuit
1261 2388 1376 2441 me,
1410 2393 1439 2421 »
1480 2388 1645 2444 spem
1676 2390 1867 2429 meam
1900 2374 1960 2429 in

307 2455 638 2512 coelestibus
669 2458 988 2513 collocavit.

381 2566 407 2593 «
441 2544 547 2607 Qui
580 2546 747 2601 docet
790 2564 1003 2601 manus
1052 2563 1212 2602 meas
1262 2549 1333 2603 ad
1383 2547 1671 2620 praelium.
1715 2570 1742 2599 »
1775 2551 1962 2621 Opera

310 2648 441 2688 mea
472 2634 749 2689 adversus
794 2634 1092 2689 diabolum
1125 2636 1568 2693 destructorem.
1591 2661 1619 2687 «
1660 2638 1764 2702 Qui
1796 2639 1964 2694 docet

305 2738 517 2777 manus
574 2724 645 2776 ad
707 2724 993 2794 praelium,
1056 2746 1083 2774 n
1148 2724 1220 2779 ad
1282 2725 1627 2780 debellanda
1682 2727 1957 2783 facinora.

310 2831 339 2860 «
370 2810 439 2865 Et
468 2811 671 2882 posuit
701 2817 765 2865 ut
795 2829 995 2867 arcum
1028 2829 1245 2868 aereum
1292 2814 1529 2868 brachia
1562 2830 1709 2869 mea.
1743 2820 1959 2870 Arcum

305 2915 557 2967 aereum;
588 2921 617 2949 ››
654 2899 711 2954 id
754 2905 841 2955 est
890 2901 1159 2968 intentio,
1208 2903 1456 2969 brachia,
1506 2904 1819 2958 fortitudo:
1854 2903 1961 2959 hoc

307 2991 415 3056 est,
448 2992 512 3041 ut
542 3005 657 3043 non
690 2988 963 3043 deficiant
986 2990 1131 3044 bene
1163 3006 1350 3061 agere.

381 3095 408 3127 α
437 3075 657 3131 Dedisti
697 3077 839 3132 mihi
892 3079 1307 3149 protectionem
1359 3080 1568 3135 salutis
1612 3085 1744 3151 tuae,
1774 3101 1800 3133 ι)
1838 3080 1961 3136 Vox

303 3164 569 3220 Ecclesiize
601 3166 671 3220 ad
705 3165 1022 3221 Christum.
1075 3167 1283 3223 Salutis
1309 3184 1321 3223 :
1357 3169 1497 3240 quia
1528 3169 1651 3240 ipse
1682 3173 1770 3225 est
1798 3169 1960 3225 salus

302 3259 522 3321 nostra,
556 3259 619 3309 ut
647 3255 827 3310 dicit:
869 3254 1093 3310 Domini
1127 3261 1214 3311 est
1263 3256 1444 3327 salus,
1499 3279 1527 3306 »
1558 3258 1780 3313 Dedisti
1813 3259 1957 3314 mihi

2080 688 2278 740 terunt
2335 690 2511 751 stare,
2566 706 2593 734 ››
2674 685 2813 756 quia
2884 684 3068 755 iniqui
3131 687 3188 738 et
3254 682 3491 754 superbi
3548 682 3725 739 erecti

2078 774 2327 831 fuerant.
2360 796 2389 824 «
2449 774 2669 829 Cadent
2731 774 2941 829 subtus
3017 771 3190 844 pedes
3248 787 3427 842 meos,
3488 772 3607 828 sive
3659 778 3724 829 ut

2078 864 2341 930 adorent,
2370 863 2492 918 sive
2519 868 2585 918 ut
2613 861 3045 918 conculcentur.

2149 972 2177 1001 «
2224 950 2530 1006 Praecinxit
2586 968 2679 1006 me
2731 951 2950 1006 virtute
3001 950 3073 1005 ad
3127 949 3366 1017 bellum,
3428 971 3457 999 »
3518 957 3722 1008 contra

2076 1044 2345 1107 mortem,
2377 1040 2495 1095 sive
2525 1040 2824 1095 ministros
2854 1039 3003 1110 ejus.
3038 1059 3066 1087 «
3099 1038 3451 1094 Praecinxisti
3482 1056 3575 1094 me
3604 1041 3720 1095 vir-

2076 1131 2218 1194 tute,
2275 1149 2303 1178 »
2356 1128 2414 1183 id
2465 1134 2553 1183 est
2601 1127 2961 1196 fortitudine,
3012 1132 3216 1182 contra
3262 1126 3582 1198 diabolum,
3627 1128 3719 1185 vel

2075 1219 2276 1270 contra
2306 1216 2420 1271 ista
2456 1216 2791 1287 supradicta
2836 1216 2993 1271 vitia.
3027 1237 3054 1265 α
3090 1214 3495 1287 Supplantasti
3525 1216 3719 1271 insur-

2074 1309 2272 1375 gentes
2304 1306 2363 1359 in
2395 1321 2487 1359 me
2533 1306 2738 1359 subtus
2788 1320 2901 1371 me,
2936 1327 2958 1353 ιο
3017 1303 3147 1359 illos
3196 1305 3297 1375 qui
3337 1321 3516 1376 super
3545 1309 3721 1377 caput

2074 1410 2269 1447 meum
2301 1393 2694 1465 erigebantur.

2147 1504 2175 1530 ‹‹
2234 1485 2301 1535 Et
2358 1482 2628 1537 inimicos
2684 1498 2846 1536 meos
2902 1481 3115 1536 dedisti
3174 1481 3319 1535 mihi
3377 1482 3638 1537 dorsum.
3686 1502 3716 1532 »

2073 1569 2398 1624 Noluerunt
2469 1571 2623 1624 enim
2699 1572 3033 1625 convertere
3117 1570 3322 1625 faciem
3395 1586 3565 1625 suam
3646 1571 3719 1626 ad

2074 1674 2182 1713 me.
2259 1680 2287 1708 «
2364 1660 2433 1713 Et
2507 1658 2880 1714 inimicorum
2954 1674 3217 1714 meorum
3292 1658 3504 1714 dedisti
3572 1659 3719 1713 mihi

2073 1747 2336 1802 dorsum.
2370 1769 2399 1797 »
2432 1747 2660 1803 Inimici
2690 1748 2805 1802 mei
2835 1748 3075 1804 dorsum
3122 1749 3284 1815 dant,
3319 1748 3552 1819 quando
3583 1765 3720 1803 con-

2072 1836 2330 1908 fugiunt,
2361 1841 2420 1891 et
2451 1839 2685 1908 quando
2720 1842 2851 1909 post
2891 1854 2985 1892 me
3025 1838 3265 1892 vadunt.
3299 1858 3326 1886 «
3358 1837 3428 1891 Et
3456 1837 3721 1893 odientes

2074 1941 2168 1979 me
2226 1926 2648 1996 disperdidisti.
2686 1948 2713 1975 »
2746 1927 2962 1981 Omnes
2993 1926 3263 1981 inimicos
3294 1925 3562 1981 Ecclesiae
3587 1944 3599 1981 :
3628 1926 3721 1981 vel

2070 2014 2199 2085 ipsa
2226 2014 2366 2068 vitia
2394 2019 2451 2070 et
2480 2020 2717 2087 peccata
2762 2014 3112 2087 disperdidit
3155 2015 3329 2071 Deus.
3363 2037 3392 2066 «
3422 2015 3493 2070 Et
3520 2015 3721 2073 odien-

2071 2107 2157 2158 tes
2190 2120 2281 2158 me
2320 2104 2741 2175 disperdidisti.
2781 2125 2802 2153 υ
2855 2104 3270 2177 Unusquisque
3311 2103 3469 2160 enim
3498 2104 3557 2159 in
3589 2121 3719 2161 ma-

2072 2191 2198 2246 litia
2226 2208 2335 2247 sua
2361 2192 2665 2265 dispersus
2695 2196 2802 2248 est.
3196 2235 3201 2239 ς

2147 2303 2168 2330 α
2204 2280 2632 2348 Clamaverunt,
2668 2297 2773 2336 nec
2799 2286 2924 2337 erat
2970 2281 3071 2354 qui
3102 2281 3293 2339 salvos
3339 2283 3553 2338 faceret
3579 2298 3717 2339 eos:

2070 2369 2142 2423 ad
2166 2370 2502 2438 Dominum,
2526 2387 2631 2425 nec
2645 2371 2940 2427 exaudivit
2954 2388 3073 2427 eos.
3101 2394 3129 2422 ››
3148 2371 3530 2444 Quiaindigni
3554 2376 3721 2427 erant

2069 2458 2434 2514 exauditione
2466 2460 2611 2529 ejus.
2640 2459 3011 2515 Clamabunt.
3053 2461 3161 2525 Qui
3192 2460 3576 2516 clamabunt?
3604 2460 3715 2515 im-

2070 2546 2148 2616 pii
2180 2547 2496 2618 daamones,
2519 2551 2575 2602 et
2602 2548 2788 2603 Judaei
2817 2553 2874 2602 et
2893 2548 3148 2603 haeretici
3170 2548 3510 2605 clamabunt
3538 2549 3598 2604 in
3628 2551 3717 2604 fu-

2068 2638 2199 2689 turo
2222 2635 2483 2705 judicio:
2518 2657 2547 2685 ‹‹
2592 2636 2707 2690 Nec
2755 2637 2862 2690 erit
2913 2636 3015 2706 qui
3059 2636 3251 2691 salvos
3296 2637 3469 2692 faciat
3504 2653 3643 2707 eos;
3674 2656 3703 2689 η

2070 2723 2209 2793 quia
2237 2725 2471 2794 quando
2501 2723 2778 2779 clamavit
2802 2725 2957 2780 Deus
2988 2724 3059 2779 ad
3092 2723 3223 2779 illos
3244 2741 3348 2795 per
3376 2724 3711 2797 prophetas,

2068 2812 2154 2866 vel
2211 2829 2313 2883 per
2370 2813 2624 2884 reliquas
2689 2814 3041 2884 Scripturas,
3111 2813 3313 2870 audire
3360 2813 3708 2869 noluerunt:

2070 2904 2374 2971 propterea
2401 2901 2486 2955 illi
2533 2900 2887 2969 clamabunt,
2921 2906 2978 2957 et
3024 2919 3140 2957 non
3180 2902 3289 2957 erit
3319 2903 3418 2973 qui
3449 2902 3721 2958 exaudiat

2071 3005 2192 3055 eos,
2226 2995 2290 3043 ut
2319 2988 2590 3045 Salomon
2641 2991 2760 3045 ait:
2821 2993 3031 3058 Vocavi,
3076 2995 3129 3045 et
3163 2993 3469 3046 renuistis:
3500 2991 3723 3046 extendi

2066 3094 2299 3131 manum
2326 3095 2522 3145 meam,
2557 3082 2608 3133 et
2636 3095 2746 3134 non
2773 3082 2885 3149 fuit
2913 3081 3009 3150 qui
3035 3082 3298 3151 aspiceret
3321 3080 3502 3152 (Prov.
3536 3098 3575 3147 ι,
3602 3081 3716 3152 24).

2068 3167 2429 3237 Despexistis
2461 3184 2632 3222 omne
2671 3168 2983 3223 consilium
3034 3185 3254 3234 meum,
3284 3172 3341 3226 et
3370 3168 3716 3239 increpatio-

2068 3273 2173 3310 nes
2204 3272 2364 3311 meas
2404 3256 2759 3329 neglexistis.
2808 3260 3102 3328 Propterea
3145 3260 3196 3311 et
3236 3274 3336 3326 ego
3384 3260 3441 3313 in
3490 3260 3719 3314 interitu

304 3343 721 3414 protectionem
770 3342 978 3399 salutis
1026 3349 1181 3411 tum;
1234 3361 1307 3400 ne
1359 3345 1657 3417 Opprimar
1683 3364 1718 3401 a
1760 3347 1953 3402 malis.
1988 3329 2030 3394 Ο
2069 3352 2240 3399 vestro
2280 3344 2485 3410 ridebo,
2534 3362 2663 3400 cum
2714 3345 2860 3401 vobis
2911 3346 3051 3417 quod
3096 3346 3370 3402 timebatis
3399 3362 3717 3416 supervene-

304 3454 332 3482 ‹‹
366 3436 433 3486 Et
486 3433 720 3488 dextera
770 3437 873 3488 tua
931 3433 1189 3504 suscepit
1246 3450 1359 3489 me.
1392 3454 1419 3485 η
1488 3434 1727 3489 Dextera
1769 3436 1956 3490 Patris

303 3521 573 3577 Christus
603 3526 710 3577 est.
747 3544 776 3571 «
824 3522 1094 3593 Suscepit
1145 3538 1258 3589 me,
1297 3544 1326 3570 »
1371 3522 1689 3578 Ecclesiam
1733 3541 1835 3594 per
1862 3524 1957 3579 in-

304 3610 723 3667 carnationem.
747 3634 767 3660 α
796 3611 1108 3683 Disciplina
1127 3617 1226 3667 tua
1249 3612 1497 3667 correxit
1517 3629 1609 3667 me
1625 3612 1685 3667 in
1705 3613 1905 3668 ﬁnem.
1927 3635 1955 3662 »

303 3701 484 3765 Quem
516 3701 671 3756 enim
720 3699 911 3773 diligit
940 3701 1245 3768 Dominus,
1273 3701 1507 3771 corripit
1538 3702 1715 3773 (Hebr.
1748 3720 1851 3769 x11,
1877 3704 1952 3774 6).

302 3789 597 3862 Erigimur
643 3805 779 3861 ergo
832 3790 930 3861 qui
962 3790 1125 3861 prius
1177 3806 1607 3859 corrueramus,
1657 3808 1791 3845 cum
1824 3791 1955 3847 caesi

302 3897 335 3934 a
391 3878 639 3934 Domino
697 3878 1002 3933 fuerimus.
1076 3880 1145 3933 Et
1199 3879 1467 3933 doctrina
1516 3884 1617 3933 tua
1677 3880 1803 3950 ipsa
1863 3897 1956 3935 me

301 3968 552 4023 docebit.
589 3989 617 4016 ››
667 3968 914 4022 Necesse
962 3973 1052 4022 est
1099 3966 1241 4021 dum
1291 3983 1499 4022 sumus
1548 3967 1661 4035 hic,
1705 3969 1815 4023 sub
1849 3968 1955 4023 do-

301 4057 490 4111 ctrina
540 4073 684 4111 esse.
743 4055 903 4110 Unde
950 4055 1167 4110 Paulus
1216 4056 1331 4110 ait:
1384 4058 1579 4113 Omnis
1619 4056 1829 4126 inquit,
1860 4057 1955 4113 do-

298 4148 480 4201 ctrina
510 4147 571 4200 in
595 4147 857 4217 praesenti
902 4161 1012 4200 non
1057 4144 1272 4199 videtur
1313 4161 1427 4200 esse
1473 4145 1666 4214 gaudii
1700 4146 1791 4199 sed
1822 4163 1951 4199 ma:-

274 4236 442 4291 ‘roris
486 4234 577 4290 sed
617 4243 804 4306 postea
850 4237 912 4289 in
959 4235 1211 4303 futurum
1252 4234 1439 4289 reddit
1484 4237 1729 4305 fructum
1764 4235 1951 4305 pluri-

297 4341 452 4379 mum
480 4325 686 4395 (Hebr.,
716 4341 817 4378 x11.
854 4324 960 4393 11).

370 4436 399 4464 ‹‹
432 4413 700 4469 Dilatasti
744 4429 983 4484 gressus
1048 4426 1209 4466 meos
1256 4411 1465 4466 subtus
1516 4428 1630 4466 me.
1667 4435 1688 4463 ι
1734 4412 1953 4467 Sensus

298 4502 603 4559 Ecclesiae:
640 4503 751 4557 sub
782 4518 893 4567 me,
928 4502 1037 4556 sub
1086 4504 1370 4572 potestate
1415 4500 1704 4555 Ecclesize.
1739 4522 1767 4551 ‹‹
1798 4501 1952 4557 Dila-

298 4593 437 4649 tasti
481 4609 719 4664 gressus
770 4607 930 4646 meos
979 4589 1188 4644 subtus
1248 4605 1361 4659 me,
1398 4611 1426 4638 »
1472 4589 1529 4642 in
1566 4588 1954 4661 amplitudine

2065 3436 2161 3489 rit.
2204 3434 2581 3502 Subsarmabo,
2628 3450 2752 3488 cum
2800 3435 3029 3489 irruerit
3072 3449 3235 3504 super
3282 3450 3371 3488 vos
3426 3436 3718 3505 repentina

2065 3524 2375 3578 calamitas.
2429 3524 2570 3577 Tunc
2617 3523 2939 3578 in-vocabitis
2996 3538 3101 3587 me,
3151 3529 3200 3577 et
3256 3539 3365 3576 non
3419 3522 3717 3577 exaudiam

2067 3611 2225 3681 (Ibid.
2258 3612 2473 3682 26-29).

2141 3724 2169 3749 ‹‹
2203 3702 2272 3755 Et
2302 3700 2697 3755 comminuam
2732 3699 2884 3769 illos,
2917 3705 2983 3756 ut
3012 3699 3305 3773 pulverem
3345 3704 3481 3756 ante
3509 3700 3717 3756 faciem

2064 3790 2239 3844 venti.
2276 3812 2303 3838 »
2335 3812 2362 3839 ‹‹
2413 3790 2821 3845 Comminuam
2852 3789 3005 3860 illos,
3057 3811 3086 3840 »
3120 3790 3177 3844 id
3210 3794 3317 3857 est,
3349 3789 3482 3845 illos
3513 3806 3745 3861 supra--

2067 3879 2252 3935 dictos
2283 3878 2526 3934 affectus
2575 3880 2838 3934 carnales
2888 3896 2990 3951 pro
3038 3878 3222 3934 nihilo
3253 3878 3558 3933 deducam.
3594 3901 3621 3928 «
3656 3879 3721 3933 Et

2066 3968 2464 4024 comminuam
2494 3967 2647 4034 illos,
2674 3974 2736 4022 ut
2757 3968 3053 4039 pulverem
3085 3972 3218 4022 ante
3238 3968 3447 4022 faciem
3468 3967 3621 4021 venti
3649 3992 3664 4034 ς
3688 3988 3716 4017 ››

2065 4057 2205 4129 quia
2233 4056 2379 4111 aridi
2409 4061 2465 4112 et
2494 4056 2618 4110 sine
2642 4057 2828 4110 imbre
2879 4054 3288 4110 misericordias
3318 4054 3556 4109 fuerunt
3582 4071 3716 4125 pro-

2056 4144 2218 4215 jecti,
2254 4149 2311 4199 et
2340 4144 2687 4199 comminuti
2719 4149 2859 4199 sunt
2888 4144 2944 4198 in
2994 4143 3267 4215 superbia
3298 4160 3425 4213 sua,
3458 4148 3515 4197 et
3545 4143 3714 4213 quasi

2064 4232 2258 4305 pulvis
2288 4233 2475 4305 campi
2502 4233 2769 4305 dispersi.
2798 4255 2824 4283 (ι
2851 4231 3129 4287 Utlutum
3153 4231 3479 4303 platearum
3511 4231 3714 4287 delebo

2065 4340 2184 4393 eos,
2220 4344 2248 4371 »
2279 4322 2338 4377 in
2372 4322 2612 4377 modum
2646 4321 2869 4377 turbidi
2900 4320 3025 4376 luti.

2142 4434 2161 4459 α
2199 4411 2368 4482 Eripe
2400 4428 2491 4466 me
2522 4412 2593 4466 de
2641 4410 3199 4467 contradictionibus
3247 4408 3466 4481 populi,
3499 4410 3718 4465 consti-
3769 4442 3777 4457 ι

2063 4506 2193 4555 tues
2227 4517 2318 4555 me
2370 4500 2430 4553 in
2473 4505 2649 4571 caput
2696 4500 2982 4571 gentium.
3028 4521 3056 4548 »
3108 4498 3231 4553 Vox
3260 4498 3471 4554 Christi
3506 4500 3577 4554 ad
3610 4499 3715 4554 Pa-

2062 4594 2253 4643 trem:
2313 4588 2536 4660 Eripies
2596 4605 2690 4643 me
2746 4589 2817 4643 de
2893 4587 3459 4663 contradictionibus
3517 4586 3718 4660 pepuli

300 4682 606 4738 charitatis
653 4686 786 4735 tuze.
828 4703 848 4730 α
896 4680 966 4734 Et
1014 4696 1131 4734 non
1180 4683 1320 4733 sunt
1368 4678 1666 4732 inﬁrmata
1710 4678 1956 4750 vestigia
1984 4693 2031 4756 D
2062 4676 2314 4746 Judaici,
2349 4676 2589 4748 utique:
2640 4676 2778 4748 quia
2825 4694 2959 4731 cum
3011 4676 3191 4747 aliqui
3233 4676 3511 4745 dicerent,
3547 4677 3722 4733 Verax

298 4788 515 4828 mea.»
567 4769 839 4842 Vestigia,
873 4767 1137 4837 exemplo
1184 4766 1473 4832 Ecclesiae,
1525 4784 1640 4822 non
1689 4771 1827 4822 sunt
1856 4766 1945 4822 in-

296 4862 592 4916 ﬁrmataa
639 4858 1112 4914 successoribus:
1166 4857 1305 4929 quia
1354 4856 1625 4917 impressi
1656 4856 1954 4928 sequenti-

299 4951 412 5006 bus
444 4968 554 5006 me.
584 4948 730 5003 Hinc
760 4965 866 5003 vox
894 4945 1108 5001 Christi
1144 4951 1274 5017 post
1304 4947 1809 5001 resurrectionem.

373 5061 401 5088 ‹‹
433 5040 757 5110 Persequar
806 5035 1075 5091 inimicos
1124 5052 1305 5101 meos,
1357 5039 1414 5089 et
1460 5035 1951 5106 comprehendam

298 5128 449 5184 illos.
486 5150 513 5177 ››
543 5127 777 5182 ὖυᾱωοε
810 5124 1033 5196 utique,
1087 5124 1186 5195 qui
1220 5123 1267 5176 ei
1301 5123 1520 5195 injuste
1562 5124 1783 5178 inimici
1814 5128 1954 5179 sunt

296 5218 456 5273 facti.
515 5215 617 5270 Vel
678 5214 884 5270 aliter:
965 5216 1282 5285 Persequar
1349 5212 1615 5267 inimicos
1676 5228 1857 5280 meos,
1923 5234 1950 5262 »

297 5307 542 5363 affectus
572 5304 853 5360 carnales.
883 5328 903 5355 »
941 5304 1011 5358 Et
1058 5302 1546 5373 comprehendam
1596 5300 1747 5368 illos,
1782 5321 1807 5351 η
1847 5318 1947 5355 an-

295 5399 534 5466 tequam
565 5410 670 5465 ego
702 5391 1162 5462 comprehendar
1212 5392 1283 5445 ab
1316 5389 1452 5444 illis.
1512 5413 1531 5438 σι
1570 5391 1637 5444 Et
1668 5406 1782 5445 non
1812 5405 1948 5443 con-

296 5488 492 5539 vertar
554 5483 736 5537 donec
805 5480 1096 5544 deficiant,
1160 5501 1189 5530 »
1261 5484 1368 5533 etc.
1448 5478 1571 5533 Non
1649 5482 1952 5533 convertar

296 5588 559 5645 pugnare
618 5574 818 5626 contra
873 5567 1044 5623 illos:
1078 5567 1165 5621 vel
1211 5585 1326 5623 non
1384 5572 1684 5623 convertar
1739 5569 1808 5621 ab
1843 5568 1949 5622 hac

297 5661 621 5717 intentione
669 5659 850 5714 donec
899 5655 1192 5721 deficiant,
1242 5656 1360 5711 sive
1394 5674 1427 5712 a
1477 5656 1720 5725 malitia,
1770 5655 1887 5711 sive
1918 5672 1951 5710 a

298 5748 752 5822 cogitationibus
777 5746 985 5820 pravis.
1010 5744 1280 5815 Afﬂigam
1303 5744 1508 5801 illosin
1528 5746 1729 5801 multis
1752 5746 1950 5815 malis,

2061 4770 2177 4819 est:
2210 4764 2292 4819 illi
2344 4766 2630 4820 contrario
2683 4764 2973 4831 dicebant,
3025 4765 3182 4820 Non:
3220 4765 3313 4820 sed
3361 4765 3569 4820 seducit
3601 4770 3717 4820 tur-

2064 4855 2190 4909 bam
2219 4854 2396 4925 (Joan.
2428 4870 2527 4919 vn,
2562 4854 2671 4924 12).
2729 4855 2876 4908 Erue
2907 4870 3000 4908 me
3049 4855 3121 4908 de
3163 4853 3282 4909 illis
3321 4854 3556 4925 populis
3587 4853 3716 4908 infi-

2064 4942 2294 4997 delibus
2316 4943 2415 5013 qui
2441 4942 2585 4995 mihi
2608 4941 3034 4997 contradicunt.
3061 4943 3148 4997 Tu
3176 4959 3311 4997 erue
3340 4959 3375 4996 a
3394 4941 3610 4996 Judaeis
3634 4942 3718 4994 in-

2064 5030 2354 5101 ﬁdelibus,
2379 5036 2436 5085 et
2457 5046 2659 5085 eorum
2686 5035 2880 5102 caput,
2904 5031 2961 5086 id
2990 5036 3099 5099 est,
3121 5030 3383 5102 gentium
3407 5028 3709 5083 constitue.

2135 5119 2426 5191 «Populus
2457 5136 2631 5190 quem
2678 5136 2792 5174 non
2838 5119 3077 5192 cognovi
3127 5118 3358 5174 servivit
3389 5115 3553 5171 mihi.
3591 5138 3611 5164 η
3650 5116 3710 5170 Id

2062 5214 2167 5276 est,
2203 5213 2404 5281 gentes
2453 5226 2579 5281 quae
2630 5226 2721 5263 me
2773 5225 2888 5263 non
2937 5212 3328 5279 cognoverunt
3377 5222 3563 5275 neque
3611 5221 3714 5275 per

2065 5299 2259 5367 tidem,
2309 5315 2497 5369 neque
2548 5315 2648 5369 per
2696 5297 2905 5369 legem,
2959 5297 3208 5351 servient
3255 5292 3418 5347 mihi.
3454 5291 3709 5364 Populus

2062 5403 2237 5457 quem
2273 5404 2388 5442 non
2420 5386 2660 5459 cognovi
2706 5386 2913 5441 serviet
2961 5384 3126 5439 mihi.
3177 5381 3521 5454 Ignorabam
3550 5382 3708 5437 enim

2061 5493 2217 5542 eum,
2251 5492 2383 5530 cum
2413 5475 2587 5530 idolis
2617 5476 2892 5530 serviret:
2947 5489 3101 5527 nunc
3145 5470 3406 5537 credens,
3440 5470 3710 5542 cognitus

2060 5582 2125 5620 ac
2158 5566 2413 5620 serviens
2448 5565 2636 5620 factus
2666 5569 2755 5617 est
2786 5559 2949 5616 mihi.
2989 5584 3008 5608 ι
3045 5562 3106 5614 In
3154 5558 3355 5613 auditu
3387 5558 3547 5613 auris
3574 5561 3711 5616 obe-

2060 5653 2201 5709 divit
2233 5655 2398 5709 mihi.
2434 5675 2462 5702 »
2494 5653 2893 5708 Obaudierunt
2922 5646 3067 5702 mihi
3113 5647 3376 5715 auribus,
3421 5649 3562 5720 quia
3591 5668 3708 5706 non

2057 5744 2327 5798 viderunt
2356 5740 2670 5808 mirabilia,
2702 5755 2890 5809 neque
2942 5753 3134 5793 meam
3179 5739 3550 5808 praesentiam
3583 5757 3709 5795 cor-
