4314 6580
603 424 717 484 923

2092 420 2512 484 APPENDIX.

3883 423 4003 484 θαι

602 554 878 626 poralem.
900 557 1105 611 Postea
1126 556 1454 624 audierunt,
1478 561 1535 613 et
1555 559 1949 615 crediderant.
1975 556 2241 612 Imbnen-
2275 556 2328 620 Α
2357 556 2540 607 Deum
2587 553 2817 606 Patrem
2868 550 3165 622 loquitur;
3217 549 3358 622 quia
3403 550 3709 607 sanitatem
3756 552 3913 621 facit,
3947 543 4005 609 et

599 643 756 696 tibus
795 643 1274 714 praedicatoribus
1322 647 1542 718 accepit
1590 648 1847 704 Ecclesia
1893 663 2093 701 aurem
2126 644 2244 715 spi-

597 730 865 786 ritualem
891 748 903 785 :
929 749 1046 803 qua
1063 732 1390 806 intelligens
1412 737 1702 792 custodiat
1721 740 2005 809 praecepta
2026 733 2242 788 divina.

672 861 699 888 ι‹
730 838 857 892 Filii
889 837 1084 893 alieni.
1125 862 1145 887 ι
1183 840 1300 895 Hoc
1330 841 1483 896 idem
1516 847 1572 897 et
1593 844 1776 898 Isaias
1807 842 2100 912 loquitur:
2141 841 2247 894 Vae-

596 929 748 998 genti
792 927 1084 998 peccatrici
1129 928 1265 996 ﬁliis
1310 930 1519 985 alienis
1565 931 1766 1001 populo
1817 931 1979 1000 pleno
2015 930 2248 999 peccatis

600 1018 729 1087 (Isa.
763 1033 801 1085 1,
836 1017 909 1087 4).
944 1015 1198 1087 Antiquo
1230 1018 1529 1084 vocabulo,
1575 1018 1759 1074 Judaei
1789 1017 1889 1072 ﬁlii
1921 1017 2020 1072 Dei
2051 1013 2246 1087 appel-

600 1104 702 1160 lati
734 1109 908 1160 sunt:
934 1105 1033 1159 sed
1058 1102 1313 1171 alienati,
1346 1106 1483 1177 quia
1509 1106 1612 1161 ﬁlii
1636 1104 1847 1161 diaboli
1879 1104 2061 1160 ell‘ecti
2087 1105 2245 1158 sunt.

600 1194 669 1248 Et
698 1193 851 1247 idem
881 1193 1090 1259 Judaei,
1115 1209 1363 1264 quorum
1390 1198 1556 1265 pater
1577 1194 1845 1249 diabolus
1874 1197 1996 1249 est:
2033 1215 2059 1241 ‹‹
2096 1192 2250 1245 Men-

599 1281 688 1336 titi
716 1288 853 1336 sunt.
884 1281 1049 1350 mihi,
1077 1305 1096 1330 ι
1134 1283 1270 1353 quia
1291 1283 1348 1337 in
1382 1282 1620 1339 veritate
1642 1300 1754 1338 non
1788 1286 2078 1337 steterunt
2098 1281 2251 1335 sicut

598 1375 656 1426 et
682 1374 843 1442 pater
871 1386 1092 1424 eorum.
1139 1393 1166 1419 ‹‹
1220 1370 1345 1425 Filii
1391 1371 1563 1426 alieni
1612 1373 2047 1437 inveterarunt;
2083 1391 2110 1418 »
2142 1369 2250 1423 hoc

597 1462 706 1525 est,
739 1458 877 1530 quia
908 1458 1037 1513 novi
1087 1458 1343 1514 hominis
1394 1476 1506 1514 non
1540 1464 1881 1532 receperunt
1909 1460 2241 1524 adventum,

597 1548 657 1601 in
678 1548 854 1602 veteri
876 1547 1113 1602 homine
1134 1553 1603 1618 permanserunt.
1638 1572 1658 1596 ι
1687 1550 1754 1602 Et
1777 1547 2248 1603 claudicaverunt

595 1653 630 1691 a
655 1636 884 1691 semitis
906 1636 1052 1691 suis.
1089 1657 1115 1684 ››
1139 1635 1486 1691 Claudicant
1509 1653 1521 1689 :
1557 1637 1697 1707 quia
1721 1637 1951 1691 Patrem
1982 1635 2248 1700 credunt,

596 1729 655 1779 et
682 1724 894 1779 Filium
947 1739 1062 1779 non
1112 1724 1375 1779 credunt.
1430 1725 1619 1779 Unum
1670 1725 1877 1796 pedem
1924 1723 2161 1789 habent,
2195 1728 2253 1779 et

596 1812 778 1868 alium
811 1829 926 1867 non
957 1811 1213 1868 habent:
1246 1812 1383 1868 inde
1405 1812 1739 1868 claudicant
1765 1814 1826 1868 in
1857 1812 2002 1885 legis
2034 1811 2246 1869 littera.

597 1905 720 1956 Vox
750 1899 1040 1956 Ecclesiae.

670 2029 699 2055 «
729 2006 883 2061 Vivit
910 2007 1210 2063 Dominus.
1243 2029 1269 2061 ιι
1306 2011 1487 2075 Quem
1520 2010 1579 2065 in
1611 2010 1879 2082 sepulcro
1910 2011 2019 2066 sub
2050 2009 2244 2083 signa-

599 2094 864 2151 culorum
912 2096 1200 2167 positione
1255 2098 1601 2154 clauserant.
1655 2102 1717 2154 Et
1765 2100 2067 2155 benedictus
2104 2105 2249 2155 Deus

596 2200 746 2240 meus
794 2201 829 2239 a
875 2189 987 2240 Deo
1036 2189 1223 2242 Patre.
1297 2189 1432 2243 Vivit
1502 2191 1788 2259 Dominus,
1845 2193 1895 2243 et
1944 2189 2247 2245 benedictus

598 2274 857 2329 Dominus
889 2279 1036 2330 Deus
1062 2292 1238 2331 meus.
1282 2277 1578 2349 Numquid
1629 2284 1797 2333 antea
1828 2294 1943 2333 non
1972 2278 2199 2333 vivebat
2220 2276 2248 2330 ?

599 2362 710 2418 Sed
770 2364 878 2419 hoc
932 2381 1036 2436 pro
1093 2364 1492 2421 incarnatione
1557 2367 1736 2422 dicit:
1801 2367 1953 2422 sicut
2007 2372 2247 2422 sanctus

600 2450 816 2506 Paulus
841 2451 1018 2508 dicit:
1057 2453 1158 2520 Qui
1205 2460 1457 2509 mortuus
1507 2459 1589 2509 est
1625 2456 1699 2511 ad
1747 2460 1955 2526 tempus
1986 2472 2054 2510 ea:
2082 2456 2250 2525 inﬁr-

598 2541 788 2594 mitate
816 2543 1014 2610 comis,
1061 2541 1157 2595 sed
1203 2543 1337 2597 vivit
1380 2559 1452 2596 ex
1494 2545 1694 2598 virtute
1745 2545 1840 2598 Dei
1872 2544 1943 2614 (Il
1972 2543 2091 2598 Cor.
2124 2560 2244 2609 xm,

601 2628 674 2697 4).
705 2630 826 2684 Jam
855 2630 1007 2684 enim
1053 2646 1162 2684 non
1205 2633 1461 2702 moritur,
1508 2648 1654 2687 mors
1697 2633 1787 2687 illi
1832 2633 1981 2688 ultra
2016 2648 2127 2687 non
2155 2632 2246 2687 do-

598 2717 905 2772 minabitur
933 2719 1105 2789 (Rom.
1138 2736 1215 2773 v1.
1246 2720 1322 2787 9).
1376 2742 1402 2769 α
1437 2724 1502 2774 Et
1544 2720 1826 2776 exaltetur
1855 2721 2007 2775 Deus
2039 2719 2249 2776 salutis

601 2820 761 2861 meae.
800 2829 822 2856 ιι
856 2807 980 2861 Vox
1010 2806 1273 2862 Ecclesiae
1305 2809 1376 2863 ad
1427 2808 1762 2865 Christum:
1811 2809 1956 2874 Quia
1984 2809 2249 2863 Christus

599 2893 886 2949 exaltatus
917 2896 1088 2949 estin
1114 2896 1487 2951 Ascensione.
1523 2897 1622 2952 Vel
1654 2897 1821 2953 aliter
1848 2916 1861 2953 :
1895 2920 1923 2946 ‹‹
1959 2897 2251 2953 Exaltetur

601 2981 755 3036 Deus
783 2981 990 3037 salutis
1041 3000 1218 3049 meae;
1255 3006 1281 3032 ››
1327 2987 1386 3038 in
1437 3001 1528 3039 me
1562 3001 1794 3056 semper
1839 2985 2103 3041 excelsus
2133 2986 2245 3040 sit:

602 3069 771 3139 cujus
802 3071 1027 3126 vocatio
1069 3070 1230 3126 salus
1280 3087 1410 3127 mea
1438 3076 1563 3128 est:
1615 3090 1686 3129 ne
1730 3074 2053 3145 quidquam
2083 3074 2154 3128 de
2183 3090 2248 3128 eo

599 3156 710 3212 vile
742 3159 1014 3214 sentiam.

674 3287 701 3313 «
736 3265 911 3335 Deus,
946 3266 1047 3338 qui
1090 3266 1195 3322 das
1242 3267 1556 3324 vindictam
1591 3269 1757 3338 mihi,
1792 3292 1820 3321 »
1866 3271 2252 3328 subvertendo
2284 3282 2327 3348 α

602 3353 835 3410 Judaeos
860 3372 873 3409 :
900 3354 989 3411 vel
1021 3355 1215 3427 ipsum
1256 3357 1599 3412 traditorem
1639 3358 1876 3414 Judam.
1909 3359 2009 3414 Vel
2040 3360 2247 3427 aliter;

601 3464 629 3491 ‹‹
662 3447 830 3509 Deus,
883 3444 984 3515 qui
1032 3445 1137 3499 das
1187 3444 1500 3500 vindictam
1549 3446 1714 3500 mihi.
1750 3469 1778 3495 »
1827 3447 1947 3503 Vox
1982 3448 2249 3504 Ecclesiae

600 3532 671 3586 ad
704 3531 1023 3587 Christum.
1055 3534 1221 3588 Dedit
1267 3533 1419 3589 Deus
1467 3539 1852 3605 potestantem
1888 3535 2150 3592 Ecclesia:
2181 3537 2248 3591 li-

600 3620 777 3692 gandi
832 3626 889 3675 et
947 3620 1229 3686 solvendi,
1289 3627 1345 3677 et
1400 3623 1773 3694 disciplinam
1840 3625 2127 3693 faciendi;
2187 3632 2252 3682 ut

600 3708 807 3763 habuit
837 3712 1183 3779 potestatem
1216 3709 1419 3765 Petrus
1464 3716 1521 3766 et
1551 3710 1789 3778 Paulus,
1838 3729 1939 3783 per
1967 3714 2248 3784 Spiritum

604 3795 870 3851 Domini:
932 3797 1083 3852 sicut
1132 3797 1311 3853 dixit:
1373 3800 1500 3854 Ecce
1554 3799 1680 3854 dedi
1732 3801 1881 3855 vobis
1934 3806 2251 3873 potestatem

601 3885 811 3940 calcare
860 3901 1025 3956 super
1067 3890 1344 3957 serpentes
1394 3891 1446 3941 et
1489 3890 1800 3958 scorpiones
1847 3894 1896 3943 et
1938 3908 2102 3963 super
2130 3909 2249 3946 om-

599 3990 727 4029 nem
756 3975 1013 4030 virtutem
1052 3977 1270 4030 inimici
1320 3977 1469 4047 (Luc.
1520 3994 1577 4043 x,
1608 3978 1718 4048 19.)
1771 4001 1798 4027 ‹‹
1843 3983 1907 4033 Et
1937 3980 2251 4036 subdidisti

599 4062 845 4135 populos
874 4063 983 4118 sub
1009 4081 1120 4135 me,
1147 4086 1175 4113 »
1207 4065 1315 4120 sub
1339 4070 1621 4137 potestate
1641 4066 1926 4133 Ecclesiae,
1950 4069 2022 4123 ad
2056 4086 2254 4141 regen-

601 4152 743 4207 dum
774 4157 976 4224 gentes
997 4152 1347 4210 incredulas.
1383 4177 1411 4205 «
1445 4155 1745 4211 Liberator
1776 4174 1940 4212 meus
1966 4156 2251 4213 Dominus

601 4242 671 4296 de
728 4241 1001 4313 gentibus
1058 4242 1397 4309 iracundis;
1457 4242 1722 4299 Christus
1780 4245 1839 4299 in
1901 4244 2172 4316 passione
2218 4262 2275 4300 a.

596 4330 814 4384 Judaais
845 4329 1273 4386 clamantibus:
1327 4331 1631 4403 Cruciﬁge,
1685 4332 1958 4405 cruciﬁge
2008 4349 2164 4398 eum,
2196 4338 2253 4387 et

599 4418 849 4474 Ecclesia
899 4418 1200 4483 haereticis,
1260 4423 1317 4473 et
1366 4419 1565 4474 anima
1625 4421 1697 4476 ab
1750 4421 2038 4476 universis
2069 4422 2250 4489 vitiis,

596 4522 723 4577 qua:
757 4505 1069 4578 appellavit
1092 4512 1324 4583 gentes.

2279 1920 2328 1986 Β

2358 641 2607 696 salutem
2657 656 2759 712 per
2804 639 3087 711 singulos,
3149 638 3286 710 quia
3336 639 3564 694 animas
3613 640 3854 696 attrahit
3901 659 4004 713 per

2358 729 2852 802 praedicationem,
2886 733 2950 782 ut
2988 728 3064 782 sit
3114 728 3274 783 salus
3323 728 3706 799 credentium,
3753 732 3854 801 qui
3886 747 4004 787 cre-

2357 818 2504 872 dunt
2534 817 2593 871 in
2625 816 2876 872 salutem
2908 816 3061 888 regis
3102 816 3309 887 ipsius.
3344 838 3366 864 ι
3418 817 3486 871 Et
3518 816 3735 873 faciens
3767 819 3999 875 miseri-

2358 905 2616 961 cordiam
2674 904 2905 959 Christo
2964 920 3069 959 suo
3112 904 3313 971 David,
3346 924 3372 954 ι
3436 904 3545 961 hoc
3583 911 3672 961 est
3703 908 4001 980 unigenito

2359 1011 2486 1049 suo.
2545 992 2722 1047 David
2781 1009 2955 1048 manu
3008 995 3169 1063 fortis
3220 992 3655 1065 interpretatur,
3711 997 3867 1066 quod
3914 1003 4003 1053 est

2357 1081 2645 1136 Christus.
2679 1104 2707 1131 «
2739 1081 2809 1136 Et
2832 1082 3042 1135 semini
3065 1082 3193 1151 ejus
3224 1097 3410 1151 usque
3430 1081 3490 1136 in
3512 1081 3708 1137 ﬁnem.
3734 1105 3763 1133 »
3793 1085 4000 1140 Semen

2358 1172 2510 1242 ejus,
2559 1170 2668 1225 hoc
2715 1173 2854 1226 sunt
2901 1170 3087 1226 sancti
3134 1172 3282 1241 ejus.
3339 1172 3495 1226 Facit
3538 1172 4000 1229 misericordiam

2358 1260 2644 1315 Dominus
2674 1276 2904 1332 semper
2945 1276 3079 1315 cum
3129 1260 3347 1315 sanctis
3378 1260 3501 1315 suis
3548 1261 3674 1317 sine
3715 1261 3844 1316 ﬁne.
3877 1284 3905 1311 «
3938 1263 4006 1316 Et

2360 1348 2579 1403 faciens
2611 1348 3067 1404 misericordiam
3089 1348 3316 1404 Christo
3338 1366 3464 1417 suo,
3499 1349 3680 1405 David
3712 1354 3769 1405 et
3796 1350 4004 1406 semini

2360 1437 2491 1507 ejus
2523 1454 2710 1508 usque
2743 1438 2801 1491 in
2836 1436 3136 1504 szsculum,
3171 1460 3199 1486 ›ι
3229 1437 3343 1509 ipsi
3392 1438 3695 1494 mediatori
3722 1439 3865 1495 Jesu
3896 1439 4007 1494 Do-

2361 1526 2541 1593 mino,
2603 1530 2660 1581 et
2715 1525 2930 1597 populo
2987 1525 3399 1589 ecclesiastico,
3460 1526 3559 1597 qui
3618 1543 3718 1598 per
3765 1527 4006 1583 verbum

2360 1615 2490 1684 ejus
2538 1613 2802 1669 credidit.
2862 1615 2991 1686 Ipse
3047 1614 3404 1669 fortissimus
3462 1614 3736 1670 liberator
3787 1632 3893 1671 nos
3935 1616 4007 1670 ab

2359 1703 2468 1757 hoc
2501 1704 2719 1758 mundo
2773 1702 3046 1775 dignetur
3101 1719 3321 1769 eruere,
3383 1708 3439 1758 et
3488 1702 3548 1758 in
3604 1703 3716 1759 ﬁde
3747 1703 4006 1760 stabilire

2359 1808 2462 1863 per
2490 1790 2889 1864 Evangelium,
2914 1792 3052 1863 quia
3080 1792 3193 1863 ipsi
3224 1792 3413 1864 gloria
3435 1797 3492 1847 et
3513 1792 3846 1864 imperium,
3869 1809 4005 1849 cum

2361 1885 2574 1935 aeterno
2605 1881 2770 1935 Patre
2818 1885 2875 1936 et
2919 1880 3141 1950 Spiritu
3173 1885 3396 1951 sancto,
3444 1881 3506 1936 in
3553 1884 3762 1937 cuncta
3794 1881 4007 1938 saecula

2358 1969 2724 2025 saeculorum.
2755 1971 2954 2025 Amen.

2898 2085 3223 2139 PSALMUS
3261 2085 3454 2140 XVIII.

2358 2174 2420 2227 In
2470 2175 2635 2243 ﬁnem
2660 2174 2904 2243 psalmus
2955 2173 3146 2228 David.
3197 2173 3467 2229 Psalmus
3513 2190 3710 2229 vocem
3743 2174 4003 2230 continet

2428 2245 2820 2317 prophetaaide
2846 2244 3093 2317 Christo
3141 2244 3453 2316 loquentis.
3496 2245 3608 2302 Iste
3646 2245 3909 2317 psalmus
3940 2247 4001 2301 in

2430 2314 2678 2386 persona
2711 2314 2941 2389 Christi
2990 2314 3258 2372 cantatur
3307 2333 3407 2389 per
3449 2314 3813 2389 prophetam,
3856 2322 3913 2373 et
3942 2318 4002 2372 in

2431 2403 2678 2458 persona
2710 2386 2993 2442 Ecclesiae.

2430 2525 2457 2552 «
2491 2502 2623 2557 Caeli
2656 2507 2930 2557 enarrant
2959 2502 3205 2574 gloriam
3255 2503 3378 2574 Dei,
3410 2526 3437 2555 ›)
3471 2510 3579 2560 etc.
3613 2505 3692 2559 Ex
3722 2504 4007 2559 creaturis

2358 2597 2783 2663 consequenter
2833 2591 3069 2647 Creator
3115 2594 3471 2665 agnoscitur.
3529 2592 3744 2648 Aliter:
3779 2615 3809 2641 «
3867 2590 4009 2648 Cceli

2357 2686 2630 2736 enarrant
2685 2679 2929 2752 gloriam
2987 2681 3127 2748 Dei;
3159 2685 3315 2737 terra
3343 2698 3457 2737 non
3498 2686 3686 2754 potest
3713 2696 4004 2736 enarrare.

2359 2769 2693 2825 Secundum
2722 2768 3028 2824 historiam
3060 2769 3265 2825 coelum
3316 2776 3373 2826 et
3420 2775 3575 2826 terra
3622 2786 3751 2825 cum
3788 2770 4007 2825 caeteris

2361 2858 2644 2912 creaturis
2676 2857 2800 2912 suis
2826 2856 3070 2928 gloriam
3101 2858 3202 2913 Dei
3253 2864 3511 2929 narrant,
3544 2862 3607 2912 ut
3638 2859 3719 2913 ait
3749 2857 3963 2912 Paulus
3989 2875 4002 2912 :

2358 2948 2465 3001 Per
2518 2962 2583 3001 ea.
2639 2962 2756 3016 qum
2808 2948 2955 3016 facta
3020 2954 3169 3011 sunt,
3246 2949 3519 3004 intellecta
3597 2947 4009 3019 conspiciuntur

2362 3036 2537 3106 (Rom.
2570 3052 2609 3090 1.
2652 3037 2782 3102 20):
2832 3034 2890 3088 id
2931 3039 3038 3103 est,
3090 3036 3162 3091 ab
3198 3036 3677 3108 intelligentibus
3720 3034 4009 3091 intellecta

2357 3122 2817 3195 conspiciuntur.
2841 3124 3061 3179 Caelum
3081 3124 3210 3193 hoc,
3239 3130 3329 3181 est
3356 3127 3812 3181 ﬁrmamentum.
3846 3124 4009 3180 Unde

2363 3213 2546 3268 dixit:
2579 3213 2641 3267 Et
2695 3214 2878 3284 posuit
2932 3218 3078 3270 Deus
3123 3216 3529 3283 ﬁrmamentum
3576 3217 3727 3271 inter
3769 3213 4008 3270 medium

2362 3318 2651 3374 aquarum,
2684 3302 2737 3356 id
2788 3309 2866 3357 est
2920 3303 3114 3357 ca’tum
3170 3302 3321 3375 (Gen.
3352 3322 3389 3375 1,
3435 3305 3509 3375 7).
3572 3303 3755 3359 Aliter
3802 3319 4008 3359 secun-

2361 3391 2502 3446 dum
2552 3407 2831 3447 sensum:
2883 3389 3017 3446 Cceli
3066 3392 3334 3463 apostoli,
3383 3397 3441 3448 et
3486 3393 3643 3464 quod
3690 3396 3778 3448 est
3805 3390 4007 3462 gloria,

2360 3480 2469 3535 hoc
2500 3484 2588 3536 est
2617 3497 2765 3551 opus
2791 3496 2803 3535 :
2836 3484 2894 3535 et
2923 3481 3079 3551 quod
3111 3486 3202 3536 est
3230 3486 3487 3552 narrant,
3523 3481 3631 3537 hoc
3664 3486 3752 3536 est
3780 3497 4009 3536 annun-

2363 3569 2547 3624 tiant:
2582 3568 2720 3641 quia
2747 3569 3066 3641 praedicant
3111 3568 3357 3641 gloriam
3397 3570 3519 3625 Dei.
3563 3570 3629 3624 Et
3658 3575 3722 3623 ut
3753 3569 4012 3625 sciamus

2361 3659 2499 3730 quia
2528 3659 2637 3713 hoc
2666 3663 2756 3713 est
2786 3658 3223 3713 ﬁrmamentum
3270 3659 3423 3730 quod
3456 3663 3513 3713 et
3537 3656 3748 3712 caelum
3781 3656 3923 3711 dicit
3947 3656 4009 3710 in

2362 3746 2608 3814 Genesi;
2661 3749 2724 3801 Et
2790 3747 3087 3817 appellavit
3152 3748 3291 3801 Deus
3358 3748 3769 3815 ﬁrmamentum
3813 3745 4013 3798 caelum

2361 3836 2519 3907 (Ibid.
2567 3835 2643 3905 8).
2688 3836 3049 3889 Annuntiant.
3104 3834 3268 3888 Unde
3311 3838 3369 3889 et
3418 3833 3699 3888 Dominus
3730 3833 3801 3887 ad
3833 3831 4012 3887 disci-

2362 3923 2568 3994 pulos:
2633 3922 2831 3977 Omnia
2895 3936 3234 3993 quaecunque
3302 3922 3495 3977 audivi
3547 3938 3587 3977 a
3642 3923 3806 3977 Putre
3868 3937 4007 3988 meo,

2360 4013 2693 4066 annuntiavi
2721 4013 2869 4066 vobis
2899 4012 3056 4082 (Joun
3085 4028 3176 4082 xv,
3207 4012 3314 4079 15).

2434 4121 2460 4147 ‹‹
2498 4100 2628 4155 Dies
2675 4100 2789 4155 diei
2820 4104 3043 4155 eructat
3071 4101 3337 4167 verbum,
3370 4105 3427 4155 et
3466 4117 3579 4156 nox
3608 4099 3763 4156 nocti
3796 4099 4013 4155 indicat

2362 4187 2686 4243 scientiam.
2718 4210 2745 4237 ››
2783 4188 2951 4243 Paria
2980 4188 3222 4260 paribus
3261 4189 3479 4259 retulit,
3526 4190 3680 4261 quod
3712 4206 3781 4244 ex
3811 4188 4012 4244 ordine

2359 4281 2687 4348 temporum
2722 4277 2793 4332 ad
2835 4276 2937 4332 Dei
2986 4277 3176 4350 magis
3223 4278 3492 4334 notitiam
3519 4278 3944 4350 perveniamus.
3980 4299 4009 4325 »

2361 4366 2489 4420 Dies
2547 4365 2657 4421 diei
2712 4372 2936 4421 eructat
2985 4354 3247 4435 verbum,
3308 4373 3365 4424 et
3420 4385 3532 4423 nox
3588 4368 3743 4422 nocti
3795 4367 4014 4424 indicat

2362 4454 2684 4510 scientiam.
2716 4474 2742 4507 ιι
2800 4456 2934 4511 Dies
2984 4455 3297 4511 hesternus
3344 4455 3496 4511 diem
3529 4455 3873 4511 hodiernum
3901 4471 4009 4509 an-

2361 4544 2671 4614 nuntiavit,
2727 4550 2785 4600 et
2860 4544 3179 4600 hodiernus
3253 4544 3377 4599 dies
3452 4543 3773 4599 crastinum
3833 4543 4006 4599 diem.

675 4634 702 4712 ξ(
731 4614 797 4667 Et
825 4614 897 4668 ab
948 4613 1388 4712 ίῖιδξινείῗοίίδυε
1411 4615 1623 4712 _i“.me_
1674 4617 2100 4712 fixaltablﬁme,
2136 4641 2162 4667 "
2191 4620 2250 4675 id
2284 4649 2330 4712 Ι)
2361 4613 2692 4688 Secundum
2720 4650 3001 4689 sensum:
3033 4634 3179 4700 dies,
3221 4632 3510 4687 Christus.
3543 4633 3612 4687 Et
3642 4632 3830 4697 aliter,
3863 4631 4007 4696 dies,

600 4706 709 4764 est,
742 4718 776 4755 a
805 4702 1296 4772 persecutoribus.
1332 4726 1359 4752 ‹‹
1396 4709 1439 4757 Α
1470 4704 1589 4759 viro
1610 4705 1811 4775 iniquo
1841 4705 2050 4777 eripies
2082 4724 2194 4777 me,
2220 4731 2247 4759 ››

601 4791 656 4844 id
689 4794 777 4845 est
806 4808 839 4845 a
868 4790 1119 4856 diabolo,
1155 4796 1220 4845 ut
1241 4792 1463 4847 dictum
1495 4798 1603 4864 est,
1637 4792 1912 4850 inimicus
1944 4794 2120 4852 homo
2140 4797 2264 4854 hoc.

602 4880 754 4934 fecit.

674 5009 701 5036 ‹‹
736 4988 1043 5060 Propterea
1072 4988 1391 5044 conﬁtebor
1418 4990 1523 5043 tibi
1560 4989 1616 5044 in
1648 4990 1903 5061 populis,
1936 4990 2199 5046 Domine.
2228 5014 2248 5039 ι

600 5077 855 5132 Ecclesia
903 5077 1084 5132 dicit:
1139 5079 1414 5133 Laudabo
1468 5084 1525 5133 te
1574 5079 1631 5132 in
1664 5079 2055 5135 credentibus.
2089 5081 2253 5136 Psal-

604 5183 764 5220 mum
796 5166 988 5220 dicam
1020 5166 1122 5220 tibi
1172 5167 1326 5221 inter
1372 5172 1613 5238 gentes:
1664 5167 1720 5221 id
1753 5172 1860 5234 est,
1894 5167 2164 5233 laudabo,
2200 5172 2257 5224 et

601 5256 917 5327 operabor:
958 5278 985 5303 ‹‹
1040 5260 1343 5327 propterea
1389 5256 1710 5310 conﬁtebor
1752 5255 1857 5311 tibi
1908 5256 1965 5310 in
2000 5256 2251 5329 p0pulis,

601 5345 865 5400 Domine.
906 5345 1195 5398 Psalmum
1246 5345 1440 5398 dicam
1489 5344 1710 5399 nomini
1761 5349 1881 5400 tuo.
1919 5367 1946 5395 ρ)
1979 5346 2123 5411 Quia
2153 5363 2253 5417 ego

600 5432 657 5485 in
690 5432 783 5487 his
812 5450 946 5488 sum
974 5448 985 5487 :
1021 5448 1124 5503 ego
1150 5434 1471 5487 conﬁtebor
1500 5432 1629 5500 tibi,
1656 5438 1858 5489 Pater:
1894 5440 1949 5490 et
1979 5434 2251 5507 psallam,

602 5536 709 5573 vox
740 5522 1051 5590 prophetae.

680 5629 700 5652 ι
738 5608 1118 5679 Magniﬁcans
1174 5608 1422 5664 salutem
1480 5611 1634 5682 regis
1692 5613 1898 5683 ipsius,
1959 5634 1988 5662 »
2040 5611 2252 5667 Christi

609 5694 856 5764 Domini,
889 5698 1043 5766 quod
1078 5698 1410 5753 resurrexit.
1462 5698 1559 5753 Vel
1613 5699 1817 5767 aliter;
1868 5699 2149 5772 propheta
2179 5700 2249 5755 ad

2361 4720 2631 4793 apostoli.
2666 4722 2967 4787 Quomodo
3012 4720 3276 4775 Christus
3325 4719 3452 4774 dies
3495 4725 3603 4787 est,
3649 4719 3802 4774 sicut
3829 4719 4005 4774 dixit:

2361 4812 2466 4881 Ego
2494 4827 2614 4865 sum
2644 4811 2742 4864 tua;
2770 4809 2965 4865 mundi
3008 4813 3192 4875 (Joan.
3224 4825 3348 4875 vm,
3404 4809 3527 4879 12):
3563 4809 3645 4863 sic
3679 4813 3735 4863 et
3764 4807 4010 4880 apostoli

2366 4900 2489 4955 dies
2537 4902 2697 4967 sunt,
2749 4897 2901 4953 sicut
2947 4897 3065 4952 ait:
3121 4898 3215 4951 Vos
3259 4901 3386 4951 estis
3429 4899 3529 4953 lux
3564 4897 3761 4952 mundi
3790 4897 4009 4968 (Matth.

2362 5005 2418 5054 ν,
2454 4988 2561 5059 14).
2596 4988 2662 5042 Et
2692 5004 2845 5042 unus
2877 4987 3022 5054 dies,
3065 4987 3370 5041 duodecim
3424 4987 3596 5043 horas
3626 4988 3819 5043 habet.
3855 4987 4014 5042 Unde

2364 5077 2488 5148 ipse
2543 5076 2824 5131 Dominus
2881 5075 2938 5130 in
3013 5075 3320 5146 Evangelio
3391 5076 3572 5131 dixit:
3640 5078 3827 5133 Nonne
3881 5075 4014 5131 duo-

2362 5166 2539 5221 decim
2570 5165 2723 5222 liora:
2754 5169 2881 5219 sunt
2911 5166 3031 5220 diei
3060 5164 3237 5236 (Joan.
3289 5181 3368 5225 x1,
3401 5167 3456 5237 9)
3476 5166 3503 5220 ?
3523 5167 3661 5238 ipsa
3687 5164 4020 5237 intelligun-

2362 5260 2458 5310 tur
2486 5254 2793 5310 duodecim
2826 5252 3096 5325 apostoli.
3130 5276 3157 5303 ‹‹
3188 5254 3309 5308 Nox
3353 5255 3527 5310 nocti.
3566 5278 3593 5303 »ν
3624 5255 3763 5323 Nox,
3792 5254 3976 5310 Judas
4002 5271 4015 5319 ;

2361 5347 2529 5411 nocti,
2560 5344 2777 5399 Judiais
2804 5368 2818 5409 ;
2851 5365 2879 5392 ‹‹
2904 5342 3123 5398 indicat
3145 5344 3473 5414 scientiam,
3498 5365 3525 5393 ››
3560 5343 3616 5398 id
3651 5349 3757 5411 est,
3782 5342 4016 5414 quando

2364 5432 2548 5488 dixit:
2601 5437 2779 5503 Quem
2825 5432 3100 5487 osculatus
3154 5435 3309 5503 fuero
3359 5436 3472 5504 ipse
3518 5441 3612 5498 est,
3664 5436 3835 5487 tenete
3889 5448 4016 5486 eum

2363 5522 2574 5592 (Matth.
2624 5538 2777 5591 xxvr,
2829 5523 2938 5591 38).
2989 5520 3205 5577 Aliter:
3258 5522 3399 5588 Nox,
3448 5522 3813 5594 profunditas
3853 5521 4012 5577 Scri-

2362 5614 2665 5681 pturarum
2699 5610 2757 5663 in
2791 5610 3108 5682 prophetis,
3156 5612 3391 5669 nuntiat
3416 5612 3871 5683 profunditatem
3908 5610 4012 5665 Ve-

2360 5700 2500 5754 teris
2531 5698 2907 5754 Testamenti.
