  <div class='ocr_page' id='page_1' title='image "/cluster/home/n/w/nwhite01/storage/ocr_20150623/26/umn.31951002477320a/462.png"; bbox 0 0 4314 6592; ppageno 0'>
   <div class='ocr_carea' id='block_1_1' title="bbox 331 459 446 518">
    <p class='ocr_par' dir='ltr' id='par_1_1' title="bbox 331 459 446 518">
     <span class='ocr_line' id='line_1_1' title="bbox 331 459 446 518; baseline 0.017 -2"><span class='ocrx_word' id='word_1_1' title='bbox 331 459 446 518; x_wconf 75' lang='lat'><strong>9‘25</strong></span> 
     </span>
    </p>
   </div>
   <div class='ocr_carea' id='block_1_2' title="bbox 1504 459 2546 522">
    <p class='ocr_par' dir='ltr' id='par_1_2' title="bbox 1504 459 2546 522">
     <span class='ocr_line' id='line_1_2' title="bbox 1504 459 2546 522; baseline -0.001 -2"><span class='ocrx_word' id='word_1_2' title='bbox 1504 459 1997 522; x_wconf 79' lang='lat' dir='ltr'><strong>BREVIARIUM</strong></span> <span class='ocrx_word' id='word_1_3' title='bbox 2041 461 2121 521; x_wconf 89' lang='lat' dir='ltr'>IN</span> <span class='ocrx_word' id='word_1_4' title='bbox 2165 460 2546 522; x_wconf 86' lang='lat' dir='ltr'><strong>PSALMOS.</strong></span> 
     </span>
    </p>
   </div>
   <div class='ocr_carea' id='block_1_3' title="bbox 3610 461 3726 521">
    <p class='ocr_par' dir='ltr' id='par_1_3' title="bbox 3610 461 3726 521">
     <span class='ocr_line' id='line_1_3' title="bbox 3610 461 3726 521; baseline -0.009 -1"><span class='ocrx_word' id='word_1_5' title='bbox 3610 461 3726 521; x_wconf 77' lang='grc'><strong>926</strong></span> 
     </span>
    </p>
   </div>
   <div class='ocr_carea' id='block_1_4' title="bbox 410 589 3725 663">
    <p class='ocr_par' dir='ltr' id='par_1_4' title="bbox 410 589 3725 663">
     <span class='ocr_line' id='line_1_4' title="bbox 410 589 3725 663; baseline 0.001 -18"><span class='ocrx_word' id='word_1_6' title='bbox 410 615 428 639; x_wconf 78' lang='grc' dir='ltr'>α</span> <span class='ocrx_word' id='word_1_7' title='bbox 455 591 579 647; x_wconf 90' lang='lat' dir='ltr'><strong>Non</strong></span> <span class='ocrx_word' id='word_1_8' title='bbox 613 595 750 646; x_wconf 88' lang='lat' dir='ltr'><strong>sunt</strong></span> <span class='ocrx_word' id='word_1_9' title='bbox 778 589 1039 662; x_wconf 81' lang='lat' dir='ltr'><strong>loquelae,</strong></span> <span class='ocrx_word' id='word_1_10' title='bbox 1100 605 1290 662; x_wconf 89' lang='lat' dir='ltr'><strong>neque</strong></span> <span class='ocrx_word' id='word_1_11' title='bbox 1343 605 1662 658; x_wconf 81' lang='lat' dir='ltr'><strong>sermones,</strong></span> <span class='ocrx_word' id='word_1_12' title='bbox 1723 609 1970 663; x_wconf 91' lang='lat' dir='ltr'><strong>quorum</strong></span> <span class='ocrx_word' id='word_1_13' title='bbox 2004 595 2058 659; x_wconf 72' lang='grc' dir='ltr'>Α</span> <span class='ocrx_word' id='word_1_14' title='bbox 2097 595 2359 647; x_wconf 89' lang='lat' dir='ltr'><strong>monium</strong></span> <span class='ocrx_word' id='word_1_15' title='bbox 2395 594 2621 647; x_wconf 82' lang='lat' dir='ltr'><strong>Domini</strong></span> <span class='ocrx_word' id='word_1_16' title='bbox 2652 592 2839 647; x_wconf 81' lang='lat' dir='ltr'><strong>fidele.</strong></span> <span class='ocrx_word' id='word_1_17' title='bbox 2864 613 2891 640; x_wconf 82' lang='lat'><strong>»</strong></span> <span class='ocrx_word' id='word_1_18' title='bbox 2922 591 3098 657; x_wconf 81' lang='lat' dir='ltr'><strong>Quale</strong></span> <span class='ocrx_word' id='word_1_19' title='bbox 3129 591 3575 647; x_wconf 83' lang='lat' dir='ltr'><strong>testimonium?</strong></span> <span class='ocrx_word' id='word_1_20' title='bbox 3613 593 3725 648; x_wconf 84' lang='lat' dir='ltr'><strong>nisi</strong></span> 
     </span>
    </p>
   </div>
   <div class='ocr_carea' id='block_1_5' title="bbox 336 679 1978 751">
    <p class='ocr_par' dir='ltr' id='par_1_5' title="bbox 336 679 1978 751">
     <span class='ocr_line' id='line_1_5' title="bbox 336 679 1978 751; baseline 0 -16"><span class='ocrx_word' id='word_1_21' title='bbox 336 698 452 735; x_wconf 90' lang='lat' dir='ltr'><strong>non</strong></span> <span class='ocrx_word' id='word_1_22' title='bbox 472 681 788 735; x_wconf 83' lang='lat' dir='ltr'><strong>audiantur</strong></span> <span class='ocrx_word' id='word_1_23' title='bbox 817 681 988 734; x_wconf 88' lang='lat' dir='ltr'><strong>verba</strong></span> <span class='ocrx_word' id='word_1_24' title='bbox 1019 696 1244 734; x_wconf 89' lang='lat' dir='ltr'><strong>eorum.</strong></span> <span class='ocrx_word' id='word_1_25' title='bbox 1279 702 1298 727; x_wconf 80' lang='grc' dir='ltr'><strong>ι</strong></span> <span class='ocrx_word' id='word_1_26' title='bbox 1322 710 1389 719; x_wconf 91' lang='grc'><strong>-</strong></span> <span class='ocrx_word' id='word_1_27' title='bbox 1419 703 1446 728; x_wconf 89' lang='grc'><strong><em>‹‹</em></strong></span> <span class='ocrx_word' id='word_1_28' title='bbox 1478 679 1602 734; x_wconf 93' lang='lat' dir='ltr'><strong>Non</strong></span> <span class='ocrx_word' id='word_1_29' title='bbox 1627 685 1765 735; x_wconf 90' lang='lat' dir='ltr'><strong>sunt</strong></span> <span class='ocrx_word' id='word_1_30' title='bbox 1786 680 1978 751; x_wconf 85' lang='lat' dir='ltr'><strong>loque-</strong></span> 
     </span>
    </p>
   </div>
   <div class='ocr_carea' id='block_1_6' title="bbox 333 766 1977 839">
    <p class='ocr_par' dir='ltr' id='par_1_6' title="bbox 333 766 1977 839">
     <span class='ocr_line' id='line_1_6' title="bbox 333 766 1977 839; baseline -0.001 -16"><span class='ocrx_word' id='word_1_31' title='bbox 333 770 420 838; x_wconf 71' lang='lat' dir='ltr'><strong>lae,</strong></span> <span class='ocrx_word' id='word_1_32' title='bbox 448 792 475 819; x_wconf 81' lang='grc'><strong>››</strong></span> <span class='ocrx_word' id='word_1_33' title='bbox 511 787 576 824; x_wconf 89' lang='lat' dir='ltr'><strong>ac</strong></span> <span class='ocrx_word' id='word_1_34' title='bbox 599 769 645 822; x_wconf 90' lang='lat' dir='ltr'><strong>si</strong></span> <span class='ocrx_word' id='word_1_35' title='bbox 681 769 838 822; x_wconf 85' lang='lat' dir='ltr'>dicat</span> <span class='ocrx_word' id='word_1_36' title='bbox 866 766 1098 838; x_wconf 67' lang='lat' dir='ltr'><strong>linguae,</strong></span> <span class='ocrx_word' id='word_1_37' title='bbox 1129 789 1154 818; x_wconf 87' lang='lat'><strong>«</strong></span> <span class='ocrx_word' id='word_1_38' title='bbox 1187 784 1372 839; x_wconf 90' lang='lat' dir='ltr'><strong>neque</strong></span> <span class='ocrx_word' id='word_1_39' title='bbox 1425 785 1746 834; x_wconf 81' lang='lat' dir='ltr'><strong>sermones,</strong></span> <span class='ocrx_word' id='word_1_40' title='bbox 1767 792 1795 817; x_wconf 85' lang='grc'><strong>››</strong></span> <span class='ocrx_word' id='word_1_41' title='bbox 1839 770 1977 839; x_wconf 87' lang='lat' dir='ltr'><strong>quia</strong></span> 
     </span>
    </p>
   </div>
   <div class='ocr_carea' id='block_1_7' title="bbox 336 855 1975 929">
    <p class='ocr_par' dir='ltr' id='par_1_7' title="bbox 336 855 1975 929">
     <span class='ocr_line' id='line_1_7' title="bbox 336 855 1975 929; baseline 0 -18"><span class='ocrx_word' id='word_1_42' title='bbox 336 857 548 929; x_wconf 71' lang='lat' dir='ltr'><strong>linguze</strong></span> <span class='ocrx_word' id='word_1_43' title='bbox 582 855 749 910; x_wconf 90' lang='lat' dir='ltr'><strong>multi</strong></span> <span class='ocrx_word' id='word_1_44' title='bbox 782 872 1081 910; x_wconf 83' lang='lat' dir='ltr'><strong>sermones</strong></span> <span class='ocrx_word' id='word_1_45' title='bbox 1114 860 1272 910; x_wconf 90' lang='lat' dir='ltr'><strong>sunt.</strong></span> <span class='ocrx_word' id='word_1_46' title='bbox 1305 856 1433 910; x_wconf 91' lang='lat' dir='ltr'><strong>Sive</strong></span> <span class='ocrx_word' id='word_1_47' title='bbox 1463 857 1828 912; x_wconf 83' lang='lat' dir='ltr'><strong>diversitates</strong></span> <span class='ocrx_word' id='word_1_48' title='bbox 1850 874 1975 912; x_wconf 89' lang='lat' dir='ltr'><strong>ver-</strong></span> 
     </span>
    </p>
   </div>
   <div class='ocr_carea' id='block_1_8' title="bbox 332 944 1972 1016">
    <p class='ocr_par' dir='ltr' id='par_1_8' title="bbox 332 944 1972 1016">
     <span class='ocr_line' id='line_1_8' title="bbox 332 944 1972 1016; baseline 0.001 -16"><span class='ocrx_word' id='word_1_49' title='bbox 332 947 541 1000; x_wconf 87' lang='lat' dir='ltr'><strong>borum</strong></span> <span class='ocrx_word' id='word_1_50' title='bbox 575 944 984 1015; x_wconf 89' lang='lat' dir='ltr'><strong>intelliguntur</strong></span> <span class='ocrx_word' id='word_1_51' title='bbox 1016 960 1117 1016; x_wconf 91' lang='lat' dir='ltr'><strong>per</strong></span> <span class='ocrx_word' id='word_1_52' title='bbox 1175 961 1512 1000; x_wconf 85' lang='lat' dir='ltr'><strong>sermones:</strong></span> <span class='ocrx_word' id='word_1_53' title='bbox 1567 962 1631 1000; x_wconf 90' lang='lat' dir='ltr'><strong>ac</strong></span> <span class='ocrx_word' id='word_1_54' title='bbox 1691 947 1740 1000; x_wconf 92' lang='lat' dir='ltr'><strong>si</strong></span> <span class='ocrx_word' id='word_1_55' title='bbox 1775 946 1929 1001; x_wconf 86' lang='lat' dir='ltr'><strong>dicat</strong></span> <span class='ocrx_word' id='word_1_56' title='bbox 1960 963 1972 1001; x_wconf 90' lang='lat'><strong>:</strong></span> 
     </span>
    </p>
   </div>
   <div class='ocr_carea' id='block_1_9' title="bbox 333 1032 1974 1106">
    <p class='ocr_par' dir='ltr' id='par_1_9' title="bbox 333 1032 1974 1106">
     <span class='ocr_line' id='line_1_9' title="bbox 333 1032 1974 1106; baseline 0.001 -17"><span class='ocrx_word' id='word_1_57' title='bbox 333 1035 458 1089; x_wconf 90' lang='lat' dir='ltr'><strong>Non</strong></span> <span class='ocrx_word' id='word_1_58' title='bbox 491 1034 725 1088; x_wconf 80' lang='lat' dir='ltr'><strong>fuerunt</strong></span> <span class='ocrx_word' id='word_1_59' title='bbox 755 1032 884 1087; x_wconf 74' lang='lat' dir='ltr'><strong>ullae</strong></span> <span class='ocrx_word' id='word_1_60' title='bbox 925 1033 1245 1088; x_wconf 86' lang='lat' dir='ltr'><strong>locutiones</strong></span> <span class='ocrx_word' id='word_1_61' title='bbox 1295 1051 1443 1105; x_wconf 89' lang='lat' dir='ltr'><strong>quas</strong></span> <span class='ocrx_word' id='word_1_62' title='bbox 1475 1034 1722 1106; x_wconf 84' lang='lat' dir='ltr'><strong>apostoli</strong></span> <span class='ocrx_word' id='word_1_63' title='bbox 1771 1035 1829 1089; x_wconf 92' lang='lat' dir='ltr'><strong>in</strong></span> <span class='ocrx_word' id='word_1_64' title='bbox 1877 1052 1974 1090; x_wconf 89' lang='lat' dir='ltr'><strong>va-</strong></span> 
     </span>
    </p>
   </div>
   <div class='ocr_carea' id='block_1_10' title="bbox 331 1121 1972 1193">
    <p class='ocr_par' dir='ltr' id='par_1_10' title="bbox 331 1121 1972 1193">
     <span class='ocr_line' id='line_1_10' title="bbox 331 1121 1972 1193; baseline 0.001 -16"><span class='ocrx_word' id='word_1_65' title='bbox 331 1123 531 1177; x_wconf 88' lang='lat' dir='ltr'><strong>rietate</strong></span> <span class='ocrx_word' id='word_1_66' title='bbox 564 1121 898 1192; x_wconf 85' lang='lat' dir='ltr'><strong>linguarum</strong></span> <span class='ocrx_word' id='word_1_67' title='bbox 921 1138 1034 1176; x_wconf 92' lang='lat' dir='ltr'><strong>non</strong></span> <span class='ocrx_word' id='word_1_68' title='bbox 1067 1121 1425 1193; x_wconf 87' lang='lat' dir='ltr'><strong>acceperint,</strong></span> <span class='ocrx_word' id='word_1_69' title='bbox 1453 1127 1508 1176; x_wconf 92' lang='lat' dir='ltr'><strong>et</strong></span> <span class='ocrx_word' id='word_1_70' title='bbox 1529 1123 1656 1177; x_wconf 91' lang='lat' dir='ltr'><strong>ideo</strong></span> <span class='ocrx_word' id='word_1_71' title='bbox 1687 1139 1805 1178; x_wconf 91' lang='lat' dir='ltr'><strong>non</strong></span> <span class='ocrx_word' id='word_1_72' title='bbox 1849 1123 1972 1178; x_wconf 90' lang='lat' dir='ltr'><strong>fue-</strong></span> 
     </span>
    </p>
   </div>
   <div class='ocr_carea' id='block_1_11' title="bbox 335 1209 1973 1282">
    <p class='ocr_par' dir='ltr' id='par_1_11' title="bbox 335 1209 1973 1282">
     <span class='ocr_line' id='line_1_11' title="bbox 335 1209 1973 1282; baseline 0 -16"><span class='ocrx_word' id='word_1_73' title='bbox 335 1215 472 1266; x_wconf 91' lang='lat' dir='ltr'><strong>runt</strong></span> <span class='ocrx_word' id='word_1_74' title='bbox 502 1209 631 1264; x_wconf 85' lang='lat' dir='ltr'><strong>ullae</strong></span> <span class='ocrx_word' id='word_1_75' title='bbox 663 1210 876 1281; x_wconf 76' lang='lat' dir='ltr'><strong>linguas</strong></span> <span class='ocrx_word' id='word_1_76' title='bbox 907 1228 1033 1281; x_wconf 82' lang='lat' dir='ltr'><strong>quae</strong></span> <span class='ocrx_word' id='word_1_77' title='bbox 1066 1226 1367 1266; x_wconf 90' lang='lat' dir='ltr'><strong>sermones</strong></span> <span class='ocrx_word' id='word_1_78' title='bbox 1409 1211 1806 1282; x_wconf 87' lang='lat' dir='ltr'><strong>apostolorum</strong></span> <span class='ocrx_word' id='word_1_79' title='bbox 1857 1229 1973 1267; x_wconf 92' lang='lat' dir='ltr'><strong>non</strong></span> 
     </span>
    </p>
   </div>
   <div class='ocr_carea' id='block_1_12' title="bbox 335 1298 1975 1355">
    <p class='ocr_par' dir='ltr' id='par_1_12' title="bbox 335 1298 1975 1355">
     <span class='ocr_line' id='line_1_12' title="bbox 335 1298 1975 1355; baseline -0.001 0"><span class='ocrx_word' id='word_1_80' title='bbox 335 1300 671 1355; x_wconf 87' lang='lat' dir='ltr'><strong>audissent:</strong></span> <span class='ocrx_word' id='word_1_81' title='bbox 707 1300 846 1353; x_wconf 90' lang='lat' dir='ltr'><strong>dum</strong></span> <span class='ocrx_word' id='word_1_82' title='bbox 881 1298 1057 1353; x_wconf 87' lang='lat' dir='ltr'><strong>dicit:</strong></span> <span class='ocrx_word' id='word_1_83' title='bbox 1098 1321 1124 1347; x_wconf 90' lang='grc'><em>‹‹</em></span> <span class='ocrx_word' id='word_1_84' title='bbox 1159 1301 1219 1353; x_wconf 90' lang='lat' dir='ltr'><strong>In</strong></span> <span class='ocrx_word' id='word_1_85' title='bbox 1261 1315 1495 1354; x_wconf 90' lang='lat' dir='ltr'><strong>omnem</strong></span> <span class='ocrx_word' id='word_1_86' title='bbox 1528 1304 1743 1354; x_wconf 89' lang='lat' dir='ltr'><strong>terram</strong></span> <span class='ocrx_word' id='word_1_87' title='bbox 1802 1302 1975 1354; x_wconf 86' lang='lat' dir='ltr'><strong>exivit</strong></span> 
     </span>
    </p>
   </div>
   <div class='ocr_carea' id='block_1_13' title="bbox 336 1388 1972 1453">
    <p class='ocr_par' dir='ltr' id='par_1_13' title="bbox 336 1388 1972 1453">
     <span class='ocr_line' id='line_1_13' title="bbox 336 1388 1972 1453; baseline -0.002 -11"><span class='ocrx_word' id='word_1_88' title='bbox 336 1405 515 1443; x_wconf 90' lang='lat' dir='ltr'><strong>sonus</strong></span> <span class='ocrx_word' id='word_1_89' title='bbox 548 1404 773 1453; x_wconf 88' lang='lat' dir='ltr'><strong>eorum,</strong></span> <span class='ocrx_word' id='word_1_90' title='bbox 804 1392 860 1442; x_wconf 91' lang='lat' dir='ltr'><strong>et</strong></span> <span class='ocrx_word' id='word_1_91' title='bbox 887 1388 944 1441; x_wconf 91' lang='lat' dir='ltr'><strong>in</strong></span> <span class='ocrx_word' id='word_1_92' title='bbox 979 1388 1124 1442; x_wconf 86' lang='lat' dir='ltr'><strong>ﬁnes</strong></span> <span class='ocrx_word' id='word_1_93' title='bbox 1157 1388 1316 1442; x_wconf 87' lang='lat' dir='ltr'><strong>orbis</strong></span> <span class='ocrx_word' id='word_1_94' title='bbox 1332 1389 1685 1443; x_wconf 75' lang='lat' dir='ltr'><strong>terraeverba</strong></span> <span class='ocrx_word' id='word_1_95' title='bbox 1700 1405 1921 1443; x_wconf 91' lang='lat' dir='ltr'><strong>eorum.</strong></span> <span class='ocrx_word' id='word_1_96' title='bbox 1945 1411 1972 1438; x_wconf 83' lang='lat'>»</span> 
     </span>
    </p>
   </div>
   <div class='ocr_carea' id='block_1_14' title="bbox 333 1475 1711 1544">
    <p class='ocr_par' dir='ltr' id='par_1_14' title="bbox 333 1475 1711 1544">
     <span class='ocr_line' id='line_1_14' title="bbox 333 1475 1711 1544; baseline -0.001 -13"><span class='ocrx_word' id='word_1_97' title='bbox 333 1477 442 1531; x_wconf 87' lang='lat' dir='ltr'><strong>hoc</strong></span> <span class='ocrx_word' id='word_1_98' title='bbox 472 1480 560 1531; x_wconf 90' lang='lat' dir='ltr'><strong>est</strong></span> <span class='ocrx_word' id='word_1_99' title='bbox 593 1477 648 1530; x_wconf 92' lang='lat' dir='ltr'><strong>in</strong></span> <span class='ocrx_word' id='word_1_100' title='bbox 681 1491 888 1530; x_wconf 91' lang='lat' dir='ltr'><strong>omnes</strong></span> <span class='ocrx_word' id='word_1_101' title='bbox 915 1475 1164 1544; x_wconf 89' lang='lat' dir='ltr'><strong>insulas,</strong></span> <span class='ocrx_word' id='word_1_102' title='bbox 1193 1476 1283 1531; x_wconf 87' lang='lat' dir='ltr'><strong>vel</strong></span> <span class='ocrx_word' id='word_1_103' title='bbox 1309 1477 1455 1531; x_wconf 82' lang='lat' dir='ltr'><strong>ﬁnes</strong></span> <span class='ocrx_word' id='word_1_104' title='bbox 1483 1477 1711 1531; x_wconf 90' lang='lat' dir='ltr'><strong>mundi.</strong></span> 
     </span>
    </p>
   </div>
   <div class='ocr_carea' id='block_1_15' title="bbox 403 1563 1974 1620">
    <p class='ocr_par' dir='ltr' id='par_1_15' title="bbox 403 1563 1974 1620">
     <span class='ocr_line' id='line_1_15' title="bbox 403 1563 1974 1620; baseline 0.003 -6"><span class='ocrx_word' id='word_1_105' title='bbox 403 1587 432 1615; x_wconf 83' lang='grc'><strong>‹‹</strong></span> <span class='ocrx_word' id='word_1_106' title='bbox 469 1565 533 1618; x_wconf 89' lang='lat' dir='ltr'>In</span> <span class='ocrx_word' id='word_1_107' title='bbox 565 1581 798 1619; x_wconf 91' lang='lat' dir='ltr'><strong>omnem</strong></span> <span class='ocrx_word' id='word_1_108' title='bbox 834 1569 1049 1618; x_wconf 89' lang='lat' dir='ltr'><strong>terram</strong></span> <span class='ocrx_word' id='word_1_109' title='bbox 1082 1563 1256 1618; x_wconf 83' lang='lat' dir='ltr'><strong>exivit</strong></span> <span class='ocrx_word' id='word_1_110' title='bbox 1315 1581 1495 1618; x_wconf 90' lang='lat' dir='ltr'><strong>sonus</strong></span> <span class='ocrx_word' id='word_1_111' title='bbox 1544 1580 1787 1619; x_wconf 88' lang='lat' dir='ltr'><strong>eorum:</strong></span> <span class='ocrx_word' id='word_1_112' title='bbox 1831 1569 1888 1619; x_wconf 89' lang='lat' dir='ltr'><strong>et</strong></span> <span class='ocrx_word' id='word_1_113' title='bbox 1916 1565 1974 1620; x_wconf 91' lang='lat' dir='ltr'><strong>in</strong></span> 
     </span>
    </p>
   </div>
   <div class='ocr_carea' id='block_1_16' title="bbox 334 1651 1975 1723">
    <p class='ocr_par' dir='ltr' id='par_1_16' title="bbox 334 1651 1975 1723">
     <span class='ocr_line' id='line_1_16' title="bbox 334 1651 1975 1723; baseline 0.001 -16"><span class='ocrx_word' id='word_1_114' title='bbox 334 1654 480 1707; x_wconf 86' lang='lat' dir='ltr'><strong>ﬂnes</strong></span> <span class='ocrx_word' id='word_1_115' title='bbox 510 1651 666 1707; x_wconf 90' lang='lat' dir='ltr'><strong>orbis</strong></span> <span class='ocrx_word' id='word_1_116' title='bbox 697 1657 861 1706; x_wconf 76' lang='lat' dir='ltr'><strong>terrae</strong></span> <span class='ocrx_word' id='word_1_117' title='bbox 893 1652 1068 1706; x_wconf 88' lang='lat' dir='ltr'><strong>verba</strong></span> <span class='ocrx_word' id='word_1_118' title='bbox 1098 1668 1363 1720; x_wconf 78' lang='lat' dir='ltr'><strong>eorum,»</strong></span> <span class='ocrx_word' id='word_1_119' title='bbox 1416 1652 1815 1723; x_wconf 87' lang='lat' dir='ltr'><strong>apostolorum</strong></span> <span class='ocrx_word' id='word_1_120' title='bbox 1865 1654 1975 1708; x_wconf 90' lang='lat' dir='ltr'><strong>sci-</strong></span> 
     </span>
    </p>
   </div>
   <div class='ocr_carea' id='block_1_17' title="bbox 333 1739 1173 1813">
    <p class='ocr_par' dir='ltr' id='par_1_17' title="bbox 333 1739 1173 1813">
     <span class='ocr_line' id='line_1_17' title="bbox 333 1739 1173 1813; baseline 0 -18"><span class='ocrx_word' id='word_1_121' title='bbox 333 1741 487 1807; x_wconf 89' lang='lat' dir='ltr'><strong>licet,</strong></span> <span class='ocrx_word' id='word_1_122' title='bbox 521 1745 694 1812; x_wconf 89' lang='lat' dir='ltr'><strong>atque</strong></span> <span class='ocrx_word' id='word_1_123' title='bbox 717 1739 1173 1813; x_wconf 85' lang='lat' dir='ltr'><strong>evangeliorum.</strong></span> 
     </span>
    </p>
   </div>
   <div class='ocr_carea' id='block_1_18' title="bbox 407 1829 1976 1901">
    <p class='ocr_par' dir='ltr' id='par_1_18' title="bbox 407 1829 1976 1901">
     <span class='ocr_line' id='line_1_18' title="bbox 407 1829 1976 1901; baseline 0.001 -17"><span class='ocrx_word' id='word_1_124' title='bbox 407 1853 435 1880; x_wconf 91' lang='grc'><strong>‹‹</strong></span> <span class='ocrx_word' id='word_1_125' title='bbox 461 1831 524 1886; x_wconf 90' lang='lat' dir='ltr'><strong>In</strong></span> <span class='ocrx_word' id='word_1_126' title='bbox 558 1829 1344 1901; x_wconf 87' lang='lat' dir='ltr'><strong>soleposuittabernaculum</strong></span> <span class='ocrx_word' id='word_1_127' title='bbox 1368 1847 1612 1884; x_wconf 86' lang='lat' dir='ltr'><strong>suum.»</strong></span> <span class='ocrx_word' id='word_1_128' title='bbox 1647 1831 1708 1884; x_wconf 91' lang='lat' dir='ltr'><strong>In</strong></span> <span class='ocrx_word' id='word_1_129' title='bbox 1741 1831 1976 1885; x_wconf 72' lang='lat' dir='ltr'><strong>Hebraeo</strong></span> 
     </span>
    </p>
   </div>
   <div class='ocr_carea' id='block_1_19' title="bbox 335 1918 1974 1988">
    <p class='ocr_par' dir='ltr' id='par_1_19' title="bbox 335 1918 1974 1988">
     <span class='ocr_line' id='line_1_19' title="bbox 335 1918 1974 1988; baseline -0.001 -14"><span class='ocrx_word' id='word_1_130' title='bbox 335 1920 415 1974; x_wconf 91' lang='lat' dir='ltr'><strong>ita</strong></span> <span class='ocrx_word' id='word_1_131' title='bbox 445 1919 694 1974; x_wconf 80' lang='lat' dir='ltr'><strong>habet:«</strong></span> <span class='ocrx_word' id='word_1_132' title='bbox 747 1918 843 1974; x_wconf 90' lang='lat' dir='ltr'><strong>Sol</strong></span> <span class='ocrx_word' id='word_1_133' title='bbox 904 1918 1100 1988; x_wconf 91' lang='lat' dir='ltr'><strong>posuit</strong></span> <span class='ocrx_word' id='word_1_134' title='bbox 1140 1918 1580 1973; x_wconf 85' lang='lat' dir='ltr'><strong>tabernaculum</strong></span> <span class='ocrx_word' id='word_1_135' title='bbox 1613 1919 1670 1972; x_wconf 86' lang='lat' dir='ltr'><strong>in</strong></span> <span class='ocrx_word' id='word_1_136' title='bbox 1718 1919 1866 1986; x_wconf 86' lang='lat' dir='ltr'><strong>eis,»</strong></span> <span class='ocrx_word' id='word_1_137' title='bbox 1916 1919 1974 1973; x_wconf 89' lang='lat' dir='ltr'><strong>id</strong></span> 
     </span>
    </p>
   </div>
   <div class='ocr_carea' id='block_1_20' title="bbox 334 2007 1976 2078">
    <p class='ocr_par' dir='ltr' id='par_1_20' title="bbox 334 2007 1976 2078">
     <span class='ocr_line' id='line_1_20' title="bbox 334 2007 1976 2078; baseline 0 -15"><span class='ocrx_word' id='word_1_138' title='bbox 334 2013 443 2078; x_wconf 91' lang='lat' dir='ltr'><strong>est,</strong></span> <span class='ocrx_word' id='word_1_139' title='bbox 476 2009 536 2061; x_wconf 92' lang='lat' dir='ltr'><strong>in</strong></span> <span class='ocrx_word' id='word_1_140' title='bbox 569 2007 747 2062; x_wconf 79' lang='lat' dir='ltr'><strong>caelis.</strong></span> <span class='ocrx_word' id='word_1_141' title='bbox 782 2007 937 2061; x_wconf 88' lang='lat' dir='ltr'><strong>Deus</strong></span> <span class='ocrx_word' id='word_1_142' title='bbox 971 2029 998 2056; x_wconf 85' lang='lat'><strong><em>«</em></strong></span> <span class='ocrx_word' id='word_1_143' title='bbox 1030 2007 1089 2060; x_wconf 92' lang='lat' dir='ltr'><strong>in</strong></span> <span class='ocrx_word' id='word_1_144' title='bbox 1122 2007 1243 2062; x_wconf 92' lang='lat' dir='ltr'><strong>sole</strong></span> <span class='ocrx_word' id='word_1_145' title='bbox 1297 2007 1491 2077; x_wconf 86' lang='lat' dir='ltr'><strong>posuit</strong></span> <span class='ocrx_word' id='word_1_146' title='bbox 1537 2008 1976 2063; x_wconf 86' lang='lat' dir='ltr'><strong>tabernaculum</strong></span> 
     </span>
    </p>
   </div>
   <div class='ocr_carea' id='block_1_21' title="bbox 336 2095 1975 2166">
    <p class='ocr_par' dir='ltr' id='par_1_21' title="bbox 336 2095 1975 2166">
     <span class='ocr_line' id='line_1_21' title="bbox 336 2095 1975 2166; baseline -0.001 -14"><span class='ocrx_word' id='word_1_147' title='bbox 336 2113 532 2164; x_wconf 88' lang='lat' dir='ltr'><strong>suum,</strong></span> <span class='ocrx_word' id='word_1_148' title='bbox 560 2100 617 2150; x_wconf 92' lang='lat' dir='ltr'><strong>et</strong></span> <span class='ocrx_word' id='word_1_149' title='bbox 645 2095 770 2166; x_wconf 90' lang='lat' dir='ltr'><strong>ipse</strong></span> <span class='ocrx_word' id='word_1_150' title='bbox 802 2104 1079 2165; x_wconf 83' lang='lat' dir='ltr'><strong>tanquam</strong></span> <span class='ocrx_word' id='word_1_151' title='bbox 1115 2113 1369 2166; x_wconf 89' lang='lat' dir='ltr'><strong>sponsus</strong></span> <span class='ocrx_word' id='word_1_152' title='bbox 1399 2097 1720 2166; x_wconf 88' lang='lat' dir='ltr'><strong>procedens</strong></span> <span class='ocrx_word' id='word_1_153' title='bbox 1752 2098 1820 2151; x_wconf 88' lang='lat' dir='ltr'><strong>de</strong></span> <span class='ocrx_word' id='word_1_154' title='bbox 1848 2097 1975 2151; x_wconf 89' lang='lat' dir='ltr'><strong>tha-</strong></span> 
     </span>
    </p>
   </div>
   <div class='ocr_carea' id='block_1_22' title="bbox 337 2183 1974 2253">
    <p class='ocr_par' dir='ltr' id='par_1_22' title="bbox 337 2183 1974 2253">
     <span class='ocr_line' id='line_1_22' title="bbox 337 2183 1974 2253; baseline 0.001 -16"><span class='ocrx_word' id='word_1_155' title='bbox 337 2184 493 2238; x_wconf 91' lang='lat' dir='ltr'><strong>lamo</strong></span> <span class='ocrx_word' id='word_1_156' title='bbox 518 2201 647 2238; x_wconf 92' lang='lat' dir='ltr'><strong>suo.</strong></span> <span class='ocrx_word' id='word_1_157' title='bbox 677 2205 704 2232; x_wconf 90' lang='grc'><strong>››</strong></span> <span class='ocrx_word' id='word_1_158' title='bbox 729 2185 790 2236; x_wconf 91' lang='lat' dir='ltr'>In</span> <span class='ocrx_word' id='word_1_159' title='bbox 814 2183 954 2251; x_wconf 86' lang='lat' dir='ltr'><strong>sole,</strong></span> <span class='ocrx_word' id='word_1_160' title='bbox 980 2184 1039 2238; x_wconf 91' lang='lat' dir='ltr'><strong>in</strong></span> <span class='ocrx_word' id='word_1_161' title='bbox 1063 2187 1226 2238; x_wconf 89' lang='lat' dir='ltr'><strong>utero</strong></span> <span class='ocrx_word' id='word_1_162' title='bbox 1249 2189 1461 2238; x_wconf 71' lang='lat' dir='ltr'><strong>sanctae</strong></span> <span class='ocrx_word' id='word_1_163' title='bbox 1485 2184 1677 2237; x_wconf 66' lang='lat' dir='ltr'><strong>Mariae</strong></span> <span class='ocrx_word' id='word_1_164' title='bbox 1703 2183 1974 2253; x_wconf 75' lang='lat' dir='ltr'><strong>Virginis.</strong></span> 
     </span>
    </p>
   </div>
   <div class='ocr_carea' id='block_1_23' title="bbox 336 2270 1980 2343">
    <p class='ocr_par' dir='ltr' id='par_1_23' title="bbox 336 2270 1980 2343">
     <span class='ocr_line' id='line_1_23' title="bbox 336 2270 1980 2343; baseline 0.002 -20"><span class='ocrx_word' id='word_1_165' title='bbox 336 2272 519 2326; x_wconf 89' lang='lat' dir='ltr'><strong>Maria</strong></span> <span class='ocrx_word' id='word_1_166' title='bbox 549 2271 966 2343; x_wconf 88' lang='lat' dir='ltr'><strong>interpretatur</strong></span> <span class='ocrx_word' id='word_1_167' title='bbox 997 2270 1167 2326; x_wconf 90' lang='lat' dir='ltr'><strong>stella</strong></span> <span class='ocrx_word' id='word_1_168' title='bbox 1197 2272 1396 2326; x_wconf 90' lang='lat' dir='ltr'><strong>maris.</strong></span> <span class='ocrx_word' id='word_1_169' title='bbox 1433 2273 1653 2327; x_wconf 90' lang='lat' dir='ltr'><strong>Lumen</strong></span> <span class='ocrx_word' id='word_1_170' title='bbox 1688 2272 1830 2326; x_wconf 89' lang='lat' dir='ltr'><strong>solis</strong></span> <span class='ocrx_word' id='word_1_171' title='bbox 1861 2289 1980 2326; x_wconf 91' lang='lat' dir='ltr'><strong>ma-</strong></span> 
     </span>
    </p>
   </div>
   <div class='ocr_carea' id='block_1_24' title="bbox 336 2359 1976 2430">
    <p class='ocr_par' dir='ltr' id='par_1_24' title="bbox 336 2359 1976 2430">
     <span class='ocr_line' id='line_1_24' title="bbox 336 2359 1976 2430; baseline 0.002 -17"><span class='ocrx_word' id='word_1_172' title='bbox 336 2361 425 2430; x_wconf 85' lang='lat' dir='ltr'><strong>gis</strong></span> <span class='ocrx_word' id='word_1_173' title='bbox 458 2361 610 2414; x_wconf 89' lang='lat' dir='ltr'><strong>lucet</strong></span> <span class='ocrx_word' id='word_1_174' title='bbox 642 2377 816 2429; x_wconf 87' lang='lat' dir='ltr'><strong>quam</strong></span> <span class='ocrx_word' id='word_1_175' title='bbox 853 2359 1178 2415; x_wconf 87' lang='lat' dir='ltr'><strong>stellarum.</strong></span> <span class='ocrx_word' id='word_1_176' title='bbox 1231 2360 1326 2415; x_wconf 90' lang='lat' dir='ltr'><strong>Sol</strong></span> <span class='ocrx_word' id='word_1_177' title='bbox 1379 2361 1624 2430; x_wconf 68' lang='lat' dir='ltr'><strong>justitiae</strong></span> <span class='ocrx_word' id='word_1_178' title='bbox 1673 2361 1976 2427; x_wconf 88' lang='lat' dir='ltr'><strong>Dominus,</strong></span> 
     </span>
    </p>
   </div>
   <div class='ocr_carea' id='block_1_25' title="bbox 336 2448 1974 2518">
    <p class='ocr_par' dir='ltr' id='par_1_25' title="bbox 336 2448 1974 2518">
     <span class='ocr_line' id='line_1_25' title="bbox 336 2448 1974 2518; baseline 0.002 -17"><span class='ocrx_word' id='word_1_179' title='bbox 336 2452 401 2502; x_wconf 91' lang='lat' dir='ltr'><strong>ut</strong></span> <span class='ocrx_word' id='word_1_180' title='bbox 419 2449 499 2501; x_wconf 85' lang='lat' dir='ltr'><strong>ait</strong></span> <span class='ocrx_word' id='word_1_181' title='bbox 521 2448 803 2518; x_wconf 87' lang='lat' dir='ltr'><strong>propheta</strong></span> <span class='ocrx_word' id='word_1_182' title='bbox 827 2467 838 2506; x_wconf 91' lang='lat'><strong>:</strong></span> <span class='ocrx_word' id='word_1_183' title='bbox 867 2452 1098 2504; x_wconf 83' lang='lat' dir='ltr'><strong>Orietur</strong></span> <span class='ocrx_word' id='word_1_184' title='bbox 1120 2450 1268 2504; x_wconf 90' lang='lat' dir='ltr'><strong>vobis</strong></span> <span class='ocrx_word' id='word_1_185' title='bbox 1320 2449 1412 2503; x_wconf 88' lang='lat' dir='ltr'><strong>Sol</strong></span> <span class='ocrx_word' id='word_1_186' title='bbox 1442 2449 1676 2516; x_wconf 68' lang='lat' dir='ltr'><strong>iustitiae</strong></span> <span class='ocrx_word' id='word_1_187' title='bbox 1725 2450 1974 2515; x_wconf 84' lang='lat' dir='ltr'><strong>(Malach.</strong></span> 
     </span>
    </p>
   </div>
   <div class='ocr_carea' id='block_1_26' title="bbox 338 2536 1976 2607">
    <p class='ocr_par' dir='ltr' id='par_1_26' title="bbox 338 2536 1976 2607">
     <span class='ocr_line' id='line_1_26' title="bbox 338 2536 1976 2607; baseline 0.001 -17"><span class='ocrx_word' id='word_1_188' title='bbox 338 2553 411 2600; x_wconf 87' lang='lat' dir='ltr'><strong>1v,</strong></span> <span class='ocrx_word' id='word_1_189' title='bbox 444 2538 497 2605; x_wconf 73' lang='lat'><strong>2)</strong></span> <span class='ocrx_word' id='word_1_190' title='bbox 529 2554 540 2590; x_wconf 90' lang='lat'><strong>:</strong></span> <span class='ocrx_word' id='word_1_191' title='bbox 577 2538 728 2607; x_wconf 91' lang='lat' dir='ltr'><strong>quod</strong></span> <span class='ocrx_word' id='word_1_192' title='bbox 761 2542 850 2591; x_wconf 88' lang='lat' dir='ltr'><strong>est</strong></span> <span class='ocrx_word' id='word_1_193' title='bbox 881 2537 1167 2591; x_wconf 89' lang='lat' dir='ltr'><strong>Christus.</strong></span> <span class='ocrx_word' id='word_1_194' title='bbox 1204 2536 1557 2591; x_wconf 86' lang='lat' dir='ltr'><strong>Illuminavit</strong></span> <span class='ocrx_word' id='word_1_195' title='bbox 1591 2537 1675 2592; x_wconf 91' lang='lat' dir='ltr'><strong>sol</strong></span> <span class='ocrx_word' id='word_1_196' title='bbox 1698 2537 1806 2592; x_wconf 86' lang='lat' dir='ltr'><strong>iste</strong></span> <span class='ocrx_word' id='word_1_197' title='bbox 1839 2538 1976 2593; x_wconf 90' lang='lat' dir='ltr'><strong>stel—</strong></span> 
     </span>
    </p>
   </div>
   <div class='ocr_carea' id='block_1_27' title="bbox 337 2623 1982 2698">
    <p class='ocr_par' dir='ltr' id='par_1_27' title="bbox 337 2623 1982 2698">
     <span class='ocr_line' id='line_1_27' title="bbox 337 2623 1982 2698; baseline 0.002 -20"><span class='ocrx_word' id='word_1_198' title='bbox 337 2625 478 2690; x_wconf 90' lang='lat' dir='ltr'><strong>lam,</strong></span> <span class='ocrx_word' id='word_1_199' title='bbox 514 2623 568 2678; x_wconf 90' lang='lat' dir='ltr'><strong>id</strong></span> <span class='ocrx_word' id='word_1_200' title='bbox 603 2629 690 2678; x_wconf 89' lang='lat' dir='ltr'><strong>est</strong></span> <span class='ocrx_word' id='word_1_201' title='bbox 720 2625 982 2694; x_wconf 90' lang='lat' dir='ltr'><strong>Mariam,</strong></span> <span class='ocrx_word' id='word_1_202' title='bbox 1019 2631 1080 2679; x_wconf 93' lang='lat' dir='ltr'><strong>ut</strong></span> <span class='ocrx_word' id='word_1_203' title='bbox 1110 2631 1263 2681; x_wconf 89' lang='lat' dir='ltr'><strong>esset</strong></span> <span class='ocrx_word' id='word_1_204' title='bbox 1295 2627 1447 2680; x_wconf 88' lang='lat' dir='ltr'><strong>sicut</strong></span> <span class='ocrx_word' id='word_1_205' title='bbox 1478 2625 1587 2681; x_wconf 92' lang='lat' dir='ltr'><strong>sol.</strong></span> <span class='ocrx_word' id='word_1_206' title='bbox 1623 2628 1753 2681; x_wconf 92' lang='lat' dir='ltr'><strong>Ideo</strong></span> <span class='ocrx_word' id='word_1_207' title='bbox 1787 2627 1982 2698; x_wconf 88' lang='lat' dir='ltr'><strong>posuit</strong></span> 
     </span>
    </p>
   </div>
   <div class='ocr_carea' id='block_1_28' title="bbox 338 2713 1980 2785">
    <p class='ocr_par' dir='ltr' id='par_1_28' title="bbox 338 2713 1980 2785">
     <span class='ocr_line' id='line_1_28' title="bbox 338 2713 1980 2785; baseline 0.002 -19"><span class='ocrx_word' id='word_1_208' title='bbox 338 2713 779 2767; x_wconf 88' lang='lat' dir='ltr'><strong>tabernaculum</strong></span> <span class='ocrx_word' id='word_1_209' title='bbox 813 2730 985 2767; x_wconf 91' lang='lat' dir='ltr'><strong>suum</strong></span> <span class='ocrx_word' id='word_1_210' title='bbox 1019 2714 1075 2767; x_wconf 91' lang='lat' dir='ltr'><strong>in</strong></span> <span class='ocrx_word' id='word_1_211' title='bbox 1105 2713 1246 2779; x_wconf 91' lang='lat' dir='ltr'><strong>sole,</strong></span> <span class='ocrx_word' id='word_1_212' title='bbox 1273 2715 1503 2784; x_wconf 86' lang='lat' dir='ltr'><strong>quando</strong></span> <span class='ocrx_word' id='word_1_213' title='bbox 1526 2731 1736 2785; x_wconf 89' lang='lat' dir='ltr'><strong>corpus</strong></span> <span class='ocrx_word' id='word_1_214' title='bbox 1758 2733 1980 2770; x_wconf 88' lang='lat' dir='ltr'><strong>assum-</strong></span> 
     </span>
    </p>
   </div>
   <div class='ocr_carea' id='block_1_29' title="bbox 338 2801 1978 2874">
    <p class='ocr_par' dir='ltr' id='par_1_29' title="bbox 338 2801 1978 2874">
     <span class='ocr_line' id='line_1_29' title="bbox 338 2801 1978 2874; baseline 0.002 -19"><span class='ocrx_word' id='word_1_215' title='bbox 338 2801 456 2872; x_wconf 91' lang='lat' dir='ltr'><strong>psit</strong></span> <span class='ocrx_word' id='word_1_216' title='bbox 485 2802 554 2855; x_wconf 92' lang='lat' dir='ltr'><strong>de</strong></span> <span class='ocrx_word' id='word_1_217' title='bbox 587 2804 749 2855; x_wconf 89' lang='lat' dir='ltr'><strong>utero</strong></span> <span class='ocrx_word' id='word_1_218' title='bbox 781 2817 907 2855; x_wconf 88' lang='lat' dir='ltr'><strong>suo.</strong></span> <span class='ocrx_word' id='word_1_219' title='bbox 937 2823 963 2850; x_wconf 76' lang='grc' dir='ltr'><strong>ι(</strong></span> <span class='ocrx_word' id='word_1_220' title='bbox 994 2803 1062 2855; x_wconf 88' lang='lat' dir='ltr'><strong>Et</strong></span> <span class='ocrx_word' id='word_1_221' title='bbox 1092 2801 1218 2873; x_wconf 90' lang='lat' dir='ltr'><strong>ipse</strong></span> <span class='ocrx_word' id='word_1_222' title='bbox 1247 2808 1529 2872; x_wconf 87' lang='lat' dir='ltr'><strong>tanquam</strong></span> <span class='ocrx_word' id='word_1_223' title='bbox 1563 2820 1816 2874; x_wconf 91' lang='lat' dir='ltr'><strong>sponsus</strong></span> <span class='ocrx_word' id='word_1_224' title='bbox 1848 2821 1978 2874; x_wconf 88' lang='lat' dir='ltr'><strong>pro-</strong></span> 
     </span>
    </p>
   </div>
   <div class='ocr_carea' id='block_1_30' title="bbox 339 2889 1974 2960">
    <p class='ocr_par' dir='ltr' id='par_1_30' title="bbox 339 2889 1974 2960">
     <span class='ocr_line' id='line_1_30' title="bbox 339 2889 1974 2960; baseline 0.002 -16"><span class='ocrx_word' id='word_1_225' title='bbox 339 2891 550 2945; x_wconf 90' lang='lat' dir='ltr'><strong>cedens</strong></span> <span class='ocrx_word' id='word_1_226' title='bbox 580 2890 650 2943; x_wconf 91' lang='lat' dir='ltr'><strong>de</strong></span> <span class='ocrx_word' id='word_1_227' title='bbox 682 2889 939 2944; x_wconf 88' lang='lat' dir='ltr'><strong>thalamo</strong></span> <span class='ocrx_word' id='word_1_228' title='bbox 970 2906 1096 2946; x_wconf 91' lang='lat' dir='ltr'><strong>suo.</strong></span> <span class='ocrx_word' id='word_1_229' title='bbox 1124 2915 1144 2941; x_wconf 71' lang='grc' dir='ltr'><strong>υ</strong></span> <span class='ocrx_word' id='word_1_230' title='bbox 1183 2894 1466 2960; x_wconf 89' lang='lat' dir='ltr'><strong>Sponsus,</strong></span> <span class='ocrx_word' id='word_1_231' title='bbox 1488 2892 1730 2946; x_wconf 89' lang='lat' dir='ltr'><strong>verbum</strong></span> <span class='ocrx_word' id='word_1_232' title='bbox 1753 2892 1974 2947; x_wconf 85' lang='lat' dir='ltr'><strong>Patris:</strong></span> 
     </span>
    </p>
   </div>
   <div class='ocr_carea' id='block_1_31' title="bbox 338 2978 1979 3051">
    <p class='ocr_par' dir='ltr' id='par_1_31' title="bbox 338 2978 1979 3051">
     <span class='ocr_line' id='line_1_31' title="bbox 338 2978 1979 3051; baseline 0.002 -19"><span class='ocrx_word' id='word_1_233' title='bbox 338 2995 697 3048; x_wconf 89' lang='lat' dir='ltr'><strong>sponsacaro</strong></span> <span class='ocrx_word' id='word_1_234' title='bbox 722 2978 998 3032; x_wconf 88' lang='lat' dir='ltr'><strong>humana:</strong></span> <span class='ocrx_word' id='word_1_235' title='bbox 1015 2996 1148 3034; x_wconf 92' lang='lat' dir='ltr'><strong>cum</strong></span> <span class='ocrx_word' id='word_1_236' title='bbox 1176 2996 1290 3050; x_wconf 89' lang='lat' dir='ltr'><strong>qua</strong></span> <span class='ocrx_word' id='word_1_237' title='bbox 1313 2980 1382 3033; x_wconf 92' lang='lat' dir='ltr'><strong>de</strong></span> <span class='ocrx_word' id='word_1_238' title='bbox 1397 2979 1654 3034; x_wconf 89' lang='lat' dir='ltr'><strong>thalamo</strong></span> <span class='ocrx_word' id='word_1_239' title='bbox 1679 2981 1979 3051; x_wconf 89' lang='lat' dir='ltr'><strong>processit,</strong></span> 
     </span>
    </p>
   </div>
   <div class='ocr_carea' id='block_1_32' title="bbox 336 3067 1981 3140">
    <p class='ocr_par' dir='ltr' id='par_1_32' title="bbox 336 3067 1981 3140">
     <span class='ocr_line' id='line_1_32' title="bbox 336 3067 1981 3140; baseline 0.002 -20"><span class='ocrx_word' id='word_1_240' title='bbox 336 3067 396 3120; x_wconf 93' lang='lat' dir='ltr'><strong>id</strong></span> <span class='ocrx_word' id='word_1_241' title='bbox 428 3072 534 3136; x_wconf 91' lang='lat' dir='ltr'><strong>est,</strong></span> <span class='ocrx_word' id='word_1_242' title='bbox 569 3068 640 3121; x_wconf 92' lang='lat' dir='ltr'><strong>de</strong></span> <span class='ocrx_word' id='word_1_243' title='bbox 672 3072 834 3122; x_wconf 90' lang='lat' dir='ltr'><strong>utero</strong></span> <span class='ocrx_word' id='word_1_244' title='bbox 865 3067 1143 3139; x_wconf 83' lang='lat' dir='ltr'><strong>Virginis.</strong></span> <span class='ocrx_word' id='word_1_245' title='bbox 1177 3089 1203 3119; x_wconf 72' lang='grc' dir='ltr'><strong>η</strong></span> <span class='ocrx_word' id='word_1_246' title='bbox 1254 3068 1544 3122; x_wconf 87' lang='lat' dir='ltr'><strong>Exultavit</strong></span> <span class='ocrx_word' id='word_1_247' title='bbox 1576 3073 1642 3123; x_wconf 92' lang='lat' dir='ltr'><strong>ut</strong></span> <span class='ocrx_word' id='word_1_248' title='bbox 1697 3069 1861 3140; x_wconf 84' lang='lat' dir='ltr'><strong>gigas</strong></span> <span class='ocrx_word' id='word_1_249' title='bbox 1909 3071 1981 3124; x_wconf 89' lang='lat' dir='ltr'><strong>ad</strong></span> 
     </span>
    </p>
   </div>
   <div class='ocr_carea' id='block_1_33' title="bbox 338 3156 1982 3228">
    <p class='ocr_par' dir='ltr' id='par_1_33' title="bbox 338 3156 1982 3228">
     <span class='ocr_line' id='line_1_33' title="bbox 338 3156 1982 3228; baseline 0.002 -19"><span class='ocrx_word' id='word_1_250' title='bbox 338 3156 687 3210; x_wconf 89' lang='lat' dir='ltr'><strong>currendam</strong></span> <span class='ocrx_word' id='word_1_251' title='bbox 748 3156 977 3211; x_wconf 79' lang='lat' dir='ltr'><strong>viam.»</strong></span> <span class='ocrx_word' id='word_1_252' title='bbox 1019 3156 1123 3210; x_wconf 89' lang='lat' dir='ltr'><strong>Per</strong></span> <span class='ocrx_word' id='word_1_253' title='bbox 1179 3156 1362 3211; x_wconf 91' lang='lat' dir='ltr'><strong>solem</strong></span> <span class='ocrx_word' id='word_1_254' title='bbox 1416 3157 1656 3228; x_wconf 84' lang='lat' dir='ltr'><strong>mystice</strong></span> <span class='ocrx_word' id='word_1_255' title='bbox 1714 3157 1982 3212; x_wconf 87' lang='lat' dir='ltr'><strong>Christus</strong></span> 
     </span>
    </p>
   </div>
   <div class='ocr_carea' id='block_1_34' title="bbox 337 3243 1981 3316">
    <p class='ocr_par' dir='ltr' id='par_1_34' title="bbox 337 3243 1981 3316">
     <span class='ocr_line' id='line_1_34' title="bbox 337 3243 1981 3316; baseline 0.002 -19"><span class='ocrx_word' id='word_1_256' title='bbox 337 3243 703 3315; x_wconf 88' lang='lat' dir='ltr'><strong>intelligitur.</strong></span> <span class='ocrx_word' id='word_1_257' title='bbox 744 3266 769 3290; x_wconf 78' lang='lat' dir='ltr'><strong>n</strong></span> <span class='ocrx_word' id='word_1_258' title='bbox 817 3244 1106 3298; x_wconf 89' lang='lat' dir='ltr'><strong>Exultavit</strong></span> <span class='ocrx_word' id='word_1_259' title='bbox 1155 3249 1220 3298; x_wconf 90' lang='lat' dir='ltr'><strong>ut</strong></span> <span class='ocrx_word' id='word_1_260' title='bbox 1274 3244 1438 3316; x_wconf 86' lang='lat' dir='ltr'><strong>gigas</strong></span> <span class='ocrx_word' id='word_1_261' title='bbox 1504 3246 1574 3299; x_wconf 88' lang='lat' dir='ltr'><strong>ad</strong></span> <span class='ocrx_word' id='word_1_262' title='bbox 1630 3245 1981 3300; x_wconf 88' lang='lat' dir='ltr'><strong>currendam</strong></span> 
     </span>
    </p>
   </div>
   <div class='ocr_carea' id='block_1_35' title="bbox 2091 681 3726 753">
    <p class='ocr_par' dir='ltr' id='par_1_35' title="bbox 2091 681 3726 753">
     <span class='ocr_line' id='line_1_35' title="bbox 2091 681 3726 753; baseline 0 -19"><span class='ocrx_word' id='word_1_263' title='bbox 2091 682 2227 752; x_wconf 85' lang='lat' dir='ltr'><strong>quia</strong></span> <span class='ocrx_word' id='word_1_264' title='bbox 2250 682 2425 736; x_wconf 87' lang='lat' dir='ltr'><strong>dixit:</strong></span> <span class='ocrx_word' id='word_1_265' title='bbox 2453 684 2652 736; x_wconf 84' lang='lat' dir='ltr'><strong>Discite</strong></span> <span class='ocrx_word' id='word_1_266' title='bbox 2678 700 2710 736; x_wconf 89' lang='lat' dir='ltr'><strong>a</strong></span> <span class='ocrx_word' id='word_1_267' title='bbox 2739 698 2825 735; x_wconf 89' lang='lat' dir='ltr'><strong>me</strong></span> <span class='ocrx_word' id='word_1_268' title='bbox 2853 683 2985 753; x_wconf 89' lang='lat' dir='ltr'><strong>quia</strong></span> <span class='ocrx_word' id='word_1_269' title='bbox 3034 683 3183 736; x_wconf 84' lang='lat' dir='ltr'><strong>milis</strong></span> <span class='ocrx_word' id='word_1_270' title='bbox 3233 698 3354 735; x_wconf 89' lang='lat' dir='ltr'><strong>sum</strong></span> <span class='ocrx_word' id='word_1_271' title='bbox 3397 685 3450 734; x_wconf 87' lang='lat' dir='ltr'><strong>et</strong></span> <span class='ocrx_word' id='word_1_272' title='bbox 3501 681 3726 735; x_wconf 76' lang='lat' dir='ltr'><strong>humilis</strong></span> 
     </span>
    </p>
   </div>
   <div class='ocr_carea' id='block_1_36' title="bbox 2088 770 3722 840">
    <p class='ocr_par' dir='ltr' id='par_1_36' title="bbox 2088 770 3722 840">
     <span class='ocr_line' id='line_1_36' title="bbox 2088 770 3722 840; baseline 0.001 -17"><span class='ocrx_word' id='word_1_273' title='bbox 2088 770 2261 838; x_wconf 86' lang='lat' dir='ltr'><strong>corde,</strong></span> <span class='ocrx_word' id='word_1_274' title='bbox 2304 779 2355 824; x_wconf 81' lang='lat' dir='ltr'><strong>et</strong></span> <span class='ocrx_word' id='word_1_275' title='bbox 2386 772 2672 826; x_wconf 76' lang='lat' dir='ltr'><strong>invenietis</strong></span> <span class='ocrx_word' id='word_1_276' title='bbox 2701 773 2944 840; x_wconf 84' lang='lat' dir='ltr'><strong>requiem</strong></span> <span class='ocrx_word' id='word_1_277' title='bbox 2970 771 3262 824; x_wconf 84' lang='lat' dir='ltr'><strong>animabus</strong></span> <span class='ocrx_word' id='word_1_278' title='bbox 3291 772 3478 824; x_wconf 78' lang='lat' dir='ltr'><strong>vestris</strong></span> <span class='ocrx_word' id='word_1_279' title='bbox 3509 770 3722 839; x_wconf 82' lang='lat' dir='ltr'><strong>(Matth.</strong></span> 
     </span>
    </p>
   </div>
   <div class='ocr_carea' id='block_1_37' title="bbox 2086 859 3725 930">
    <p class='ocr_par' dir='ltr' id='par_1_37' title="bbox 2086 859 3725 930">
     <span class='ocr_line' id='line_1_37' title="bbox 2086 859 3725 930; baseline -0.001 -18"><span class='ocrx_word' id='word_1_280' title='bbox 2086 876 2164 921; x_wconf 78' lang='lat' dir='ltr'><strong>x1,</strong></span> <span class='ocrx_word' id='word_1_281' title='bbox 2213 860 2350 930; x_wconf 84' lang='lat'>29)?</span> <span class='ocrx_word' id='word_1_282' title='bbox 2400 859 2602 924; x_wconf 82' lang='lat' dir='ltr'><strong>Fidele,</strong></span> <span class='ocrx_word' id='word_1_283' title='bbox 2655 859 2794 930; x_wconf 90' lang='lat' dir='ltr'><strong>quia</strong></span> <span class='ocrx_word' id='word_1_284' title='bbox 2850 875 2964 912; x_wconf 92' lang='lat' dir='ltr'><strong>non</strong></span> <span class='ocrx_word' id='word_1_285' title='bbox 3024 859 3323 913; x_wconf 90' lang='lat' dir='ltr'><strong>mentitur.</strong></span> <span class='ocrx_word' id='word_1_286' title='bbox 3382 859 3725 928; x_wconf 84' lang='lat' dir='ltr'><strong>Sapientiam</strong></span> 
     </span>
    </p>
   </div>
   <div class='ocr_carea' id='block_1_38' title="bbox 2085 946 3724 1018">
    <p class='ocr_par' dir='ltr' id='par_1_38' title="bbox 2085 946 3724 1018">
     <span class='ocr_line' id='line_1_38' title="bbox 2085 946 3724 1018; baseline 0.001 -18"><span class='ocrx_word' id='word_1_287' title='bbox 2085 951 2355 1018; x_wconf 68' lang='lat' dir='ltr'><strong>praestans</strong></span> <span class='ocrx_word' id='word_1_288' title='bbox 2373 949 2643 1018; x_wconf 80' lang='lat' dir='ltr'><strong>parvulis,</strong></span> <span class='ocrx_word' id='word_1_289' title='bbox 2679 946 2936 1017; x_wconf 85' lang='lat' dir='ltr'><strong>parvulis</strong></span> <span class='ocrx_word' id='word_1_290' title='bbox 2967 964 3080 1002; x_wconf 91' lang='lat' dir='ltr'><strong>non</strong></span> <span class='ocrx_word' id='word_1_291' title='bbox 3131 964 3330 1009; x_wconf 88' lang='lat' dir='ltr'><strong>sensu,</strong></span> <span class='ocrx_word' id='word_1_292' title='bbox 3378 947 3477 1001; x_wconf 89' lang='lat' dir='ltr'><strong>sed</strong></span> <span class='ocrx_word' id='word_1_293' title='bbox 3529 947 3724 1001; x_wconf 89' lang='lat' dir='ltr'><strong>humi-</strong></span> 
     </span>
    </p>
   </div>
   <div class='ocr_carea' id='block_1_39' title="bbox 2083 1035 3724 1106">
    <p class='ocr_par' dir='ltr' id='par_1_39' title="bbox 2083 1035 3724 1106">
     <span class='ocr_line' id='line_1_39' title="bbox 2083 1035 3724 1106; baseline 0.001 -17"><span class='ocrx_word' id='word_1_294' title='bbox 2083 1040 2220 1090; x_wconf 88' lang='lat' dir='ltr'><strong>tate.</strong></span> <span class='ocrx_word' id='word_1_295' title='bbox 2256 1036 2413 1090; x_wconf 90' lang='lat' dir='ltr'><strong>Unde</strong></span> <span class='ocrx_word' id='word_1_296' title='bbox 2447 1037 2728 1106; x_wconf 90' lang='lat' dir='ltr'><strong>scriptum</strong></span> <span class='ocrx_word' id='word_1_297' title='bbox 2777 1044 2906 1090; x_wconf 87' lang='lat' dir='ltr'><strong>est:</strong></span> <span class='ocrx_word' id='word_1_298' title='bbox 2962 1037 3102 1102; x_wconf 83' lang='lat' dir='ltr'><strong>Quia</strong></span> <span class='ocrx_word' id='word_1_299' title='bbox 3145 1035 3475 1091; x_wconf 81' lang='lat' dir='ltr'><strong>abscondisti</strong></span> <span class='ocrx_word' id='word_1_300' title='bbox 3525 1037 3642 1092; x_wconf 53' lang='lat' dir='ltr'><strong>hac</strong></span> <span class='ocrx_word' id='word_1_301' title='bbox 3689 1053 3724 1090; x_wconf 87' lang='lat' dir='ltr'><strong>a</strong></span> 
     </span>
    </p>
   </div>
   <div class='ocr_carea' id='block_1_40' title="bbox 2082 1125 3725 1196">
    <p class='ocr_par' dir='ltr' id='par_1_40' title="bbox 2082 1125 3725 1196">
     <span class='ocr_line' id='line_1_40' title="bbox 2082 1125 3725 1196; baseline 0 -18"><span class='ocrx_word' id='word_1_302' title='bbox 2082 1125 2414 1194; x_wconf 78' lang='lat' dir='ltr'><strong>sapientibus</strong></span> <span class='ocrx_word' id='word_1_303' title='bbox 2443 1132 2494 1178; x_wconf 90' lang='lat' dir='ltr'><strong>et</strong></span> <span class='ocrx_word' id='word_1_304' title='bbox 2518 1125 2898 1196; x_wconf 76' lang='lat' dir='ltr'><strong>prudentibus,</strong></span> <span class='ocrx_word' id='word_1_305' title='bbox 2949 1133 3001 1178; x_wconf 87' lang='lat' dir='ltr'><strong>et</strong></span> <span class='ocrx_word' id='word_1_306' title='bbox 3048 1125 3304 1178; x_wconf 78' lang='lat' dir='ltr'><strong>revetasti</strong></span> <span class='ocrx_word' id='word_1_307' title='bbox 3352 1141 3417 1178; x_wconf 84' lang='lat' dir='ltr'><strong>ea</strong></span> <span class='ocrx_word' id='word_1_308' title='bbox 3471 1126 3725 1196; x_wconf 82' lang='lat' dir='ltr'><strong>parvulis</strong></span> 
     </span>
    </p>
   </div>
   <div class='ocr_carea' id='block_1_41' title="bbox 2086 1213 2548 1282">
    <p class='ocr_par' dir='ltr' id='par_1_41' title="bbox 2086 1213 2548 1282">
     <span class='ocr_line' id='line_1_41' title="bbox 2086 1213 2548 1282; baseline 0 -16"><span class='ocrx_word' id='word_1_309' title='bbox 2086 1213 2294 1282; x_wconf 78' lang='lat' dir='ltr'><strong>(Matth.</strong></span> <span class='ocrx_word' id='word_1_310' title='bbox 2327 1231 2404 1279; x_wconf 83' lang='lat' dir='ltr'><strong>x1,</strong></span> <span class='ocrx_word' id='word_1_311' title='bbox 2437 1213 2548 1282; x_wconf 83' lang='lat'><strong>25).</strong></span> 
     </span>
    </p>
   </div>
   <div class='ocr_carea' id='block_1_42' title="bbox 2159 1300 3723 1368">
    <p class='ocr_par' dir='ltr' id='par_1_42' title="bbox 2159 1300 3723 1368">
     <span class='ocr_line' id='line_1_42' title="bbox 2159 1300 3723 1368; baseline -0.003 -14"><span class='ocrx_word' id='word_1_312' title='bbox 2159 1324 2185 1348; x_wconf 83' lang='lat'><strong><em>«</em></strong></span> <span class='ocrx_word' id='word_1_313' title='bbox 2217 1301 2470 1355; x_wconf 68' lang='lat' dir='ltr'><strong>Justitia:</strong></span> <span class='ocrx_word' id='word_1_314' title='bbox 2522 1301 2746 1355; x_wconf 89' lang='lat' dir='ltr'><strong>Domini</strong></span> <span class='ocrx_word' id='word_1_315' title='bbox 2809 1305 2998 1364; x_wconf 77' lang='lat' dir='ltr'><strong>rectas,</strong></span> <span class='ocrx_word' id='word_1_316' title='bbox 3045 1300 3402 1356; x_wconf 70' lang='lat' dir='ltr'><strong>lietiticantes</strong></span> <span class='ocrx_word' id='word_1_317' title='bbox 3474 1303 3723 1368; x_wconf 83' lang='lat' dir='ltr'><strong>corda,»</strong></span> 
     </span>
    </p>
   </div>
   <div class='ocr_carea' id='block_1_43' title="bbox 2085 1389 3724 1460">
    <p class='ocr_par' dir='ltr' id='par_1_43' title="bbox 2085 1389 3724 1460">
     <span class='ocr_line' id='line_1_43' title="bbox 2085 1389 3724 1460; baseline -0.001 -16"><span class='ocrx_word' id='word_1_318' title='bbox 2085 1389 2354 1454; x_wconf 66' lang='lat' dir='ltr'><strong>Justitiaa,</strong></span> <span class='ocrx_word' id='word_1_319' title='bbox 2388 1390 2442 1442; x_wconf 93' lang='lat' dir='ltr'><strong>id</strong></span> <span class='ocrx_word' id='word_1_320' title='bbox 2474 1395 2560 1443; x_wconf 90' lang='lat' dir='ltr'><strong>est</strong></span> <span class='ocrx_word' id='word_1_321' title='bbox 2593 1389 2852 1459; x_wconf 81' lang='lat' dir='ltr'><strong>judicia:</strong></span> <span class='ocrx_word' id='word_1_322' title='bbox 2890 1392 3103 1445; x_wconf 63' lang='lat' dir='ltr'><strong>Reetw:</strong></span> <span class='ocrx_word' id='word_1_323' title='bbox 3136 1389 3274 1460; x_wconf 89' lang='lat' dir='ltr'><strong>quia</strong></span> <span class='ocrx_word' id='word_1_324' title='bbox 3303 1395 3454 1443; x_wconf 88' lang='lat' dir='ltr'><strong>recte</strong></span> <span class='ocrx_word' id='word_1_325' title='bbox 3498 1390 3724 1458; x_wconf 89' lang='lat' dir='ltr'><strong>judicat</strong></span> 
     </span>
    </p>
   </div>
   <div class='ocr_carea' id='block_1_44' title="bbox 2091 1475 3719 1546">
    <p class='ocr_par' dir='ltr' id='par_1_44' title="bbox 2091 1475 3719 1546">
     <span class='ocr_line' id='line_1_44' title="bbox 2091 1475 3719 1546; baseline 0.002 -17"><span class='ocrx_word' id='word_1_326' title='bbox 2091 1475 2263 1540; x_wconf 88' lang='lat' dir='ltr'><strong>Deus,</strong></span> <span class='ocrx_word' id='word_1_327' title='bbox 2306 1481 2363 1530; x_wconf 91' lang='lat' dir='ltr'><strong>et</strong></span> <span class='ocrx_word' id='word_1_328' title='bbox 2381 1494 2414 1530; x_wconf 90' lang='lat' dir='ltr'><strong>a</strong></span> <span class='ocrx_word' id='word_1_329' title='bbox 2435 1477 2606 1531; x_wconf 90' lang='lat' dir='ltr'><strong>rectis</strong></span> <span class='ocrx_word' id='word_1_330' title='bbox 2628 1483 2784 1531; x_wconf 89' lang='lat' dir='ltr'><strong>recta</strong></span> <span class='ocrx_word' id='word_1_331' title='bbox 2808 1477 3116 1531; x_wconf 88' lang='lat' dir='ltr'><strong>habentur.</strong></span> <span class='ocrx_word' id='word_1_332' title='bbox 3153 1478 3512 1546; x_wconf 59' lang='lat' dir='ltr'><strong>Letiﬁcantes</strong></span> <span class='ocrx_word' id='word_1_333' title='bbox 3531 1478 3719 1541; x_wconf 85' lang='lat' dir='ltr'><strong>corda,</strong></span> 
     </span>
    </p>
   </div>
   <div class='ocr_carea' id='block_1_45' title="bbox 2089 1565 3724 1635">
    <p class='ocr_par' dir='ltr' id='par_1_45' title="bbox 2089 1565 3724 1635">
     <span class='ocr_line' id='line_1_45' title="bbox 2089 1565 3724 1635; baseline 0.002 -18"><span class='ocrx_word' id='word_1_334' title='bbox 2089 1565 2316 1619; x_wconf 89' lang='lat' dir='ltr'><strong>animas</strong></span> <span class='ocrx_word' id='word_1_335' title='bbox 2339 1570 2694 1619; x_wconf 89' lang='lat' dir='ltr'><strong>sanctorum.</strong></span> <span class='ocrx_word' id='word_1_336' title='bbox 2727 1566 3123 1635; x_wconf 79' lang='lat' dir='ltr'><strong>«Praeceptum</strong></span> <span class='ocrx_word' id='word_1_337' title='bbox 3145 1565 3369 1620; x_wconf 87' lang='lat' dir='ltr'><strong>Domini</strong></span> <span class='ocrx_word' id='word_1_338' title='bbox 3393 1565 3672 1628; x_wconf 88' lang='lat' dir='ltr'><strong>lucidum,</strong></span> <span class='ocrx_word' id='word_1_339' title='bbox 3695 1587 3724 1614; x_wconf 85' lang='lat'>»</span> 
     </span>
    </p>
   </div>
   <div class='ocr_carea' id='block_1_46' title="bbox 2087 1652 3725 1723">
    <p class='ocr_par' dir='ltr' id='par_1_46' title="bbox 2087 1652 3725 1723">
     <span class='ocr_line' id='line_1_46' title="bbox 2087 1652 3725 1723; baseline 0.001 -17"><span class='ocrx_word' id='word_1_340' title='bbox 2087 1652 2308 1707; x_wconf 91' lang='lat' dir='ltr'><strong>Novum</strong></span> <span class='ocrx_word' id='word_1_341' title='bbox 2342 1655 2801 1707; x_wconf 87' lang='lat' dir='ltr'><strong>Testamentum.</strong></span> <span class='ocrx_word' id='word_1_342' title='bbox 2857 1676 2882 1702; x_wconf 77' lang='grc' dir='ltr'>α</span> <span class='ocrx_word' id='word_1_343' title='bbox 2911 1653 3260 1708; x_wconf 91' lang='lat' dir='ltr'><strong>llluminans</strong></span> <span class='ocrx_word' id='word_1_344' title='bbox 3289 1653 3508 1723; x_wconf 85' lang='lat' dir='ltr'><strong>oculos,</strong></span> <span class='ocrx_word' id='word_1_345' title='bbox 3534 1676 3560 1701; x_wconf 87' lang='grc'><strong>››</strong></span> <span class='ocrx_word' id='word_1_346' title='bbox 3616 1653 3725 1708; x_wconf 85' lang='lat' dir='ltr'><strong>hoc</strong></span> 
     </span>
    </p>
   </div>
   <div class='ocr_carea' id='block_1_47' title="bbox 2091 1741 3725 1813">
    <p class='ocr_par' dir='ltr' id='par_1_47' title="bbox 2091 1741 3725 1813">
     <span class='ocr_line' id='line_1_47' title="bbox 2091 1741 3725 1813; baseline -0.001 -15"><span class='ocrx_word' id='word_1_347' title='bbox 2091 1745 2180 1798; x_wconf 91' lang='lat' dir='ltr'><strong>est</strong></span> <span class='ocrx_word' id='word_1_348' title='bbox 2211 1741 2408 1797; x_wconf 92' lang='lat' dir='ltr'><strong>oculos</strong></span> <span class='ocrx_word' id='word_1_349' title='bbox 2435 1742 2645 1797; x_wconf 88' lang='lat' dir='ltr'><strong>cordis.</strong></span> <span class='ocrx_word' id='word_1_350' title='bbox 2672 1763 2699 1790; x_wconf 94' lang='grc'><strong>‹‹</strong></span> <span class='ocrx_word' id='word_1_351' title='bbox 2734 1742 2932 1796; x_wconf 84' lang='lat' dir='ltr'><strong>Timor</strong></span> <span class='ocrx_word' id='word_1_352' title='bbox 2963 1742 3190 1797; x_wconf 89' lang='lat' dir='ltr'><strong>Domini</strong></span> <span class='ocrx_word' id='word_1_353' title='bbox 3223 1747 3458 1797; x_wconf 86' lang='lat' dir='ltr'><strong>sanctus</strong></span> <span class='ocrx_word' id='word_1_354' title='bbox 3499 1758 3725 1813; x_wconf 87' lang='lat' dir='ltr'><strong>perma-</strong></span> 
     </span>
    </p>
   </div>
   <div class='ocr_carea' id='block_1_48' title="bbox 2089 1830 3721 1886">
    <p class='ocr_par' dir='ltr' id='par_1_48' title="bbox 2089 1830 3721 1886">
     <span class='ocr_line' id='line_1_48' title="bbox 2089 1830 3721 1886; baseline -0.001 -1"><span class='ocrx_word' id='word_1_355' title='bbox 2089 1837 2188 1886; x_wconf 91' lang='lat' dir='ltr'><strong>net</strong></span> <span class='ocrx_word' id='word_1_356' title='bbox 2216 1832 2274 1885; x_wconf 93' lang='lat' dir='ltr'><strong>in</strong></span> <span class='ocrx_word' id='word_1_357' title='bbox 2309 1831 2586 1886; x_wconf 81' lang='lat' dir='ltr'><strong>saeculum</strong></span> <span class='ocrx_word' id='word_1_358' title='bbox 2646 1831 2920 1886; x_wconf 58' lang='lat' dir='ltr'><strong>saculi.»</strong></span> <span class='ocrx_word' id='word_1_359' title='bbox 2974 1831 3174 1886; x_wconf 90' lang='lat' dir='ltr'><strong>Timor</strong></span> <span class='ocrx_word' id='word_1_360' title='bbox 3222 1847 3353 1885; x_wconf 91' lang='lat' dir='ltr'><strong>cum</strong></span> <span class='ocrx_word' id='word_1_361' title='bbox 3407 1830 3721 1885; x_wconf 84' lang='lat' dir='ltr'><strong>charitale:</strong></span> 
     </span>
    </p>
   </div>
   <div class='ocr_carea' id='block_1_49' title="bbox 2089 1919 3728 1992">
    <p class='ocr_par' dir='ltr' id='par_1_49' title="bbox 2089 1919 3728 1992">
     <span class='ocr_line' id='line_1_49' title="bbox 2089 1919 3728 1992; baseline -0.001 -18"><span class='ocrx_word' id='word_1_362' title='bbox 2089 1920 2251 1975; x_wconf 90' lang='lat' dir='ltr'><strong>Unde</strong></span> <span class='ocrx_word' id='word_1_363' title='bbox 2280 1919 2458 1974; x_wconf 83' lang='lat' dir='ltr'><strong>dixit:</strong></span> <span class='ocrx_word' id='word_1_364' title='bbox 2496 1922 2739 1991; x_wconf 81' lang='lat' dir='ltr'><strong>Perfecta</strong></span> <span class='ocrx_word' id='word_1_365' title='bbox 2777 1920 3023 1976; x_wconf 81' lang='lat' dir='ltr'><strong>charitas</strong></span> <span class='ocrx_word' id='word_1_366' title='bbox 3051 1920 3204 1992; x_wconf 83' lang='lat' dir='ltr'><strong>foras</strong></span> <span class='ocrx_word' id='word_1_367' title='bbox 3247 1921 3418 1974; x_wconf 78' lang='lat' dir='ltr'><strong>mittit</strong></span> <span class='ocrx_word' id='word_1_368' title='bbox 3475 1921 3728 1973; x_wconf 83' lang='lat' dir='ltr'><strong>timorem</strong></span> 
     </span>
    </p>
   </div>
   <div class='ocr_carea' id='block_1_50' title="bbox 2089 2008 3728 2079">
    <p class='ocr_par' dir='ltr' id='par_1_50' title="bbox 2089 2008 3728 2079">
     <span class='ocr_line' id='line_1_50' title="bbox 2089 2008 3728 2079; baseline -0.003 -15"><span class='ocrx_word' id='word_1_369' title='bbox 2089 2009 2137 2079; x_wconf 89' lang='grc'><strong>(1</strong></span> <span class='ocrx_word' id='word_1_370' title='bbox 2166 2011 2340 2064; x_wconf 81' lang='lat' dir='ltr'><strong>Joam.</strong></span> <span class='ocrx_word' id='word_1_371' title='bbox 2375 2026 2448 2077; x_wconf 78' lang='grc' dir='ltr'><strong>ιν,</strong></span> <span class='ocrx_word' id='word_1_372' title='bbox 2486 2010 2591 2078; x_wconf 87' lang='grc'><strong>18).</strong></span> <span class='ocrx_word' id='word_1_373' title='bbox 2624 2009 2850 2063; x_wconf 89' lang='lat' dir='ltr'><strong>Timeat</strong></span> <span class='ocrx_word' id='word_1_374' title='bbox 2881 2025 2994 2062; x_wconf 90' lang='lat' dir='ltr'><strong>non</strong></span> <span class='ocrx_word' id='word_1_375' title='bbox 3028 2009 3236 2063; x_wconf 89' lang='lat' dir='ltr'><strong>timore</strong></span> <span class='ocrx_word' id='word_1_376' title='bbox 3276 2008 3575 2079; x_wconf 80' lang='lat' dir='ltr'><strong>gehennae.</strong></span> <span class='ocrx_word' id='word_1_377' title='bbox 3627 2009 3728 2060; x_wconf 90' lang='lat' dir='ltr'><strong>aut</strong></span> 
     </span>
    </p>
   </div>
   <div class='ocr_carea' id='block_1_51' title="bbox 2088 2096 3732 2168">
    <p class='ocr_par' dir='ltr' id='par_1_51' title="bbox 2088 2096 3732 2168">
     <span class='ocr_line' id='line_1_51' title="bbox 2088 2096 3732 2168; baseline -0.002 -16"><span class='ocrx_word' id='word_1_378' title='bbox 2088 2097 2298 2152; x_wconf 92' lang='lat' dir='ltr'><strong>timore</strong></span> <span class='ocrx_word' id='word_1_379' title='bbox 2330 2114 2533 2168; x_wconf 82' lang='lat' dir='ltr'><strong>poenae,</strong></span> <span class='ocrx_word' id='word_1_380' title='bbox 2567 2097 2667 2151; x_wconf 90' lang='lat' dir='ltr'><strong>sed</strong></span> <span class='ocrx_word' id='word_1_381' title='bbox 2699 2097 2910 2151; x_wconf 86' lang='lat' dir='ltr'><strong>timore</strong></span> <span class='ocrx_word' id='word_1_382' title='bbox 2956 2101 3196 2151; x_wconf 88' lang='lat' dir='ltr'><strong>sancto:</strong></span> <span class='ocrx_word' id='word_1_383' title='bbox 3253 2097 3336 2151; x_wconf 90' lang='lat' dir='ltr'><strong>sic</strong></span> <span class='ocrx_word' id='word_1_384' title='bbox 3389 2096 3614 2159; x_wconf 88' lang='lat' dir='ltr'><strong>timeat,</strong></span> <span class='ocrx_word' id='word_1_385' title='bbox 3664 2098 3732 2149; x_wconf 91' lang='lat' dir='ltr'><strong>ut</strong></span> 
     </span>
    </p>
   </div>
   <div class='ocr_carea' id='block_1_52' title="bbox 2090 2183 3727 2258">
    <p class='ocr_par' dir='ltr' id='par_1_52' title="bbox 2090 2183 3727 2258">
     <span class='ocr_line' id='line_1_52' title="bbox 2090 2183 3727 2258; baseline -0.002 -18"><span class='ocrx_word' id='word_1_386' title='bbox 2090 2202 2264 2258; x_wconf 91' lang='lat' dir='ltr'><strong>quem</strong></span> <span class='ocrx_word' id='word_1_387' title='bbox 2296 2189 2454 2240; x_wconf 89' lang='lat' dir='ltr'><strong>amat</strong></span> <span class='ocrx_word' id='word_1_388' title='bbox 2481 2201 2595 2239; x_wconf 91' lang='lat' dir='ltr'><strong>non</strong></span> <span class='ocrx_word' id='word_1_389' title='bbox 2629 2185 2835 2255; x_wconf 87' lang='lat' dir='ltr'><strong>perdat</strong></span> <span class='ocrx_word' id='word_1_390' title='bbox 2866 2201 2969 2255; x_wconf 89' lang='lat' dir='ltr'><strong>per</strong></span> <span class='ocrx_word' id='word_1_391' title='bbox 3021 2183 3456 2254; x_wconf 78' lang='lat' dir='ltr'><strong>negligentiam.</strong></span> <span class='ocrx_word' id='word_1_392' title='bbox 3486 2205 3512 2231; x_wconf 89' lang='grc'><strong>››</strong></span> <span class='ocrx_word' id='word_1_393' title='bbox 3564 2183 3727 2236; x_wconf 87' lang='lat' dir='ltr'><strong>Judi-</strong></span> 
     </span>
    </p>
   </div>
   <div class='ocr_carea' id='block_1_53' title="bbox 2089 2272 3726 2343">
    <p class='ocr_par' dir='ltr' id='par_1_53' title="bbox 2089 2272 3726 2343">
     <span class='ocr_line' id='line_1_53' title="bbox 2089 2272 3726 2343; baseline -0.002 -14"><span class='ocrx_word' id='word_1_394' title='bbox 2089 2274 2177 2329; x_wconf 90' lang='lat' dir='ltr'><strong>cia</strong></span> <span class='ocrx_word' id='word_1_395' title='bbox 2206 2274 2437 2328; x_wconf 90' lang='lat' dir='ltr'><strong>Domini</strong></span> <span class='ocrx_word' id='word_1_396' title='bbox 2469 2290 2602 2328; x_wconf 88' lang='lat' dir='ltr'><strong>vera</strong></span> <span class='ocrx_word' id='word_1_397' title='bbox 2625 2273 2950 2341; x_wconf 82' lang='lat' dir='ltr'><strong>justificata</strong></span> <span class='ocrx_word' id='word_1_398' title='bbox 2979 2272 3036 2326; x_wconf 93' lang='lat' dir='ltr'><strong>in</strong></span> <span class='ocrx_word' id='word_1_399' title='bbox 3071 2273 3405 2343; x_wconf 89' lang='lat' dir='ltr'><strong>semetipsa,</strong></span> <span class='ocrx_word' id='word_1_400' title='bbox 3433 2294 3460 2322; x_wconf 85' lang='grc'><strong>››</strong></span> <span class='ocrx_word' id='word_1_401' title='bbox 3492 2289 3605 2327; x_wconf 91' lang='lat' dir='ltr'><strong>non</strong></span> <span class='ocrx_word' id='word_1_402' title='bbox 3653 2273 3726 2327; x_wconf 91' lang='lat' dir='ltr'><strong>ab</strong></span> 
     </span>
    </p>
   </div>
   <div class='ocr_carea' id='block_1_54' title="bbox 2090 2361 3723 2433">
    <p class='ocr_par' dir='ltr' id='par_1_54' title="bbox 2090 2361 3723 2433">
     <span class='ocr_line' id='line_1_54' title="bbox 2090 2361 3723 2433; baseline -0.001 -17"><span class='ocrx_word' id='word_1_403' title='bbox 2090 2362 2222 2432; x_wconf 89' lang='lat' dir='ltr'><strong>alio,</strong></span> <span class='ocrx_word' id='word_1_404' title='bbox 2256 2362 2354 2416; x_wconf 92' lang='lat' dir='ltr'><strong>sed</strong></span> <span class='ocrx_word' id='word_1_405' title='bbox 2377 2379 2410 2415; x_wconf 91' lang='lat' dir='ltr'><strong>a</strong></span> <span class='ocrx_word' id='word_1_406' title='bbox 2442 2362 2800 2433; x_wconf 90' lang='lat' dir='ltr'><strong>semetipsis.</strong></span> <span class='ocrx_word' id='word_1_407' title='bbox 2831 2361 3133 2416; x_wconf 90' lang='lat' dir='ltr'><strong>Neminem</strong></span> <span class='ocrx_word' id='word_1_408' title='bbox 3159 2362 3312 2416; x_wconf 90' lang='lat' dir='ltr'><strong>enim</strong></span> <span class='ocrx_word' id='word_1_409' title='bbox 3345 2361 3494 2416; x_wconf 88' lang='lat' dir='ltr'><strong>fallit</strong></span> <span class='ocrx_word' id='word_1_410' title='bbox 3551 2365 3723 2416; x_wconf 92' lang='lat' dir='ltr'><strong>Deus.</strong></span> 
     </span>
    </p>
   </div>
   <div class='ocr_carea' id='block_1_55' title="bbox 2165 2449 3727 2520">
    <p class='ocr_par' dir='ltr' id='par_1_55' title="bbox 2165 2449 3727 2520">
     <span class='ocr_line' id='line_1_55' title="bbox 2165 2449 3727 2520; baseline 0.002 -19"><span class='ocrx_word' id='word_1_411' title='bbox 2165 2473 2191 2501; x_wconf 83' lang='lat'><strong>«</strong></span> <span class='ocrx_word' id='word_1_412' title='bbox 2223 2449 2642 2506; x_wconf 90' lang='lat' dir='ltr'><strong>Desiderabilia</strong></span> <span class='ocrx_word' id='word_1_413' title='bbox 2673 2466 2850 2519; x_wconf 88' lang='lat' dir='ltr'><strong>super</strong></span> <span class='ocrx_word' id='word_1_414' title='bbox 2879 2467 3088 2504; x_wconf 89' lang='lat' dir='ltr'><strong>aurum</strong></span> <span class='ocrx_word' id='word_1_415' title='bbox 3122 2455 3178 2504; x_wconf 88' lang='lat' dir='ltr'><strong>et</strong></span> <span class='ocrx_word' id='word_1_416' title='bbox 3210 2450 3463 2520; x_wconf 88' lang='lat' dir='ltr'><strong>lapidem</strong></span> <span class='ocrx_word' id='word_1_417' title='bbox 3512 2449 3727 2520; x_wconf 88' lang='lat' dir='ltr'><strong>pretio-</strong></span> 
     </span>
    </p>
   </div>
   <div class='ocr_carea' id='block_1_56' title="bbox 2091 2537 3725 2609">
    <p class='ocr_par' dir='ltr' id='par_1_56' title="bbox 2091 2537 3725 2609">
     <span class='ocr_line' id='line_1_56' title="bbox 2091 2537 3725 2609; baseline -0.002 -15"><span class='ocrx_word' id='word_1_418' title='bbox 2091 2557 2218 2595; x_wconf 89' lang='lat' dir='ltr'><strong>sum</strong></span> <span class='ocrx_word' id='word_1_419' title='bbox 2246 2540 2522 2604; x_wconf 91' lang='lat' dir='ltr'><strong>multum,</strong></span> <span class='ocrx_word' id='word_1_420' title='bbox 2556 2559 2577 2586; x_wconf 73' lang='grc' dir='ltr'><strong>(ι</strong></span> <span class='ocrx_word' id='word_1_421' title='bbox 2611 2555 2788 2609; x_wconf 92' lang='lat' dir='ltr'><strong>super</strong></span> <span class='ocrx_word' id='word_1_422' title='bbox 2819 2555 3020 2593; x_wconf 88' lang='lat' dir='ltr'><strong>omnes</strong></span> <span class='ocrx_word' id='word_1_423' title='bbox 3049 2539 3356 2592; x_wconf 87' lang='lat' dir='ltr'><strong>thesauros</strong></span> <span class='ocrx_word' id='word_1_424' title='bbox 3397 2537 3725 2592; x_wconf 89' lang='lat' dir='ltr'><strong>mundiales</strong></span> 
     </span>
    </p>
   </div>
   <div class='ocr_carea' id='block_1_57' title="bbox 2091 2625 3729 2696">
    <p class='ocr_par' dir='ltr' id='par_1_57' title="bbox 2091 2625 3729 2696">
     <span class='ocr_line' id='line_1_57' title="bbox 2091 2625 3729 2696; baseline -0.002 -14"><span class='ocrx_word' id='word_1_425' title='bbox 2091 2627 2320 2682; x_wconf 90' lang='lat' dir='ltr'><strong>dilecta.</strong></span> <span class='ocrx_word' id='word_1_426' title='bbox 2353 2649 2380 2676; x_wconf 90' lang='grc'><strong>‹‹</strong></span> <span class='ocrx_word' id='word_1_427' title='bbox 2417 2627 2482 2681; x_wconf 87' lang='lat' dir='ltr'><strong>Et</strong></span> <span class='ocrx_word' id='word_1_428' title='bbox 2518 2625 2779 2680; x_wconf 90' lang='lat' dir='ltr'><strong>dulciora</strong></span> <span class='ocrx_word' id='word_1_429' title='bbox 2812 2643 2988 2696; x_wconf 90' lang='lat' dir='ltr'><strong>super</strong></span> <span class='ocrx_word' id='word_1_430' title='bbox 3016 2629 3128 2679; x_wconf 89' lang='lat' dir='ltr'><strong>mel</strong></span> <span class='ocrx_word' id='word_1_431' title='bbox 3163 2632 3219 2680; x_wconf 92' lang='lat' dir='ltr'><strong>et</strong></span> <span class='ocrx_word' id='word_1_432' title='bbox 3267 2626 3537 2692; x_wconf 80' lang='lat' dir='ltr'><strong>favum,»</strong></span> <span class='ocrx_word' id='word_1_433' title='bbox 3588 2626 3729 2694; x_wconf 87' lang='lat' dir='ltr'><strong>quia</strong></span> 
     </span>
    </p>
   </div>
   <div class='ocr_carea' id='block_1_58' title="bbox 2091 2712 3724 2785">
    <p class='ocr_par' dir='ltr' id='par_1_58' title="bbox 2091 2712 3724 2785">
     <span class='ocr_line' id='line_1_58' title="bbox 2091 2712 3724 2785; baseline -0.004 -15"><span class='ocrx_word' id='word_1_434' title='bbox 2091 2715 2320 2770; x_wconf 91' lang='lat' dir='ltr'><strong>nullum</strong></span> <span class='ocrx_word' id='word_1_435' title='bbox 2354 2714 2654 2769; x_wconf 88' lang='lat' dir='ltr'><strong>metallum</strong></span> <span class='ocrx_word' id='word_1_436' title='bbox 2689 2713 3268 2785; x_wconf 81' lang='lat' dir='ltr'><strong>pretiosumjudiciis</strong></span> <span class='ocrx_word' id='word_1_437' title='bbox 3300 2718 3401 2767; x_wconf 91' lang='lat' dir='ltr'><strong>aut</strong></span> <span class='ocrx_word' id='word_1_438' title='bbox 3426 2712 3724 2783; x_wconf 80' lang='lat' dir='ltr'><strong>sapientiae</strong></span> 
     </span>
    </p>
   </div>
   <div class='ocr_carea' id='block_1_59' title="bbox 2090 2801 3728 2874">
    <p class='ocr_par' dir='ltr' id='par_1_59' title="bbox 2090 2801 3728 2874">
     <span class='ocr_line' id='line_1_59' title="bbox 2090 2801 3728 2874; baseline -0.004 -15"><span class='ocrx_word' id='word_1_439' title='bbox 2090 2804 2190 2860; x_wconf 90' lang='lat' dir='ltr'><strong>Dei</strong></span> <span class='ocrx_word' id='word_1_440' title='bbox 2221 2804 2544 2874; x_wconf 89' lang='lat' dir='ltr'><strong>comparari</strong></span> <span class='ocrx_word' id='word_1_441' title='bbox 2574 2808 2797 2874; x_wconf 88' lang='lat' dir='ltr'><strong>potest:</strong></span> <span class='ocrx_word' id='word_1_442' title='bbox 2836 2819 3024 2873; x_wconf 90' lang='lat' dir='ltr'><strong>neque</strong></span> <span class='ocrx_word' id='word_1_443' title='bbox 3055 2819 3262 2856; x_wconf 90' lang='lat' dir='ltr'><strong>aurum</strong></span> <span class='ocrx_word' id='word_1_444' title='bbox 3295 2807 3396 2856; x_wconf 91' lang='lat' dir='ltr'><strong>aut</strong></span> <span class='ocrx_word' id='word_1_445' title='bbox 3425 2801 3572 2872; x_wconf 89' lang='lat' dir='ltr'><strong>lapis</strong></span> <span class='ocrx_word' id='word_1_446' title='bbox 3603 2817 3728 2872; x_wconf 88' lang='lat' dir='ltr'><strong>pre-</strong></span> 
     </span>
    </p>
   </div>
   <div class='ocr_carea' id='block_1_60' title="bbox 2089 2889 3725 2963">
    <p class='ocr_par' dir='ltr' id='par_1_60' title="bbox 2089 2889 3725 2963">
     <span class='ocr_line' id='line_1_60' title="bbox 2089 2889 3725 2963; baseline -0.004 -16"><span class='ocrx_word' id='word_1_447' title='bbox 2089 2893 2296 2962; x_wconf 89' lang='lat' dir='ltr'><strong>tiosus,</strong></span> <span class='ocrx_word' id='word_1_448' title='bbox 2331 2907 2516 2963; x_wconf 91' lang='lat' dir='ltr'><strong>neque</strong></span> <span class='ocrx_word' id='word_1_449' title='bbox 2548 2892 2702 2962; x_wconf 90' lang='lat' dir='ltr'><strong>quod</strong></span> <span class='ocrx_word' id='word_1_450' title='bbox 2755 2892 2823 2945; x_wconf 83' lang='lat' dir='ltr'><strong>ad</strong></span> <span class='ocrx_word' id='word_1_451' title='bbox 2886 2896 3295 2945; x_wconf 85' lang='lat' dir='ltr'><strong>ornamentum</strong></span> <span class='ocrx_word' id='word_1_452' title='bbox 3346 2895 3401 2946; x_wconf 86' lang='lat' dir='ltr'><strong>et</strong></span> <span class='ocrx_word' id='word_1_453' title='bbox 3450 2889 3725 2944; x_wconf 88' lang='lat' dir='ltr'><strong>vestitum</strong></span> 
     </span>
    </p>
   </div>
   <div class='ocr_carea' id='block_1_61' title="bbox 2093 2977 3731 3053">
    <p class='ocr_par' dir='ltr' id='par_1_61' title="bbox 2093 2977 3731 3053">
     <span class='ocr_line' id='line_1_61' title="bbox 2093 2977 3731 3053; baseline -0.002 -18"><span class='ocrx_word' id='word_1_454' title='bbox 2093 2981 2373 3053; x_wconf 87' lang='lat' dir='ltr'><strong>pertinet:</strong></span> <span class='ocrx_word' id='word_1_455' title='bbox 2424 2996 2613 3049; x_wconf 89' lang='lat' dir='ltr'><strong>neque</strong></span> <span class='ocrx_word' id='word_1_456' title='bbox 2659 2977 2773 3034; x_wconf 92' lang='lat' dir='ltr'><strong>mel</strong></span> <span class='ocrx_word' id='word_1_457' title='bbox 2822 2980 2975 3034; x_wconf 90' lang='lat' dir='ltr'><strong>unde</strong></span> <span class='ocrx_word' id='word_1_458' title='bbox 3023 2979 3302 3050; x_wconf 91' lang='lat' dir='ltr'><strong>pascitur.</strong></span> <span class='ocrx_word' id='word_1_459' title='bbox 3355 2979 3456 3033; x_wconf 89' lang='lat' dir='ltr'><strong>His</strong></span> <span class='ocrx_word' id='word_1_460' title='bbox 3503 2977 3731 3032; x_wconf 89' lang='lat' dir='ltr'><strong>duabus</strong></span> 
     </span>
    </p>
   </div>
   <div class='ocr_carea' id='block_1_62' title="bbox 2094 3066 3729 3138">
    <p class='ocr_par' dir='ltr' id='par_1_62' title="bbox 2094 3066 3729 3138">
     <span class='ocr_line' id='line_1_62' title="bbox 2094 3066 3729 3138; baseline -0.003 -14"><span class='ocrx_word' id='word_1_461' title='bbox 2094 3071 2270 3124; x_wconf 89' lang='lat' dir='ltr'><strong>rebus</strong></span> <span class='ocrx_word' id='word_1_462' title='bbox 2292 3069 2465 3123; x_wconf 91' lang='lat' dir='ltr'><strong>homo</strong></span> <span class='ocrx_word' id='word_1_463' title='bbox 2489 3067 2734 3122; x_wconf 89' lang='lat' dir='ltr'><strong>vestitur</strong></span> <span class='ocrx_word' id='word_1_464' title='bbox 2750 3072 2805 3121; x_wconf 91' lang='lat' dir='ltr'><strong>et</strong></span> <span class='ocrx_word' id='word_1_465' title='bbox 2828 3067 3126 3138; x_wconf 87' lang='lat' dir='ltr'><strong>pascitur:</strong></span> <span class='ocrx_word' id='word_1_466' title='bbox 3151 3072 3217 3121; x_wconf 89' lang='lat' dir='ltr'><strong>ut</strong></span> <span class='ocrx_word' id='word_1_467' title='bbox 3238 3067 3454 3122; x_wconf 88' lang='lat' dir='ltr'><strong>Paulus</strong></span> <span class='ocrx_word' id='word_1_468' title='bbox 3475 3084 3487 3121; x_wconf 94' lang='lat'><strong>:</strong></span> <span class='ocrx_word' id='word_1_469' title='bbox 3506 3066 3729 3121; x_wconf 85' lang='lat' dir='ltr'><strong>Haben-</strong></span> 
     </span>
    </p>
   </div>
   <div class='ocr_carea' id='block_1_63' title="bbox 2100 3156 3730 3227">
    <p class='ocr_par' dir='ltr' id='par_1_63' title="bbox 2100 3156 3730 3227">
     <span class='ocr_line' id='line_1_63' title="bbox 2100 3156 3730 3227; baseline -0.003 -14"><span class='ocrx_word' id='word_1_470' title='bbox 2100 3163 2177 3213; x_wconf 89' lang='lat' dir='ltr'><strong>tes</strong></span> <span class='ocrx_word' id='word_1_471' title='bbox 2207 3160 2408 3212; x_wconf 90' lang='lat' dir='ltr'><strong>victum</strong></span> <span class='ocrx_word' id='word_1_472' title='bbox 2458 3165 2510 3211; x_wconf 89' lang='lat' dir='ltr'><strong>et</strong></span> <span class='ocrx_word' id='word_1_473' title='bbox 2567 3159 2841 3220; x_wconf 87' lang='lat' dir='ltr'><strong>vestitum,</strong></span> <span class='ocrx_word' id='word_1_474' title='bbox 2873 3157 2958 3210; x_wconf 86' lang='lat' dir='ltr'><strong>his</strong></span> <span class='ocrx_word' id='word_1_475' title='bbox 3001 3159 3245 3211; x_wconf 79' lang='lat' dir='ltr'><strong>contenti</strong></span> <span class='ocrx_word' id='word_1_476' title='bbox 3294 3158 3464 3210; x_wconf 86' lang='lat' dir='ltr'><strong>simus</strong></span> <span class='ocrx_word' id='word_1_477' title='bbox 3521 3157 3568 3227; x_wconf 86' lang='lat' dir='ltr'><strong>(l</strong></span> <span class='ocrx_word' id='word_1_478' title='bbox 3597 3156 3730 3209; x_wconf 86' lang='lat' dir='ltr'><strong>Tim.</strong></span> 
     </span>
    </p>
   </div>
   <div class='ocr_carea' id='block_1_64' title="bbox 2093 3244 3735 3317">
    <p class='ocr_par' dir='ltr' id='par_1_64' title="bbox 2093 3244 3735 3317">
     <span class='ocr_line' id='line_1_64' title="bbox 2093 3244 3735 3317; baseline -0.002 -16"><span class='ocrx_word' id='word_1_479' title='bbox 2093 3265 2168 3317; x_wconf 86' lang='lat' dir='ltr'><strong>v1,</strong></span> <span class='ocrx_word' id='word_1_480' title='bbox 2201 3249 2276 3314; x_wconf 80' lang='lat'><strong>8).</strong></span> <span class='ocrx_word' id='word_1_481' title='bbox 2309 3246 2364 3299; x_wconf 91' lang='lat' dir='ltr'><strong>Si</strong></span> <span class='ocrx_word' id='word_1_482' title='bbox 2399 3246 2580 3300; x_wconf 84' lang='lat' dir='ltr'><strong>fueris</strong></span> <span class='ocrx_word' id='word_1_483' title='bbox 2609 3245 2758 3316; x_wconf 90' lang='lat' dir='ltr'><strong>lapis</strong></span> <span class='ocrx_word' id='word_1_484' title='bbox 2814 3245 3102 3315; x_wconf 90' lang='lat' dir='ltr'><strong>pretiosus</strong></span> <span class='ocrx_word' id='word_1_485' title='bbox 3149 3248 3206 3298; x_wconf 90' lang='lat' dir='ltr'><strong>et</strong></span> <span class='ocrx_word' id='word_1_486' title='bbox 3254 3245 3531 3315; x_wconf 90' lang='lat' dir='ltr'><strong>probatus</strong></span> <span class='ocrx_word' id='word_1_487' title='bbox 3584 3244 3735 3298; x_wconf 86' lang='lat' dir='ltr'><strong>sicut</strong></span> 
     </span>
    </p>
   </div>
   <div class='ocr_carea' id='block_1_65' title="bbox 340 3315 3732 3404">
    <p class='ocr_par' dir='ltr' id='par_1_65' title="bbox 340 3315 3732 3404">
     <span class='ocr_line' id='line_1_65' title="bbox 340 3315 3732 3404; baseline 0 -19"><span class='ocrx_word' id='word_1_488' title='bbox 340 3332 567 3386; x_wconf 89' lang='lat' dir='ltr'><strong>viam.»</strong></span> <span class='ocrx_word' id='word_1_489' title='bbox 603 3333 704 3387; x_wconf 90' lang='lat' dir='ltr'><strong>Hic</strong></span> <span class='ocrx_word' id='word_1_490' title='bbox 735 3333 900 3404; x_wconf 86' lang='lat' dir='ltr'><strong>gigas</strong></span> <span class='ocrx_word' id='word_1_491' title='bbox 930 3349 1032 3403; x_wconf 91' lang='lat' dir='ltr'><strong>pro</strong></span> <span class='ocrx_word' id='word_1_492' title='bbox 1064 3315 1407 3388; x_wconf 86' lang='lat' dir='ltr'><strong>fortitudine</strong></span> <span class='ocrx_word' id='word_1_493' title='bbox 1456 3333 1666 3388; x_wconf 76' lang='lat' dir='ltr'><strong>Christi</strong></span> <span class='ocrx_word' id='word_1_494' title='bbox 1720 3334 1978 3404; x_wconf 89' lang='lat' dir='ltr'><strong>ponitur,</strong></span> <span class='ocrx_word' id='word_1_495' title='bbox 2014 3315 2056 3381; x_wconf 64' lang='grc' dir='ltr'><strong>(εἶ</strong></span> <span class='ocrx_word' id='word_1_496' title='bbox 2097 3315 2326 3401; x_wconf 89' lang='lat' dir='ltr'><strong>aurum,</strong></span> <span class='ocrx_word' id='word_1_497' title='bbox 2353 3315 2675 3388; x_wconf 10' lang='lat' dir='ltr'><strong>mereberisr</strong></span> <span class='ocrx_word' id='word_1_498' title='bbox 2701 3332 3026 3403; x_wconf 87' lang='lat' dir='ltr'><strong>intelligere</strong></span> <span class='ocrx_word' id='word_1_499' title='bbox 3039 3331 3266 3402; x_wconf 88' lang='lat' dir='ltr'><strong>judicia</strong></span> <span class='ocrx_word' id='word_1_500' title='bbox 3292 3336 3350 3387; x_wconf 95' lang='lat' dir='ltr'><strong>et</strong></span> <span class='ocrx_word' id='word_1_501' title='bbox 3387 3331 3732 3402; x_wconf 87' lang='lat' dir='ltr'><strong>sapientiam</strong></span> 
     </span>
    </p>
   </div>
   <div class='ocr_carea' id='block_1_66' title="bbox 338 3421 1984 3493">
    <p class='ocr_par' dir='ltr' id='par_1_66' title="bbox 338 3421 1984 3493">
     <span class='ocr_line' id='line_1_66' title="bbox 338 3421 1984 3493; baseline 0.001 -17"><span class='ocrx_word' id='word_1_502' title='bbox 338 3437 404 3476; x_wconf 91' lang='lat' dir='ltr'><strong>eo</strong></span> <span class='ocrx_word' id='word_1_503' title='bbox 436 3423 592 3492; x_wconf 90' lang='lat' dir='ltr'><strong>quod</strong></span> <span class='ocrx_word' id='word_1_504' title='bbox 655 3422 778 3493; x_wconf 90' lang='lat' dir='ltr'><strong>ipse</strong></span> <span class='ocrx_word' id='word_1_505' title='bbox 818 3421 1076 3493; x_wconf 87' lang='lat' dir='ltr'><strong>alligavit</strong></span> <span class='ocrx_word' id='word_1_506' title='bbox 1113 3422 1318 3477; x_wconf 84' lang='lat' dir='ltr'><strong>fortem</strong></span> <span class='ocrx_word' id='word_1_507' title='bbox 1368 3421 1692 3489; x_wconf 90' lang='lat' dir='ltr'><strong>diabolum,</strong></span> <span class='ocrx_word' id='word_1_508' title='bbox 1745 3427 1800 3477; x_wconf 88' lang='lat' dir='ltr'><strong>et</strong></span> <span class='ocrx_word' id='word_1_509' title='bbox 1846 3439 1984 3478; x_wconf 87' lang='lat' dir='ltr'><strong>vasa</strong></span> 
     </span>
    </p>
   </div>
   <div class='ocr_carea' id='block_1_67' title="bbox 339 3510 1980 3582">
    <p class='ocr_par' dir='ltr' id='par_1_67' title="bbox 339 3510 1980 3582">
     <span class='ocr_line' id='line_1_67' title="bbox 339 3510 1980 3582; baseline 0.001 -18"><span class='ocrx_word' id='word_1_510' title='bbox 339 3511 467 3580; x_wconf 86' lang='lat' dir='ltr'><strong>ejus</strong></span> <span class='ocrx_word' id='word_1_511' title='bbox 489 3511 640 3582; x_wconf 76' lang='lat' dir='ltr'><strong>(quae</strong></span> <span class='ocrx_word' id='word_1_512' title='bbox 672 3527 777 3565; x_wconf 91' lang='lat' dir='ltr'><strong>nos</strong></span> <span class='ocrx_word' id='word_1_513' title='bbox 802 3510 1040 3580; x_wconf 88' lang='lat' dir='ltr'><strong>fuimus)</strong></span> <span class='ocrx_word' id='word_1_514' title='bbox 1064 3510 1307 3581; x_wconf 89' lang='lat' dir='ltr'><strong>diripuit</strong></span> <span class='ocrx_word' id='word_1_515' title='bbox 1333 3512 1518 3565; x_wconf 83' lang='lat' dir='ltr'><strong>Matth.</strong></span> <span class='ocrx_word' id='word_1_516' title='bbox 1542 3529 1643 3575; x_wconf 83' lang='lat' dir='ltr'><strong>xu,</strong></span> <span class='ocrx_word' id='word_1_517' title='bbox 1675 3512 1786 3581; x_wconf 77' lang='lat'><strong>‘39).</strong></span> <span class='ocrx_word' id='word_1_518' title='bbox 1844 3534 1864 3560; x_wconf 80' lang='grc' dir='ltr'><strong><em>α</em></strong></span> <span class='ocrx_word' id='word_1_519' title='bbox 1901 3511 1980 3565; x_wconf 87' lang='lat' dir='ltr'><strong>Ad</strong></span> 
     </span>
    </p>
   </div>
   <div class='ocr_carea' id='block_1_68' title="bbox 339 3599 1980 3669">
    <p class='ocr_par' dir='ltr' id='par_1_68' title="bbox 339 3599 1980 3669">
     <span class='ocr_line' id='line_1_68' title="bbox 339 3599 1980 3669; baseline 0.001 -17"><span class='ocrx_word' id='word_1_520' title='bbox 339 3601 689 3653; x_wconf 89' lang='lat' dir='ltr'><strong>currendam</strong></span> <span class='ocrx_word' id='word_1_521' title='bbox 720 3599 874 3653; x_wconf 90' lang='lat' dir='ltr'><strong>viam</strong></span> <span class='ocrx_word' id='word_1_522' title='bbox 901 3624 914 3664; x_wconf 87' lang='lat'><strong>;</strong></span> <span class='ocrx_word' id='word_1_523' title='bbox 949 3599 1088 3669; x_wconf 68' lang='lat' dir='ltr'><strong>quia</strong></span> <span class='ocrx_word' id='word_1_524' title='bbox 1111 3616 1224 3653; x_wconf 91' lang='lat' dir='ltr'><strong>non</strong></span> <span class='ocrx_word' id='word_1_525' title='bbox 1246 3599 1452 3653; x_wconf 88' lang='lat' dir='ltr'><strong>habuit</strong></span> <span class='ocrx_word' id='word_1_526' title='bbox 1471 3600 1564 3653; x_wconf 86' lang='lat' dir='ltr'><strong>hic</strong></span> <span class='ocrx_word' id='word_1_527' title='bbox 1588 3615 1802 3654; x_wconf 90' lang='lat' dir='ltr'><strong>moras.</strong></span> <span class='ocrx_word' id='word_1_528' title='bbox 1830 3600 1980 3660; x_wconf 92' lang='lat' dir='ltr'><strong>Quo-</strong></span> 
     </span>
    </p>
   </div>
   <div class='ocr_carea' id='block_1_69' title="bbox 339 3687 1983 3758">
    <p class='ocr_par' dir='ltr' id='par_1_69' title="bbox 339 3687 1983 3758">
     <span class='ocr_line' id='line_1_69' title="bbox 339 3687 1983 3758; baseline 0.001 -18"><span class='ocrx_word' id='word_1_529' title='bbox 339 3687 512 3742; x_wconf 92' lang='lat' dir='ltr'><strong>modo</strong></span> <span class='ocrx_word' id='word_1_530' title='bbox 534 3689 561 3740; x_wconf 87' lang='lat'><strong>?</strong></span> <span class='ocrx_word' id='word_1_531' title='bbox 593 3688 694 3741; x_wconf 87' lang='lat' dir='ltr'><strong>Hic</strong></span> <span class='ocrx_word' id='word_1_532' title='bbox 727 3691 900 3742; x_wconf 88' lang='lat' dir='ltr'><strong>natus</strong></span> <span class='ocrx_word' id='word_1_533' title='bbox 953 3688 1110 3740; x_wconf 84' lang='lat' dir='ltr'><strong>venit</strong></span> <span class='ocrx_word' id='word_1_534' title='bbox 1145 3687 1200 3741; x_wconf 91' lang='lat' dir='ltr'><strong>in</strong></span> <span class='ocrx_word' id='word_1_535' title='bbox 1253 3687 1608 3758; x_wconf 89' lang='lat' dir='ltr'><strong>passionem,</strong></span> <span class='ocrx_word' id='word_1_536' title='bbox 1667 3687 1983 3742; x_wconf 82' lang='lat' dir='ltr'><strong>resurrexit</strong></span> 
     </span>
    </p>
   </div>
   <div class='ocr_carea' id='block_1_70' title="bbox 229 3775 1983 3847">
    <p class='ocr_par' dir='ltr' id='par_1_70' title="bbox 229 3775 1983 3847">
     <span class='ocr_line' id='line_1_70' title="bbox 229 3775 1983 3847; baseline 0 -17"><span class='ocrx_word' id='word_1_537' title='bbox 229 3785 234 3789; x_wconf 83' lang='lat'><strong><em>&#39;</em></strong></span> <span class='ocrx_word' id='word_1_538' title='bbox 336 3780 394 3830; x_wconf 88' lang='lat' dir='ltr'><strong>et</strong></span> <span class='ocrx_word' id='word_1_539' title='bbox 445 3775 779 3830; x_wconf 61' lang='lat' dir='ltr'><strong>ascendit:</strong></span> <span class='ocrx_word' id='word_1_540' title='bbox 813 3778 859 3829; x_wconf 89' lang='lat' dir='ltr'>A</span> <span class='ocrx_word' id='word_1_541' title='bbox 909 3792 1142 3830; x_wconf 89' lang='lat' dir='ltr'><strong>summo</strong></span> <span class='ocrx_word' id='word_1_542' title='bbox 1204 3776 1346 3830; x_wconf 64' lang='lat' dir='ltr'><strong>coelo</strong></span> <span class='ocrx_word' id='word_1_543' title='bbox 1405 3776 1662 3847; x_wconf 87' lang='lat' dir='ltr'><strong>egressio</strong></span> <span class='ocrx_word' id='word_1_544' title='bbox 1721 3777 1865 3845; x_wconf 93' lang='lat' dir='ltr'><strong>ejus,</strong></span> <span class='ocrx_word' id='word_1_545' title='bbox 1928 3780 1983 3830; x_wconf 90' lang='lat' dir='ltr'><strong>et</strong></span> 
     </span>
    </p>
   </div>
   <div class='ocr_carea' id='block_1_71' title="bbox 338 3865 1981 3935">
    <p class='ocr_par' dir='ltr' id='par_1_71' title="bbox 338 3865 1981 3935">
     <span class='ocr_line' id='line_1_71' title="bbox 338 3865 1981 3935; baseline 0 -16"><span class='ocrx_word' id='word_1_546' title='bbox 338 3881 618 3920; x_wconf 90' lang='lat' dir='ltr'><strong>occursus</strong></span> <span class='ocrx_word' id='word_1_547' title='bbox 637 3866 764 3935; x_wconf 91' lang='lat' dir='ltr'><strong>ejus</strong></span> <span class='ocrx_word' id='word_1_548' title='bbox 790 3880 977 3934; x_wconf 91' lang='lat' dir='ltr'><strong>usque</strong></span> <span class='ocrx_word' id='word_1_549' title='bbox 1003 3865 1073 3918; x_wconf 82' lang='lat' dir='ltr'><strong>ad</strong></span> <span class='ocrx_word' id='word_1_550' title='bbox 1101 3881 1400 3918; x_wconf 89' lang='lat' dir='ltr'><strong>summum</strong></span> <span class='ocrx_word' id='word_1_551' title='bbox 1432 3866 1580 3935; x_wconf 88' lang='lat' dir='ltr'><strong>ejus.</strong></span> <span class='ocrx_word' id='word_1_552' title='bbox 1616 3885 1643 3913; x_wconf 84' lang='lat'>»</span> <span class='ocrx_word' id='word_1_553' title='bbox 1677 3870 1725 3917; x_wconf 81' lang='grc' dir='ltr'><strong>Α</strong></span> <span class='ocrx_word' id='word_1_554' title='bbox 1748 3881 1981 3919; x_wconf 91' lang='lat' dir='ltr'><strong>summo</strong></span> 
     </span>
    </p>
   </div>
   <div class='ocr_carea' id='block_1_72' title="bbox 337 3952 1980 4024">
    <p class='ocr_par' dir='ltr' id='par_1_72' title="bbox 337 3952 1980 4024">
     <span class='ocr_line' id='line_1_72' title="bbox 337 3952 1980 4024; baseline 0.001 -16"><span class='ocrx_word' id='word_1_555' title='bbox 337 3953 499 4019; x_wconf 81' lang='lat' dir='ltr'><strong>coelo,</strong></span> <span class='ocrx_word' id='word_1_556' title='bbox 534 3954 591 4007; x_wconf 89' lang='lat' dir='ltr'><strong>id</strong></span> <span class='ocrx_word' id='word_1_557' title='bbox 623 3959 730 4018; x_wconf 92' lang='lat' dir='ltr'><strong>est,</strong></span> <span class='ocrx_word' id='word_1_558' title='bbox 767 3970 800 4007; x_wconf 89' lang='lat' dir='ltr'><strong>a</strong></span> <span class='ocrx_word' id='word_1_559' title='bbox 833 3955 1014 4022; x_wconf 88' lang='lat' dir='ltr'><strong>Patre,</strong></span> <span class='ocrx_word' id='word_1_560' title='bbox 1050 3953 1203 4024; x_wconf 90' lang='lat' dir='ltr'><strong>quod</strong></span> <span class='ocrx_word' id='word_1_561' title='bbox 1244 3958 1332 4008; x_wconf 89' lang='lat' dir='ltr'><strong>est</strong></span> <span class='ocrx_word' id='word_1_562' title='bbox 1357 3952 1675 4024; x_wconf 90' lang='lat' dir='ltr'><strong>principale</strong></span> <span class='ocrx_word' id='word_1_563' title='bbox 1733 3969 1980 4009; x_wconf 84' lang='lat' dir='ltr'><strong>nomen:</strong></span> 
     </span>
    </p>
   </div>
   <div class='ocr_carea' id='block_1_73' title="bbox 337 4041 1979 4112">
    <p class='ocr_par' dir='ltr' id='par_1_73' title="bbox 337 4041 1979 4112">
     <span class='ocr_line' id='line_1_73' title="bbox 337 4041 1979 4112; baseline 0 -16"><span class='ocrx_word' id='word_1_564' title='bbox 337 4058 451 4097; x_wconf 89' lang='lat' dir='ltr'><strong>non</strong></span> <span class='ocrx_word' id='word_1_565' title='bbox 485 4041 610 4096; x_wconf 89' lang='lat' dir='ltr'><strong>ideo</strong></span> <span class='ocrx_word' id='word_1_566' title='bbox 623 4041 775 4112; x_wconf 92' lang='lat' dir='ltr'><strong>quod</strong></span> <span class='ocrx_word' id='word_1_567' title='bbox 796 4043 983 4111; x_wconf 88' lang='lat' dir='ltr'><strong>major</strong></span> <span class='ocrx_word' id='word_1_568' title='bbox 1008 4041 1086 4095; x_wconf 84' lang='lat' dir='ltr'><strong>sit</strong></span> <span class='ocrx_word' id='word_1_569' title='bbox 1108 4041 1227 4096; x_wconf 85' lang='lat' dir='ltr'><strong>filio</strong></span> <span class='ocrx_word' id='word_1_570' title='bbox 1245 4043 1570 4096; x_wconf 91' lang='lat' dir='ltr'><strong>secundum</strong></span> <span class='ocrx_word' id='word_1_571' title='bbox 1592 4041 1979 4110; x_wconf 90' lang='lat' dir='ltr'><strong>divinitatem,</strong></span> 
     </span>
    </p>
   </div>
   <div class='ocr_carea' id='block_1_74' title="bbox 337 4129 1980 4201">
    <p class='ocr_par' dir='ltr' id='par_1_74' title="bbox 337 4129 1980 4201">
     <span class='ocr_line' id='line_1_74' title="bbox 337 4129 1980 4201; baseline -0.001 -16"><span class='ocrx_word' id='word_1_572' title='bbox 337 4131 436 4185; x_wconf 91' lang='lat' dir='ltr'><strong>sed</strong></span> <span class='ocrx_word' id='word_1_573' title='bbox 470 4147 573 4201; x_wconf 87' lang='lat' dir='ltr'><strong>pro</strong></span> <span class='ocrx_word' id='word_1_574' title='bbox 604 4130 842 4184; x_wconf 90' lang='lat' dir='ltr'><strong>nomine</strong></span> <span class='ocrx_word' id='word_1_575' title='bbox 875 4129 1083 4183; x_wconf 89' lang='lat' dir='ltr'><strong>Patris.</strong></span> <span class='ocrx_word' id='word_1_576' title='bbox 1118 4131 1156 4184; x_wconf 79' lang='grc' dir='ltr'><em>Α</em></span> <span class='ocrx_word' id='word_1_577' title='bbox 1188 4145 1424 4193; x_wconf 88' lang='lat' dir='ltr'><strong>summo,</strong></span> <span class='ocrx_word' id='word_1_578' title='bbox 1457 4130 1515 4183; x_wconf 92' lang='lat' dir='ltr'><strong>in</strong></span> <span class='ocrx_word' id='word_1_579' title='bbox 1548 4134 1637 4184; x_wconf 90' lang='lat' dir='ltr'><strong>est</strong></span> <span class='ocrx_word' id='word_1_580' title='bbox 1686 4130 1756 4183; x_wconf 90' lang='lat' dir='ltr'><strong>ab</strong></span> <span class='ocrx_word' id='word_1_581' title='bbox 1811 4135 1980 4184; x_wconf 65' lang='lat' dir='ltr'><strong>teter-</strong></span> 
     </span>
    </p>
   </div>
   <div class='ocr_carea' id='block_1_75' title="bbox 336 4218 1977 4291">
    <p class='ocr_par' dir='ltr' id='par_1_75' title="bbox 336 4218 1977 4291">
     <span class='ocr_line' id='line_1_75' title="bbox 336 4218 1977 4291; baseline -0.001 -18"><span class='ocrx_word' id='word_1_582' title='bbox 336 4219 540 4286; x_wconf 89' lang='lat' dir='ltr'><strong>nitate,</strong></span> <span class='ocrx_word' id='word_1_583' title='bbox 575 4235 847 4291; x_wconf 88' lang='lat' dir='ltr'><strong>egressus</strong></span> <span class='ocrx_word' id='word_1_584' title='bbox 877 4219 1024 4287; x_wconf 90' lang='lat' dir='ltr'><strong>ejus.</strong></span> <span class='ocrx_word' id='word_1_585' title='bbox 1063 4239 1083 4266; x_wconf 79' lang='grc'><strong>»</strong></span> <span class='ocrx_word' id='word_1_586' title='bbox 1120 4218 1191 4272; x_wconf 86' lang='lat' dir='ltr'><strong>Et</strong></span> <span class='ocrx_word' id='word_1_587' title='bbox 1221 4234 1498 4272; x_wconf 85' lang='lat' dir='ltr'><strong>occursus</strong></span> <span class='ocrx_word' id='word_1_588' title='bbox 1530 4218 1657 4288; x_wconf 90' lang='lat' dir='ltr'><strong>ejus</strong></span> <span class='ocrx_word' id='word_1_589' title='bbox 1688 4234 1875 4288; x_wconf 89' lang='lat' dir='ltr'><strong>usque</strong></span> <span class='ocrx_word' id='word_1_590' title='bbox 1906 4221 1977 4272; x_wconf 90' lang='lat' dir='ltr'><strong>ad</strong></span> 
     </span>
    </p>
   </div>
   <div class='ocr_carea' id='block_1_76' title="bbox 336 4304 1980 4377">
    <p class='ocr_par' dir='ltr' id='par_1_76' title="bbox 336 4304 1980 4377">
     <span class='ocr_line' id='line_1_76' title="bbox 336 4304 1980 4377; baseline -0.002 -15"><span class='ocrx_word' id='word_1_591' title='bbox 336 4324 636 4363; x_wconf 91' lang='lat' dir='ltr'><strong>summum</strong></span> <span class='ocrx_word' id='word_1_592' title='bbox 669 4309 872 4377; x_wconf 86' lang='lat' dir='ltr'><strong>ejus.»</strong></span> <span class='ocrx_word' id='word_1_593' title='bbox 928 4310 1218 4360; x_wconf 89' lang='lat' dir='ltr'><strong>Occursus</strong></span> <span class='ocrx_word' id='word_1_594' title='bbox 1261 4306 1410 4374; x_wconf 89' lang='lat' dir='ltr'><strong>ejus,</strong></span> <span class='ocrx_word' id='word_1_595' title='bbox 1467 4304 1527 4358; x_wconf 91' lang='lat' dir='ltr'><strong>in</strong></span> <span class='ocrx_word' id='word_1_596' title='bbox 1582 4305 1980 4375; x_wconf 65' lang='lat' dir='ltr'><strong>coasqualitate</strong></span> 
     </span>
    </p>
   </div>
   <div class='ocr_carea' id='block_1_77' title="bbox 335 4393 1976 4461">
    <p class='ocr_par' dir='ltr' id='par_1_77' title="bbox 335 4393 1976 4461">
     <span class='ocr_line' id='line_1_77' title="bbox 335 4393 1976 4461; baseline -0.002 -11"><span class='ocrx_word' id='word_1_597' title='bbox 335 4397 701 4451; x_wconf 62' lang='lat' dir='ltr'><strong>aeternitatis.</strong></span> <span class='ocrx_word' id='word_1_598' title='bbox 726 4396 871 4459; x_wconf 88' lang='lat' dir='ltr'><strong>Quia</strong></span> <span class='ocrx_word' id='word_1_599' title='bbox 896 4395 1159 4450; x_wconf 89' lang='lat' dir='ltr'><strong>ascendit</strong></span> <span class='ocrx_word' id='word_1_600' title='bbox 1181 4394 1251 4448; x_wconf 90' lang='lat' dir='ltr'><strong>ad</strong></span> <span class='ocrx_word' id='word_1_601' title='bbox 1274 4393 1470 4461; x_wconf 63' lang='lat' dir='ltr'><strong>caelos,</strong></span> <span class='ocrx_word' id='word_1_602' title='bbox 1503 4394 1669 4448; x_wconf 90' lang='lat' dir='ltr'><strong>sedet</strong></span> <span class='ocrx_word' id='word_1_603' title='bbox 1687 4394 1761 4448; x_wconf 90' lang='lat' dir='ltr'><strong>ad</strong></span> <span class='ocrx_word' id='word_1_604' title='bbox 1783 4395 1976 4448; x_wconf 89' lang='lat' dir='ltr'><strong>dexte-</strong></span> 
     </span>
    </p>
   </div>
   <div class='ocr_carea' id='block_1_78' title="bbox 336 4482 1974 4553">
    <p class='ocr_par' dir='ltr' id='par_1_78' title="bbox 336 4482 1974 4553">
     <span class='ocr_line' id='line_1_78' title="bbox 336 4482 1974 4553; baseline -0.003 -13"><span class='ocrx_word' id='word_1_605' title='bbox 336 4502 460 4540; x_wconf 90' lang='lat' dir='ltr'><strong>ram</strong></span> <span class='ocrx_word' id='word_1_606' title='bbox 495 4484 698 4550; x_wconf 89' lang='lat' dir='ltr'><strong>Patris,</strong></span> <span class='ocrx_word' id='word_1_607' title='bbox 734 4484 831 4538; x_wconf 90' lang='lat' dir='ltr'><strong>ubi</strong></span> <span class='ocrx_word' id='word_1_608' title='bbox 881 4489 1050 4538; x_wconf 89' lang='lat' dir='ltr'><strong>antea</strong></span> <span class='ocrx_word' id='word_1_609' title='bbox 1105 4487 1162 4536; x_wconf 92' lang='lat' dir='ltr'><strong>et</strong></span> <span class='ocrx_word' id='word_1_610' title='bbox 1217 4499 1451 4553; x_wconf 89' lang='lat' dir='ltr'><strong>semper</strong></span> <span class='ocrx_word' id='word_1_611' title='bbox 1485 4482 1594 4536; x_wconf 84' lang='lat' dir='ltr'><strong>fuit</strong></span> <span class='ocrx_word' id='word_1_612' title='bbox 1640 4499 1775 4536; x_wconf 90' lang='lat' dir='ltr'><strong>cum</strong></span> <span class='ocrx_word' id='word_1_613' title='bbox 1827 4482 1974 4552; x_wconf 90' lang='lat' dir='ltr'><strong>ipso.</strong></span> 
     </span>
    </p>
   </div>
   <div class='ocr_carea' id='block_1_79' title="bbox 338 4570 1976 4643">
    <p class='ocr_par' dir='ltr' id='par_1_79' title="bbox 338 4570 1976 4643">
     <span class='ocr_line' id='line_1_79' title="bbox 338 4570 1976 4643; baseline -0.002 -15"><span class='ocrx_word' id='word_1_614' title='bbox 338 4596 366 4624; x_wconf 85' lang='lat'><strong><em>«</em></strong></span> <span class='ocrx_word' id='word_1_615' title='bbox 405 4575 472 4628; x_wconf 87' lang='lat' dir='ltr'><strong>Et</strong></span> <span class='ocrx_word' id='word_1_616' title='bbox 528 4591 643 4628; x_wconf 91' lang='lat' dir='ltr'><strong>non</strong></span> <span class='ocrx_word' id='word_1_617' title='bbox 687 4578 776 4628; x_wconf 89' lang='lat' dir='ltr'><strong>est</strong></span> <span class='ocrx_word' id='word_1_618' title='bbox 833 4573 929 4643; x_wconf 91' lang='lat' dir='ltr'><strong>qui</strong></span> <span class='ocrx_word' id='word_1_619' title='bbox 981 4588 1041 4626; x_wconf 90' lang='lat' dir='ltr'><strong>se</strong></span> <span class='ocrx_word' id='word_1_620' title='bbox 1097 4571 1420 4626; x_wconf 90' lang='lat' dir='ltr'><strong>abscondat</strong></span> <span class='ocrx_word' id='word_1_621' title='bbox 1450 4588 1483 4624; x_wconf 92' lang='lat' dir='ltr'><strong>a</strong></span> <span class='ocrx_word' id='word_1_622' title='bbox 1514 4570 1703 4625; x_wconf 87' lang='lat' dir='ltr'><strong>calore</strong></span> <span class='ocrx_word' id='word_1_623' title='bbox 1761 4571 1911 4641; x_wconf 87' lang='lat' dir='ltr'><strong>ejus.</strong></span> <span class='ocrx_word' id='word_1_624' title='bbox 1949 4593 1976 4618; x_wconf 81' lang='grc'><strong>››</strong></span> 
     </span>
    </p>
   </div>
   <div class='ocr_carea' id='block_1_80' title="bbox 2091 3423 2210 3479">
    <p class='ocr_par' dir='ltr' id='par_1_80' title="bbox 2091 3423 2210 3479">
     <span class='ocr_line' id='line_1_80' title="bbox 2091 3423 2210 3479; baseline 0 -2"><span class='ocrx_word' id='word_1_625' title='bbox 2091 3423 2210 3479; x_wconf 91' lang='lat' dir='ltr'><strong>Dei.</strong></span> 
     </span>
    </p>
   </div>
   <div class='ocr_carea' id='block_1_81' title="bbox 2165 3508 3730 3576">
    <p class='ocr_par' dir='ltr' id='par_1_81' title="bbox 2165 3508 3730 3576">
     <span class='ocr_line' id='line_1_81' title="bbox 2165 3508 3730 3576; baseline 0.001 -16"><span class='ocrx_word' id='word_1_626' title='bbox 2165 3534 2192 3560; x_wconf 89' lang='grc'><strong>‹‹</strong></span> <span class='ocrx_word' id='word_1_627' title='bbox 2220 3511 2448 3566; x_wconf 89' lang='lat' dir='ltr'><strong>Etenim</strong></span> <span class='ocrx_word' id='word_1_628' title='bbox 2472 3527 2672 3564; x_wconf 88' lang='lat' dir='ltr'><strong>servus</strong></span> <span class='ocrx_word' id='word_1_629' title='bbox 2695 3514 2833 3565; x_wconf 92' lang='lat' dir='ltr'><strong>tuus</strong></span> <span class='ocrx_word' id='word_1_630' title='bbox 2856 3510 3110 3565; x_wconf 88' lang='lat' dir='ltr'><strong>custodit</strong></span> <span class='ocrx_word' id='word_1_631' title='bbox 3134 3526 3220 3576; x_wconf 89' lang='lat' dir='ltr'><strong>ea,</strong></span> <span class='ocrx_word' id='word_1_632' title='bbox 3247 3508 3306 3562; x_wconf 90' lang='lat' dir='ltr'><strong>in</strong></span> <span class='ocrx_word' id='word_1_633' title='bbox 3331 3508 3730 3563; x_wconf 89' lang='lat' dir='ltr'><strong>custodiendis</strong></span> 
     </span>
    </p>
   </div>
   <div class='ocr_carea' id='block_1_82' title="bbox 2091 3597 3730 3669">
    <p class='ocr_par' dir='ltr' id='par_1_82' title="bbox 2091 3597 3730 3669">
     <span class='ocr_line' id='line_1_82' title="bbox 2091 3597 3730 3669; baseline -0.003 -14"><span class='ocrx_word' id='word_1_634' title='bbox 2091 3600 2208 3656; x_wconf 90' lang='lat' dir='ltr'><strong>illis</strong></span> <span class='ocrx_word' id='word_1_635' title='bbox 2231 3598 2534 3655; x_wconf 90' lang='lat' dir='ltr'><strong>retributio</strong></span> <span class='ocrx_word' id='word_1_636' title='bbox 2566 3600 2768 3653; x_wconf 81' lang='lat' dir='ltr'><strong>multa.</strong></span> <span class='ocrx_word' id='word_1_637' title='bbox 2800 3619 2827 3647; x_wconf 78' lang='grc'><strong>››</strong></span> <span class='ocrx_word' id='word_1_638' title='bbox 2860 3599 3098 3669; x_wconf 81' lang='lat' dir='ltr'><strong>Propter</strong></span> <span class='ocrx_word' id='word_1_639' title='bbox 3146 3597 3283 3668; x_wconf 92' lang='lat' dir='ltr'><strong>quid</strong></span> <span class='ocrx_word' id='word_1_640' title='bbox 3333 3597 3589 3652; x_wconf 91' lang='lat' dir='ltr'><strong>custodit</strong></span> <span class='ocrx_word' id='word_1_641' title='bbox 3628 3612 3730 3650; x_wconf 91' lang='lat' dir='ltr'><strong>ea:</strong></span> 
     </span>
    </p>
   </div>
   <div class='ocr_carea' id='block_1_83' title="bbox 2092 3684 3734 3756">
    <p class='ocr_par' dir='ltr' id='par_1_83' title="bbox 2092 3684 3734 3756">
     <span class='ocr_line' id='line_1_83' title="bbox 2092 3684 3734 3756; baseline -0.003 -13"><span class='ocrx_word' id='word_1_642' title='bbox 2092 3689 2228 3756; x_wconf 86' lang='lat' dir='ltr'><strong>nisi,</strong></span> <span class='ocrx_word' id='word_1_643' title='bbox 2261 3710 2288 3737; x_wconf 88' lang='grc'>‹‹</span> <span class='ocrx_word' id='word_1_644' title='bbox 2318 3688 2376 3741; x_wconf 91' lang='lat' dir='ltr'><strong>in</strong></span> <span class='ocrx_word' id='word_1_645' title='bbox 2410 3688 2809 3742; x_wconf 89' lang='lat' dir='ltr'><strong>custodiendis</strong></span> <span class='ocrx_word' id='word_1_646' title='bbox 2850 3687 2965 3741; x_wconf 92' lang='lat' dir='ltr'><strong>illis</strong></span> <span class='ocrx_word' id='word_1_647' title='bbox 3013 3686 3320 3742; x_wconf 86' lang='lat' dir='ltr'><strong>retributio</strong></span> <span class='ocrx_word' id='word_1_648' title='bbox 3354 3685 3580 3740; x_wconf 83' lang='lat' dir='ltr'><strong>multa?</strong></span> <span class='ocrx_word' id='word_1_649' title='bbox 3616 3709 3637 3736; x_wconf 68' lang='grc' dir='ltr'><strong><em>ι</em></strong></span> <span class='ocrx_word' id='word_1_650' title='bbox 3674 3684 3734 3738; x_wconf 89' lang='lat' dir='ltr'><strong>Si</strong></span> 
     </span>
    </p>
   </div>
   <div class='ocr_carea' id='block_1_84' title="bbox 2090 3776 3732 3846">
    <p class='ocr_par' dir='ltr' id='par_1_84' title="bbox 2090 3776 3732 3846">
     <span class='ocr_line' id='line_1_84' title="bbox 2090 3776 3732 3846; baseline -0.003 -14"><span class='ocrx_word' id='word_1_651' title='bbox 2090 3778 2478 3841; x_wconf 81' lang='lat' dir='ltr'><strong>custodieritis,</strong></span> <span class='ocrx_word' id='word_1_652' title='bbox 2529 3776 2722 3846; x_wconf 90' lang='lat' dir='ltr'><strong>inquit</strong></span> <span class='ocrx_word' id='word_1_653' title='bbox 2762 3776 3060 3831; x_wconf 90' lang='lat' dir='ltr'><strong>Dominus.</strong></span> <span class='ocrx_word' id='word_1_654' title='bbox 3118 3783 3378 3846; x_wconf 66' lang='lat' dir='ltr'><strong>przecepta</strong></span> <span class='ocrx_word' id='word_1_655' title='bbox 3424 3791 3567 3840; x_wconf 88' lang='lat' dir='ltr'><strong>mea,</strong></span> <span class='ocrx_word' id='word_1_656' title='bbox 3615 3790 3732 3828; x_wconf 85' lang='lat' dir='ltr'><strong>ma-</strong></span> 
     </span>
    </p>
   </div>
   <div class='ocr_carea' id='block_1_85' title="bbox 2089 3863 3736 3933">
    <p class='ocr_par' dir='ltr' id='par_1_85' title="bbox 2089 3863 3736 3933">
     <span class='ocr_line' id='line_1_85' title="bbox 2089 3863 3736 3933; baseline -0.004 -12"><span class='ocrx_word' id='word_1_657' title='bbox 2089 3867 2292 3921; x_wconf 78' lang='lat' dir='ltr'><strong>nebitis</strong></span> <span class='ocrx_word' id='word_1_658' title='bbox 2323 3867 2382 3918; x_wconf 87' lang='lat' dir='ltr'><strong>in</strong></span> <span class='ocrx_word' id='word_1_659' title='bbox 2420 3864 2713 3919; x_wconf 84' lang='lat' dir='ltr'><strong>dilectione</strong></span> <span class='ocrx_word' id='word_1_660' title='bbox 2745 3881 2862 3919; x_wconf 91' lang='lat' dir='ltr'><strong>mea</strong></span> <span class='ocrx_word' id='word_1_661' title='bbox 2915 3865 3090 3933; x_wconf 85' lang='lat' dir='ltr'><strong>(Joan.</strong></span> <span class='ocrx_word' id='word_1_662' title='bbox 3124 3881 3216 3926; x_wconf 89' lang='lat' dir='ltr'><strong>xv,</strong></span> <span class='ocrx_word' id='word_1_663' title='bbox 3245 3865 3348 3930; x_wconf 94' lang='grc'><strong>10).</strong></span> <span class='ocrx_word' id='word_1_664' title='bbox 3384 3865 3517 3928; x_wconf 75' lang='lat' dir='ltr'><strong>Quae</strong></span> <span class='ocrx_word' id='word_1_665' title='bbox 3549 3863 3736 3931; x_wconf 89' lang='lat' dir='ltr'><strong>major</strong></span> 
     </span>
    </p>
   </div>
   <div class='ocr_carea' id='block_1_86' title="bbox 2093 3951 3430 4024">
    <p class='ocr_par' dir='ltr' id='par_1_86' title="bbox 2093 3951 3430 4024">
     <span class='ocr_line' id='line_1_86' title="bbox 2093 3951 3430 4024; baseline -0.001 -16"><span class='ocrx_word' id='word_1_666' title='bbox 2093 3954 2398 4010; x_wconf 86' lang='lat' dir='ltr'><strong>retributio</strong></span> <span class='ocrx_word' id='word_1_667' title='bbox 2431 3969 2604 4023; x_wconf 90' lang='lat' dir='ltr'><strong>quam</strong></span> <span class='ocrx_word' id='word_1_668' title='bbox 2641 3958 2704 4006; x_wconf 95' lang='lat' dir='ltr'><strong>ut</strong></span> <span class='ocrx_word' id='word_1_669' title='bbox 2737 3953 2870 4024; x_wconf 89' lang='lat' dir='ltr'><strong>quis</strong></span> <span class='ocrx_word' id='word_1_670' title='bbox 2902 3953 3180 4023; x_wconf 89' lang='lat' dir='ltr'><strong>diligatur</strong></span> <span class='ocrx_word' id='word_1_671' title='bbox 3209 3971 3242 4006; x_wconf 90' lang='lat' dir='ltr'><strong>a</strong></span> <span class='ocrx_word' id='word_1_672' title='bbox 3276 3958 3382 4006; x_wconf 93' lang='lat' dir='ltr'><strong>Deo</strong></span> <span class='ocrx_word' id='word_1_673' title='bbox 3403 3951 3430 3992; x_wconf 68' lang='lat'>9</span> 
     </span>
    </p>
   </div>
   <div class='ocr_carea' id='block_1_87' title="bbox 2171 4038 3730 4111">
    <p class='ocr_par' dir='ltr' id='par_1_87' title="bbox 2171 4038 3730 4111">
     <span class='ocr_line' id='line_1_87' title="bbox 2171 4038 3730 4111; baseline 0 -20"><span class='ocrx_word' id='word_1_674' title='bbox 2171 4063 2192 4091; x_wconf 73' lang='grc' dir='ltr'><strong>α</strong></span> <span class='ocrx_word' id='word_1_675' title='bbox 2231 4040 2445 4096; x_wconf 89' lang='lat' dir='ltr'><strong>Delicta</strong></span> <span class='ocrx_word' id='word_1_676' title='bbox 2469 4043 2601 4111; x_wconf 90' lang='lat' dir='ltr'><strong>quis</strong></span> <span class='ocrx_word' id='word_1_677' title='bbox 2637 4040 3004 4111; x_wconf 72' lang='lat' dir='ltr'><strong>intelligit?»</strong></span> <span class='ocrx_word' id='word_1_678' title='bbox 3041 4039 3149 4104; x_wconf 87' lang='lat' dir='ltr'><strong>Qui</strong></span> <span class='ocrx_word' id='word_1_679' title='bbox 3180 4039 3237 4092; x_wconf 91' lang='lat' dir='ltr'><strong>in</strong></span> <span class='ocrx_word' id='word_1_680' title='bbox 3270 4038 3497 4093; x_wconf 89' lang='lat' dir='ltr'><strong>delictis</strong></span> <span class='ocrx_word' id='word_1_681' title='bbox 3520 4044 3627 4103; x_wconf 91' lang='lat' dir='ltr'><strong>est,</strong></span> <span class='ocrx_word' id='word_1_682' title='bbox 3673 4038 3730 4092; x_wconf 90' lang='lat' dir='ltr'><strong>id</strong></span> 
     </span>
    </p>
   </div>
   <div class='ocr_carea' id='block_1_88' title="bbox 2089 4126 3732 4200">
    <p class='ocr_par' dir='ltr' id='par_1_88' title="bbox 2089 4126 3732 4200">
     <span class='ocr_line' id='line_1_88' title="bbox 2089 4126 3732 4200; baseline -0.003 -15"><span class='ocrx_word' id='word_1_683' title='bbox 2089 4131 2263 4186; x_wconf 90' lang='lat' dir='ltr'><strong>estin</strong></span> <span class='ocrx_word' id='word_1_684' title='bbox 2297 4127 2820 4200; x_wconf 90' lang='lat' dir='ltr'><strong>peccatis,judicia</strong></span> <span class='ocrx_word' id='word_1_685' title='bbox 2876 4127 2976 4182; x_wconf 90' lang='lat' dir='ltr'><strong>Dei</strong></span> <span class='ocrx_word' id='word_1_686' title='bbox 3027 4144 3141 4182; x_wconf 92' lang='lat' dir='ltr'><strong>non</strong></span> <span class='ocrx_word' id='word_1_687' title='bbox 3193 4126 3487 4197; x_wconf 88' lang='lat' dir='ltr'><strong>intelligit,</strong></span> <span class='ocrx_word' id='word_1_688' title='bbox 3540 4141 3732 4196; x_wconf 89' lang='lat' dir='ltr'><strong>neque</strong></span> 
     </span>
    </p>
   </div>
   <div class='ocr_carea' id='block_1_89' title="bbox 2091 4213 3732 4288">
    <p class='ocr_par' dir='ltr' id='par_1_89' title="bbox 2091 4213 3732 4288">
     <span class='ocr_line' id='line_1_89' title="bbox 2091 4213 3732 4288; baseline -0.004 -15"><span class='ocrx_word' id='word_1_689' title='bbox 2091 4236 2198 4274; x_wconf 92' lang='lat' dir='ltr'><strong>sua</strong></span> <span class='ocrx_word' id='word_1_690' title='bbox 2251 4220 2520 4288; x_wconf 90' lang='lat' dir='ltr'><strong>peccata:</strong></span> <span class='ocrx_word' id='word_1_691' title='bbox 2575 4216 2831 4286; x_wconf 90' lang='lat' dir='ltr'><strong>quandiu</strong></span> <span class='ocrx_word' id='word_1_692' title='bbox 2883 4221 2972 4269; x_wconf 92' lang='lat' dir='ltr'><strong>est</strong></span> <span class='ocrx_word' id='word_1_693' title='bbox 3031 4215 3089 4268; x_wconf 91' lang='lat' dir='ltr'><strong>in</strong></span> <span class='ocrx_word' id='word_1_694' title='bbox 3137 4213 3382 4269; x_wconf 91' lang='lat' dir='ltr'><strong>delictis.</strong></span> <span class='ocrx_word' id='word_1_695' title='bbox 3449 4237 3475 4262; x_wconf 91' lang='grc'><strong>‹‹</strong></span> <span class='ocrx_word' id='word_1_696' title='bbox 3511 4213 3732 4268; x_wconf 89' lang='lat' dir='ltr'><strong>Delicta</strong></span> 
     </span>
    </p>
   </div>
   <div class='ocr_carea' id='block_1_90' title="bbox 2090 4302 3732 4378">
    <p class='ocr_par' dir='ltr' id='par_1_90' title="bbox 2090 4302 3732 4378">
     <span class='ocr_line' id='line_1_90' title="bbox 2090 4302 3732 4378; baseline -0.002 -18"><span class='ocrx_word' id='word_1_697' title='bbox 2090 4307 2223 4378; x_wconf 89' lang='lat' dir='ltr'><strong>quis</strong></span> <span class='ocrx_word' id='word_1_698' title='bbox 2256 4304 2616 4375; x_wconf 76' lang='lat' dir='ltr'><strong>intelligit?»</strong></span> <span class='ocrx_word' id='word_1_699' title='bbox 2649 4303 2848 4359; x_wconf 89' lang='lat' dir='ltr'><strong>Tertia</strong></span> <span class='ocrx_word' id='word_1_700' title='bbox 2893 4303 3082 4358; x_wconf 89' lang='lat' dir='ltr'><strong>laudis</strong></span> <span class='ocrx_word' id='word_1_701' title='bbox 3130 4302 3358 4366; x_wconf 85' lang='lat' dir='ltr'><strong>divisio,</strong></span> <span class='ocrx_word' id='word_1_702' title='bbox 3409 4319 3524 4373; x_wconf 90' lang='lat' dir='ltr'><strong>qua</strong></span> <span class='ocrx_word' id='word_1_703' title='bbox 3566 4303 3732 4356; x_wconf 90' lang='lat' dir='ltr'><strong>docet</strong></span> 
     </span>
    </p>
   </div>
   <div class='ocr_carea' id='block_1_91' title="bbox 2088 4389 3730 4466">
    <p class='ocr_par' dir='ltr' id='par_1_91' title="bbox 2088 4389 3730 4466">
     <span class='ocr_line' id='line_1_91' title="bbox 2088 4389 3730 4466; baseline -0.004 -17"><span class='ocrx_word' id='word_1_704' title='bbox 2088 4391 2452 4466; x_wconf 89' lang='lat' dir='ltr'><strong>impossibile</strong></span> <span class='ocrx_word' id='word_1_705' title='bbox 2485 4391 2649 4464; x_wconf 90' lang='lat' dir='ltr'><strong>legis,</strong></span> <span class='ocrx_word' id='word_1_706' title='bbox 2700 4409 2812 4462; x_wconf 92' lang='lat' dir='ltr'><strong>quo</strong></span> <span class='ocrx_word' id='word_1_707' title='bbox 2862 4409 2962 4462; x_wconf 92' lang='lat' dir='ltr'><strong>per</strong></span> <span class='ocrx_word' id='word_1_708' title='bbox 3011 4391 3537 4462; x_wconf 79' lang='lat' dir='ltr'><strong>praevaricationem</strong></span> <span class='ocrx_word' id='word_1_709' title='bbox 3585 4389 3730 4461; x_wconf 88' lang='lat' dir='ltr'><strong>legis</strong></span> 
     </span>
    </p>
   </div>
   <div class='ocr_carea' id='block_1_92' title="bbox 2089 4479 3731 4556">
    <p class='ocr_par' dir='ltr' id='par_1_92' title="bbox 2089 4479 3731 4556">
     <span class='ocr_line' id='line_1_92' title="bbox 2089 4479 3731 4556; baseline -0.003 -19"><span class='ocrx_word' id='word_1_710' title='bbox 2089 4487 2394 4556; x_wconf 90' lang='lat' dir='ltr'><strong>peccatum</strong></span> <span class='ocrx_word' id='word_1_711' title='bbox 2427 4483 2616 4553; x_wconf 89' lang='lat' dir='ltr'><strong>magis</strong></span> <span class='ocrx_word' id='word_1_712' title='bbox 2647 4485 2997 4553; x_wconf 87' lang='lat' dir='ltr'><strong>apparuerat</strong></span> <span class='ocrx_word' id='word_1_713' title='bbox 3044 4481 3102 4535; x_wconf 92' lang='lat' dir='ltr'><strong>in</strong></span> <span class='ocrx_word' id='word_1_714' title='bbox 3144 4481 3384 4547; x_wconf 88' lang='lat' dir='ltr'><strong>mundo,</strong></span> <span class='ocrx_word' id='word_1_715' title='bbox 3440 4479 3731 4551; x_wconf 84' lang='lat' dir='ltr'><strong>Evangelii</strong></span> 
     </span>
    </p>
   </div>
   <div class='ocr_carea' id='block_1_93' title="bbox 2089 4569 3730 4643">
    <p class='ocr_par' dir='ltr' id='par_1_93' title="bbox 2089 4569 3730 4643">
     <span class='ocr_line' id='line_1_93' title="bbox 2089 4569 3730 4643; baseline -0.002 -17"><span class='ocrx_word' id='word_1_716' title='bbox 2089 4571 2278 4643; x_wconf 89' lang='lat' dir='ltr'><strong>gratia</strong></span> <span class='ocrx_word' id='word_1_717' title='bbox 2309 4571 2490 4624; x_wconf 87' lang='lat' dir='ltr'><strong>fuisse</strong></span> <span class='ocrx_word' id='word_1_718' title='bbox 2519 4569 2872 4640; x_wconf 90' lang='lat' dir='ltr'><strong>completum</strong></span> <span class='ocrx_word' id='word_1_719' title='bbox 2901 4585 2913 4624; x_wconf 92' lang='lat'><strong>:</strong></span> <span class='ocrx_word' id='word_1_720' title='bbox 2951 4585 3138 4639; x_wconf 90' lang='lat' dir='ltr'><strong>neque</strong></span> <span class='ocrx_word' id='word_1_721' title='bbox 3169 4585 3337 4639; x_wconf 90' lang='lat' dir='ltr'><strong>posse</strong></span> <span class='ocrx_word' id='word_1_722' title='bbox 3373 4585 3730 4639; x_wconf 91' lang='lat' dir='ltr'><strong>quemquam</strong></span> 
     </span>
    </p>
   </div>
   <div class='ocr_carea' id='block_1_94' title="bbox 334 4657 3733 4740">
    <p class='ocr_par' dir='ltr' id='par_1_94' title="bbox 334 4657 3733 4740">
     <span class='ocr_line' id='line_1_94' title="bbox 334 4657 3733 4740; baseline -0.002 -23"><span class='ocrx_word' id='word_1_723' title='bbox 334 4661 544 4717; x_wconf 87' lang='lat' dir='ltr'><strong>Nullus</strong></span> <span class='ocrx_word' id='word_1_724' title='bbox 577 4658 791 4732; x_wconf 89' lang='lat' dir='ltr'><strong>quippe</strong></span> <span class='ocrx_word' id='word_1_725' title='bbox 820 4666 908 4716; x_wconf 91' lang='lat' dir='ltr'><strong>est</strong></span> <span class='ocrx_word' id='word_1_726' title='bbox 960 4661 1057 4730; x_wconf 93' lang='lat' dir='ltr'><strong>qui</strong></span> <span class='ocrx_word' id='word_1_727' title='bbox 1109 4677 1224 4714; x_wconf 89' lang='lat' dir='ltr'><strong>non</strong></span> <span class='ocrx_word' id='word_1_728' title='bbox 1283 4659 1493 4714; x_wconf 88' lang='lat' dir='ltr'><strong>habeat</strong></span> <span class='ocrx_word' id='word_1_729' title='bbox 1537 4659 1768 4714; x_wconf 88' lang='lat' dir='ltr'><strong>semina</strong></span> <span class='ocrx_word' id='word_1_730' title='bbox 1816 4657 1983 4712; x_wconf 92' lang='lat' dir='ltr'><strong>intel-</strong></span> <span class='ocrx_word' id='word_1_731' title='bbox 2014 4677 2058 4740; x_wconf 72' lang='grc' dir='ltr'><strong>ι)</strong></span> <span class='ocrx_word' id='word_1_732' title='bbox 2091 4677 2124 4714; x_wconf 92' lang='lat' dir='ltr'><strong>a</strong></span> <span class='ocrx_word' id='word_1_733' title='bbox 2154 4659 2580 4730; x_wconf 89' lang='lat' dir='ltr'><strong>cogitationum</strong></span> <span class='ocrx_word' id='word_1_734' title='bbox 2615 4659 2887 4713; x_wconf 89' lang='lat' dir='ltr'><strong>sordibus</strong></span> <span class='ocrx_word' id='word_1_735' title='bbox 2914 4658 3148 4713; x_wconf 87' lang='lat' dir='ltr'><strong>liberari</strong></span> <span class='ocrx_word' id='word_1_736' title='bbox 3177 4676 3188 4712; x_wconf 92' lang='lat'><strong>:</strong></span> <span class='ocrx_word' id='word_1_737' title='bbox 3226 4657 3339 4712; x_wconf 89' lang='lat' dir='ltr'><strong>nisi</strong></span> <span class='ocrx_word' id='word_1_738' title='bbox 3372 4675 3474 4729; x_wconf 90' lang='lat' dir='ltr'><strong>per</strong></span> <span class='ocrx_word' id='word_1_739' title='bbox 3521 4658 3733 4712; x_wconf 88' lang='lat' dir='ltr'><strong>adven-</strong></span> 
     </span>
    </p>
   </div>
   <div class='ocr_carea' id='block_1_95' title="bbox 334 4747 1981 4820">
    <p class='ocr_par' dir='ltr' id='par_1_95' title="bbox 334 4747 1981 4820">
     <span class='ocr_line' id='line_1_95' title="bbox 334 4747 1981 4820; baseline -0.001 -14"><span class='ocrx_word' id='word_1_740' title='bbox 334 4752 521 4806; x_wconf 90' lang='lat' dir='ltr'><strong>lectus</strong></span> <span class='ocrx_word' id='word_1_741' title='bbox 555 4749 670 4805; x_wconf 92' lang='lat' dir='ltr'><strong>Dei.</strong></span> <span class='ocrx_word' id='word_1_742' title='bbox 697 4773 724 4800; x_wconf 83' lang='lat'><strong><em>«</em></strong></span> <span class='ocrx_word' id='word_1_743' title='bbox 758 4751 872 4804; x_wconf 87' lang='lat' dir='ltr'><strong>Nec</strong></span> <span class='ocrx_word' id='word_1_744' title='bbox 930 4755 1018 4804; x_wconf 89' lang='lat' dir='ltr'><strong>est</strong></span> <span class='ocrx_word' id='word_1_745' title='bbox 1073 4750 1173 4820; x_wconf 88' lang='lat' dir='ltr'><strong>qui</strong></span> <span class='ocrx_word' id='word_1_746' title='bbox 1233 4765 1293 4803; x_wconf 92' lang='lat' dir='ltr'><strong>se</strong></span> <span class='ocrx_word' id='word_1_747' title='bbox 1353 4748 1674 4803; x_wconf 87' lang='lat' dir='ltr'><strong>abscondat</strong></span> <span class='ocrx_word' id='word_1_748' title='bbox 1717 4765 1750 4802; x_wconf 88' lang='lat' dir='ltr'><strong>a</strong></span> <span class='ocrx_word' id='word_1_749' title='bbox 1791 4747 1981 4804; x_wconf 87' lang='lat' dir='ltr'><strong>calore</strong></span> 
     </span>
    </p>
   </div>
   <div class='ocr_carea' id='block_1_96' title="bbox 333 4837 1982 4909">
    <p class='ocr_par' dir='ltr' id='par_1_96' title="bbox 333 4837 1982 4909">
     <span class='ocr_line' id='line_1_96' title="bbox 333 4837 1982 4909; baseline -0.003 -13"><span class='ocrx_word' id='word_1_750' title='bbox 333 4842 482 4909; x_wconf 88' lang='lat' dir='ltr'><strong>ejus.</strong></span> <span class='ocrx_word' id='word_1_751' title='bbox 516 4862 542 4888; x_wconf 85' lang='lat'>»</span> <span class='ocrx_word' id='word_1_752' title='bbox 575 4838 782 4893; x_wconf 91' lang='lat' dir='ltr'><strong>Nullus</strong></span> <span class='ocrx_word' id='word_1_753' title='bbox 813 4842 901 4893; x_wconf 92' lang='lat' dir='ltr'><strong>est</strong></span> <span class='ocrx_word' id='word_1_754' title='bbox 931 4838 1031 4909; x_wconf 88' lang='lat' dir='ltr'><strong>qui</strong></span> <span class='ocrx_word' id='word_1_755' title='bbox 1062 4839 1133 4893; x_wconf 92' lang='lat' dir='ltr'><strong>de</strong></span> <span class='ocrx_word' id='word_1_756' title='bbox 1190 4837 1380 4892; x_wconf 90' lang='lat' dir='ltr'><strong>calore</strong></span> <span class='ocrx_word' id='word_1_757' title='bbox 1442 4855 1547 4892; x_wconf 90' lang='lat' dir='ltr'><strong>suo</strong></span> <span class='ocrx_word' id='word_1_758' title='bbox 1599 4854 1712 4892; x_wconf 90' lang='lat' dir='ltr'><strong>non</strong></span> <span class='ocrx_word' id='word_1_759' title='bbox 1772 4837 1982 4892; x_wconf 89' lang='lat' dir='ltr'><strong>habeat</strong></span> 
     </span>
    </p>
   </div>
   <div class='ocr_carea' id='block_1_97' title="bbox 334 4926 1981 4999">
    <p class='ocr_par' dir='ltr' id='par_1_97' title="bbox 334 4926 1981 4999">
     <span class='ocr_line' id='line_1_97' title="bbox 334 4926 1981 4999; baseline 0 -17"><span class='ocrx_word' id='word_1_760' title='bbox 334 4928 556 4999; x_wconf 88' lang='lat' dir='ltr'><strong>aliquid</strong></span> <span class='ocrx_word' id='word_1_761' title='bbox 580 4928 734 4998; x_wconf 91' lang='lat' dir='ltr'><strong>quod</strong></span> <span class='ocrx_word' id='word_1_762' title='bbox 761 4928 811 4981; x_wconf 92' lang='lat' dir='ltr'><strong>ei</strong></span> <span class='ocrx_word' id='word_1_763' title='bbox 833 4943 948 4981; x_wconf 90' lang='lat' dir='ltr'><strong>non</strong></span> <span class='ocrx_word' id='word_1_764' title='bbox 979 4927 1234 4982; x_wconf 88' lang='lat' dir='ltr'><strong>dedisset</strong></span> <span class='ocrx_word' id='word_1_765' title='bbox 1259 4943 1326 4980; x_wconf 89' lang='lat' dir='ltr'><strong>ex</strong></span> <span class='ocrx_word' id='word_1_766' title='bbox 1357 4927 1562 4981; x_wconf 85' lang='lat' dir='ltr'><strong>multis</strong></span> <span class='ocrx_word' id='word_1_767' title='bbox 1593 4926 1981 4982; x_wconf 89' lang='lat' dir='ltr'><strong>divisionibus</strong></span> 
     </span>
    </p>
   </div>
   <div class='ocr_carea' id='block_1_98' title="bbox 332 5014 1982 5088">
    <p class='ocr_par' dir='ltr' id='par_1_98' title="bbox 332 5014 1982 5088">
     <span class='ocr_line' id='line_1_98' title="bbox 332 5014 1982 5088; baseline -0.001 -17"><span class='ocrx_word' id='word_1_768' title='bbox 332 5019 652 5088; x_wconf 86' lang='lat' dir='ltr'><strong>gratiarum</strong></span> <span class='ocrx_word' id='word_1_769' title='bbox 674 5016 999 5071; x_wconf 89' lang='lat' dir='ltr'><strong>actionum:</strong></span> <span class='ocrx_word' id='word_1_770' title='bbox 1033 5015 1188 5070; x_wconf 90' lang='lat' dir='ltr'><strong>sicut</strong></span> <span class='ocrx_word' id='word_1_771' title='bbox 1231 5015 1378 5068; x_wconf 84' lang='lat' dir='ltr'><strong>dixit</strong></span> <span class='ocrx_word' id='word_1_772' title='bbox 1400 5014 1651 5069; x_wconf 90' lang='lat' dir='ltr'><strong>Paulus:</strong></span> <span class='ocrx_word' id='word_1_773' title='bbox 1689 5016 1795 5070; x_wconf 86' lang='lat' dir='ltr'><strong>alii</strong></span> <span class='ocrx_word' id='word_1_774' title='bbox 1813 5015 1982 5070; x_wconf 87' lang='lat' dir='ltr'><strong>datur</strong></span> 
     </span>
    </p>
   </div>
   <div class='ocr_carea' id='block_1_99' title="bbox 327 5104 1974 5176">
    <p class='ocr_par' dir='ltr' id='par_1_99' title="bbox 327 5104 1974 5176">
     <span class='ocr_line' id='line_1_99' title="bbox 327 5104 1974 5176; baseline -0.001 -15"><span class='ocrx_word' id='word_1_775' title='bbox 327 5122 502 5161; x_wconf 85' lang='lat' dir='ltr'><strong>sermo</strong></span> <span class='ocrx_word' id='word_1_776' title='bbox 526 5107 812 5176; x_wconf 57' lang='lat' dir='ltr'><strong>sapientia</strong></span> <span class='ocrx_word' id='word_1_777' title='bbox 835 5123 854 5159; x_wconf 88' lang='lat'><strong>:</strong></span> <span class='ocrx_word' id='word_1_778' title='bbox 875 5105 976 5159; x_wconf 87' lang='lat' dir='ltr'><strong>alii</strong></span> <span class='ocrx_word' id='word_1_779' title='bbox 1021 5119 1197 5159; x_wconf 84' lang='lat' dir='ltr'><strong>sermo</strong></span> <span class='ocrx_word' id='word_1_780' title='bbox 1253 5105 1503 5160; x_wconf 68' lang='lat' dir='ltr'><strong>scientiae</strong></span> <span class='ocrx_word' id='word_1_781' title='bbox 1533 5105 1580 5173; x_wconf 94' lang='grc' dir='ltr'><strong>(Ι</strong></span> <span class='ocrx_word' id='word_1_782' title='bbox 1608 5104 1730 5158; x_wconf 85' lang='lat' dir='ltr'><strong>Cor.</strong></span> <span class='ocrx_word' id='word_1_783' title='bbox 1764 5121 1866 5171; x_wconf 84' lang='lat' dir='ltr'><strong>x11,</strong></span> <span class='ocrx_word' id='word_1_784' title='bbox 1899 5106 1974 5174; x_wconf 87' lang='lat'><strong>8].</strong></span> 
     </span>
    </p>
   </div>
   <div class='ocr_carea' id='block_1_100' title="bbox 405 5193 1980 5264">
    <p class='ocr_par' dir='ltr' id='par_1_100' title="bbox 405 5193 1980 5264">
     <span class='ocr_line' id='line_1_100' title="bbox 405 5193 1980 5264; baseline -0.001 -16"><span class='ocrx_word' id='word_1_785' title='bbox 405 5195 576 5250; x_wconf 84' lang='lat' dir='ltr'><strong>«Lex</strong></span> <span class='ocrx_word' id='word_1_786' title='bbox 621 5195 851 5250; x_wconf 91' lang='lat' dir='ltr'><strong>Domini</strong></span> <span class='ocrx_word' id='word_1_787' title='bbox 909 5193 1460 5264; x_wconf 90' lang='lat' dir='ltr'><strong>irreprehensibilis.</strong></span> <span class='ocrx_word' id='word_1_788' title='bbox 1499 5215 1519 5239; x_wconf 79' lang='grc' dir='ltr'><strong>ιο</strong></span> <span class='ocrx_word' id='word_1_789' title='bbox 1561 5194 1668 5247; x_wconf 72' lang='lat' dir='ltr'><strong>Lex</strong></span> <span class='ocrx_word' id='word_1_790' title='bbox 1717 5193 1842 5263; x_wconf 91' lang='lat' dir='ltr'><strong>ipse</strong></span> <span class='ocrx_word' id='word_1_791' title='bbox 1891 5197 1980 5248; x_wconf 90' lang='lat' dir='ltr'><strong>est</strong></span> 
     </span>
    </p>
   </div>
   <div class='ocr_carea' id='block_1_101' title="bbox 326 5279 1977 5354">
    <p class='ocr_par' dir='ltr' id='par_1_101' title="bbox 326 5279 1977 5354">
     <span class='ocr_line' id='line_1_101' title="bbox 326 5279 1977 5354; baseline -0.002 -16"><span class='ocrx_word' id='word_1_792' title='bbox 326 5283 614 5353; x_wconf 89' lang='lat' dir='ltr'><strong>Christus,</strong></span> <span class='ocrx_word' id='word_1_793' title='bbox 647 5284 745 5354; x_wconf 90' lang='lat' dir='ltr'><strong>qui</strong></span> <span class='ocrx_word' id='word_1_794' title='bbox 778 5299 891 5338; x_wconf 91' lang='lat' dir='ltr'><strong>non</strong></span> <span class='ocrx_word' id='word_1_795' title='bbox 921 5282 1077 5337; x_wconf 89' lang='lat' dir='ltr'><strong>venit</strong></span> <span class='ocrx_word' id='word_1_796' title='bbox 1104 5281 1290 5354; x_wconf 75' lang='lat' dir='ltr'><strong>legem</strong></span> <span class='ocrx_word' id='word_1_797' title='bbox 1325 5279 1563 5346; x_wconf 90' lang='lat' dir='ltr'><strong>solvere,</strong></span> <span class='ocrx_word' id='word_1_798' title='bbox 1627 5281 1727 5335; x_wconf 91' lang='lat' dir='ltr'><strong>sed</strong></span> <span class='ocrx_word' id='word_1_799' title='bbox 1789 5280 1977 5334; x_wconf 91' lang='lat' dir='ltr'><strong>adim-</strong></span> 
     </span>
    </p>
   </div>
   <div class='ocr_carea' id='block_1_102' title="bbox 328 5369 1974 5444">
    <p class='ocr_par' dir='ltr' id='par_1_102' title="bbox 328 5369 1974 5444">
     <span class='ocr_line' id='line_1_102' title="bbox 328 5369 1974 5444; baseline -0.002 -18"><span class='ocrx_word' id='word_1_800' title='bbox 328 5373 485 5444; x_wconf 91' lang='lat' dir='ltr'><strong>plere</strong></span> <span class='ocrx_word' id='word_1_801' title='bbox 542 5373 748 5442; x_wconf 83' lang='lat' dir='ltr'><strong>(Matth.</strong></span> <span class='ocrx_word' id='word_1_802' title='bbox 804 5389 858 5435; x_wconf 85' lang='grc' dir='ltr'><strong>ν,</strong></span> <span class='ocrx_word' id='word_1_803' title='bbox 921 5372 1028 5440; x_wconf 82' lang='grc'><strong>17).</strong></span> <span class='ocrx_word' id='word_1_804' title='bbox 1081 5370 1609 5442; x_wconf 79' lang='lat' dir='ltr'><strong>Irreprehensibilis,</strong></span> <span class='ocrx_word' id='word_1_805' title='bbox 1661 5369 1800 5439; x_wconf 88' lang='lat' dir='ltr'><strong>quia</strong></span> <span class='ocrx_word' id='word_1_806' title='bbox 1860 5385 1974 5423; x_wconf 91' lang='lat' dir='ltr'><strong>non</strong></span> 
     </span>
    </p>
   </div>
   <div class='ocr_carea' id='block_1_103' title="bbox 325 5456 1972 5530">
    <p class='ocr_par' dir='ltr' id='par_1_103' title="bbox 325 5456 1972 5530">
     <span class='ocr_line' id='line_1_103' title="bbox 325 5456 1972 5530; baseline -0.003 -16"><span class='ocrx_word' id='word_1_807' title='bbox 325 5459 533 5514; x_wconf 89' lang='lat' dir='ltr'><strong>habuit</strong></span> <span class='ocrx_word' id='word_1_808' title='bbox 558 5463 878 5530; x_wconf 89' lang='lat' dir='ltr'><strong>peccatum.</strong></span> <span class='ocrx_word' id='word_1_809' title='bbox 913 5483 940 5508; x_wconf 84' lang='grc'><strong>‹‹</strong></span> <span class='ocrx_word' id='word_1_810' title='bbox 971 5459 1084 5513; x_wconf 88' lang='lat' dir='ltr'><strong>Lex</strong></span> <span class='ocrx_word' id='word_1_811' title='bbox 1113 5459 1343 5514; x_wconf 90' lang='lat' dir='ltr'><strong>Domini</strong></span> <span class='ocrx_word' id='word_1_812' title='bbox 1378 5456 1776 5512; x_wconf 87' lang='lat' dir='ltr'><strong>immaculata.</strong></span> <span class='ocrx_word' id='word_1_813' title='bbox 1805 5479 1833 5504; x_wconf 86' lang='lat'>»</span> <span class='ocrx_word' id='word_1_814' title='bbox 1865 5456 1972 5519; x_wconf 87' lang='lat' dir='ltr'><strong>Qui</strong></span> 
     </span>
    </p>
   </div>
   <div class='ocr_carea' id='block_1_104' title="bbox 327 5547 1969 5622">
    <p class='ocr_par' dir='ltr' id='par_1_104' title="bbox 327 5547 1969 5622">
     <span class='ocr_line' id='line_1_104' title="bbox 327 5547 1969 5622; baseline -0.003 -19"><span class='ocrx_word' id='word_1_815' title='bbox 327 5566 432 5622; x_wconf 91' lang='lat' dir='ltr'><strong>per</strong></span> <span class='ocrx_word' id='word_1_816' title='bbox 461 5553 758 5603; x_wconf 90' lang='lat' dir='ltr'><strong>creaturas</strong></span> <span class='ocrx_word' id='word_1_817' title='bbox 821 5549 999 5602; x_wconf 90' lang='lat' dir='ltr'><strong>Deum</strong></span> <span class='ocrx_word' id='word_1_818' title='bbox 1048 5551 1180 5601; x_wconf 89' lang='lat' dir='ltr'><strong>ante</strong></span> <span class='ocrx_word' id='word_1_819' title='bbox 1211 5547 1567 5612; x_wconf 89' lang='lat' dir='ltr'><strong>laudaverat,</strong></span> <span class='ocrx_word' id='word_1_820' title='bbox 1631 5561 1785 5598; x_wconf 89' lang='lat' dir='ltr'><strong>nunc</strong></span> <span class='ocrx_word' id='word_1_821' title='bbox 1836 5559 1969 5598; x_wconf 91' lang='lat' dir='ltr'><strong>eum</strong></span> 
     </span>
    </p>
   </div>
   <div class='ocr_carea' id='block_1_105' title="bbox 327 5635 1967 5710">
    <p class='ocr_par' dir='ltr' id='par_1_105' title="bbox 327 5635 1967 5710">
     <span class='ocr_line' id='line_1_105' title="bbox 327 5635 1967 5710; baseline -0.004 -17"><span class='ocrx_word' id='word_1_822' title='bbox 327 5655 432 5710; x_wconf 90' lang='lat' dir='ltr'><strong>per</strong></span> <span class='ocrx_word' id='word_1_823' title='bbox 465 5638 836 5692; x_wconf 87' lang='lat' dir='ltr'><strong>donationem</strong></span> <span class='ocrx_word' id='word_1_824' title='bbox 869 5636 1012 5706; x_wconf 85' lang='lat' dir='ltr'><strong>legis</strong></span> <span class='ocrx_word' id='word_1_825' title='bbox 1043 5635 1248 5706; x_wconf 90' lang='lat' dir='ltr'><strong>incipit</strong></span> <span class='ocrx_word' id='word_1_826' title='bbox 1280 5635 1613 5707; x_wconf 69' lang='lat' dir='ltr'><strong>praedicare.</strong></span> <span class='ocrx_word' id='word_1_827' title='bbox 1657 5655 1684 5682; x_wconf 87' lang='grc'><strong><em>‹‹</em></strong></span> <span class='ocrx_word' id='word_1_828' title='bbox 1719 5635 1967 5688; x_wconf 87' lang='lat' dir='ltr'><strong>Conver-</strong></span> 
     </span>
    </p>
   </div>
   <div class='ocr_carea' id='block_1_106' title="bbox 327 5721 1971 5795">
    <p class='ocr_par' dir='ltr' id='par_1_106' title="bbox 327 5721 1971 5795">
     <span class='ocr_line' id='line_1_106' title="bbox 327 5721 1971 5795; baseline -0.004 -13"><span class='ocrx_word' id='word_1_829' title='bbox 327 5733 460 5783; x_wconf 91' lang='lat' dir='ltr'><strong>tens</strong></span> <span class='ocrx_word' id='word_1_830' title='bbox 492 5726 740 5791; x_wconf 86' lang='lat' dir='ltr'><strong>animas,</strong></span> <span class='ocrx_word' id='word_1_831' title='bbox 759 5748 786 5774; x_wconf 85' lang='lat'><strong>»</strong></span> <span class='ocrx_word' id='word_1_832' title='bbox 811 5726 882 5780; x_wconf 90' lang='lat' dir='ltr'><strong>de</strong></span> <span class='ocrx_word' id='word_1_833' title='bbox 912 5724 1244 5795; x_wconf 89' lang='lat' dir='ltr'><strong>captivitate</strong></span> <span class='ocrx_word' id='word_1_834' title='bbox 1273 5724 1331 5778; x_wconf 92' lang='lat' dir='ltr'><strong>in</strong></span> <span class='ocrx_word' id='word_1_835' title='bbox 1360 5724 1713 5780; x_wconf 89' lang='lat' dir='ltr'><strong>libertatem.</strong></span> <span class='ocrx_word' id='word_1_836' title='bbox 1739 5721 1971 5776; x_wconf 81' lang='lat' dir='ltr'><strong>«Testl-</strong></span> 
     </span>
    </p>
   </div>
   <div class='ocr_carea' id='block_1_107' title="bbox 2091 4745 3734 4819">
    <p class='ocr_par' dir='ltr' id='par_1_107' title="bbox 2091 4745 3734 4819">
     <span class='ocr_line' id='line_1_107' title="bbox 2091 4745 3734 4819; baseline -0.002 -17"><span class='ocrx_word' id='word_1_837' title='bbox 2091 4752 2215 4802; x_wconf 92' lang='lat' dir='ltr'><strong>tum</strong></span> <span class='ocrx_word' id='word_1_838' title='bbox 2248 4747 2499 4818; x_wconf 86' lang='lat' dir='ltr'><strong>Spiritus</strong></span> <span class='ocrx_word' id='word_1_839' title='bbox 2533 4747 2738 4801; x_wconf 85' lang='lat' dir='ltr'><strong>sancti.</strong></span> <span class='ocrx_word' id='word_1_840' title='bbox 2764 4769 2792 4795; x_wconf 90' lang='grc'><strong>‹‹</strong></span> <span class='ocrx_word' id='word_1_841' title='bbox 2833 4746 3046 4802; x_wconf 90' lang='lat' dir='ltr'><strong>Delicta</strong></span> <span class='ocrx_word' id='word_1_842' title='bbox 3068 4747 3204 4819; x_wconf 90' lang='lat' dir='ltr'><strong>quis</strong></span> <span class='ocrx_word' id='word_1_843' title='bbox 3231 4747 3529 4819; x_wconf 88' lang='lat' dir='ltr'><strong>intelligit,</strong></span> <span class='ocrx_word' id='word_1_844' title='bbox 3557 4769 3583 4795; x_wconf 87' lang='grc'><strong>››</strong></span> <span class='ocrx_word' id='word_1_845' title='bbox 3622 4745 3734 4801; x_wconf 91' lang='lat' dir='ltr'><strong>nisi</strong></span> 
     </span>
    </p>
   </div>
   <div class='ocr_carea' id='block_1_108' title="bbox 2092 4835 3736 4907">
    <p class='ocr_par' dir='ltr' id='par_1_108' title="bbox 2092 4835 3736 4907">
     <span class='ocr_line' id='line_1_108' title="bbox 2092 4835 3736 4907; baseline -0.001 -16"><span class='ocrx_word' id='word_1_846' title='bbox 2092 4841 2380 4892; x_wconf 88' lang='lat' dir='ltr'><strong>scrutator</strong></span> <span class='ocrx_word' id='word_1_847' title='bbox 2409 4835 2672 4890; x_wconf 92' lang='lat' dir='ltr'><strong>cordium</strong></span> <span class='ocrx_word' id='word_1_848' title='bbox 2696 4835 2873 4904; x_wconf 89' lang='lat' dir='ltr'><strong>Deus,</strong></span> <span class='ocrx_word' id='word_1_849' title='bbox 2902 4835 3002 4905; x_wconf 92' lang='lat' dir='ltr'><strong>qui</strong></span> <span class='ocrx_word' id='word_1_850' title='bbox 3025 4841 3080 4891; x_wconf 91' lang='lat' dir='ltr'><strong>et</strong></span> <span class='ocrx_word' id='word_1_851' title='bbox 3102 4841 3294 4907; x_wconf 84' lang='lat' dir='ltr'><strong>potest</strong></span> <span class='ocrx_word' id='word_1_852' title='bbox 3317 4853 3386 4891; x_wconf 91' lang='lat' dir='ltr'><strong>ea</strong></span> <span class='ocrx_word' id='word_1_853' title='bbox 3406 4836 3736 4890; x_wconf 74' lang='lat' dir='ltr'><strong>dimittere?</strong></span> 
     </span>
    </p>
   </div>
   <div class='ocr_carea' id='block_1_109' title="bbox 2097 4923 3734 4994">
    <p class='ocr_par' dir='ltr' id='par_1_109' title="bbox 2097 4923 3734 4994">
     <span class='ocr_line' id='line_1_109' title="bbox 2097 4923 3734 4994; baseline 0.002 -21"><span class='ocrx_word' id='word_1_854' title='bbox 2097 4944 2120 4973; x_wconf 72' lang='grc' dir='ltr'><strong>α</strong></span> <span class='ocrx_word' id='word_1_855' title='bbox 2154 4925 2238 4979; x_wconf 90' lang='lat' dir='ltr'><strong>Ab</strong></span> <span class='ocrx_word' id='word_1_856' title='bbox 2271 4924 2513 4979; x_wconf 91' lang='lat' dir='ltr'><strong>occultis</strong></span> <span class='ocrx_word' id='word_1_857' title='bbox 2545 4923 2690 4978; x_wconf 90' lang='lat' dir='ltr'><strong>meis</strong></span> <span class='ocrx_word' id='word_1_858' title='bbox 2719 4925 2940 4979; x_wconf 91' lang='lat' dir='ltr'><strong>munda</strong></span> <span class='ocrx_word' id='word_1_859' title='bbox 2962 4941 3054 4980; x_wconf 89' lang='lat' dir='ltr'><strong>me</strong></span> <span class='ocrx_word' id='word_1_860' title='bbox 3083 4943 3094 4978; x_wconf 89' lang='lat'><strong>:</strong></span> <span class='ocrx_word' id='word_1_861' title='bbox 3129 4930 3184 4980; x_wconf 89' lang='lat' dir='ltr'><strong>et</strong></span> <span class='ocrx_word' id='word_1_862' title='bbox 3205 4925 3277 4980; x_wconf 91' lang='lat' dir='ltr'><strong>ab</strong></span> <span class='ocrx_word' id='word_1_863' title='bbox 3309 4924 3514 4979; x_wconf 89' lang='lat' dir='ltr'><strong>alienis</strong></span> <span class='ocrx_word' id='word_1_864' title='bbox 3565 4938 3734 4994; x_wconf 90' lang='lat' dir='ltr'><strong>parce</strong></span> 
     </span>
    </p>
   </div>
   <div class='ocr_carea' id='block_1_110' title="bbox 2091 5011 3728 5086">
    <p class='ocr_par' dir='ltr' id='par_1_110' title="bbox 2091 5011 3728 5086">
     <span class='ocr_line' id='line_1_110' title="bbox 2091 5011 3728 5086; baseline -0.004 -17"><span class='ocrx_word' id='word_1_865' title='bbox 2091 5030 2256 5069; x_wconf 91' lang='lat' dir='ltr'><strong>servo</strong></span> <span class='ocrx_word' id='word_1_866' title='bbox 2289 5018 2408 5067; x_wconf 92' lang='lat' dir='ltr'><strong>tuo.</strong></span> <span class='ocrx_word' id='word_1_867' title='bbox 2437 5038 2458 5063; x_wconf 77' lang='grc' dir='ltr'><strong>ι)</strong></span> <span class='ocrx_word' id='word_1_868' title='bbox 2495 5014 2570 5068; x_wconf 88' lang='lat' dir='ltr'><strong>Ab</strong></span> <span class='ocrx_word' id='word_1_869' title='bbox 2600 5013 2846 5084; x_wconf 84' lang='lat' dir='ltr'><strong>occultis,</strong></span> <span class='ocrx_word' id='word_1_870' title='bbox 2879 5014 2936 5068; x_wconf 91' lang='lat' dir='ltr'><strong>id</strong></span> <span class='ocrx_word' id='word_1_871' title='bbox 2965 5019 3054 5069; x_wconf 92' lang='lat' dir='ltr'><strong>est</strong></span> <span class='ocrx_word' id='word_1_872' title='bbox 3104 5013 3411 5086; x_wconf 69' lang='lat' dir='ltr'><strong>praeteritis</strong></span> <span class='ocrx_word' id='word_1_873' title='bbox 3457 5011 3728 5082; x_wconf 86' lang='lat' dir='ltr'><strong>peccatis,</strong></span> 
     </span>
    </p>
   </div>
   <div class='ocr_carea' id='block_1_111' title="bbox 2089 5099 3729 5173">
    <p class='ocr_par' dir='ltr' id='par_1_111' title="bbox 2089 5099 3729 5173">
     <span class='ocr_line' id='line_1_111' title="bbox 2089 5099 3729 5173; baseline -0.005 -15"><span class='ocrx_word' id='word_1_874' title='bbox 2089 5107 2140 5158; x_wconf 90' lang='lat' dir='ltr'><strong>et</strong></span> <span class='ocrx_word' id='word_1_875' title='bbox 2169 5104 2241 5157; x_wconf 83' lang='lat' dir='ltr'><strong>ab</strong></span> <span class='ocrx_word' id='word_1_876' title='bbox 2271 5103 2491 5167; x_wconf 82' lang='lat' dir='ltr'><strong>alienis,</strong></span> <span class='ocrx_word' id='word_1_877' title='bbox 2537 5103 2644 5157; x_wconf 92' lang='lat' dir='ltr'><strong>hoc</strong></span> <span class='ocrx_word' id='word_1_878' title='bbox 2695 5108 2802 5167; x_wconf 90' lang='lat' dir='ltr'><strong>est,</strong></span> <span class='ocrx_word' id='word_1_879' title='bbox 2836 5119 2963 5173; x_wconf 77' lang='lat' dir='ltr'><strong>quae</strong></span> <span class='ocrx_word' id='word_1_880' title='bbox 3011 5103 3206 5156; x_wconf 86' lang='lat' dir='ltr'><strong>futura</strong></span> <span class='ocrx_word' id='word_1_881' title='bbox 3253 5110 3408 5167; x_wconf 83' lang='lat' dir='ltr'><strong>sunt,</strong></span> <span class='ocrx_word' id='word_1_882' title='bbox 3442 5104 3497 5153; x_wconf 89' lang='lat' dir='ltr'><strong>et</strong></span> <span class='ocrx_word' id='word_1_883' title='bbox 3539 5099 3729 5151; x_wconf 88' lang='lat' dir='ltr'><strong>adhuc</strong></span> 
     </span>
    </p>
   </div>
   <div class='ocr_carea' id='block_1_112' title="bbox 2088 5187 3724 5254">
    <p class='ocr_par' dir='ltr' id='par_1_112' title="bbox 2088 5187 3724 5254">
     <span class='ocr_line' id='line_1_112' title="bbox 2088 5187 3724 5254; baseline -0.003 -10"><span class='ocrx_word' id='word_1_884' title='bbox 2088 5192 2158 5245; x_wconf 89' lang='lat' dir='ltr'><strong>ad</strong></span> <span class='ocrx_word' id='word_1_885' title='bbox 2194 5207 2284 5244; x_wconf 92' lang='lat' dir='ltr'><strong>me</strong></span> <span class='ocrx_word' id='word_1_886' title='bbox 2317 5207 2432 5244; x_wconf 89' lang='lat' dir='ltr'><strong>non</strong></span> <span class='ocrx_word' id='word_1_887' title='bbox 2461 5195 2765 5244; x_wconf 89' lang='lat' dir='ltr'><strong>venerunt.</strong></span> <span class='ocrx_word' id='word_1_888' title='bbox 2826 5189 2925 5244; x_wconf 90' lang='lat' dir='ltr'><strong>Vel</strong></span> <span class='ocrx_word' id='word_1_889' title='bbox 2987 5190 3189 5244; x_wconf 89' lang='lat' dir='ltr'><strong>aliter:</strong></span> <span class='ocrx_word' id='word_1_890' title='bbox 3251 5190 3326 5243; x_wconf 83' lang='lat' dir='ltr'><strong>Ab</strong></span> <span class='ocrx_word' id='word_1_891' title='bbox 3378 5187 3618 5254; x_wconf 84' lang='lat' dir='ltr'><strong>occultis,</strong></span> <span class='ocrx_word' id='word_1_892' title='bbox 3671 5187 3724 5239; x_wconf 91' lang='lat' dir='ltr'><strong>id</strong></span> 
     </span>
    </p>
   </div>
   <div class='ocr_carea' id='block_1_113' title="bbox 2087 5276 3727 5349">
    <p class='ocr_par' dir='ltr' id='par_1_113' title="bbox 2087 5276 3727 5349">
     <span class='ocr_line' id='line_1_113' title="bbox 2087 5276 3727 5349; baseline -0.004 -15"><span class='ocrx_word' id='word_1_893' title='bbox 2087 5284 2194 5344; x_wconf 88' lang='lat' dir='ltr'><strong>est,</strong></span> <span class='ocrx_word' id='word_1_894' title='bbox 2229 5280 2504 5334; x_wconf 85' lang='lat' dir='ltr'><strong>omnibus</strong></span> <span class='ocrx_word' id='word_1_895' title='bbox 2530 5296 2655 5349; x_wconf 67' lang='lat' dir='ltr'><strong>quae</strong></span> <span class='ocrx_word' id='word_1_896' title='bbox 2691 5279 2747 5332; x_wconf 90' lang='lat' dir='ltr'><strong>iu</strong></span> <span class='ocrx_word' id='word_1_897' title='bbox 2782 5296 2873 5333; x_wconf 88' lang='lat' dir='ltr'><strong>me</strong></span> <span class='ocrx_word' id='word_1_898' title='bbox 2905 5282 3061 5342; x_wconf 92' lang='lat' dir='ltr'><strong>sunt,</strong></span> <span class='ocrx_word' id='word_1_899' title='bbox 3095 5286 3144 5332; x_wconf 85' lang='lat' dir='ltr'><strong>et</strong></span> <span class='ocrx_word' id='word_1_900' title='bbox 3169 5278 3234 5331; x_wconf 88' lang='lat' dir='ltr'><strong>ab</strong></span> <span class='ocrx_word' id='word_1_901' title='bbox 3266 5276 3482 5339; x_wconf 83' lang='lat' dir='ltr'><strong>alienis,</strong></span> <span class='ocrx_word' id='word_1_902' title='bbox 3529 5291 3727 5345; x_wconf 82' lang='lat' dir='ltr'><strong>pecca-</strong></span> 
     </span>
    </p>
   </div>
   <div class='ocr_carea' id='block_1_114' title="bbox 2085 5363 3729 5438">
    <p class='ocr_par' dir='ltr' id='par_1_114' title="bbox 2085 5363 3729 5438">
     <span class='ocr_line' id='line_1_114' title="bbox 2085 5363 3729 5438; baseline -0.004 -18"><span class='ocrx_word' id='word_1_903' title='bbox 2085 5367 2162 5422; x_wconf 89' lang='lat' dir='ltr'><strong>tis</strong></span> <span class='ocrx_word' id='word_1_904' title='bbox 2191 5385 2203 5422; x_wconf 88' lang='lat'><strong>:</strong></span> <span class='ocrx_word' id='word_1_905' title='bbox 2247 5367 2385 5438; x_wconf 90' lang='lat' dir='ltr'><strong>quia</strong></span> <span class='ocrx_word' id='word_1_906' title='bbox 2415 5367 2684 5422; x_wconf 91' lang='lat' dir='ltr'><strong>diabolus</strong></span> <span class='ocrx_word' id='word_1_907' title='bbox 2717 5367 2922 5421; x_wconf 87' lang='lat' dir='ltr'><strong>habuit</strong></span> <span class='ocrx_word' id='word_1_908' title='bbox 2950 5368 3008 5420; x_wconf 92' lang='lat' dir='ltr'><strong>in</strong></span> <span class='ocrx_word' id='word_1_909' title='bbox 3042 5366 3268 5420; x_wconf 90' lang='lat' dir='ltr'><strong>occulto</strong></span> <span class='ocrx_word' id='word_1_910' title='bbox 3301 5363 3729 5434; x_wconf 89' lang='lat' dir='ltr'><strong>superbiam,et</strong></span> 
     </span>
    </p>
   </div>
   <div class='ocr_carea' id='block_1_115' title="bbox 2088 5453 3725 5527">
    <p class='ocr_par' dir='ltr' id='par_1_115' title="bbox 2088 5453 3725 5527">
     <span class='ocr_line' id='line_1_115' title="bbox 2088 5453 3725 5527; baseline -0.004 -17"><span class='ocrx_word' id='word_1_911' title='bbox 2088 5458 2381 5527; x_wconf 87' lang='lat' dir='ltr'><strong>projectus</strong></span> <span class='ocrx_word' id='word_1_912' title='bbox 2414 5461 2539 5511; x_wconf 92' lang='lat' dir='ltr'><strong>est:</strong></span> <span class='ocrx_word' id='word_1_913' title='bbox 2577 5461 2775 5527; x_wconf 91' lang='lat' dir='ltr'><strong>postea</strong></span> <span class='ocrx_word' id='word_1_914' title='bbox 2804 5455 3029 5510; x_wconf 90' lang='lat' dir='ltr'><strong>alienus</strong></span> <span class='ocrx_word' id='word_1_915' title='bbox 3060 5458 3183 5508; x_wconf 88' lang='lat' dir='ltr'><strong>erat</strong></span> <span class='ocrx_word' id='word_1_916' title='bbox 3213 5455 3282 5507; x_wconf 91' lang='lat' dir='ltr'><strong>ab</strong></span> <span class='ocrx_word' id='word_1_917' title='bbox 3314 5453 3519 5516; x_wconf 84' lang='lat' dir='ltr'><strong>Adam,</strong></span> <span class='ocrx_word' id='word_1_918' title='bbox 3565 5456 3725 5505; x_wconf 86' lang='lat' dir='ltr'><strong>ante-</strong></span> 
     </span>
    </p>
   </div>
   <div class='ocr_carea' id='block_1_116' title="bbox 2085 5543 3728 5616">
    <p class='ocr_par' dir='ltr' id='par_1_116' title="bbox 2085 5543 3728 5616">
     <span class='ocr_line' id='line_1_116' title="bbox 2085 5543 3728 5616; baseline -0.004 -17"><span class='ocrx_word' id='word_1_919' title='bbox 2085 5561 2258 5615; x_wconf 88' lang='lat' dir='ltr'><strong>quam</strong></span> <span class='ocrx_word' id='word_1_920' title='bbox 2295 5546 2416 5616; x_wconf 90' lang='lat' dir='ltr'><strong>ipse</strong></span> <span class='ocrx_word' id='word_1_921' title='bbox 2448 5546 2632 5598; x_wconf 90' lang='lat' dir='ltr'><strong>Adam</strong></span> <span class='ocrx_word' id='word_1_922' title='bbox 2666 5548 2977 5615; x_wconf 90' lang='lat' dir='ltr'><strong>peccasset.</strong></span> <span class='ocrx_word' id='word_1_923' title='bbox 3013 5543 3123 5596; x_wconf 90' lang='lat' dir='ltr'><strong>Sed</strong></span> <span class='ocrx_word' id='word_1_924' title='bbox 3151 5547 3461 5612; x_wconf 89' lang='lat' dir='ltr'><strong>postquam</strong></span> <span class='ocrx_word' id='word_1_925' title='bbox 3486 5556 3728 5595; x_wconf 89' lang='lat' dir='ltr'><strong>consen-</strong></span> 
     </span>
    </p>
   </div>
   <div class='ocr_carea' id='block_1_117' title="bbox 2085 5630 3727 5704">
    <p class='ocr_par' dir='ltr' id='par_1_117' title="bbox 2085 5630 3727 5704">
     <span class='ocr_line' id='line_1_117' title="bbox 2085 5630 3727 5704; baseline -0.002 -18"><span class='ocrx_word' id='word_1_926' title='bbox 2085 5634 2160 5687; x_wconf 91' lang='lat' dir='ltr'><strong>sit</strong></span> <span class='ocrx_word' id='word_1_927' title='bbox 2177 5635 2250 5702; x_wconf 89' lang='lat' dir='ltr'><strong>ei,</strong></span> <span class='ocrx_word' id='word_1_928' title='bbox 2284 5633 2560 5704; x_wconf 88' lang='lat' dir='ltr'><strong>superbia</strong></span> <span class='ocrx_word' id='word_1_929' title='bbox 2587 5637 2643 5686; x_wconf 92' lang='lat' dir='ltr'><strong>et</strong></span> <span class='ocrx_word' id='word_1_930' title='bbox 2672 5633 2963 5687; x_wconf 87' lang='lat' dir='ltr'><strong>voluntate</strong></span> <span class='ocrx_word' id='word_1_931' title='bbox 2992 5630 3287 5699; x_wconf 88' lang='lat' dir='ltr'><strong>conjuncti</strong></span> <span class='ocrx_word' id='word_1_932' title='bbox 3339 5633 3498 5696; x_wconf 90' lang='lat' dir='ltr'><strong>sunt,</strong></span> <span class='ocrx_word' id='word_1_933' title='bbox 3549 5635 3606 5684; x_wconf 88' lang='lat' dir='ltr'><strong>et</strong></span> <span class='ocrx_word' id='word_1_934' title='bbox 3656 5630 3727 5683; x_wconf 89' lang='lat' dir='ltr'><strong>de</strong></span> 
     </span>
    </p>
   </div>
   <div class='ocr_carea' id='block_1_118' title="bbox 2083 5717 3724 5792">
    <p class='ocr_par' dir='ltr' id='par_1_118' title="bbox 2083 5717 3724 5792">
     <span class='ocr_line' id='line_1_118' title="bbox 2083 5717 3724 5792; baseline -0.002 -17"><span class='ocrx_word' id='word_1_935' title='bbox 2083 5738 2199 5775; x_wconf 93' lang='lat' dir='ltr'><strong>uno</strong></span> <span class='ocrx_word' id='word_1_936' title='bbox 2233 5727 2466 5792; x_wconf 89' lang='lat' dir='ltr'><strong>peccato</strong></span> <span class='ocrx_word' id='word_1_937' title='bbox 2492 5721 2626 5775; x_wconf 78' lang='lat' dir='ltr'><strong>fecit</strong></span> <span class='ocrx_word' id='word_1_938' title='bbox 2647 5720 2757 5775; x_wconf 90' lang='lat' dir='ltr'><strong>sibi</strong></span> <span class='ocrx_word' id='word_1_939' title='bbox 2776 5718 3130 5788; x_wconf 88' lang='lat' dir='ltr'><strong>duojudicia</strong></span> <span class='ocrx_word' id='word_1_940' title='bbox 3150 5717 3512 5785; x_wconf 86' lang='lat' dir='ltr'><strong>diabolus,ut</strong></span> <span class='ocrx_word' id='word_1_941' title='bbox 3532 5718 3724 5790; x_wconf 89' lang='lat' dir='ltr'><strong>dupli-</strong></span> 
     </span>
    </p>
   </div>
  </div>
