4314 6566
581 435 698 499 927

654 676 680 701 ‹‹
715 654 775 708 Si
800 654 913 708 mei
939 671 1052 709 non
1084 655 1302 710 fuerint
1334 657 1789 724 dominati,tunc
1811 659 2225 713 immaculatus

582 758 697 797 ero.
722 761 750 793 ιι
786 741 846 796 Si
877 743 990 797 ista
1021 748 1254 813 peccata
1284 762 1399 800 non
1443 746 1657 800 fuerint
1702 747 1845 802 mihi
1902 748 2221 815 dominata,

581 835 725 886 tunc
753 848 850 886 ero
897 831 1381 887 immaculatus.«
1440 835 1509 888 Et
1557 836 1924 890 emundabor
1953 854 1987 891 a
2017 836 2224 890 delicto

582 921 856 976 maxime.
886 942 906 969 ι
943 920 1002 975 id
1024 925 1113 976 est
1137 938 1171 975 a
1192 922 1509 993 superbia;
1535 924 1674 993 quia
1697 924 1970 995 superbia
1988 924 2224 979 initium

582 1014 671 1065 est
698 1010 892 1065 omnis
922 1010 1164 1080 peccati.

654 1121 681 1148 «
716 1100 786 1153 Et
814 1104 986 1154 erunt
1016 1103 1080 1154 ut
1128 1100 1530 1170 complaceant
1576 1101 1809 1171 eloquia
1857 1102 1974 1156 oris
2033 1103 2218 1156 mei.»

581 1187 743 1243 Tunc
772 1187 879 1242 tibi
911 1186 1224 1259 placebunt
1272 1188 1501 1259 eloquia
1558 1207 1703 1244 mea.
1747 1214 1773 1239 ‹‹
1810 1191 1877 1243 Et
1925 1190 2225 1245 meditatio

582 1277 775 1332 cordis
800 1278 909 1331 mei
946 1277 1005 1331 in
1040 1281 1355 1347 conspectu
1388 1282 1487 1332 tuo
1520 1295 1773 1350 semper,
1801 1301 1827 1327 »
1882 1279 1938 1333 id
1996 1285 2104 1346 est,
2156 1279 2226 1333 de

584 1366 982 1421 recordatione
1012 1366 1386 1421 humilitatis.

658 1474 686 1508 α
716 1455 983 1521 Domine,
1014 1456 1248 1525 adjutor
1282 1472 1448 1510 meus
1481 1460 1537 1510 et
1595 1457 1925 1528 redemptor
1974 1474 2162 1512 meus.
2193 1480 2223 1508 »

583 1544 831 1614 Adjutor
860 1544 917 1598 in
964 1543 1341 1599 tribulatione
1399 1549 1457 1599 et
1512 1546 1569 1598 in
1628 1546 2099 1600 necessitatibus.
2160 1551 2229 1602 Et

580 1632 885 1703 redemptor
912 1648 1082 1698 meus,
1143 1633 1281 1703 quia
1336 1638 1401 1687 tu
1450 1650 1543 1688 me
1590 1635 1889 1689 redemisti
1942 1635 2226 1707 sanguine

581 1725 683 1776 tuo
714 1722 988 1792 pretioso.
1021 1721 1105 1775 Tu
1133 1738 1193 1775 es
1224 1722 1459 1791 adjutor
1488 1722 1730 1778 humani
1780 1724 2046 1794 generis:
2092 1740 2225 1779 cum

584 1826 692 1865 nos
713 1811 785 1864 ad
809 1814 866 1864 te
895 1810 1166 1865 accedere
1198 1810 1361 1865 facis.
1411 1812 1498 1866 Tu
1552 1829 1617 1866 es
1665 1813 2035 1883 redemptor:
2089 1814 2228 1884 quia

583 1914 691 1954 nos
722 1904 826 1953 tua
844 1897 1115 1969 passione
1146 1916 1212 1953 ac
1232 1900 1653 1956 resurrectione
1675 1901 1747 1956 ab
1782 1901 2018 1957 interitu
2065 1904 2228 1957 rede-

586 1987 770 2052 misti,
804 1988 906 2058 qui
938 2004 1043 2043 nos
1066 1988 1290 2059 jugiter
1321 1988 1376 2042 in
1410 1988 1534 2060 lege
1556 1994 1658 2044 tua
1678 1990 2009 2061 gradientes
2031 1997 2224 2046 custo-

582 2077 706 2131 dire
737 2075 1032 2148 digneris:
1065 2078 1204 2148 quia
1234 2078 1339 2133 tibi
1371 2084 1460 2133 est
1511 2095 1645 2134 cum
1697 2087 1911 2136 aeterno
1956 2086 2125 2137 Patre
2171 2087 2227 2137 et

584 2164 806 2235 Spiritu
828 2170 1028 2221 sancto
1058 2165 1243 2221 honor
1268 2172 1324 2222 et
1342 2167 1526 2238 gloria
1544 2169 1603 2222 in
1626 2168 1839 2223 szecula
1855 2169 2222 2225 saeculorum.

585 2260 793 2310 Amen.

1155 2426 1481 2482 PSALMUS
1512 2429 1657 2483 XIX.

585 2535 863 2608 lnﬁnem,
884 2535 1127 2608 psalmus
1150 2535 1336 2608 David.
1364 2540 1545 2608 Istum
1590 2536 1882 2607 psalmum
1944 2538 2226 2608 propheta

656 2606 714 2659 in
748 2622 994 2675 persona
1044 2605 1310 2659 Ecclesiae
1342 2607 1498 2661 canit
1529 2605 1605 2661 de
1649 2608 1900 2663 Christo.
1947 2605 2227 2663 Praivide-

656 2677 1058 2758 hatcprophcta
1072 2676 1455 2758 Christumad
1478 2679 2224 2758 redemptionempostram

654 2748 918 2873 ἓθηῖἷὲἱη
946 2765 1137 2814 carne,
1162 2754 1217 2803 et
1242 2749 1619 2820 proinimicis
1641 2748 1825 2805 orare.
1862 2752 1997 2805 Inde
2041 2753 2225 2805 dixit:

693 2835 769 2873 ,τα
850 2822 944 2873 iat.

693 2822 944 2874 Lzaudiat.

654 2968 939 3024 Exaudiat
967 2973 1023 3022 te
1070 2969 1351 3023 Dominus
1400 2969 1460 3023 in
1491 2969 1584 3023 die
1632 2970 2109 3026 tribulationis.»
2166 2976 2226 3027 In

586 3058 675 3111 die
730 3058 1106 3111 tribulationis
1149 3074 1251 3127 pro
1304 3064 1467 3128 parte
1526 3059 1717 3113 carnis
1764 3059 1926 3114 dixit.
1981 3062 2224 3125 Quidam

592 3146 749 3200 hunc
773 3144 1065 3217 psalmum
1098 3145 1319 3199 dictum
1353 3151 1564 3217 putant
1619 3164 1686 3201 ex
1723 3164 1859 3202 voce
1909 3150 2107 3221 populi
2153 3154 2223 3207 ad

590 3235 887 3293 Christum
913 3234 1226 3304 loquentis,
1260 3239 1327 3288 ut
1354 3236 1423 3289 ad
1460 3251 1655 3305 regem
1687 3234 1905 3306 pariter
1934 3243 1991 3292 et
2038 3256 2228 3295 sacer-

591 3326 805 3381 dotem.

665 3439 685 3463 α
724 3413 919 3468 Mittat
950 3413 1055 3467 tibi
1106 3413 1388 3468 auxilium
1420 3414 1489 3468 de
1521 3419 1783 3468 sancto.»
1821 3415 1926 3478 Qui
1981 3417 2227 3473 formam

592 3505 741 3559 servi
765 3507 1062 3573 acceperat
1086 3503 1355 3573 (Philipp.
1382 3519 1467 3573 11,,
1488 3504 1725 3573 7),recte
1746 3502 1797 3557 ei
1816 3506 1982 3574 quasi
2007 3505 2230 3561 homini

591 3594 948 3663 imprecetur
993 3590 1298 3646 auxilium.
1350 3615 1377 3640 ‹‹
1414 3592 1603 3646 Mittat
1650 3592 1756 3646 tibi
1814 3593 2096 3648 auxilium
2160 3597 2231 3650 de

592 3685 813 3747 sancto,
842 3702 869 3728 ››
901 3680 1009 3734 hoc
1040 3686 1129 3735 est
1160 3681 1230 3734 de
1261 3680 1596 3751 semetipso,
1625 3681 1763 3751 quia
1810 3681 1910 3735 illa
1957 3683 2230 3739 divinitas

592 3770 651 3823 in
684 3768 811 3839 ipso
843 3783 1079 3838 corpore
1109 3772 1250 3822 erat.
1276 3769 1405 3833 «Et
1436 3770 1505 3822 de
1553 3769 1689 3823 Sion
1750 3769 2031 3840 suscipiat
2072 3775 2165 3839 te;
2202 3794 2229 3821 ››

592 3856 703 3911 hoc
732 3861 842 3927 est,
876 3857 947 3911 de
978 3856 1232 3911 Ecclesia
1260 3857 1387 3927 ipsa
1419 3858 1579 3927 Sion,
1622 3874 1747 3928 qua:
1782 3863 1837 3912 et
1866 3858 2141 3927 Ecclesia,
2176 3865 2233 3915 et

594 3944 718 4017 ipse
749 3950 839 3999 est
859 3945 918 3999 in
950 3944 1224 4000 Ecclesia.

666 4058 693 4084 ‹‹
728 4035 950 4090 Memor
980 4036 1056 4089 sit
1084 4035 1366 4089 Dominus
1398 4034 1590 4089 omnis
1622 4035 1891 4091 sacrificii
1920 4037 2027 4091 tui.
2057 4057 2078 4087 ι
2114 4038 2231 4092 Hoc

592 4130 702 4192 est,
736 4129 802 4179 ut
834 4125 1083 4180 redimat
1109 4142 1213 4196 per
1242 4126 1573 4196 passionem
1589 4142 1778 4180 suam.
1805 4126 1949 4190 Quia
1967 4126 2232 4181 Christus

593 4215 715 4286 ipse
749 4218 839 4269 est
867 4231 987 4282 rex,
1017 4217 1074 4268 et
1103 4214 1394 4284 sacerdos,
1427 4219 1483 4268 et
1533 4214 1761 4269 hostia:
1813 4214 1945 4285 quia
1997 4216 2232 4269 semeti-

595 4320 766 4375 psum
799 4303 1011 4358 obtulit
1042 4303 1099 4356 in
1133 4303 1423 4373 passione,
1458 4304 1596 4373 quia
1626 4319 1729 4373 pro
1761 4304 1930 4358 nobis
1986 4304 2231 4374 sangui-

593 4408 726 4445 nem
751 4408 924 4446 suum
948 4392 1125 4445 dedit.
1150 4413 1178 4440 ‹‹
1196 4390 1613 4447 Holocaustum
1634 4397 1799 4446 tuum
1825 4393 2040 4463 pingue
2063 4392 2184 4462 ﬁat,
2204 4415 2231 4441 »

592 4480 650 4533 id
683 4486 791 4545 est,
825 4479 1176 4551 acceptabile
1207 4481 1283 4534 sit
1312 4485 1444 4534 Deo.
1478 4480 1891 4535 Holocaustum
1924 4485 2013 4535 est
2042 4485 2232 4535 totum

596 4570 968 4622 corr-bustum
996 4586 1008 4622 :
1042 4569 1182 4639 quia
1210 4568 1474 4622 Christus
1505 4585 1634 4623 cum
1669 4586 1905 4640 corpore
1929 4574 1986 4623 et
2043 4570 2237 4625 anima

2069 437 2492 499 APPENDIX.

581 567 723 620 citer
776 566 1165 634 judicaretur,
1208 568 1347 636 quia
1391 572 1449 622 et
1506 584 1568 623 se
1636 572 1694 624 et
1751 568 1932 623 alium
1989 570 2221 624 occidit.
2256 574 2309 638 Α

3860 432 3985 495 928

2413 592 2441 620 ‹‹
2476 568 2828 624 Laetabimur
2857 567 2918 622 in
2978 566 3218 623 salutari
3272 569 3394 621 tuo.
3422 588 3449 614 »
3492 568 3613 620 Vox
3672 567 3973 622 Ecclesiae:

2341 662 2397 716 in
2431 660 2680 713 salutem
2716 674 2893 729 quam
2929 657 3141 710 dedisti
3175 655 3466 726 patiendo.
3491 678 3519 703 «
3555 660 3620 708 Et
3651 655 3709 709 in
3741 658 3977 711 nomine

2335 749 2569 803 Domini
2592 748 2693 802 Dei
2727 746 2906 800 nostri
2931 746 3475 814 magnificabimur;
3504 768 3525 795 ι
3556 760 3669 798 non
3703 744 3762 797 in
3784 745 3973 815 nobis,

2336 839 2437 891 sed
2472 838 2527 891 in
2562 837 2684 903 illo,
2718 834 2855 907 quia
2886 836 2945 888 in
2997 834 3251 888 Ecclesia
3280 833 3339 888 in
3372 838 3472 888 tuo
3503 850 3710 889 sumus
3742 835 3978 889 nomine

2336 926 2693 998 congregati.

2409 1037 2438 1065 ‹‹
2472 1012 2717 1085 Impleat
2773 1012 3054 1067 Dominus
3113 1027 3314 1067 omnes
3366 1012 3681 1083 petitiones
3754 1018 3911 1068 tuas.
3946 1034 3977 1062 »

2336 1105 2530 1174 Usque
2586 1104 2700 1156 huc
2756 1101 2829 1155 de
2885 1101 3156 1171 passione
3200 1101 3366 1171 dixit,
3425 1101 3601 1155 modo
3659 1102 3729 1155 de
3782 1117 3977 1156 resur-

2337 1192 2610 1255 rectione,
2644 1195 2699 1245 et
2756 1190 3121 1253 ascensione,
3178 1193 3235 1243 et
3291 1189 3781 1244 remuneratione.
3838 1190 3977 1243 Duae

2337 1285 2475 1335 sunt
2521 1278 2831 1350 petitiones
2890 1277 3105 1332 Christi
3164 1294 3297 1332 cum
3350 1277 3525 1332 dicit:
3584 1278 3870 1332 Exaudiat
3920 1282 3977 1333 te

2338 1370 2705 1435 Dominus,et
2726 1367 2965 1440 impleat
2988 1383 3191 1421 omnes
3212 1365 3518 1437 petitiones
3542 1370 3695 1420 tuas.
3730 1368 3974 1430 Quando

2338 1458 2479 1511 dixit
2500 1457 2766 1512 Christus
2789 1457 2860 1511 ad
2883 1460 3113 1510 Patrem
3140 1474 3152 1509 :
3190 1456 3457 1524 Clariﬁea
3479 1470 3583 1522 me,
3608 1456 3799 1522 Pater,
3832 1455 3978 1526 apud

2340 1549 2682 1617 temetipsum
2700 1547 2950 1599 claritate
2979 1561 3145 1615 quam
3176 1544 3345 1597 habui
3364 1546 3691 1614 priusquam
3737 1545 3979 1598 mundus

2336 1640 2486 1708 ﬁeret
2519 1638 2704 1707 (Joan.
2738 1651 2877 1701 xvn;
2905 1635 2983 1704 5).
3032 1634 3097 1687 Et
3126 1632 3262 1687 alibi
3298 1651 3311 1687 :
3344 1634 3527 1699 Pater,
3559 1637 3763 1700 sancte,
3820 1649 3980 1688 serva

2338 1743 2429 1781 eos
2452 1729 2507 1780 in
2541 1726 2762 1779 nomine
2794 1732 2884 1777 tuo
2914 1739 3044 1793 quos
3074 1722 3272 1776 dedisti
3298 1722 3457 1789 mihi,
3488 1729 3549 1776 ut
3568 1722 3828 1793 quomodo
3873 1737 3978 1777 nos

2334 1833 2509 1871 unum
2553 1829 2762 1884 sumus,
2824 1816 2903 1867 sic
2959 1817 3011 1867 et
3064 1813 3153 1866 illi
3216 1828 3391 1865 unum
3461 1812 3575 1866 sint
3644 1810 3799 1881 (Ibid.
3862 1812 3974 1880 11).

2342 1928 2370 1957 ‹‹
2400 1906 2565 1960 Nunc
2596 1901 2835 1974 cognovi
2882 1901 3159 1973 quoniam
3218 1900 3444 1955 salvum
3508 1898 3640 1954 fecit
3695 1899 3978 1954 Dominus

2336 1994 2633 2049 Christum
2666 2008 2911 2046 suum.»
2948 1991 3113 2045 Nunc
3145 1990 3287 2044 dicit
3319 1989 3607 2060 Propheta
3636 1990 3707 2043 ad
3741 1993 3976 2060 tempus

2336 2085 2571 2155 quando
2605 2081 2826 2151 accepit
2857 2080 3141 2151 Spiritum
3182 2084 3473 2133 sanctum.
3508 2078 3673 2133 Tunc
3703 2078 3979 2149 cognovit

2336 2174 2488 2244 quod
2523 2171 2772 2226 salvaret
2801 2170 2957 2224 Deus
2988 2173 3158 2223 Pater
3190 2168 3398 2223 Filium
3434 2183 3632 2223 suum.

2408 2286 2435 2311 ‹‹
2478 2263 2547 2315 Et
2577 2257 3026 2316 exaudietillum
3049 2259 3120 2312 de
3142 2256 3283 2313 coelo
3314 2262 3516 2312 sancto
3545 2272 3651 2312 suo
3675 2272 3687 2323 ;
3714 2277 3742 2306 »
3775 2256 3833 2311 id
3865 2260 3973 2326 est,

2336 2354 2407 2407 de
2439 2349 2750 2421 semetipso
2782 2352 2839 2402 et
2868 2348 2938 2402 de
2969 2351 3170 2401 sancta
3214 2346 3487 2401 Ecclesia.
3514 2368 3542 2395 ‹‹
3568 2350 3632 2400 In
3664 2345 3980 2417 potentati-

2336 2442 2446 2495 bus
2505 2438 2666 2494 salus
2726 2437 2969 2491 dexterae
3024 2437 3222 2506 ejus.»
3288 2434 3689 2489 Potentatibus
3762 2438 3978 2489 sanctis

2334 2529 2632 2585 Ecclesiae:
2669 2527 2883 2597 quibus
2916 2525 3076 2579 salus
3108 2525 3258 2578 facta
3287 2529 3375 2578 est
3408 2541 3509 2594 per
3536 2523 3830 2579 Christum
3875 2522 3980 2593 qui

2336 2624 2425 2673 est
2455 2619 2689 2671 dextera
2719 2616 2866 2685 ejus,
2926 2614 2982 2667 id
3038 2618 3127 2667 est
3185 2613 3279 2667 Dei
3343 2613 3551 2677 Patris,
3612 2613 3746 2681 quia
3803 2612 3981 2667 habet

2337 2706 2591 2762 Ecclesia
2612 2704 2831 2774 ligandi
2865 2709 2920 2757 et
2950 2702 3208 2757 solvendi
3231 2707 3597 2772 potestatem,
3621 2704 3677 2755 et
3725 2698 3975 2772 discipli-

2338 2812 2471 2849 nam
2503 2792 2768 2848 faciendi.
2803 2793 2872 2846 Et
2902 2791 3215 2846 Dominus:
3250 2791 3381 2844 Ecce
3405 2790 3539 2845 dedi
3560 2791 3703 2845 :obis
3740 2794 3977 2860 potesta-

2335 2891 2439 2940 tem
2470 2885 2689 2937 calcare
2716 2897 2879 2951 super
2926 2884 3219 2949 serpentes,
3270 2884 3319 2932 et
3350 2881 3580 2934 virlutes
3627 2895 3809 2933 omnes
3860 2879 3976 2933 ini-

2334 2975 2469 3028 mici
2497 2974 2648 3042 (Luc.
2681 2987 2735 3023 x.
2772 2969 2878 3038 19).
2914 2967 3073 3021 Unde
3104 2967 3321 3021 Paulus
3354 2967 3528 3022 dicit:
3578 2968 3710 3035 Quid
3764 2968 3979 3021 vultis?

2336 3068 2398 3118 In
2420 3064 2583 3131 virga
2602 3062 2817 3113 veniam
2840 3059 2912 3112 ad
2934 3073 3039 3123 vos,
3064 3074 3137 3110 an
3157 3057 3212 3110 in
3231 3059 3505 3111 c/iaritate
3554 3058 3697 3127 (Cor.
3729 3070 3805 3111 iv.
3838 3058 3926 3127 2t)
3947 3057 3977 3111 ?

2341 3173 2369 3200 α
2420 3152 2480 3204 In
2537 3147 2936 3219 potentatibus
2985 3145 3146 3200 salus
3204 3147 3447 3199 dexterae
3503 3146 3706 3216 ejus.»
3753 3146 3815 3200 In
3873 3145 3971 3201 illa

2338 3238 2599 3311 potentia
2629 3254 2753 3307 qua:
2786 3236 2967 3290 victor
2996 3235 3067 3290 ab
3102 3235 3303 3289 inferis
3335 3234 3668 3290 resurrexit.

2414 3352 2441 3376 «ι
2474 3328 2540 3381 Hi
2577 3326 2634 3380 in
2668 3325 2962 3389 curribus,
3011 3329 3068 3378 et
3117 3322 3177 3378 hi
3230 3324 3287 3377 in
3332 3324 3521 3394 equis.
3558 3344 3580 3374 υ
3646 3324 3863 3378 Cnrrus
3921 3331 3979 3379 et

2340 3435 2525 3488 equus
2545 3415 2848 3486 semperin
2880 3412 3184 3485 zEgyptiis,
3217 3418 3564 3484 arguuntur.
3596 3411 3707 3467 Alii
3742 3413 3983 3467 credant

2341 3505 2513 3560 idolis
2530 3510 2706 3576 atque
2736 3503 3081 3571 daemoniis;
3114 3516 3220 3557 nos
3244 3502 3607 3556 conﬁdamus
3640 3502 3698 3555 in
3729 3501 3982 3556 Christo.

2340 3596 2438 3651 Vel
2469 3595 2670 3649 aliter:
2705 3618 2732 3644 «
2767 3594 2834 3648 Hi
2867 3594 2925 3647 in
2958 3592 3247 3656 curribus,
3284 3596 3341 3645 et
3388 3590 3446 3643 hi
3495 3590 3552 3644 in
3585 3591 3773 3661 equis.
3810 3614 3837 3639 ››
3878 3590 3988 3645 Per

2342 3702 2569 3754 currus,
2592 3683 2859 3754 voluptas
2917 3675 3144 3743 mundi,
3204 3679 3322 3733 sive
3371 3678 3805 3732 mundanorum
3858 3694 3985 3733 om-

2341 3774 2504 3829 nium
2537 3771 2825 3842 cupiditas
2856 3768 3233 3838 designatur;
3266 3766 3404 3836 quia
3430 3767 3595 3835 quasi
3643 3771 3798 3830 rotae,
3852 3783 3983 3836 quin

2342 3861 2648 3917 instabiles
2670 3858 2917 3923 sunt,sic
2940 3856 3049 3925 ipsi
3069 3855 3125 3909 in
3150 3858 3340 3909 mente
3358 3852 3742 3925 hucillucque
3764 3855 3991 3909 discur-

2344 3954 2496 4004 runt.
2524 3950 2628 4001 Per
2646 3962 2848 4016 equos,
2874 3942 3134 4014 superbi,
3159 3957 3216 3996 et
3240 3943 3350 4013 ipsi
3375 3947 3514 3995 sunt
3543 3942 3762 4014 cupidi.
3818 3967 3837 3990 ι
3868 3948 3984 3997 Nos

2342 4042 2533 4093 autem
2565 4037 2624 4090 iri
2648 4035 2881 4089 nomine
2904 4031 3133 4087 Domini
3159 4032 3254 4086 Dei
3278 4031 3461 4086 nostri
3485 4030 3888 4086 invocabimus
3915 4050 3928 4099 ;
3958 4055 3985 4081 υ

2343 4142 2456 4180 non
2489 4124 2548 4178 in
2580 4123 2671 4177 his
2702 4138 2880 4193 supra
2912 4120 3104 4181 dictis,
3138 4121 3239 4174 sed
3272 4119 3330 4173 in
3356 4120 3590 4175 nomine
3622 4119 3874 4175 Domini.

2413 4237 2440 4262 ‹‹
2475 4213 2589 4283 Ipsi
2623 4210 2863 4281 obligati
2897 4213 3055 4277 sunt,
3091 4214 3147 4264 et
3177 4209 3511 4264 ceciderunt
3538 4227 3551 4263 :
3576 4231 3601 4257 ››
3652 4208 3751 4281 qui
3811 4208 3986 4265 vitio-

2342 4319 2471 4357 rum
2505 4300 2747 4355 funibus
2774 4300 2935 4371 ligati
2960 4304 3097 4353 sunt
3129 4303 3185 4353 et
3218 4299 3275 4352 in
3310 4298 3611 4369 superiora
3646 4314 3760 4353 non
3790 4297 3985 4353 valent

2345 4392 2674 4460 ascendere,
2701 4390 2799 4445 sed
2832 4389 3041 4443 cadent
3073 4394 3137 4442 ut
3159 4387 3340 4442 illud:
3378 4388 3439 4441 Et
3465 4388 3721 4443 abierunt
3778 4396 3979 4442 retror-

2343 4498 2483 4547 sum,
2514 4484 2565 4534 et.
2592 4480 2899 4535 ceciderunt
2927 4478 3103 4549 (Joan.
3154 4494 3316 4540 xvm,
3371 4477 3447 4547 6).
3513 4496 3540 4527 α
3565 4476 3680 4531 Nos
3711 4493 3842 4531 vero
3892 4492 3985 4530 re-

2346 4568 2709 4626 surreximus
2740 4572 2795 4622 et
2842 4566 3016 4621 erecti
3068 4582 3295 4620 sumus.
3337 4587 3363 4613 »
3421 4564 3865 4619 Resurreximus
3911 4564 3984 4619 ab

597 4656 858 4711 ascendit
884 4658 942 4710 in
975 4673 1227 4711 crucem.
1262 4658 1476 4712 Omnes
1508 4657 1753 4713 victimae
1814 4664 1947 4724 tuae,
2005 4659 2226 4714 sacritl-
2262 4670 2309 4733 1)
2345 4657 2724 4714 inﬁdelitate:
2760 4657 2937 4710 Erecti
2964 4671 3152 4709 sumus
3186 4670 3288 4725 per
3317 4653 3517 4720 fidem,
3553 4653 3691 4725 quia
3739 4650 3984 4709 tortuosi

596 4745 750 4799 cium
778 4743 990 4799 Christi
1023 4750 1132 4811 est,
1167 4746 1286 4800 sive
1317 4747 1471 4817 quod
1504 4747 1553 4801 ei
1578 4764 1781 4803 omnes
1804 4748 2103 4803 offerimus
2134 4749 2233 4803 de-

602 4833 928 4905 precando:
964 4833 1082 4889 sive
1121 4835 1272 4904 Quod
1306 4851 1407 4904 pro
1433 4835 1707 4890 omnibus
1740 4852 1914 4890 suum
1948 4836 2071 4907 ipse
2102 4853 2237 4891 san-

592 4921 829 4995 guinem
849 4922 1093 4976 fudit.Et
1112 4932 1419 4978 estsensus
1446 4940 1457 4978 :
1485 4940 1554 4978 nc
1577 4923 1860 4995 patieritis
1879 4941 2236 4995 quemquam

594 5010 802 5084 perire,
835 5028 967 5066 cum
1001 5029 1102 5083 pro
1134 5012 1408 5067 omnibus
1462 5018 1728 5067 mortuus
1762 5012 1865 5082 sis,
1899 5018 1956 5068 et
2000 5030 2233 5069 omnem

591 5101 948 5156 voluntatem
983 5106 1144 5156 tuam
1176 5100 1415 5173 impleat
1446 5107 1633 5157 Pater.
1671 5103 1829 5157 Unde
1862 5103 1980 5157 ait:
2018 5103 2137 5158 Volo
2177 5107 2237 5157 ut

590 5191 852 5263 quomodo
882 5207 977 5260 ego
1004 5199 1056 5245 et
1078 5195 1137 5244 tu
1165 5207 1337 5245 unum
1365 5207 1578 5254 smnus,
1607 5193 1690 5247 sic
1730 5199 1781 5246 et
1831 5193 1928 5245 isti
1978 5192 2035 5244 in
2081 5192 2237 5246 nobis

592 5297 765 5335 unum
792 5282 907 5335 sint
940 5282 1117 5347 (Joan.
1149 5297 1283 5348 xvn,
1306 5281 1417 5351 22).

665 5393 694 5419 ‹‹
726 5370 970 5426 Tribuat
1000 5368 1101 5424 tibi
1137 5369 1421 5424 Domiuus
1460 5370 1782 5423 secundum
1843 5384 1940 5422 cor
1988 5373 2181 5433 tuum,
2206 5388 2234 5417 »

594 5459 650 5512 id
682 5464 789 5525 est,
816 5459 932 5513 sive
950 5475 1052 5529 pro
1074 5458 1441 5512 humanitate
1490 5458 1683 5512 carnis
1726 5455 1939 5510 Christi
1970 5456 2089 5510 sive
2134 5473 2235 5527 pro

595 5562 833 5616 corpore
890 5564 1017 5617 suo,
1079 5547 1189 5601 hoc
1245 5552 1353 5612 est,
1405 5545 1682 5615 Ecclesia,
1756 5549 1820 5598 ut
1892 5546 2238 5599 exaudiatur

597 5639 776 5705 optat.
810 5658 830 5683 ι
867 5636 931 5689 Et
960 5653 1131 5691 omne
1163 5635 1475 5691 consilium
1507 5639 1675 5689 tuum
1730 5633 2074 5688 confirmet:
2103 5658 2125 5684 ιο
2179 5634 2234 5689 id

597 5728 686 5778 cst
715 5722 1027 5777 consilium
1058 5724 1383 5779 Trinitatis.

2351 4748 2573 4803 fuimus
2602 4746 2661 4800 in
2684 4744 2953 4816 peccatis.

2426 4860 2451 4884 ‹‹
2486 4834 2751 4898 Domine,
2788 4831 3014 4886 salvum
3046 4832 3134 4886 fac
3161 4848 3356 4903 regem
3388 4850 3402 4886 :
3437 4837 3492 4885 et
3523 4831 3731 4886 exaudi
3784 4848 3889 4886 nos
3930 4830 3989 4884 in

2348 4925 2441 4979 die
2471 4940 2586 4995 qua
2629 4920 3089 4976 invocaverimus
3148 4925 3223 4975 te.
3257 4942 3283 4970 ››
3343 4920 3569 4975 Salvum
3610 4922 3707 4991 fac
3762 4934 3986 4990 regem:

2349 5015 2457 5069 hoc
2483 5016 2570 5067 cst
2599 5011 2917 5077 Christum,
2945 5028 3047 5081 pro
3066 5015 3226 5082 parte
3257 5010 3470 5064 carnis.
3503 5010 3567 5063 Et
3607 5008 3815 5064 exaudi
3866 5024 3983 5062 nos.

2348 5105 2535 5173 Rogat
2562 5099 2819 5155 Ecclesia
2852 5104 2913 5154 ut
2944 5100 3292 5154 exaudiatur
3321 5103 3580 5168 tempore
3632 5101 3984 5168 opportuno.

2353 5213 2379 5242 ‹‹
2410 5191 2678 5256 Domine,
2710 5189 2935 5244 salvum
2968 5190 3056 5242 fac
3090 5202 3305 5257 regem,
3327 5192 3382 5241 et
3412 5184 3621 5241 exaudi
3653 5202 3757 5240 nos
3790 5183 3847 5239 in
3898 5185 3988 5239 die

2348 5297 2465 5351 qua
2496 5277 2959 5333 invocaverimus
2990 5282 3064 5330 te.
3102 5298 3129 5323 ››
3176 5274 3238 5328 In
3298 5275 3534 5329 HBDNBO
3582 5276 3664 5329 ita
3704 5274 3988 5345 scriptum

2348 5374 2473 5423 est:
2511 5391 2537 5415 ‹‹
2572 5368 2835 5433 Domine,
2871 5364 3095 5420 salvum
3129 5364 3216 5417 fac
3263 5380 3455 5434 regem
3489 5382 3502 5417 :
3564 5363 3663 5434 qui
3722 5361 3992 5418 exaudiat

2348 5474 2454 5512 nos
2484 5458 2542 5511 in
2574 5469 2927 5527 quacunque
2956 5452 3051 5507 die
3084 5452 3547 5507 invocaverimus
3575 5458 3654 5507 te.
3677 5474 3699 5503 ι

2917 5541 3246 5596 PSALMUS
3308 5541 3423 5596 XX.

2430 5656 2455 5679 «
2482 5632 2750 5695 Domine,
2771 5630 2828 5684 in
2856 5630 3193 5684 fortitudine
3224 5634 3323 5684 tua
3372 5628 3663 5683 laetabitur
3683 5646 3800 5684 rex.
3824 5651 3844 5677 ιι
3883 5630 3995 5683 lste

2347 5724 2437 5774 est
2469 5717 2697 5786 rex,cui
2730 5722 2788 5773 et
2817 5717 2877 5771 in
2909 5718 3193 5790 superiori
3230 5716 3458 5788 psalmo
3498 5718 3818 5773 secundum
3880 5717 3994 5771 for-
