4314 6612
1469 504 1962 566 BREVIARIUM
2008 502 2088 564 IN
2130 504 2510 565 PSALMOS.

3590 504 3714 566 930

320 650 478 689 mam
508 635 659 689 servi
688 638 887 689 oratur
928 633 1108 689 salus.
1163 632 1432 688 Christus
1483 651 1581 689 rex
1628 651 1854 705 regum,
1905 642 1961 689 et
1988 636 2044 701 Α
2074 634 2338 690 Christus
2399 651 2501 706 pro
2559 634 2883 706 acquisitis,
2916 651 3021 706 pro
3061 635 3277 705 quibus
3334 652 3547 707 passus
3604 640 3710 692 est.

320 722 604 779 Dominus
636 721 1063 778 dominantium
1094 722 1278 792 (Apoc.
1334 739 1448 789 xxx,
1498 724 1605 794 l6).
1638 742 1658 771 ‹‹
1691 724 1759 776 Et
1789 739 1965 793 super
2036 754 2048 766 κ

319 811 562 867 salutari
595 816 697 866 tuo
725 810 1041 867 exsultabit
1081 811 1489 879 vehementer;
1526 834 1553 861 »
1581 811 1641 866 id
1674 816 1762 867 est
1790 811 1848 865 in
1898 828 1963 867 eo

321 900 475 971 quod
508 899 743 956 salvasti
775 900 1043 955 homines
1099 918 1111 955 :
1166 900 1347 955 Filius
1396 906 1536 955 tuus
1568 900 1668 972 qui
1707 900 1964 955 Salvator

318 993 426 1055 est,
460 987 789 1043 exsultabit.

390 1099 418 1126 «
453 1076 816 1132 Desiderium
847 1078 1045 1134 cordis
1071 1079 1198 1149 ejus
1230 1077 1440 1133 dedisti
1470 1078 1555 1132 ei:
1583 1082 1641 1133 et
1667 1078 1965 1133 voluntate

319 1164 607 1220 labiorum
658 1166 786 1235 ejus
834 1182 947 1220 non
998 1166 1284 1221 fraudasti
1317 1183 1471 1222 eum.
1508 1187 1538 1215 »
1566 1166 1697 1221 Jam
1750 1166 1966 1237 quippe

320 1271 435 1309 non
482 1271 692 1309 sumus
742 1255 911 1320 servi,
962 1256 1060 1309 sed
1113 1254 1285 1310 amici
1341 1256 1517 1325 (Joan.
1568 1272 1660 1323 xv,
1716 1256 1801 1325 14,
1854 1255 1963 1323 15).

242 1394 248 1400 .
320 1342 483 1405 Quod
515 1342 734 1415 petivit,
766 1343 1057 1414 expletum
1088 1347 1197 1398 est.
1231 1344 1533 1407 Quomodo
1555 1343 1681 1413 ipse
1704 1348 1761 1397 et
1799 1343 1967 1396 Pater

322 1447 507 1485 unum
539 1436 696 1495 sunt,
730 1432 814 1486 sic
842 1436 899 1485 et
929 1448 1033 1486 nos
1063 1431 1122 1485 in
1154 1431 1282 1503 ipso
1312 1448 1496 1485 unum
1530 1448 1736 1485 sumus
1787 1432 1962 1500 (Joan.

319 1537 457 1584 xvn,
488 1520 598 1591 2'3).
632 1520 733 1575 Vel
767 1519 933 1576 aliter
965 1537 976 1572 :
1015 1520 1379 1575 Desiderium
1430 1520 1637 1575 animae
1685 1521 1813 1589 ejus
1862 1520 1964 1572 tri-

321 1608 501 1664 buisti
530 1608 604 1663 ei.
640 1631 668 1657 »
699 1607 1056 1663 Desideravit
1085 1608 1267 1663 Filius
1299 1609 1397 1663 Dei
1428 1613 1493 1662 ut
1522 1608 1741 1662 veniret
1783 1624 1967 1678 genus

321 1698 646 1753 humanum
692 1697 995 1753 redimere.
1028 1698 1190 1752 Unde
1226 1698 1373 1752 dixit
1406 1715 1419 1753 :
1454 1697 1728 1752 Desiderio
1759 1697 1967 1752 deside-

319 1789 443 1843 ravi
473 1788 568 1842 hoc
597 1788 805 1841 Pascha
832 1787 1173 1843 manducare
1204 1789 1478 1843 vobiscum
1509 1790 1802 1857 antequam
1849 1803 1969 1841 mo-

322 1879 450 1933 riar
480 1878 629 1947 (Luc.
681 1894 820 1943 xxu,
856 1878 963 1948 15).
998 1899 1025 1925 ‹‹
1059 1877 1128 1929 Et
1157 1875 1456 1931 voluntate
1503 1874 1792 1929 labiorum
1842 1877 1970 1944 ejus

324 1983 439 2022 non
471 1964 757 2021 fraudasti
788 1981 945 2020 eum.
984 1987 1012 2013 »
1042 1965 1111 2019 Et
1144 1965 1251 2019 hoc
1283 1968 1371 2019 est
1400 1964 1635 2035 quando
1684 1964 1969 2018 Dominus

324 2056 473 2111 dixit
504 2073 517 2111 :
550 2060 747 2110 Pacem
775 2071 955 2109 meam
984 2054 1050 2109 d0
1080 2056 1227 2109 vobis
1257 2072 1275 2108 :
1302 2069 1491 2125 pacem
1517 2069 1695 2108 meam
1721 2054 1971 2124 relinquo

325 2146 477 2200 vobis
504 2145 680 2216 (Joan,
711 2160 825 2213 xw,
850 2144 964 2214 27).

401 2257 429 2283 ‹‹
462 2232 747 2297 Quoniam
797 2231 1127 2304 praevenisti
1170 2248 1306 2287 eum
1354 2233 1413 2288 in
1464 2233 1970 2288 benedictionibus

330 2321 676 2376 dulcedinis.
711 2342 739 2369 »
770 2321 889 2376 Hoc
921 2326 1009 2376 est
1039 2338 1072 2375 a
1098 2321 1290 2393 longe,
1323 2324 1556 2392 quando
1595 2322 1972 2377 Melchisedec

329 2410 624 2465 benedixit
650 2409 945 2463 Abraham
978 2409 1126 2481 (Gen.
1164 2426 1278 2477 xxv,
1314 2410 1420 2479 19).
1453 2411 1522 2464 Et
1563 2411 1772 2464 deinde
1798 2413 1971 2480 quot-

331 2503 471 2568 quot
500 2498 933 2553 benedictiones
966 2498 1022 2551 in
1056 2498 1401 2569 patriarchis
1432 2516 1618 2569 usque
1649 2500 1719 2553 ad
1761 2498 1971 2552 adven-

327 2591 455 2642 tum
488 2585 700 2641 Christi
732 2589 986 2651 luerunt,
1017 2586 1283 2642 Christus
1331 2588 1390 2641 in
1444 2587 1588 2659 ipsis
1627 2586 1972 2642 benedictus

330 2680 438 2731 est.
473 2698 501 2723 «
535 2674 819 2740 Quoniam
870 2674 1202 2745 praevenisti
1250 2692 1419 2741 eum;
1470 2698 1497 2725 »
1551 2676 1659 2730 hoc
1698 2679 1803 2744 est,
1840 2679 1973 2729 ante

334 2764 606 2836 praevenit
634 2780 767 2818 eum
800 2763 858 2817 in
889 2764 1392 2817 benedictionibus
1422 2763 1768 2831 dulcedinis,
1797 2780 1972 2835 quam

339 2871 370 2908 a
394 2853 614 2907 Judaais
658 2851 731 2905 fel
764 2856 1094 2924 porrectum
1127 2856 1458 2923 gustasset:
1485 2852 1621 2923 quia
1650 2870 1821 2908 anea
1840 2869 1973 2907 eum

334 2942 459 2997 istae
492 2941 924 2996 benedictiones
952 2944 1254 2995 venerunt.
1290 2942 1542 2997 Custavit
1587 2946 1640 2996 et
1683 2943 1864 2996 noluit
1898 2942 1974 2995 bi-

340 3032 464 3087 bere
509 3031 718 3101 (Matth.
771 3047 942 3096 xxvu,
991 3031 1101 3101 34).
1154 3030 1414 3098 Gustavit,
1468 3031 1604 3102 quia
1658 3032 1728 3085 de
1791 3034 1977 3085 morte

338 3123 538 3174 nostra
567 3118 842 3189 suscepit.
875 3118 1063 3173 Noluit
1093 3119 1292 3186 bibere,
1342 3118 1481 3190 quia
1526 3120 1619 3174 die
1667 3119 1842 3174 tertia
1890 3137 1976 3175 re-

338 3207 611 3263 surrexit.
674 3208 858 3261 Noluit
908 3207 1107 3272 bibere,
1167 3206 1276 3262 hoc
1324 3212 1431 3275 est,
1482 3224 1596 3262 non
1655 3209 1981 3278 permansit

338 3296 399 3350 in
432 3301 635 3351 morte.
677 3314 700 3344 ι
733 3294 980 3350 Posuisti
1012 3312 1189 3366 super
1218 3301 1394 3367 caput
1433 3297 1560 3367 ejus
1604 3313 1877 3352 coronam
1910 3299 1979 3353 de

2146 748 2172 773 «
2207 723 2491 788 Quoniam
2533 740 2631 778 rex
2680 727 2877 794 sperat
2924 723 2984 777 in
3033 724 3297 792 Domino,
3325 744 3353 773 »
3388 726 3715 780 secundum

2074 814 2336 884 corporis
2368 813 2889 883 dispensationem,
2928 812 3016 867 vel
3062 812 3234 867 homo
3288 817 3629 885 assumptus
3654 814 3715 868 in

2075 901 2392 956 divinitate.
2428 924 2455 951 «
2487 903 2556 955 Et
2585 901 2644 956 in
2673 901 3069 956 misericordia
3098 901 3379 957 Altissimi
3411 918 3527 956 non
3557 919 3712 957 com-

2077 989 2420 1045 movebitur.
2473 1012 2502 1040 »
2556 990 2667 1045 Nec
2715 990 3053 1045 humanitas
3109 989 3259 1057 Filii,
3311 1007 3415 1046 nec
3459 990 3718 1046 Ecclesia

2075 1079 2388 1149 primitiva,
2444 1078 2501 1132 in
2564 1079 2738 1133 finem
2799 1078 3277 1133 commovebitur.
3337 1079 3532 1152 Usque
3580 1079 3713 1146 huc,

2074 1168 2366 1239 Propheta
2396 1167 2627 1222 locutus
2650 1172 2736 1222 est
2757 1167 2816 1222 in
2848 1184 3097 1238 persona
3128 1167 3395 1223 Ecclesiae
3427 1170 3499 1223 ad
3532 1168 3717 1224 Deum

2076 1257 2302 1311 Patrem
2340 1257 2409 1311 de
2440 1256 2805 1311 humanitate
2852 1256 3086 1323 Christi,
3139 1258 3310 1313 modo
3354 1257 3617 1330 loquitur
3646 1256 3716 1311 ad

2075 1345 2459 1399 divinitatem.
2493 1346 2653 1400 Unde
2679 1345 2825 1400 dixit
2857 1362 2872 1399 :

2150 1454 2179 1483 ‹‹
2210 1433 2543 1488 Inveniatur
2571 1450 2784 1488 manus
2812 1437 2914 1489 tua
2944 1434 3219 1489 omnibus
3252 1434 3509 1490 inimicis
3540 1434 3716 1488 tuis.»

2080 1523 2377 1577 inveniant
2408 1522 2626 1576 inimici
2662 1522 2744 1576 tui
2768 1527 3113 1593 potestatem
3144 1528 3397 1589 tuam,ut
3427 1526 3719 1578 revertan-

2078 1616 2175 1665 tur
2205 1611 2263 1665 in
2292 1612 2531 1665 bonum.
2570 1611 2831 1665 Inveniat
2860 1616 3117 1682 potestas
3160 1612 3254 1667 Dei
3302 1611 3433 1666 illos
3465 1611 3562 1683 qui
3608 1611 3717 1665 hu—

2078 1699 2329 1754 militate
2387 1698 2701 1754 noluerunt
2755 1700 3051 1754 Christum
3084 1701 3316 1755 credere
3366 1719 3378 1755 :
3419 1700 3720 1755 inveniant

2080 1787 2211 1843 illos
2240 1788 2300 1842 in
2330 1788 2585 1842 vindicta
2616 1811 2643 1837 ‹‹
2678 1788 2925 1842 Dextera
2954 1793 3055 1843 tua
3085 1788 3341 1843 inveniat
3378 1805 3580 1844 omnes
3619 1787 3721 1859 qui

2078 1880 2135 1933 te
2187 1878 2454 1932 oderunt.
2500 1898 2528 1925 »ι
2580 1876 2851 1932 Odientes
2898 1894 2979 1945 se,
3026 1876 3208 1931 nimia
3255 1875 3566 1932 clementia
3619 1874 3723 1931 Dei

2078 1965 2201 2020 vult
2230 1967 2510 2031 converti,
2559 1982 2695 2020 cum
2740 1964 2913 2021 etiam
2962 1965 3234 2021 inimicos
3283 1982 3419 2021 suos
3468 1964 3725 2020 invenire

2080 2054 2391 2110 desiderat.

2158 2163 2180 2191 «
2215 2144 2398 2199 Pones
2428 2160 2527 2199 eos
2558 2148 2623 2198 ut
2650 2143 2946 2199 clibanum
2995 2144 3150 2216 ignis
3198 2144 3259 2199 in
3308 2148 3569 2216 tempore
3597 2142 3725 2199 vul-

2080 2237 2177 2287 tus
2207 2232 2322 2299 tui;
2359 2255 2386 2281 »
2417 2232 2478 2286 in
2507 2233 2721 2287 bonam
2752 2238 2999 2306 partem,
3032 2238 3099 2288 ut
3129 2234 3548 2289 comburantur
3593 2231 3727 2288 illo-‘

2081 2339 2212 2376 rum
2233 2326 2487 2392 peccata.
2522 2321 2686 2377 Sicut
2713 2322 2979 2377 clibanus
3010 2323 3366 2378 intrinsecus
3416 2323 3598 2389 ardet,
3640 2322 3726 2377 sic

2081 2410 2315 2464 illorum
2355 2410 2710 2465 conscientia
2756 2411 3109 2466 intrinsecus
3159 2412 3404 2479 ardebit,
3454 2428 3520 2468 eo
3568 2413 3723 2483 quod

2081 2499 2235 2554 bona
2266 2516 2382 2554 non
2410 2499 2689 2554 fecerunt.
2724 2523 2750 2548 ‹‹
2786 2500 3048 2566 Domine,
3099 2500 3159 2554 in
3212 2500 3300 2554 ira
3347 2500 3724 2556 conturbabis

2082 2603 2201 2642 eos.
2240 2609 2265 2635 »
2297 2587 2363 2641 Et
2393 2587 2487 2641 hic
2515 2587 2822 2643 clementia
2856 2588 2953 2643 Dei
2997 2605 3113 2642 non
3154 2588 3339 2659 punit,
3373 2590 3472 2643 sed
3503 2589 3722 2654 turbat,

2084 2680 2147 2730 ut
2171 2676 2241 2730 ad
2274 2674 2674 2747 paenitentiam
2707 2680 3136 2731 convertantur.
3183 2697 3213 2727 «
3265 2676 3575 2731 Devorabit
3625 2692 3723 2730 eos

2081 2765 2259 2835 ignis,
2290 2785 2318 2814 »
2352 2781 2385 2817 a
2409 2764 2628 2835 Spiritu
2660 2770 2855 2819 sancto
2882 2763 3117 2819 illorum
3148 2762 3726 2835 pebcata.Devorabit

2084 2852 2237 2924 ignis
2269 2854 2328 2907 in
2360 2858 2619 2925 tempore
2656 2852 2853 2909 vultus
2882 2853 3004 2922 Dei,
3037 2869 3171 2909 cum
3202 2852 3424 2907 venerit
3454 2849 3725 2923 judicare

2086 2941 2396 2996 mundum.

2162 3051 2189 3079 ι(
2221 3030 2495 3085 Fructum
2536 3047 2738 3085 eorum
2782 3032 2853 3085 de
2896 3036 3051 3085 terra
3097 3031 3335 3101 perdes;
3372 3051 3398 3078 ››
3430 3029 3489 3083 id
3521 3032 3611 3083 est
3639 3029 3728 3099 ip—

2088 3135 2185 3174 sos
2216 3120 2445 3190 perdes,
2476 3119 2563 3174 vel
2594 3135 2769 3191 opera
2798 3119 3060 3192 ipsorum
3094 3120 3163 3174 de
3210 3123 3413 3173 sancta
3450 3116 3726 3175 Ecclesia.

2089 3228 2118 3256 «
2153 3207 2219 3261 Et
2248 3208 2512 3263 comedet
2540 3225 2637 3263 eos
2668 3208 2843 3279 ignis.
2872 3230 2899 3259 »
2938 3210 3048 3264 Iste
3078 3208 3231 3282 ignis
3260 3212 3348 3263 est
3378 3208 3448 3263 de
3479 3224 3593 3279 quo
3621 3212 3727 3261 Do-

2090 3295 2287 3351 minus
2318 3296 2377 3351 in
2407 3296 2827 3368 Evangelio.ait
2858 3313 2870 3351 :
2904 3298 3090 3366 Ignem
3116 3298 3244 3351 veni
3268 3298 3484 3352 mittere
3512 3299 3572 3350 in
3619 3305 3726 3351 ter-

337 3383 531 3456 lapide
560 3386 833 3456 pretioso.
885 3406 913 3433 »
958 3384 1181 3438 Corona
1220 3366 1336 3450 Dei,
1390 3366 1647 3439 Ecclesia
1698 3403 1765 3440 ex
1802 3387 1979 3441 variis
2011 3366 2054 3433 C
2092 3402 2231 3455 ram,
2264 3394 2314 3439 et
2354 3385 2487 3456 quid
2515 3366 2632 3440 volo
2684 3387 2799 3439 nisi
2843 3393 2903 3439 ut
2949 3384 3148 3438 ardeat
3177 3386 3327 3455 (Luc.
3358 3401 3459 3452 χιι,
3491 3382 3730 3450 49)?De

338 3473 610 3544 gentibus
642 3472 1010 3543 congregatio
1041 3478 1148 3527 est.
1181 3473 1261 3526 De
1293 3489 1410 3544 qua
1438 3473 1655 3527 Paulus
1688 3474 1798 3528 sub
1850 3491 1977 3542 per-

284 3612 291 3619 .
337 3577 485 3616 sona
512 3561 871 3617 credentium
903 3561 985 3615 ait
1016 3577 1028 3615 :
1061 3561 1337 3616 Gaudium
1365 3569 1416 3617 et
1445 3578 1641 3618 corona
1670 3580 1795 3618 mea
1825 3564 1976 3635 (Phi-

343 3649 481 3722 lipp.
515 3667 590 3721 iv,
623 3651 697 3721 1).

410 3739 661 3794 «Vitam
694 3738 879 3810 petiit,
913 3741 969 3792 et
1018 3737 1226 3792 dedisti
1272 3739 1344 3793 ei.
1395 3758 1422 3789 ι)
1478 3739 1551 3793 Ut
1596 3739 1770 3795 homo
1823 3757 1978 3794 mor-

336 3833 476 3884 tuus
507 3833 615 3895 est,
647 3832 713 3882 ut
741 3828 916 3882 homo
952 3827 1263 3882 resurrexit
1293 3845 1305 3882 :
1341 3832 1491 3883 Deus
1545 3829 1761 3900 quippe
1802 3829 1980 3883 vitam

338 3917 635 3990 postulare
665 3934 779 3971 non
811 3916 1018 3988 potuit.
1078 3938 1104 3969 α
1152 3916 1599 3989 Longitudiuem
1653 3918 1880 3973 dierum
1921 3917 1981 3971 in

340 4006 617 4062 saeculum
648 4005 868 4061 saeculi.
907 4028 926 4054 ι»
966 4004 1151 4076 Impia
1181 4023 1476 4079 synagoga
1505 4007 1811 4061 enticeat.
1845 4006 1983 4069 Quis

339 4096 647 4151 hominum
672 4095 812 4149 vivit
842 4093 900 4148 in
934 4093 1234 4162 saeculum,
1268 4099 1324 4149 et
1355 4095 1411 4149 in
1445 4096 1726 4150 saeculum
1758 4095 1987 4150 saeculi?

339 4185 520 4247 David
553 4190 608 4239 et
636 4183 909 4239 Salomon
942 4200 1056 4239 non
1089 4182 1345 4254 amplius
1376 4201 1553 4256 quam
1594 4184 1985 4256 quadragenis

340 4275 510 4329 annis
541 4277 952 4345 regnaverunt.

413 4386 442 4412 ‹‹
473 4366 679 4434 Magna
709 4365 798 4417 est
818 4360 1003 4433 gloria
1032 4361 1161 4430 ejus
1186 4359 1247 4413 in
1280 4359 1523 4415 salutari
1554 4364 1675 4416 tuo.
1711 4383 1739 4409 ››
1771 4360 1981 4433 Imple-

337 4456 466 4506 tum
498 4455 586 4506 est
615 4451 770 4521 quod
801 4450 926 4521 ipse
964 4448 1025 4502 in
1072 4447 1381 4519 Evangelio
1403 4449 1718 4518 postulavit
1751 4466 1764 4503 :
1796 4451 1982 4514 Pater,

337 4539 587 4610 gloriﬁea
617 4554 704 4592 me
731 4536 875 4608 apud
905 4537 1252 4604 temetipsum
1290 4536 1479 4607 (Joan.
1526 4554 1664 4605 xvn,
1695 4537 1772 4608 5).
1804 4559 1831 4586 ‹‹
1863 4537 1982 4592 Ma-

339 4644 455 4699 gna
502 4632 591 4683 est
639 4626 821 4698 gloria
863 4626 991 4697 ejus
1045 4625 1104 4678 in
1156 4624 1398 4679 salutari
1431 4629 1565 4693 tuo;
1599 4643 1665 4680 ac
1696 4626 1745 4681 si
1778 4626 1935 4681 dicat
1968 4643 1980 4679 :

340 4717 552 4789 Magna
600 4720 690 4771 est
735 4715 918 4789 gloria
971 4715 1192 4784 ejus;»
1231 4731 1509 4785 magnum
1557 4720 1647 4770 est
1685 4715 1983 4770 hominem
2017 4734 2064 4799 Β
2096 4718 2166 4771 ad
2222 4716 2477 4771 Pilatum

342 4808 715 4877 assumptum
745 4821 872 4859 esse
904 4804 977 4858 ad
1010 4803 1302 4858 dexteram
1327 4804 1428 4859 Dei
1456 4804 1701 4860 Patris.«
1726 4804 1984 4860 Gloriam

340 4899 400 4950 et
431 4911 709 4966 magnum
749 4895 1016 4948 decorem
1066 4892 1333 4963 impones
1382 4911 1559 4965 super
1608 4912 1777 4961 eum;
1811 4916 1838 4943 η
1872 4895 1987 4963 glo-

341 4985 491 5038 riam
547 4983 1027 5048 resurrectionis;
1076 4981 1344 5051 decorem,
1397 4985 1632 5056 quando
1682 4985 1740 5039 in
1794 4988 1988 5039 monte

341 5073 708 5144 resplenduit
733 5072 908 5127 facies
940 5072 1066 5141 ejus
1100 5071 1254 5125 sicut
1279 5071 1385 5139 sol,
1418 5076 1474 5126 et
1494 5074 1842 5129 vestimenta
1861 5075 1989 5145 ejus

343 5161 500 5216 facta
533 5165 671 5216 sunt
704 5160 836 5216 alba
866 5159 1019 5215 sicut
1046 5159 1143 5212 nix
1174 5159 1388 5230 (Matth.
1421 5177 1555 5232 xvn,
1588 5163 1665 5231 2).

416 5271 446 5298 ‹‹
480 5250 765 5315 Quoniam
811 5248 979 5304 dabis
1026 5246 1078 5301 ei
1125 5247 1587 5304 benedictionem
1620 5250 1679 5303 in
1711 5248 1987 5304 saculum

346 5339 565 5405 saeculi,
636 5361 664 5388 »
719 5339 856 5410 quia
910 5336 1105 5391 omnis
1159 5341 1426 5391 creatura
1478 5336 1769 5391 benedicit
1832 5353 1987 5392 eum.

346 5450 376 5478 «
412 5427 757 5482 Lretificabis
782 5442 915 5481 eum
942 5424 1001 5478 in
1032 5424 1245 5495 gaudio
1277 5442 1409 5480 cum
1453 5426 1616 5481 vultu
1666 5429 1785 5491 tuo,
1819 5448 1847 5476 »
1882 5425 1990 5482 hoc

346 5520 453 5585 est,
484 5516 591 5572 erit
619 5521 812 5572 tecum
845 5530 1075 5585 semper
1104 5514 1164 5568 in
1195 5515 1377 5570 caelis.
1412 5538 1439 5566 «
1474 5514 1815 5571 Laztiﬁcabis
1855 5532 1989 5571 cum

344 5605 405 5661 in
453 5606 668 5677 gaudio
717 5622 853 5661 cum
905 5601 1070 5657 vultu
1120 5605 1241 5657 tuo.
1276 5626 1305 5653 ››
1336 5604 1497 5660 Tunc
1528 5603 1849 5659 laetiﬁcabis
1900 5604 1989 5659 Fi-

344 5695 492 5751 lium
524 5694 582 5749 in
614 5695 848 5767 gaudio,
883 5708 1016 5749 cum
1044 5689 1299 5748 adunata
1329 5694 1505 5750 fuerit
1532 5694 1633 5749 illa
1677 5692 1992 5750 multitudo

346 5787 710 5855 sanctorum,
766 5787 822 5839 et
872 5798 1154 5841 numerus
1206 5783 1529 5847 restitutus.
1572 5784 1643 5841 ei.
1703 5783 1997 5840 Gaudebit

2088 3472 2198 3527 hoc
2227 3473 2362 3544 igne
2390 3478 2446 3528 et
2476 3474 2591 3528 duo
2619 3473 2831 3546 quibus
2880 3474 2940 3527 in
2989 3473 3194 3527 itinere
3237 3472 3570 3544 Scripturas
3599 3470 3725 3525 Sal-

2087 3566 2250 3615 vator
2281 3561 2527 3633 aperuit,
2558 3561 2830 3616 dicebant
2862 3579 2875 3616 :
2901 3562 3087 3617 Nonne
3118 3577 3210 3616 cor
3257 3563 3503 3616 nostrum
3533 3558 3728 3615 ardens

2090 3660 2205 3705 erat
2258 3652 2317 3705 in
2372 3653 2485 3719 via,
2536 3667 2659 3705 cum
2703 3652 2953 3721 aperiret
3000 3650 3157 3706 nobis
3211 3650 3521 3719 Scripturas
3576 3653 3726 3717 (Luc.

2088 3758 2238 3805 xxxv,
2271 3740 2399 3810 32)?
2432 3762 2460 3789 «
2492 3740 2563 3793 Et
2592 3755 2789 3794 semen
2821 3754 3023 3793 eorum
3072 3755 3106 3793 a
3154 3737 3289 3793 ﬁliis
3336 3738 3664 3792 hominum.
3703 3758 3725 3786 ιο

2090 3832 2302 3896 Semen,
2335 3829 2393 3882 id
2422 3832 2511 3883 est
2540 3827 2690 3882 ﬁlios
2721 3827 2819 3900 qui
2852 3826 3108 3900 generati
3141 3832 3280 3881 sunt
3313 3826 3373 3881 in
3405 3826 3562 3881 mala
3599 3826 3732 3880 doc-

2090 3918 2309 3973 trina.A
2344 3917 2477 3987 ﬁliis
2506 3917 2810 3984 hominum,
2834 3917 2892 3971 id
2922 3921 3031 3983 est,
3065 3933 3098 3970 a
3125 3915 3417 3971 consortio
3448 3916 3735 3970 bonorum

2094 4008 2303 4079 perdes
2336 4005 2488 4061 illos.

2095 4158 2101 4167 ,
2172 4117 2194 4141 α
2245 4094 2527 4159 Quoniam
2578 4092 3014 4148 declinaverunt
3061 4094 3120 4148 in
3167 4098 3225 4148 te
3272 4092 3440 4148 mala.
3483 4117 3503 4139 ι
3547 4090 3733 4145 Judaei

2092 4184 2247 4254 quod
2279 4199 2456 4253 super
2485 4198 2545 4236 se
2580 4199 2680 4252 per
2698 4183 2924 4251 justam
2970 4181 3289 4236 vindictam
3339 4180 3591 4252 recipere
3632 4178 3735 4233 de—

2091 4273 2360 4342 buerant,
2393 4270 2453 4324 in
2484 4269 2779 4324 Christum
2812 4268 3268 4340 declinaverunt,
3305 4269 3540 4341 quando
3571 4266 3736 4322 dixe-

2094 4365 2250 4426 runt,
2305 4359 2460 4430 quod
2510 4357 2723 4431 dignus
2768 4364 2892 4413 erat
2940 4363 3127 4413 morte
3174 4358 3380 4429 (Matth.
3434 4373 3587 4424 xxvr,
3618 4356 3734 4427 66),

2093 4453 2150 4506 et
2191 4448 2425 4519 expedit
2475 4452 2541 4503 ut
2590 4465 2743 4503 unus
2799 4447 3084 4503 moriatur
3130 4464 3307 4519 quam
3341 4450 3406 4501 ut
3435 4450 3556 4501 tota
3593 4460 3737 4519 gens

2094 4541 2294 4610 pereat
2341 4539 2518 4606 (Joan.
2576 4554 2654 4603 χι,
2712 4537 2825 4605 50).
2883 4559 2910 4585 ‹‹
2971 4536 3380 4607 Cogitaverunt
3427 4533 3740 4590 consilium

2095 4629 2250 4699 quod
2283 4645 2395 4683 non
2428 4629 2744 4700 potuerunt
2775 4624 3077 4692 stabilire;
3111 4648 3138 4674 »
3184 4626 3419 4697 quando
3468 4624 3742 4679 dixerunt

2529 4732 2541 4770 :
2596 4716 2839 4781 Domine,
2892 4714 3168 4770 recordati
3213 4730 3406 4768 sumus
3457 4712 3607 4785 quod
3655 4727 3741 4765 se-

2096 4807 2286 4860 ductor
2313 4805 2410 4859 ille
2437 4805 2585 4860 dixit
2614 4803 2793 4858 adhuc
2819 4805 3023 4858 vivens.
3058 4805 3185 4858 Post
3213 4804 3368 4859 diem
3403 4804 3629 4858 tertium
3655 4815 3741 4853 re-

2098 4909 2351 4961 surgam.
2370 4892 2509 4947 Jube
2536 4907 2662 4959 ergo
2692 4891 2956 4946 custodiri
2981 4892 3294 4962 sepulcrum
3324 4906 3495 4962 usque
3521 4887 3745 4943 addiem

2100 4974 2341 5035 tertium.
2376 4981 2441 5034 At
2490 4981 2587 5035 ille
2616 4998 2632 5033 :
2665 4981 2882 5035 Habetis
2936 4980 3239 5036 custodiam
3271 4997 3290 5034 :
3347 4982 3439 5044 ite,
3478 4976 3747 5031 custodite

2097 5072 2240 5124 sicut
2268 5071 2418 5123 scitis
2438 5069 2655 5141 (Matth.
2687 5070 3080 5141 xxvn,63-65).
3108 5070 3172 5123 Et
3194 5072 3394 5140 postea
3422 5063 3743 5137 posuerunt

2099 5142 2312 5229 sigilla,
2346 5159 2445 5213 sed
2480 5158 2695 5212 mortui
2716 5162 2911 5213 tenere
2940 5158 3223 5211 viventem
3265 5171 3379 5210 non
3430 5153 3745 5225 potuerunt

2100 5247 2266 5317 (Ibid.
2297 5247 2409 5316 66).
2442 5247 2798 5314 Resurrexit,
2832 5248 2986 5317 quod
3019 5244 3103 5299 illi
3136 5260 3240 5298 nec
3269 5242 3594 5308 voluerunt,
3636 5253 3743 5291 nec

2101 5335 2490 5391 crediderunt.
2523 5337 2686 5390 Tunc
2734 5352 2850 5389 non
2899 5336 3215 5405 potuerunt
3261 5328 3521 5386 stabilire
3550 5325 3741 5380 consi-

2101 5423 2246 5479 lium
2281 5425 2435 5497 quod
2467 5424 2882 5497 cogitaverunt.

2173 5537 2201 5564 ‹‹
2236 5514 2522 5577 Quoniam
2555 5531 2733 5586 pones
2764 5528 2861 5567 eos
2894 5511 3151 5566 dorsum.
3188 5530 3215 5558 ››
3262 5504 3498 5561 Duobus
3530 5501 3741 5559 modis.

2106 5608 2360 5671 Dorsum,
2412 5603 2553 5673 quia
2602 5616 2832 5671 semper
2878 5604 3107 5653 terrena
3153 5595 3519 5662 desiderant;
3555 5590 3746 5659 aliter,

2103 5694 2347 5759 domum,
2401 5696 2465 5746 ut
2513 5695 2664 5746 retro
2712 5688 2939 5754 cadant,
2991 5689 3093 5739 aut
3139 5684 3373 5755 quando
3424 5681 3747 5756 respiciunt

2105 5786 2277 5837 retro.
2311 5804 2339 5831 ‹‹
2376 5782 2440 5835 In
2490 5778 2752 5848 reliquiis
2799 5775 2919 5829 tuis
2966 5773 3320 5844 praeparabis
3370 5772 3599 5828 vultum
3648 5786 3742 5826 eo-
