4314 6570
607 428 715 483 931

2065 422 2485 486 APPENDIX.

3887 430 4007 489 932

603 570 756 608 rum.
808 574 828 602 ι
887 557 998 606 Pro
1048 554 1321 624 reliquiis,
1373 555 1430 608 in
1479 554 1718 609 Hebraeo
1768 557 1828 609 in
1875 556 2028 610 bonis
2054 555 2246 610 habet.
2279 558 2333 622 Α
2363 555 2538 610 verba
2567 557 2822 626 gemitus
2853 556 2966 610 mei
3015 557 3062 621 ²;
3118 576 3144 603 ›ι
3198 555 3605 626 Symmachus,
3639 557 3871 612 «verba
3903 575 4004 629 ge-

603 643 821 696 Sensus
851 641 1051 711 itaque
1081 641 1189 695 iste
1221 643 1550 697 contexitur
1605 659 1616 697 :
1676 644 1754 697 Ad
1798 643 2245 698 similitudinem

601 734 935 784 sanctorum
971 746 1118 800 quos
1150 730 1255 784 tibi
1287 731 1357 784 de
1386 732 1544 786 omni
1593 733 1729 786 orbe
1773 733 2037 799 servasti,
2072 734 2246 787 etiam

602 834 700 872 eos
745 819 843 888 qui
891 817 1200 872 tormentis
1253 819 1480 889 purgati
1532 827 1690 886 sunt,
1741 837 1869 875 esse
1927 821 2126 886 facias,
2187 825 2250 875 ut

593 907 763 976 juxta
791 907 1016 960 vultum
1053 909 1408 974 sanctorum,
1443 907 1642 962 vultus
1675 924 1907 978 quoque
1937 924 2064 962 esse
2101 909 2246 962 inci-

602 995 766 1065 piant
795 1000 1206 1066 peccatorum:
1244 994 1351 1049 hoc
1383 1001 1491 1061 est,
1527 1000 1591 1049 ut
1622 995 1769 1050 tales
1815 997 1938 1050 sint
1983 997 2082 1066 qui
2114 1013 2249 1067 pec—

603 1090 828 1138 catores
859 1084 1111 1149 fuerunt,
1147 1083 1350 1154 quales
1395 1089 1451 1138 et
1499 1083 1558 1136 hi
1607 1085 1703 1156 qui
1737 1086 1927 1139 sancti
1953 1091 2109 1138 sunt.
2145 1086 2246 1140 Vel

602 1172 810 1226 aliter:
847 1196 872 1221 ‹‹
909 1173 970 1227 In
1002 1171 1263 1243 reliquiis
1311 1173 1429 1227 tuis
1474 1173 1828 1244 praeparabis
1873 1173 2099 1228 vultum
2149 1191 2244 1229 eo-

602 1278 770 1328 rum;
809 1283 835 1308 ››
863 1261 920 1315 id
951 1265 1058 1325 est,
1093 1260 1427 1331 prophetas,
1480 1278 1625 1332 quos
1680 1267 1875 1332 patres
1923 1278 2124 1316 eorum
2156 1279 2246 1317 oc-

600 1350 885 1404 ciderunt.
917 1348 1196 1419 Reliquias
1227 1367 1452 1416 eorum,
1484 1349 1586 1403 ﬁlii
1618 1350 1955 1405 Judo'sorum
2005 1351 2101 1422 qui
2149 1368 2243 1406 oc-

599 1438 864 1492 ciderunt
894 1444 1067 1508 caput
1095 1439 1507 1508 prophetarum
1543 1455 1554 1492 :
1591 1444 1655 1492 ut
1687 1438 1788 1493 illa
1816 1439 2072 1493 vindicta
2118 1457 2243 1510 qua:

599 1526 771 1597 coepit
802 1543 834 1580 a
863 1526 1183 1597 prophetis,
1208 1527 1398 1581 veniat
1429 1544 1605 1598 super
1633 1527 1764 1581 illos
1797 1527 1896 1597 qui
1931 1527 2244 1582 Dominum

598 1615 952 1670 occiderunt.
1003 1615 1185 1668 Aliter
1217 1631 1228 1667 :
1283 1638 1309 1663 «
1344 1615 1406 1668 In
1440 1615 1702 1686 reliquiis
1742 1616 1858 1669 tuis
1891 1617 2244 1687 praeparabis

598 1703 825 1758 vultum
879 1702 1150 1769 illorum;
1182 1723 1209 1751 »
1247 1701 1355 1756 hoc
1396 1707 1502 1772 est,
1558 1718 1659 1774 per
1708 1703 1888 1757 Etiam
1944 1709 2001 1758 et
2049 1705 2242 1758 Enoch

597 1791 870 1846 credituri
903 1793 1041 1845 sunt
1079 1791 1138 1844 in
1172 1791 1368 1845 ﬁnem.
1411 1812 1436 1842 α
1473 1791 1828 1862 Ρνωρατεώἱε
1858 1791 2082 1846 vultum
2114 1791 2240 1847 illo-

598 1895 730 1932 rum
779 1892 793 1931 ἶ

593 1968 756 2023 corda
781 1971 1006 2038 patrum
1036 1969 1096 2022 in
1127 1969 1269 2036 ﬁlios
1301 1969 1451 2037 (Luc.
1488 1986 1526 2036 1,
1559 1969 1667 2039 17).

672 2079 692 2104 ε
732 2055 1015 2123 Exaltare,
1069 2057 1333 2127 Domine,
1386 2057 1445 2111 in
1494 2058 1710 2113 virtute
1756 2063 1875 2113 tua.
1913 2081 1940 2107 »
1983 2061 2099 2115 Vox
2142 2063 2245 2115 Ec-

595 2144 800 2200 clesiae.
835 2168 862 2194 «
895 2144 1157 2200 Exaltare
1189 2147 1246 2200 in
1277 2146 1490 2201 virtute
1523 2151 1654 2203 tua:
1692 2169 1718 2196 ››
1755 2147 1810 2201 id
1843 2153 1951 2214 est,
1978 2149 2246 2203 demons-

593 2239 685 2288 tra
743 2240 904 2288 tuam
955 2239 1300 2305 potestatem
1348 2240 1403 2290 et
1447 2236 1837 2305 majestatem,
1893 2236 2030 2308 quia
2080 2237 2243 2308 prius

590 2323 800 2378 venisti
833 2324 891 2376 in
924 2323 1272 2390 humilitate,
1308 2326 1406 2379 sed
1451 2325 1622 2380 modo
1655 2325 1784 2379 veni
1816 2326 1873 2378 in
1911 2327 2238 2396 majestate.

581 2427 620 2460 ‘a
663 2412 1046 2466 Cantabimus
1100 2417 1157 2466 et
1204 2412 1524 2483 psallemus
1571 2413 1818 2467 virtutes
1859 2418 2010 2480 tuas,
2044 2414 2238 2468 Domi-

593 2516 683 2554 ne.
723 2521 749 2549 »
784 2500 1131 2555 Cantabimus
1180 2501 1237 2553 in
1285 2502 1456 2555 corde
1514 2519 1526 2555 :
1570 2501 1871 2572 psalle-mus
1915 2503 1972 2555 in
2004 2518 2175 2572 opere
2224 2535 2235 2572 ε

592 2591 824 2642 virtutes
853 2597 975 2642 tuus
1011 2589 1451 2644 annuntiamus.

1163 2730 1489 2784 PSALMUS
1529 2731 1670 2787 XXI.

591 2821 649 2875 In
663 2822 864 2901 ﬁnem,
890 2836 992 2890 pro
1021 2821 1394 2901 assumptione
1439 2822 1729 2901 matutiua,
1760 2822 1999 2901 psat‘mus
2039 2822 2228 2901 David.

663 2891 948 2945 Matutina
995 2891 1320 2960 assumptio
1370 2891 1811 2946 resurrectionis
1858 2892 2146 2946 Domnicae
2178 2899 2232 2946 et

661 2963 1022 3016 ascensionis
1054 2962 1122 3014 ad
1156 2962 1380 3031 Patrem
1433 2963 1724 3031 significat
1772 2969 2226 3017 sacramentum.

662 3031 823 3086 Hanc
863 3031 1300 3101 inscriptionem
1357 3030 1572 3085 Hebraei
1622 3032 1789 3086 aliter
1831 3033 2047 3087 habent
2081 3051 2092 3086 :
2123 3037 2230 3088 Pro

659 3119 810 3175 cervo
837 3102 1124 3175 matutino,
1159 3108 1215 3156 et
1239 3101 1712 3175 interpretatione
1736 3120 2000 3173 perversa
2022 3110 2231 3175 putant

663 3174 731 3227 de
766 3173 970 3228 Esther
1002 3177 1016 3207 ¹
1053 3179 1241 3246 totum
1273 3174 1612 3246 vicesimum
1645 3175 1899 3244 primum
1934 3173 2227 3246 psalmum

661 3261 790 3299 esse
822 3245 1234 3317 compositum,
1269 3245 1420 3315 quod
1456 3245 1722 3301 videlicet
1750 3245 1942 3316 ipsius
1968 3247 2224 3317 periculo

659 3321 716 3369 et
771 3316 1183 3388 intercessione
1223 3317 1389 3388 apud
1453 3332 1645 3387 regem
1705 3318 1781 3371 sit
1846 3319 1915 3372 de
1970 3316 2224 3388 periculo

661 3386 1013 3442 Israeliticus
1064 3386 1313 3458 populus
1344 3386 1642 3442 liberatus.
1693 3390 1799 3442 Sed
1847 3405 1952 3442 nos
1971 3386 2222 3444 nervum

657 3458 775 3530 qui
811 3458 1122 3530 interficiat
1171 3464 1488 3530 serpentes,
1538 3464 1594 3513 et
1633 3476 1852 3514 venena
1898 3468 2222 3525 consumat,

657 3528 883 3602 nullum
918 3529 1095 3602 alium
1147 3528 1274 3583 nisi
1305 3529 1600 3584 Christum
1635 3531 2038 3602 intelligimus,
2072 3533 2224 3587 sicut

651 3601 834 3654 totius
867 3600 1078 3670 psalmi
1110 3605 1417 3655 contextus
1452 3603 1725 3656 ostendit.

657 3762 683 3789 ‹‹
717 3740 871 3794 Deus
905 3741 1059 3795 Deus
1091 3757 1275 3808 meus,
1311 3744 1532 3813 respice
1563 3743 1621 3797 in
1654 3760 1766 3809 me,
1800 3760 1979 3814 quare
2011 3761 2101 3798 me
2134 3746 2224 3798 de-

579 3825 912 3898 reliquisti?
974 3851 1001 3876 ››
1062 3829 1178 3883 Hoc
1235 3831 1516 3885 versiculo
1583 3832 1864 3886 Dominus
1929 3831 1987 3886 in
2055 3849 2225 3886 cruce

581 3917 840 3987 pendens
875 3934 1016 3972 usus
1048 3924 1153 3972 est.
1200 3919 1280 3972 Ex
1326 3935 1441 3988 quo
1485 3919 2006 3975 animadvertimus
2037 3925 2222 3975 totum

579 4005 873 4072 psalmum
934 4023 967 4060 a
1027 4006 1271 4061 Domino
1322 4008 1380 4061 in
1435 4025 1603 4062 cruce
1661 4008 1850 4078 posito
1907 4010 2220 4064 decantari.

579 4093 738 4156 Quod
773 4098 967 4147 autem
999 4094 1176 4149 habet
1205 4095 1262 4148 in
1298 4095 1507 4162 medio,
1566 4097 1786 4150 intende
1831 4099 1990 4168 mihi,
2023 4098 2079 4150 in
2115 4101 2222 4151 He-

578 4182 748 4237 braeis
771 4182 1069 4238 codicibus
1101 4200 1213 4237 non
1260 4184 1590 4251 habetur,et
1618 4185 1952 4256 appositum
1983 4203 2091 4240 vox
2120 4187 2222 4240 Do-

580 4274 722 4326 mini
751 4272 1025 4342 declarat,
1060 4289 1184 4342 quae
1216 4273 1389 4327 etiam
1444 4273 1590 4327 illud
1649 4275 1703 4327 in
1740 4274 2044 4345 Evangelio
2079 4293 2223 4346 prte-

579 4361 830 4414 termisit
863 4377 874 4413 :
912 4377 976 4414 ac
1007 4360 1055 4413 si
1089 4360 1244 4415 dicat
1277 4378 1288 4413 :
1330 4365 1573 4425 «'Quare
1617 4379 1707 4416 me
1753 4363 2161 4432 dereliquisti?
2196 4385 2217 4411 ››

576 4448 681 4501 Hic
711 4447 1048 4503 humanitas
1085 4447 1344 4518 loquitur
1392 4451 1683 4519 quomodo
1716 4449 1993 4505 derelicta
2023 4451 2131 4504 luit
2162 4451 2220 4505 in

576 4535 784 4600 Adam,
817 4536 1051 4606 quando
1088 4541 1437 4607 praeceptum
1463 4543 1867 4609 transgressus
1898 4547 2004 4594 est.
2024 4539 2127 4594 Vel
2162 4541 2219 4593 in

578 4623 850 4712 passione
907 4622 1218 4712 derelictus
1285 4626 1549 4682 Christus
1618 4645 1720 4699 pro
1787 4633 1949 4699 parte
2006 4628 2216 4683 carnis.
2251 4650 2301 4712 ι)

580 4733 608 4758 ‹‹
643 4711 837 4781 Longe
868 4728 900 4764 a
932 4711 1120 4766 salute
1153 4729 1282 4767 mea
1309 4715 1483 4768 verba
1514 4715 1856 4770 delictorum
1893 4733 2174 4772 meorum.
2194 4739 2219 4765 »

577 4801 775 4869 Longe,
809 4798 902 4852 hic
935 4799 1210 4855 divinitas
1261 4802 1538 4873 loquitur.
1575 4827 1602 4851 ‹‹
1638 4805 1823 4859 Verba
1875 4804 2218 4860 delictorum

579 4905 868 4957 meorum,
899 4910 925 4938 ››
962 4889 1099 4959 quia
1132 4896 1330 4945 nostra
1363 4897 1598 4961 peccata
1636 4910 1740 4946 sua
1790 4878 2040 4965 reputat.
2075 4895 2219 4948 Nam

579 4976 637 5030 in
681 4973 866 5031 salute
897 4994 1004 5031 sua
1036 4977 1262 5032 nullum
1312 4985 1400 5033 est
1444 4986 1743 5050 peccatum
1778 4998 1791 5034 :
1826 4982 1922 5036 sed
1959 4998 1992 5036 a
2022 4998 2222 5052 pecca-

577 5071 702 5119 tore
732 5063 902 5136 longe
934 5069 1023 5119 est
1052 5064 1227 5121 salus.
1261 5066 1360 5120 Vel
1395 5067 1562 5122 aliter
1611 5086 1625 5122 :
1669 5092 1694 5117 «
1755 5074 1942 5141 Longe
1972 5086 2004 5124 a
2035 5069 2223 5124 salute

580 5170 709 5208 mea
740 5155 912 5208 verba
937 5153 1281 5210 delictorum
1313 5173 1600 5211 meorum.
1637 5180 1664 5206 ››
1698 5157 1910 5228 Aquila
1940 5158 2095 5212 hunc
2137 5158 2219 5214 lo-

579 5259 713 5298 cum
765 5243 847 5297 sic
895 5243 1310 5314 interpretatus
1340 5249 1429 5299 est
1462 5263 1474 5300 :
1509 5267 1536 5293 ‹‹
1571 5246 1761 5315 Longe
1804 5263 1837 5300 a
1875 5247 2062 5302 salute
2095 5263 2223 5302 mea

657 5408 668 5439 ι
716 5403 904 5477 Verus
957 5404 1186 5477 Hieron.
1243 5405 1296 5458 in
1353 5410 1730 5460 commentar.
1769 5407 1823 5459 in
1860 5406 2058 5459 Matth.
2092 5422 2219 5477 cap.

582 5491 812 5548 xx\'1_1_:«
842 5475 1180 5548 Impiiisunt
1213 5476 1312 5546 qui
1345 5477 1846 5548 psalmumistum
1879 5493 1945 5530 ex
1976 5475 2224 5548 persona

585 5545 784 5608 David,
825 5545 950 5618 sive
999 5547 1199 5602 Esther
1232 5545 1288 5602 et
1322 5545 1666 5602 Mardochiei
1724 5548 1945 5602 dictum
1977 5545 2220 5618 putant,

583 5631 715 5668 cum
765 5616 936 5690 etiam
985 5618 1335 5690 evangelisla
1363 5619 1700 5674 testimonia
1757 5636 1825 5673 ex
1873 5635 1938 5674 eo
1989 5616 2225 5690 sumpta

583 5701 760 5756 super
793 5686 1087 5743 Salvatore
1120 5686 1424 5767 intelligat.
1459 5711 1486 5737 ››

846 1879 917 1933 ad
966 1882 1022 1932 te
1071 1879 1451 1948 credentium,
1507 1884 1572 1934 ut
1621 1879 1815 1936 illud:
1864 1883 1924 1936 Ut
1967 1886 2319 1984 convertatB

2358 644 2611 698 mituum
2681 661 2982 710 meorum;
3046 665 3073 692 ››
3133 642 3337 714 quinta
3395 649 3453 697 et
3512 650 3674 699 sexta
3737 645 3915 700 editio
3988 663 4001 699 :

2364 753 2390 782 α
2417 731 2598 786 Verba
2627 729 2902 785 clamoris
2934 729 3101 784 mei.»
3125 731 3192 784 Et
3224 735 3311 784 est
3345 746 3553 785 sensus
3575 731 3745 801 juxta
3767 738 4005 788 caeteros

2357 819 2702 890 interpretes
2739 837 2750 872 :
2795 818 3061 874 Gemitus
3103 819 3217 874 mei
3267 825 3439 891 atque
3488 825 3730 874 conatus
3762 821 3998 893 quibus,

2357 924 2588 979 semper
2643 906 2924 978 populum
2983 906 3156 961 Israel
3217 907 3438 962 salvare
3498 908 3780 978 quaesivit,
3831 908 4003 981 longe

2356 995 2491 1050 facti
2542 1001 2680 1050 sunt
2729 1013 2764 1050 a
2808 993 2995 1050 salute
3049 1012 3198 1062 mea,
3257 1012 3433 1066 quam
3491 997 3705 1068 populo
3746 997 4002 1052 tribuere

2357 1084 2661 1155 cupiebam
2685 1102 2696 1138 :
2718 1085 2857 1155 quia
2887 1085 2996 1155 ipsi
3032 1084 3345 1139 noluerunt
3376 1085 3628 1156 recipere
3659 1085 3995 1140 sanitatem.

2354 1173 2528 1240 Juxta
2558 1172 2697 1227 LXX
2743 1189 2876 1227 vero
2916 1177 3269 1243 Interpretes
3317 1172 3427 1227 iste
3475 1189 3683 1228 sensus
3714 1178 3803 1228 est
3838 1190 3850 1228 ε
3883 1174 4003 1229 Hoc

2357 1262 2511 1331 quod
2545 1260 2794 1316 salutem
2845 1261 3142 1332 deprecor,
3175 1262 3329 1331 quod
3364 1278 3455 1316 me
3487 1278 3809 1333 conqueror
3837 1263 3998 1318 dere-

2355 1349 2623 1405 relictum
2675 1369 2687 1405 :
2739 1366 2854 1404 non
2905 1366 2974 1405 ex
3019 1350 3253 1421 prapria
3311 1366 3559 1420 persona
3609 1350 3836 1421 loquor,
3897 1353 3998 1406 sed

2355 1456 2423 1494 ex
2453 1439 2672 1510 populi,
2707 1439 2876 1508 cujus
2909 1443 3148 1508 peccata
3177 1438 3236 1492 in
3269 1455 3395 1493 meo
3428 1435 3666 1510 corpore
3700 1439 3823 1509 ipse
3871 1455 3998 1494 sus-

2355 1528 2500 1598 cepi.
2535 1527 2696 1581 Unde
2723 1526 2850 1581 dico
2895 1543 2907 1579 :
2955 1527 3147 1598 Longe
3178 1532 3318 1581 sunt
3365 1544 3398 1580 a
3452 1526 3638 1581 salute
3671 1542 3800 1581 mea
3827 1528 4002 1582 verba

2354 1617 2465 1669 ista
2497 1632 2624 1686 quae
2657 1616 2858 1669 fundo.
2893 1615 3018 1668 Non
3046 1615 3201 1669 enim
3245 1621 3364 1669 tam
3419 1615 3563 1670 mihi
3613 1614 3860 1671 salutem
3893 1633 3998 1687 po-

2357 1703 2530 1772 stulo,
2563 1703 2662 1774 qui
2694 1704 2848 1758 Deus
2878 1721 3032 1768 sum,
3066 1720 3243 1774 quam
3276 1703 3490 1775 populo
3542 1707 3642 1775 qui
3691 1703 3877 1760 salute
3908 1705 3996 1759 in-

2353 1792 2530 1863 diget.

2429 1904 2450 1929 ι
2489 1880 2762 1936 Clamabo
2796 1897 2897 1952 per
2926 1881 3102 1947 diem,
3145 1886 3201 1935 et
3233 1896 3347 1936 non
3377 1881 3686 1948 exaudies;
3720 1886 3776 1936 et
3810 1886 3998 1948 nocte,

2358 1975 2413 2024 et
2444 1987 2558 2025 non
2590 1971 2662 2025 ad
2693 1969 3090 2041 insipientiam
3125 1968 3290 2023 mihi.
3323 1971 3452 2033 »_In
3484 1969 3576 2023 die
3606 1971 3867 2040 pendens
3885 1987 4000 2026 non

2357 2060 2666 2115 exauditur
2713 2077 2745 2114 a
2791 2063 2962 2114 Patre
3014 2075 3026 2113 :
3081 2062 3246 2113 nocte
3297 2058 3551 2129 resurgit
3582 2058 3654 2112 ab
3685 2058 3885 2114 inferis
3915 2060 4001 2112 vi-

2356 2154 2496 2204 ctor.
2530 2148 2714 2203 Aliter
2747 2165 2760 2202 :
2795 2148 2900 2212 Qui
2934 2147 2991 2200 in
3025 2147 3236 2218 gaudio
3270 2163 3380 2201 non
3406 2146 3736 2213 exauditur,
3769 2147 4002 2203 exaudi-

2353 2244 2452 2291 tur
2482 2237 2540 2292 in
2572 2237 2863 2308 lacrymis.
2901 2235 3063 2290 Unde
3099 2235 3180 2290 ait
3211 2251 3224 2289 :
3259 2235 3382 2289 Non
3432 2236 3490 2289 in
3525 2235 3836 2290 stultitiam
3886 2235 3996 2290 mi-

2353 2325 2432 2391 hi,
2467 2326 2522 2380 id
2552 2332 2660 2391 est,
2695 2342 2809 2380 non
2858 2325 3076 2379 frustra
3125 2323 3389 2378 clamavi.
3436 2325 3505 2378 Et
3549 2324 3760 2396 Aquila
3805 2331 3998 2380 trans-

2350 2415 2483 2468 tulit
2538 2432 2605 2469 ex
2663 2414 2896 2470 Hebraeo
2971 2414 3171 2468 dicens
3234 2430 3246 2466 :
3309 2436 3334 2460 «
3396 2418 3463 2466 Et
3522 2417 3707 2478 nocte,
3766 2419 3822 2468 et
3877 2431 3994 2469 non

2348 2503 2602 2570 tacebis;
2639 2525 2668 2552 »
2707 2503 2766 2556 id
2811 2507 2918 2567 est,
2971 2500 3173 2556 audies
3222 2518 3350 2568 me;
3386 2502 3766 2572 respondebis
3801 2502 3940 2557 mihi
3977 2521 3990 2559 :

2346 2592 2523 2647 facies
2573 2592 2727 2662 quod
2777 2590 2954 2645 oravi.
2990 2590 3141 2645 Deus
3187 2607 3353 2645 meus
3385 2589 3646 2644 clamabo
3680 2607 3781 2661 per
3809 2592 3987 2661 diem,

2345 2696 2450 2734 nec
2481 2679 2776 2746 exaudies,
2807 2684 2863 2733 et
2895 2684 3081 2732 nocte.
3114 2677 3396 2733 Clamavit
3425 2678 3688 2732 Christus
3712 2680 3769 2732 in
3792 2696 3983 2746 cruce,

2344 2775 2402 2822 et
2441 2769 2623 2823 oravit
2670 2785 2772 2840 pro
2823 2767 2946 2822 suis
2982 2785 2993 2820 :
3026 2766 3355 2830 exauditus,
3402 2771 3457 2821 et
3507 2783 3621 2821 non
3651 2767 3979 2823 exauditus

2339 2858 2657 2912 Exauditus
2691 2874 2793 2928 pro
2827 2854 3251 2927 prazdestinatis
3287 2872 3298 2909 :
3334 2857 3488 2909 sicut
3536 2856 3594 2910 in
3646 2861 3772 2910 octo
3804 2856 3977 2910 milli-

2339 2946 2470 3014 bus,
2519 2945 2605 3000 vel
2657 2963 2760 3018 pro
2809 2944 2924 2999 illis
2983 2949 3217 2999 centum
3275 2944 3480 3016 viginti
3530 2949 3586 2999 et
3643 2945 3981 3016 quingentis

2339 3035 2636 3089 fratribus.
2673 3036 2739 3088 Et
2769 3051 2882 3087 non
2914 3031 3221 3087 exauditus
3256 3048 3267 3084 :
3304 3032 3411 3087 hoc
3460 3037 3548 3088 est
3593 3049 3695 3103 pro
3734 3032 3851 3088 illis
3882 3035 3980 3104 qui

2337 3140 2452 3178 non
2483 3127 2649 3177 erant
2691 3121 3105 3194 praedestinati.
3159 3120 3320 3175 Unde
3371 3121 3516 3174 dixit
3559 3119 3911 3192 evangelista
3964 3139 3975 3174 :

2334 3213 2568 3281 Sanguis
2642 3213 2754 3283 ejus
2825 3226 2989 3280 super
3054 3225 3153 3265 nos
3218 3219 3270 3263 et
3337 3225 3500 3280 super
3561 3210 3704 3278 ﬁlios
3771 3219 3980 3264 nostros

2256 3283 2297 3349 C
2336 3301 2545 3365 (Matth.
2606 3318 2775 3366 xxvn,
2833 3300 2945 3369 25).
2999 3299 3143 3370 Ergo
3195 3297 3319 3352 dies
3379 3298 3470 3351 hic
3529 3315 3632 3368 pro
3690 3297 3878 3364 bonis,
3926 3304 3982 3352 et

2337 3407 2448 3444 nox
2478 3406 2579 3460 pro
2614 3389 2784 3444 malis
2817 3386 3295 3458 intelligitur.Vel
3328 3387 3451 3440 dies
3474 3391 3530 3441 et
3552 3403 3663 3441 nox
3692 3387 3978 3457 prosperi-

2334 3482 2424 3532 tas
2455 3484 2510 3531 et
2541 3477 2860 3532 adversitas
2886 3477 2945 3530 in
2980 3475 3252 3529 Ecclesia.
3288 3475 3539 3529 Ecclesia
3590 3491 3705 3530 non
3737 3475 3978 3529 exaudi-

2333 3570 2430 3619 tur
2455 3567 2514 3619 in
2546 3567 2947 3637 prosperitate,
2975 3568 3040 3618 ut
3071 3580 3185 3617 non
3218 3580 3278 3617 se
3309 3561 3626 3625 extollat,et
3659 3579 3770 3616 non
3803 3579 3978 3618 exau-

2335 3655 2493 3709 ditur
2539 3655 2596 3709 in
2652 3654 3018 3717 adversitate,
3071 3655 3135 3704 ut
3183 3651 3436 3720 amplius
3480 3652 3813 3705 mundetur.
3848 3675 3874 3701 ‹‹
3909 3653 3983 3708 Et

2334 3761 2448 3797 non
2479 3745 2552 3798 ad
2584 3741 2977 3813 insipientiam
3011 3737 3187 3802 mihi;
3219 3759 3244 3788 υ
3281 3738 3337 3791 id
3369 3743 3479 3804 est,
3514 3737 3695 3792 Filius
3740 3745 3976 3794 coaeter-

2334 3849 2446 3886 nus
2475 3831 2628 3886 Patri
2662 3831 2771 3884 scit
2800 3828 3015 3889 omnia,
3046 3843 3150 3880 cur
3180 3842 3296 3879 non
3327 3825 3404 3879 sit
3433 3825 3741 3880 exauditus
3773 3826 3830 3880 in
3882 3829 3978 3883 die

2333 3919 2644 3990 passionis,
2678 3917 2735 3972 id
2768 3921 2856 3971 est
2887 3931 2988 3986 pro
3018 3913 3156 3968 ﬁliis
3187 3912 3415 3981 mortis,
3466 3919 3522 3968 et
3570 3916 3974 3986 prosperitate,

2333 4014 2392 4062 et
2420 4006 2794 4062 tribulatione
2827 4001 3091 4058 Ecclesiae
3124 4019 3262 4058 suae.

2404 4119 2431 4145 ‹‹
2466 4097 2553 4150 Tu
2603 4099 2796 4149 autem
2846 4093 2905 4146 in
2949 4096 3149 4146 sancto
3206 4091 3456 4160 habitas,
3511 4091 3638 4147 laus
3696 4092 3890 4148 Israel.
3945 4117 3973 4143 »

2333 4184 2453 4239 Vox
2486 4183 2800 4256 prophetae.
2840 4206 2865 4231 ‹‹
2920 4181 2982 4235 In
3033 4185 3234 4235 sancto
3283 4180 3536 4250 habitas,
3573 4204 3599 4230 »
3633 4181 3742 4235 hoc
3787 4189 3875 4237 est
3916 4183 3973 4237 in

2334 4290 2438 4328 suo
2469 4288 2730 4343 corpore,
2760 4269 2848 4325 vel
2876 4269 2934 4323 in
2969 4267 3131 4334 coelo,
3166 4269 3285 4324 sive
3314 4268 3372 4322 in
3407 4267 3677 4325 Ecclesia.

2406 4382 2434 4410 «
2467 4363 2528 4416 In
2560 4365 2617 4414 te
2648 4362 3027 4431 speraverunt
3057 4363 3251 4429 patres
3284 4359 3488 4427 nostri,
3534 4358 3809 4413 Domine:
3843 4377 3972 4431 spe-

2333 4454 2624 4518 raverunt,
2673 4454 2730 4504 et
2776 4447 3036 4504 liberasti
3088 4464 3207 4502 eos.
3247 4469 3272 4495 ››
3303 4451 3688 4517 Speraverunt
3731 4447 3975 4518 patriar-

2332 4541 2454 4595 chae
2483 4544 2539 4595 et
2567 4538 2881 4611 prophetae,
2917 4535 3000 4591 vel
3033 4535 3241 4606 reliqui
3278 4551 3289 4586 :
3331 4560 3350 4581 κ
3389 4539 3456 4586 Et
3487 4534 3746 4590 liberasti
3781 4552 3897 4606 eos,
3946 4560 3973 4584 ››

2332 4628 2388 4682 id
2419 4634 2528 4694 est,
2562 4628 2632 4683 de
2662 4628 2901 4699 Egypto
2950 4623 3036 4679 vel
3084 4623 3153 4676 de
3203 4621 3536 4693 Babylonia.
3589 4646 3617 4672 «
3667 4624 3790 4678 Non
3839 4630 3978 4679 sunt

2336 4717 2586 4782 confusi,
2613 4738 2641 4765 ››
2673 4716 2810 4786 quia
2840 4713 2995 4785 quod
3031 4711 3348 4783 promisisti
3373 4711 3847 4783 adimplesti,hoc
3867 4718 3975 4784 est,

2330 4811 2546 4860 terram
2588 4799 3061 4874 repromissionis
3107 4804 3165 4852 et
3214 4800 3392 4853 vitam
3446 4799 3701 4870 longam.
3735 4802 3913 4857 Aliter
3959 4818 3972 4856 :

2334 4917 2360 4942 ‹‹
2396 4894 2457 4945 In
2489 4897 2545 4946 te
2575 4893 2956 4962 speraverunt
2994 4892 3186 4958 patres
3219 4887 3424 4951 nostri,
3478 4910 3505 4936 ››
3555 4889 3818 4945 doctores
3869 4890 3974 4944 Ec-

2332 4980 2539 5035 clesiae.
2574 5002 2600 5027 «
2632 4977 2758 5033 Non
2790 4982 2927 5033 sunt
2959 4975 3206 5042 confusi,
3264 4999 3282 5023 υ
3342 4976 3479 5046 quia
3530 4994 3664 5048 spes
3714 4979 3976 5050 ipsorum

2334 5085 2565 5141 semper
2593 5083 2676 5123 es.

2404 5181 2432 5207 «
2462 5159 2578 5227 Ego
2609 5160 2804 5210 autem
2855 5172 2988 5210 sum
3037 5153 3249 5208 vermis
3296 5159 3352 5208 et
3405 5170 3516 5208 non
3571 5155 3764 5209 homo.
3802 5175 3829 5202 »
3862 5154 3978 5209 Hoc

2333 5251 2565 5318 propter
2594 5243 2986 5301 humilitatem
3017 5242 3306 5313 assumpti
3355 5243 3618 5315 corporis
3669 5243 3930 5314 loquitur
3961 5261 3973 5297 :

2402 5408 2423 5440 ²
2453 5405 2685 5477 Aquila,
2722 5404 3079 5478 βρυχήματος
3137 5422 3260 5472 μου,
3297 5403 3544 5474 proprie,
3587 5405 3800 5478 rugitus
3847 5406 3975 5468 mei,

2335 5495 2447 5531 non
2474 5465 2737 5548 gemitus}
2760 5465 3004 5548 'sednet
3033 5465 3257 5548 vereor.
3281 5465 3350 5529 ne
3394 5465 3615 5548 sextam
3657 5465 3977 5548 editionem

2333 5549 2427 5602 hic
2475 5545 2609 5602 cum
2659 5548 2760 5601 illa
2815 5545 3228 5601 Theodotionis
3279 5547 3615 5611 confundat,
3650 5546 3749 5616 qui
3781 5561 3978 5616 revera

2339 5620 2582 5690 βοήσεως
2626 5637 2735 5690 μουγ
2759 5618 2952 5685 vertit,
3004 5622 3069 5672 ut
3112 5622 3168 5671 et
3216 5621 3453 5687 quinta;
3482 5634 3615 5672 nam
3656 5613 3816 5671 sexta
3849 5613 3975 5685 δεή-

2334 5693 2467 5744 σεῶν
2506 5710 2608 5762 μου
2645 5689 2840 5756 habet,
2867 5705 3076 5762 nempe
3104 5690 3567 5761 supplicationum
3599 5705 3864 5745 mearum.
