4314 6618
340 485 456 542 933

1494 483 1989 544 BREVIARIUM
2036 484 2113 542 ΙΝ
2159 483 2539 544 PSALMOS.

3618 483 3737 542 934

344 613 498 668 Isaia
533 627 765 684 quoque
809 610 1009 665 eadem
1041 609 1381 665 concinente
1413 628 1425 664 :
1459 613 1534 666 Ne
1564 615 1779 682 timeas,
1797 616 1994 668 vermis
2022 616 2075 680 Α
2107 618 2311 668 nentes
2341 618 2561 668 erant.«
2591 611 2766 667 Tauri
2799 611 3047 682 pingues
3076 610 3556 665 circumdederun
3581 628 3742 682 me.»

343 703 510 758 Iacob
545 701 670 771 (Isa.
705 717 814 765 LXI,
871 700 977 768 14).
1039 720 1059 746 α
1120 697 1508 770 Opprobrium
1566 701 1872 756 hominum
1931 705 1985 755 et

347 789 594 859 abjectio
626 787 832 859 plebis.
868 809 893 835 n
924 787 1084 849 Quod
1126 789 1317 858 majus
1371 790 1750 860 opprobrium
1805 806 1982 860 quam

349 877 539 932 crucis
566 876 594 929 ?
624 899 649 924 ‹‹
687 875 752 928 Et
786 873 1082 945 despectio
1113 874 1322 945 plebis,
1382 898 1408 924 »
1468 877 1524 931 id
1589 882 1697 944 est,
1754 878 1987 933 Judaici

348 964 548 1037 populi
579 963 828 1017 derisus.
862 966 975 1016 Cur
1029 964 1242 1018 vermis
1309 969 1365 1019 et
1423 982 1536 1020 non
1595 965 1769 1021 homo
1804 991 1818 1032 ς
1849 967 1988 1020 dum

349 1054 491 1108 dicit
520 1053 578 1105 in
612 1051 915 1123 Evangelio
950 1069 960 1106 :
1001 1053 1152 1106 Venit
1193 1054 1375 1108 Filius
1425 1053 1665 1109 hominis
1722 1055 1990 1110 redimere

351 1141 492 1213 quod
544 1143 782 1210 perierat
812 1142 959 1211 (Luc.
995 1158 1108 1206 xxx,
1147 1142 1234 1211 10)
1263 1142 1290 1194 ‘?
1347 1141 1609 1198 Christus
1668 1148 1725 1198 et
1779 1145 1992 1197 vermis

353 1231 574 1285 dicitur
603 1234 659 1283 et
690 1229 884 1283 homo.
921 1231 1153 1295 Vermis,
1186 1235 1249 1284 ut
1299 1231 1380 1284 ait
1438 1231 1724 1303 Propheta
1755 1248 1768 1285 :
1809 1252 1831 1279 α
1864 1230 1993 1285 Noli

351 1318 576 1387 timere,
613 1318 825 1372 vermis
855 1318 1050 1385 Jacob,
1086 1341 1113 1367 »
1171 1324 1226 1372 et
1283 1319 1478 1386 homo,
1529 1320 1666 1390 quia
1723 1337 1790 1374 ex
1819 1319 1996 1373 Maria

354 1411 526 1460 natus
558 1405 924 1460 assimilatur
953 1423 1061 1461 sua
1117 1407 1388 1462 nativitas
1447 1409 1628 1462 vermi
1662 1425 1675 1462 :
1709 1409 1846 1479 quia
1871 1426 1994 1463 ver-

357 1494 466 1548 mis
488 1494 587 1564 qui
620 1494 676 1547 in
712 1493 870 1564 ligno
899 1494 1158 1549 nascitur
1189 1512 1302 1549 non
1361 1495 1536 1550 habet
1592 1500 1836 1568 patrem,
1884 1497 1998 1550 nisi

355 1587 622 1638 matrem.
648 1586 715 1636 Et
746 1581 1012 1637 Christus
1043 1601 1110 1638 ex
1163 1584 1346 1638 Maria
1402 1589 1490 1638 est
1547 1589 1721 1639 natus
1779 1585 2000 1655 absque

355 1670 512 1726 coitu
553 1670 684 1724 viri.
743 1671 866 1725 Duo
917 1670 1252 1726 habitacula
1309 1673 1446 1727 fecit
1499 1673 1677 1740 Deus,
1710 1673 1919 1727 coelum
1946 1676 2002 1727 et

357 1765 594 1814 terram.
629 1757 849 1812 Caelum
881 1758 1165 1814 habitatio
1206 1759 1569 1831 angelorum,
1605 1767 1660 1815 et
1717 1766 1873 1816 terra
1899 1761 2000 1815 ha-

360 1847 565 1902 bitatio
613 1847 921 1901 vermium.
983 1848 1138 1902 Fecit
1176 1848 1330 1902 Deus
1375 1865 1629 1903 vermem
1689 1849 2002 1903 ascendere

360 1935 420 1990 in
453 1934 686 2005 coelum,
721 1939 777 1990 et
835 1934 1110 2007 angelum
1168 1935 1227 1990 in
1286 1941 1525 1991 terram.
1584 1937 1852 1992 Christus
1901 1954 2003 2008 per

366 2023 760 2078 humilitatem
796 2040 972 2094 super
1001 2041 1204 2078 omnes
1235 2025 1475 2096 angelos
1508 2025 1852 2093 ascendit,et
1882 2025 2000 2080 dia-

358 2112 531 2168 bolus
559 2129 661 2182 per
685 2112 1020 2182 superbiam
1053 2115 1347 2184 projectus
1369 2119 1457 2169 est
1484 2114 1544 2168 in
1576 2119 1849 2169 terram.«
1881 2114 1998 2184 Op-

359 2200 554 2254 brium
631 2199 940 2254 hominum
1016 2207 1073 2254 et
1139 2201 1383 2272 abjeclio
1461 2201 1644 2272 plebis
1712 2220 1724 2257 :
1788 2219 2000 2274 oppro-

360 2287 578 2353 brium,
613 2308 640 2336 »
685 2289 918 2358 quando
977 2289 1247 2344 dixerunt
1311 2291 1495 2345 Judaei
1530 2307 1542 2345 :
1580 2293 1652 2344 Tu
1703 2290 2002 2362 discipulus

361 2377 517 2430 illius
549 2375 835 2443 sis(Joan.
865 2379 1034 2448 111,28)
1071 2395 1084 2445 ;
1135 2379 1390 2450 abjectio.
1424 2380 1657 2449 quando
1709 2381 2004 2450 ejecerunt

367 2478 501 2516 eum
533 2468 693 2517 extra
722 2463 1012 2519 civitatem
1045 2470 1100 2520 et
1131 2467 1543 2522 crucifixerunt
1573 2483 1728 2522 eum.

439 2571 465 2598 «
526 2550 738 2605 Omnes
792 2552 1054 2608 videntes
1112 2572 1203 2608 me
1260 2554 1579 2610 irridebant
1636 2571 1748 2610 me.
1806 2578 1833 2603 »
1893 2560 2001 2611 Pro

363 2642 525 2709 parte
553 2638 843 2694 malorum
877 2642 1111 2710 dicitur,
1147 2644 1300 2697 sicut
1329 2652 1384 2698 et
1420 2643 1534 2715 ipsi
1590 2645 1805 2699 Judaeis
1846 2645 2001 2699 dixe-

365 2731 501 2782 runt
534 2743 544 2780 :
582 2727 641 2780 Si
669 2729 842 2782 Fili-us
873 2731 976 2784 Dei
1006 2747 1080 2796 es,
1143 2733 1403 2787 descende
1459 2733 1522 2787 de
1578 2749 1738 2788 cruce
1794 2735 2002 2805 (Matth.

367 2834 544 2883 xxvn,
597 2817 686 2886 42)
724 2833 735 2871 :
769 2817 855 2872 vel
889 2835 901 2871 :
934 2821 1069 2886 Ave,
1125 2837 1222 2875 rex
1277 2821 1610 2876 Judmorum
1669 2822 1834 2891 (Ibid.
1890 2823 2002 2891 29).

438 2927 466 2953 «
503 2905 702 2958 Locuti
733 2911 874 2960 sunt
896 2905 1152 2963 labiis.et
1169 2914 1475 2964 moverunt
1495 2915 1720 2981 caput.»
1759 2932 1786 2960 «
1812 2909 2005 2965 Locuti

333 3007 347 3017 '
381 2998 518 3047 sunt
551 2992 740 3059 labiis,
774 3016 801 3043 ››
834 2995 972 3065 quia
1004 2998 1152 3066 quod
1213 2997 1506 3052 habebant
1563 2999 1623 3052 in
1678 2999 1869 3064 corde,
1903 2997 2010 3052 hoc

367 3081 760 3152 loquebantur
789 3083 846 3136 in
880 3084 1090 3140 verbis.
1127 3108 1154 3133 «
1188 3085 1488 3141 Moverunt
1519 3093 1713 3157 caput;
1751 3109 1779 3136 »
1811 3087 1868 3140 id
1899 3091 2010 3152 est,

371 3169 735 3240 reliquerunt
767 3189 949 3226 unum
984 3178 1158 3244 caput
1189 3176 1342 3245 quod
1377 3180 1466 3230 est
1524 3175 1811 3240 Christus,
1844 3180 1898 3230 et
1926 3176 2007 3229 fe-

373 3264 576 3312 cerunt
606 3259 789 3313 multa
829 3260 940 3314 sibi
978 3262 1171 3332 capita
1201 3263 1643 3318 daemoniorum.

2032 1979 2079 2042 B

2098 702 2202 756 Pro
2233 703 2549 772 pinguibus,
2564 699 2950 771 Symmachus
2971 699 3151 752 altiles
3181 699 3597 769 interpretatus
3629 704 3739 755 est.

2100 791 2162 844 In
2197 790 2431 844 Hebraeo
2464 789 2701 843 verbum
2737 788 2973 858 ponitur
3004 791 3201 854 Basan,
3245 788 3399 857 quod
3458 792 3514 841 et
3573 788 3737 859 igno-

2100 878 2282 932 minia
2321 877 2621 932 transferri
2682 881 2916 947 potest:
2965 899 2984 923 u
3021 875 3163 938 Quia
3222 875 3734 932 circumdederunt

2100 984 2212 1020 me.
2249 990 2274 1015 ››
2311 968 2478 1021 Tauri
2508 966 2810 1034 dicuntur,
2843 969 3080 1036 prOpter
3111 963 3445 1034 superbiam
3479 964 3743 1033 illorum;

2103 1056 2157 1109 id
2191 1060 2297 1119 est,
2324 1053 2615 1125 principes
2646 1052 2879 1108 illorum
2911 1059 3082 1106 Anna
3129 1057 3186 1106 et
3240 1053 3510 1124 Caiphas,
3542 1053 3628 1108 vel
3661 1071 3747 1109 re-

2102 1143 2268 1214 liqui.
2305 1145 2547 1214 Pingues
2579 1148 2817 1212 propter
2846 1141 3298 1196 crassitudinem
3330 1141 3586 1196 malitiae.

2181 1252 2206 1280 σε
2238 1233 2606 1302 Aperuerunt
2635 1231 2690 1284 in
2714 1247 2805 1285 me
2837 1247 2900 1284 os
2926 1246 3155 1284 suum»
3192 1230 3433 1293 Quando
3457 1230 3752 1297 dixerunt,

2105 1320 2494 1390 cruciligatur.
2532 1320 2744 1372 «Sicut
2785 1318 2874 1373 leo
2933 1319 3166 1389 rapiens
3223 1324 3280 1373 et
3332 1319 3590 1390 rugiens.
3628 1343 3655 1368 »
3689 1320 3747 1374 ld

2107 1414 2196 1462 est
2226 1409 2461 1477 quando
2493 1409 2562 1462 de
2609 1406 2708 1461 illo
2760 1406 3091 1478 cogitabant
3145 1407 3437 1477 quomodo
3486 1424 3620 1462 eum
3671 1408 3754 1462 in-

2109 1496 2966 1566 teriicerent.Rapiens,quando
2999 1511 3129 1549 cum
3163 1494 3374 1566 gladiis
3406 1499 3462 1548 et
3493 1495 3748 1549 fustibus

2109 1601 2244 1637 eum
2276 1584 2842 1655 comprehenderunt
2875 1585 3054 1652 (Joan.
3088 1601 3248 1638 xvni.
3281 1584 3357 1654 3).

2189 1695 2208 1719 ι
2248 1671 2409 1726 Sicut
2441 1688 2594 1742 aqua
2623 1672 2846 1726 effusus
2878 1688 3031 1740 sum,
3056 1676 3112 1725 et
3143 1672 3408 1742 dispersa
3467 1676 3606 1726 sunt
3634 1690 3754 1727 om-

2114 1759 2210 1815 nia
2259 1777 2395 1815 ossa
2442 1776 2593 1830 mea,
2647 1782 2672 1808 ››
2720 1760 2812 1814 Sic
2862 1759 3169 1814 voluerunt
3223 1759 3408 1814 Judaei
3457 1759 3753 1816 Christum

2111 1849 2474 1921 exstinguere
2501 1847 2669 1918 quasi
2702 1864 2914 1918 aquam
2957 1864 3080 1918 quae
3125 1847 3410 1902 hauritur.
3446 1853 3502 1903 et
3529 1849 3752 1920 disper-

2113 1939 2353 2011 gitur,et
2379 1954 2493 1992 non
2524 1937 2850 1992 revertitur.
2870 1960 2895 1986 ‹‹
2932 1936 3207 2007 Dispersa
3238 1941 3376 1992 sunt
3405 1936 3601 1992 omnia
3620 1955 3755 1993 ossa

2112 2045 2260 2083 mea.
2300 2050 2320 2075 υ
2357 2026 2502 2081 Ossa
2531 2025 2764 2095 Christi,
2797 2025 3044 2096 apostoli
3073 2025 3350 2081 dicuntur
3384 2050 3398 2093 ;
3430 2025 3568 2097 quia
3600 2026 3754 2082 sicut

2110 2133 2242 2172 caro
2273 2116 2344 2170 ab
2376 2115 2609 2170 ossibus
2639 2114 2967 2180 roboratur,
2997 2114 3077 2168 ita
3134 2120 3207 2169 et.
3249 2131 3460 2184 corpus
3515 2114 3751 2182 Christi,

2110 2205 2264 2275 quod
2289 2208 2377 2259 est
2405 2202 2680 2271 Ecclesia,
2717 2203 2787 2258 ab
2820 2201 3097 2272 apostolis
3149 2201 3232 2258 vel
3290 2203 3627 2258 doctoribus
3654 2205 3754 2256 ﬁr-

2112 2298 2327 2347 matur.

2187 2403 2212 2428 ‹‹
2239 2381 2475 2435 Factum
2508 2385 2596 2435 est
2623 2396 2720 2434 cor
2752 2397 2967 2434 meum.
3002 2403 3029 2431 »
3092 2382 3202 2436 Cor
3232 2380 3443 2435 Christi
3503 2380 3755 2436 Ecclesia

2113 2468 2475 2541 intelligitur,
2509 2474 2822 2538 antequam
2855 2469 3122 2523 Christus
3160 2470 3499 2524 ascenderet
3525 2469 3585 2523 in
3618 2487 3754 2523 cru—

2113 2574 2236 2611 cem
2272 2573 2283 2610 :
2318 2573 2447 2627 quae
2478 2557 2624 2610 dura
2680 2556 2988 2611 videbatur
3034 2573 3182 2624 esse,
3235 2557 3371 2628 quia
3427 2557 3596 2627 pauci
3651 2574 3754 2627 pro

2115 2646 2350 2700 nomine
2381 2644 2538 2698 illius
2561 2644 2951 2714 patiebantur.
2989 2644 3149 2698 Unde
3183 2643 3396 2698 dicitur
3426 2661 3439 2698 :
3476 2651 3582 2699 Pro
3603 2647 3754 2714 justo

2115 2736 2210 2804 qui
2231 2735 2462 2788 moritur
2490 2737 2513 2785 ?
2545 2738 2722 2802 (Rom.
2755 2749 2810 2802 ν,
2841 2733 2918 2800 7).
2953 2755 2979 2780 ‹‹
3017 2733 3324 2802 Tanquam
3383 2748 3515 2787 cera
3573 2731 3756 2802 lique-

2116 2839 2303 2878 scens.
2343 2845 2361 2870 ι)
2400 2821 2546 2887 Quia
2579 2826 2893 2892 postquum
2954 2820 3220 2874 Christus
3251 2820 3513 2875 ascendit
3561 2820 3618 2874 in
3651 2837 3753 2874 ru-

2116 2927 2262 2977 cem,
2297 2915 2497 2980 postea
2525 2926 2728 2964 omnes
2761 2910 2946 2964 sancti
2975 2913 3275 2980 coeperunt
3314 2907 3753 2962 tribulationem

2120 3016 2222 3069 pro
2256 2999 2382 3069 ipso
2413 2998 2701 3053 sustinere
2733 3003 2969 3068 propter
3013 3014 3176 3068 spem
3231 2996 3634 3052 retributionis
3665 2997 3755 3050 fu-

2123 3088 2237 3141 turi
2271 3086 2552 3142 muneris.
2593 3108 2618 3138 ιι
2648 3087 2710 3141 In
2745 3086 2934 3141 medio
2963 3086 3180 3140 ventris
3239 3089 3374 3140 mei.
3439 3108 3465 3135 »
3500 3086 3616 3140 Hoc
3645 3091 3753 3140 est.

2126 3176 2183 3230 in
2210 3177 2401 3230 medio
2424 3175 2745 3230 Ecclesiam
2772 3175 3012 3229 Factum
3031 3180 3116 3229 est
3140 3192 3237 3229 cor
3258 3190 3453 3229 meum
3476 3179 3756 3244 tanquam

2123 3281 2252 3318 cera
2281 3263 2611 3334 liquescens
2642 3263 2699 3316 in
2753 3263 2942 3318 medio
2973 3263 3193 3317 ventris
3234 3263 3367 3317 mei.
3405 3285 3431 3310 ››
3464 3263 3761 3333 Sapientia

442 3369 468 3396 ‹‹
499 3348 760 3418 Speravit
789 3348 848 3402 in
905 3350 1166 3416 Domino,
1202 3351 1408 3422 eripiat
1447 3367 1580 3406 eum
1617 3369 1630 3411 ;
1665 3351 1890 3406 salvum
1923 3352 2005 3405 fa-
2039 3341 2080 3406 C
2123 3368 2268 3419 mea,
2303 3369 2429 3421 qua:
2462 3351 2624 3422 prius
2670 3368 2784 3406 non
2836 3350 3286 3422 intelligebatur,
3348 3367 3591 3406 accensa
3638 3351 3758 3423 igni

365 3435 482 3490 ciat
511 3453 665 3503 eum,
701 3437 978 3508 quoniam
1006 3438 1130 3493 vult
1169 3455 1322 3494 eum.
1355 3461 1381 3488 ››
1414 3444 1536 3496 Vox
1585 3439 1876 3511 prophetae
1936 3440 2004 3494 de

361 3523 728 3580 humanitate
758 3525 1038 3596 loquitur.
1081 3549 1106 3578 α
1155 3529 1419 3598 Speravit
1466 3529 1523 3582 in
1581 3528 1863 3594 Domino;
1897 3527 2006 3582 hoc

365 3617 454 3667 est
484 3613 819 3669 humanitas
851 3615 908 3670 in
941 3615 1260 3671 divinitate.
1313 3641 1339 3666 ‹‹
1401 3618 1622 3689 Eripiat
1674 3633 1808 3672 eum
1843 3633 1854 3670 :
1892 3638 1912 3666 »
1948 3616 2005 3669 id

360 3706 472 3768 est,
517 3703 588 3756 de
619 3703 857 3758 Judazis.
894 3705 1169 3771 Quoniam
1226 3705 1348 3760 vult
1403 3723 1526 3760 eum
1559 3723 1571 3759 :
1605 3706 1660 3760 id
1709 3710 1816 3776 est,
1852 3706 2007 3760 Deus

359 3793 530 3844 Pater
556 3790 738 3845 voluit
771 3791 946 3847 talem
978 3793 1185 3848 Filium
1218 3795 1430 3850 habere
1461 3795 1585 3850 sine
1618 3800 1873 3866 peccato,
1910 3811 2010 3864 per

363 3895 538 3950 quem
571 3885 807 3950 peccata
837 3882 1042 3936 mundi
1101 3883 1348 3950 tolleret,
1414 3889 1477 3938 ut
1534 3885 1613 3938 ait
1669 3883 2008 3955 propheta:

361 3969 478 4037 Ipse
511 3967 867 4039 inﬁrmitates
911 3975 1125 4026 nostra:
1163 3975 1367 4043 accepit
1422 3977 1470 4028 et
1525 3972 1884 4041 aegritudines
1912 3988 2009 4026 πο⁸

366 4063 516 4111 atras
532 4061 775 4128 portavit
806 4060 943 4126 (Isa.
978 4078 1095 4130 LIII,
1128 4062 1201 4132 4).

436 4167 463 4193 ‹‹
499 4145 784 4208 Quoniam
807 4151 867 4201 tu
901 4165 962 4203 es
990 4149 1090 4220 qui
1122 4151 1377 4205 eduxisti
1412 4167 1504 4205 me
1561 4152 1631 4205 de
1691 4156 1910 4218 ventre,
1986 4173 2012 4198 »

365 4237 486 4288 Vox
509 4233 912 4290 humanitatis.
951 4257 977 4286 α
1021 4238 1284 4293 Eduxisti
1347 4255 1437 4292 me
1493 4239 1564 4293 de
1619 4244 1837 4308 ventre,
1897 4261 1924 4286 ››
1955 4238 2009 4292 id

363 4327 470 4388 est,
505 4323 575 4378 de
609 4329 774 4378 utero
811 4329 1026 4379 sanctae
1060 4325 1274 4393 Mariae,
1308 4327 1395 4381 vel
1446 4327 1516 4381 de
1547 4327 2015 4399 Synagoga,quia

371 4427 474 4482 per
521 4411 862 4466 vaticinium
921 4414 1336 4485 prophetarum
1369 4421 1683 4486 conceptus
1721 4421 1826 4483 est,
1859 4421 1914 4469 et
1944 4415 2014 4469 ad

365 4515 610 4554 sensum
644 4500 1034 4572 spiritualem,
1069 4503 1235 4573 quasi
1267 4503 1338 4557 de
1363 4507 1558 4557 ventre
1611 4504 1862 4558 eductus
1903 4508 2012 4559 est.

367 4609 395 4638 «
431 4591 574 4660 Spes
606 4605 732 4644 mea
763 4591 834 4644 ab
866 4591 1145 4647 uberibus
1177 4591 1380 4646 matris
1409 4608 1574 4656 meae,
1622 4614 1650 4642 »
1691 4597 1801 4646 etc.
1858 4610 1870 4646 :
1897 4614 1924 4641 ‹‹
1958 4592 2015 4646 id

2117 3439 2409 3510 passionis
2438 3439 2699 3506 incaluit,
2733 3443 2790 3493 et
2821 3443 3090 3509 suscepta
3120 3444 3210 3493 est
3235 3440 3306 3493 ab
3339 3438 3594 3493 Ecclesia

2189 3550 2215 3575 «
2251 3527 2486 3582 Exaruit
2510 3532 2796 3598 tanquam
2819 3532 2969 3582 testa
3000 3527 3183 3581 virtus
3217 3543 3369 3582 mea.
3413 3550 3440 3575 »
3471 3527 3644 3582 Testa
3665 3544 3763 3582 an-

2116 3621 2352 3683 tequam
2387 3615 2444 3668 in
2481 3614 2611 3686 igne
2649 3622 2899 3684 ponatur
2929 3615 3164 3668 infirma
3188 3618 3276 3668 est
3317 3630 3329 3669 :
3364 3616 3676 3684 postquam
3699 3613 3759 3667 in

2121 3705 2254 3774 igne
2286 3704 2540 3774 ponitur,
2571 3703 2896 3758 roboratur.
2944 3704 3012 3756 Et
3061 3703 3325 3758 Christus
3374 3707 3758 3774 posteaquam

2121 3794 2178 3845 in
2213 3792 2543 3863 patibulum
2576 3791 2768 3846 crucis
2799 3792 3081 3858 ascendit,
3116 3808 3286 3846 suam
3329 3791 3646 3846 Ecclesiam
3679 3808 3768 3845 ro-

2121 3881 2362 3935 boravit.
2397 3881 2543 3952 Ergo
2576 3897 2687 3934 non
2742 3881 2896 3934 aruit
2945 3879 3098 3934 sicut
3135 3881 3332 3934 fenum
3382 3885 3446 3933 ut
3489 3879 3717 3934 caderet
3752 3894 3765 3932 :

2123 3971 2224 4024 sed
2257 3969 2423 4041 quasi
2474 3974 2624 4024 testa
2672 3975 2735 4023 ut
2781 3970 3134 4023 firmaretur.
3189 3990 3216 4017 ‹‹
3272 3968 3336 4021 Et
3389 3966 3589 4038 lingua
3639 3984 3769 4022 mea

2124 4058 2367 4113 adhaesit
2397 4057 2663 4112 faucibus
2689 4057 2894 4112 meis.»
2916 4058 2972 4111 Id
3004 4061 3111 4122 est,
3129 4056 3340 4128 linguae
3372 4055 3768 4126 apostolorum

2124 4149 2542 4201 obmutuerunt
2571 4152 2831 4216 tempore
2861 4145 3155 4216 passionis
3190 4162 3202 4198 :
3237 4143 3371 4198 licet
3422 4160 3576 4197 unus
3607 4141 3765 4197 locu-

2125 4242 2218 4290 tus
2249 4239 2356 4299 est,
2389 4239 2583 4287 tamen
2618 4233 2882 4304 negando
2914 4249 3028 4287 non
3061 4232 3410 4297 conﬁtendo,
3443 4232 3499 4286 id
3548 4235 3635 4285 est
3665 4230 3767 4285 Pe-

2124 4329 2272 4393 trus,
2314 4323 2458 4377 Nam
2505 4321 2777 4393 discipuli
2827 4326 3122 4376 servantes
3174 4324 3460 4391 precepta
3504 4336 3655 4385 mea,
3696 4319 3768 4372 de

2129 4430 2220 4466 me
2254 4412 2312 4466 in
2348 4416 2645 4483 posterum
2680 4409 3022 4478 loquuntur.
3058 4431 3086 4458 «
3133 4409 3202 4462 Et
3232 4408 3291 4462 in
3322 4407 3531 4461 limum
3567 4406 3771 4461 mortis

2127 4501 2497 4556 deduxerunt
2527 4516 2636 4554 me.
2675 4521 2701 4547 ››
2737 4499 2852 4554 Hoc
2886 4504 2993 4564 est,
3038 4498 3096 4552 in
3146 4497 3631 4567 incarnationem,
3679 4495 3772 4550 vel

2130 4590 2187 4643 in
2239 4589 2552 4656 infernum,
2607 4587 2841 4659 quando
2890 4586 3117 4642 animas
3177 4591 3517 4642 sanctorum
3566 4585 3775 4639 exinde

366 4681 478 4746 est,
514 4677 694 4733 ubera
757 4679 962 4735 matris
1029 4698 1144 4736 non
1233 4681 1588 4752 dedignatus
1653 4685 1742 4735 est
1806 4696 2015 4751 sugere
2049 4702 2095 4764 Ι)
2129 4677 2369 4732 deduxit
2395 4693 2618 4732 secum.
2654 4699 2680 4726 «
2716 4676 2782 4729 Et
2813 4675 2870 4729 in
2903 4675 3087 4730 linum
3145 4677 3354 4731 mortis
3411 4676 3780 4731 deduxerunt

368 4764 658 4834 Christus,
695 4767 750 4820 id
802 4773 890 4822 est
948 4769 1019 4823 ab
1071 4770 1349 4825 uberibus
1406 4769 1616 4824 Mariae.
1677 4767 1779 4824 Vel
1838 4768 2026 4828 ubera.

307 4853 315 4860 ’
370 4854 580 4910 matris
614 4872 626 4908 :
662 4856 756 4910 lex
784 4862 1246 4930 synagogaeDuo
1272 4857 1452 4912 ubera
1475 4856 1688 4911 habere
1719 4856 2012 4925 dicuntur,

373 4942 514 5015 quia
543 4943 798 4999 litteram
833 4951 887 5000 et
919 4963 1160 5002 sensum
1191 4947 1426 5017 habent,
1474 4947 1584 5002 Sed
1645 4946 1780 5017 ipsi,
1816 4946 1870 5000 id
1906 4950 2015 5012 est,

372 5031 582 5097 Judaei,
619 5051 736 5088 una
773 5035 952 5091 ubera
973 5042 1356 5108 susceperunt
1389 5054 1400 5090 :
1435 5035 1543 5091 hoc
1583 5040 1670 5091 est
1701 5035 1839 5107 quia
1869 5035 2018 5090 litte-

371 5137 498 5174 ram
531 5120 676 5192 legis
709 5126 1119 5180 tantummodo
1150 5125 1478 5180 observant.
1516 5143 1544 5176 σι
1574 5125 1726 5179 Deus
1760 5140 1926 5179 meus
1957 5139 2019 5178 es

369 5212 454 5273 tu,
492 5225 564 5264 ne
594 5209 863 5267 discedas
896 5230 928 5267 a
961 5230 1108 5280 me,»
1131 5213 1190 5268 in
1223 5213 1316 5267 die
1346 5212 1694 5284 passionis»:
1731 5213 2015 5278 Quoniam

376 5296 680 5353 tribulatio
709 5301 974 5370 proxima
1012 5307 1116 5356 est.
1185 5324 1212 5351 »
1245 5302 1318 5356 Ut
1371 5303 1496 5372 ipse
1552 5301 1699 5354 dixit
1731 5316 1743 5353 ε
1779 5299 2019 5368 Surgite,

370 5400 558 5439 eamus
591 5405 608 5440 :
640 5403 760 5443 ecce
792 5392 1253 5460 appropinquavit
1309 5393 1408 5461 qui
1465 5405 1552 5442 me
1599 5387 1918 5443 traditurus
1947 5399 2025 5444 est

370 5474 592 5541 (Matth.
627 5493 778 5542 xxvx,
814 5477 923 5547 46).
960 5500 988 5525 ‹‹
1022 5478 1146 5532 Non
1179 5483 1270 5533 est
1301 5479 1400 5550 qui
1460 5478 1714 5548 adjuvet,
1778 5499 1805 5526 ››
1839 5494 2027 5550 neque

374 5562 647 5633 angelus,
683 5581 873 5634 neque
911 5564 1106 5635 homo,
1141 5565 1252 5620 nisi
1289 5571 1349 5621 tu
1379 5567 1569 5622 Pater.

464 5671 484 5697 ετ
517 5650 996 5709 Circumdederut
1030 5671 1119 5709 me
1149 5654 1317 5710 vituli
1344 5654 1534 5710 multi.
1572 5677 1598 5704 »
1648 5653 1826 5709 Vituli
1857 5654 2027 5710 lasci-

387 5739 612 5797 vientes
648 5757 658 5794 :
697 5741 752 5796 id
787 5747 878 5798 est
905 5743 1112 5814 Judaei,
1146 5742 1246 5814 qui
1276 5741 1647 5803 lascivientes
1677 5747 1734 5801 et
1781 5743 2028 5802 inconti-

2129 4783 2246 4820 me.
2285 4789 2304 4815 ι
2340 4766 2499 4820 Sicut
2529 4764 2741 4836 impios
2787 4782 2931 4835 quos
2973 4769 3181 4820 ventus
3233 4765 3499 4836 projecit,
3556 4764 3637 4818 ita
3685 4780 3780 4818 me

2127 4855 2607 4909 existimaverunt
2639 4853 2698 4907 in
2753 4859 2998 4908 mortem
3049 4854 3319 4909 decidere
3354 4873 3367 4922 ;
3403 4859 3684 4924 tanquam
3727 4851 3776 4906 si

2127 4959 2430 5014 resurgere
2464 4959 2577 4997 non
2608 4942 2882 4997 valerem.

2203 5053 2228 5079 ‹‹
2261 5030 2548 5094 Quoniam
2581 5030 3096 5086 circumdederunt
3126 5048 3217 5086 me
3240 5047 3414 5085 canes
3447 5027 3779 5083 multi.»Ca—

2133 5139 2270 5175 num
2293 5121 2595 5192 proprium
2627 5124 2736 5188 est,
2774 5124 2837 5174 ut
2866 5121 3102 5176 domino
3135 5137 3241 5175 suo
3273 5117 3694 5190 congaudeant,
3720 5118 3773 5167 et

2133 5209 2419 5264 latronem
2470 5207 2762 5264 allatrent.
2789 5209 2974 5263 Canes
3001 5208 3092 5262 hic
3137 5207 3321 5262 Judaei
3344 5203 3775 5274 intelliguntur,

2134 5299 2234 5368 qui
2285 5296 2704 5352 allatraverunt
2761 5295 3079 5364 Christum,
3113 5298 3170 5348 et
3210 5293 3423 5348 latroni
3477 5288 3770 5360 congavisi

2135 5392 2295 5452 sunt,
2329 5386 2438 5442 hoc
2486 5391 2577 5441 est
2626 5385 2899 5440 Barabbze
2935 5401 2946 5438 :
2982 5383 3216 5453 quando
3249 5381 3411 5436 illum
3464 5378 3777 5451 petierunt,

2137 5483 2192 5530 et
2231 5475 2527 5532 Christum
2577 5473 2916 5530 occiderunt
2961 5473 3137 5540 (Joan.
3193 5487 3354 5536 xvnl,
3407 5470 3508 5523 40:
3559 5484 3675 5534 x1x,
3725 5468 3780 5532 6,

2141 5567 2247 5635 15).
2285 5587 2311 5614 ‹‹
2345 5565 2629 5629 Quoniam
2662 5561 3173 5616 circumdederunt
3205 5575 3296 5612 me
3326 5574 3498 5612 canes
3532 5555 3724 5623 multi,
3756 5578 3782 5603 ››

2141 5671 2256 5708 non
2291 5651 2599 5724 loquentes
2629 5655 2805 5718 recta,
2839 5649 2938 5703 sed
2990 5647 3270 5701 latrantes
3317 5645 3540 5718 iniqua.
3576 5670 3601 5694 ‹‹
3637 5645 3782 5701 Con-

2143 5742 2343 5799 silium
2375 5739 2826 5811 malignantium
2875 5734 3100 5791 obsedit
3158 5752 3270 5790 me.
3323 5758 3352 5788 »
3407 5734 3784 5808 Congregatio
