4314 6574
590 435 709 493 935

2059 424 2474 487 APPENDIX.

3873 428 3995 488 936

587 565 946 620 Iudaeorum.
980 582 1010 610 »
1042 560 1226 615 Canes
1257 559 1447 614 multi.
1499 582 1519 609 ι
1572 559 1681 614 Pro
1733 559 1978 615 canibus
2024 558 2085 613 in
2116 559 2228 613 He-
2259 558 2316 623 Α
2345 564 2501 612 eum.
2536 556 2882 611 Universum
2913 570 3113 609 semen
3140 554 3344 619 Jacob,
3375 555 3745 627 magniﬁcate
3768 574 3926 613 eum.
3960 546 3990 609 ὁ

587 654 739 707 brzeo
788 650 963 705 habet
1010 650 1300 714 chelabz’m,
1359 649 1513 720 quod
1560 648 1769 719 Aquila
1813 654 1870 703 et
1918 648 2235 703 Theodotio

586 747 869 795 venatores
894 735 1253 808 interpretati
1284 740 1443 790 sunt.
1479 761 1506 786 (ι
1540 735 1861 791 Consilium
1906 737 2233 808 malignam

586 829 737 883 tium
770 826 1001 883 obsedit
1030 841 1143 880 me.
1179 848 1207 875 υ
1237 826 1421 879 Judaei
1463 825 1837 893 obsederunt,
1871 825 1928 879 id
1978 830 2087 892 est,
2122 825 2232 879 cir-

588 917 940 973 cumderunt
968 913 1290 970 Christum.

660 1029 688 1058 «
722 1006 1014 1060 Foderunt
1044 1020 1253 1057 manus
1288 1018 1448 1057 meas
1488 1006 1544 1057 et
1596 1003 1773 1073 pedes
1816 1018 1997 1056 meos.
2026 1024 2053 1051 »
2088 1001 2231 1055 Prae-

586 1094 826 1149 teritum
857 1110 961 1165 pro
994 1092 1190 1146 futuro
1230 1091 1485 1162 ponitur.
1520 1090 1810 1157 Foderunt,
1862 1090 2053 1144 clavos
2090 1089 2229 1143 fixe-

586 1187 727 1238 runt
757 1187 814 1237 et
845 1182 1100 1236 fructum
1134 1197 1413 1250 magnum
1464 1182 1810 1234 invenerunt
1841 1194 1854 1232 :
1888 1178 1947 1231 id
2000 1183 2088 1232 est
2136 1194 2227 1231 sa-

586 1269 767 1325 lutem
800 1269 1085 1341 gentium.
1121 1290 1149 1317 ‹‹
1182 1269 1250 1322 Et
1281 1268 1801 1322 dinumeraverunt
1848 1266 2046 1320 omnia
2096 1281 2231 1320 ossa

587 1374 734 1413 mea.
790 1380 812 1406 η
870 1358 931 1412 In
971 1372 1142 1412 cruce
1194 1356 1449 1411 distenta
1495 1359 1922 1427 conspexerunt
1965 1355 2230 1410 membra

585 1464 708 1503 sua.

654 1558 681 1584 «
719 1535 832 1606 Ipsi
885 1551 1019 1590 vero
1064 1534 1597 1603 consideraverunt,
1652 1556 1678 1581 ››
1733 1537 1866 1600 etc.,
1916 1532 2222 1587 dicentes:

582 1625 729 1680 Alios
757 1625 934 1679 salvos
963 1625 1094 1693 fecit
1116 1642 1134 1677 :
1160 1625 1400 1691 sez’psum
1424 1638 1535 1676 non
1569 1624 1739 1692 potest
1785 1622 2001 1676 salvum
2043 1622 2227 1691 facere

583 1713 807 1784 (Matth.
836 1729 1011 1777 xxvn,
1033 1713 1142 1783 42).

653 1824 682 1854 ‹‹
714 1801 1050 1856 Diviserunt
1099 1799 1209 1855 sibi
1256 1798 1605 1854 vestimenta
1661 1815 1809 1853 mea.
1863 1821 1891 1847 ››
1924 1798 2223 1853 Facientes

579 1889 897 1960 unicuique
930 1887 1100 1943 militi
1133 1891 1358 1959 partem
1392 1904 1581 1942 suam.
1618 1909 1645 1936 «
1679 1888 1748 1941 Et
1780 1903 1956 1958 super
1999 1892 2220 1941 vestem

580 1995 772 2034 meam
804 1978 1094 2033 miserunt
1122 1982 1367 2033 sortem.
1410 1998 1437 2026 »
1483 1976 1823 2031 Tractantes
1875 1976 1946 2030 de
1976 1976 2174 2030 tunica
2205 1993 2218 2030 :

581 2069 703 2123 Non
756 2068 1075 2122 scindamu:
1119 2083 1238 2122 eam
1288 2083 1302 2121 :
1352 2066 1443 2120 sed
1483 2067 1783 2121 sortiamur
1837 2064 1902 2119 de
1944 2081 2010 2120 ea
2069 2066 2223 2135 citius

579 2159 863 2229 311(Joan.
912 2174 1030 2226 XIX,
1075 2156 1188 2225 24).
1239 2154 1342 2209 Vel
1400 2152 1573 2209 aliter
1606 2169 1671 2209 τι(
1725 2151 2061 2207 Diviserunt
2108 2151 2219 2205 sibi

576 2246 923 2302 vestimenta
955 2261 1103 2313 mea,
1137 2249 1194 2299 et
1226 2260 1406 2315 super
1429 2247 1649 2297 vestem
1681 2257 1872 2296 meam
1933 2241 2222 2295 miserunt

578 2339 813 2390 sortem.
844 2356 871 2383 »
902 2333 1063 2396 Quod
1093 2335 1344 2403 quatuor
1388 2329 1603 2383 milites
1662 2329 1926 2383 fecerunt
1970 2331 2221 2398 quatuor

577 2427 792 2495 partes,
846 2425 902 2477 et
945 2422 1205 2476 tunicam
1263 2436 1379 2474 non
1433 2417 1757 2473 diviserunt
1806 2416 2221 2488 :significabat

577 2513 865 2567 unitatem
907 2509 1196 2576 Ecclesiae,
1229 2508 1382 2579 quod
1428 2524 1543 2562 non
1577 2506 1957 2561 scinderetur.
2002 2503 2220 2559 Volunt

576 2601 833 2657 haeretici
863 2616 989 2655 eam
1025 2599 1309 2659 scindere,
1343 2600 1401 2651 et
1428 2613 1543 2650 non
1576 2598 1846 2667 possunt.

648 2713 675 2740 ι(
710 2691 797 2745 Tu
829 2694 1047 2755 autem,
1108 2686 1366 2755 Domine,
1413 2701 1483 2739 ne
1535 2683 1895 2755 elongaveris
1934 2682 2214 2737 auxilium

574 2784 743 2833 tuum
766 2795 799 2833 a
829 2794 941 2832 me.
969 2799 997 2827 ››
1029 2774 1374 2831 Humanitas
1404 2774 1476 2827 ad
1509 2773 1870 2827 divinitatem
1898 2771 2157 2842 loquitur
2198 2787 2210 2823 :

579 2872 643 2922 ut
672 2866 985 2922 auxilietur
1012 2865 1063 2921 ei
1092 2865 1151 2919 in
1183 2870 1446 2934 tempore
1479 2862 1797 2917 Passionis.
1835 2884 1856 2909 α
1881 2864 1964 2914 Tu
1996 2864 2215 2927 autem,

576 2956 839 3018 Domine,
871 2970 945 3009 ne
973 2952 1333 3024 elongaveris
1381 2948 1663 3005 auxilium
1699 2954 1866 3003 tuum
1921 2966 1955 3002 a
2002 2965 2093 3002 me
2128 2966 2141 3013 ;
2185 2970 2213 2996 »

577 3043 679 3098 sed
709 3042 975 3114 protinus
1009 3057 1103 3095 me
1131 3038 1471 3094 resuscita.«
1494 3038 1575 3091 Ad
1611 3037 2007 3091 defensionem
2023 3052 2212 3091 meam

575 3129 865 3201 conspice.
898 3151 927 3179 »
956 3129 1038 3186 Ne
1065 3128 1207 3200 quid
1252 3127 1398 3182 mihi
1430 3143 1566 3197 pars
1596 3125 1804 3180 inferni
1834 3125 1936 3180 illa
1990 3125 2214 3179 voracis

575 3218 903 3291 praevaleat,

648 3330 676 3358 «
711 3309 857 3363 Erue
888 3325 923 3362 a
952 3307 1173 3361 framea
1202 3304 1461 3360 animam
1494 3320 1753 3358 meam.»
1790 3304 1935 3357 Erue
1967 3320 1999 3357 a
2021 3302 2211 3375 gladio
2243 3290 2287 3356 C

572 3398 661 3453 vel
693 3396 919 3452 malitia
945 3396 1301 3452 Iudaeorum.
1333 3392 1434 3447 Vel
1466 3408 1602 3447 erue
1633 3391 1890 3447 animam
1922 3409 2110 3447 meam
2145 3393 2215 3446 de

572 3485 674 3541 illa
702 3490 1011 3558 potestate,
1033 3502 1161 3556 quae
1187 3480 1819 3553 seducendojugulat.«
1850 3483 1919 3535 Et
1941 3481 2010 3535 de
2034 3498 2211 3536 manu

574 3576 738 3631 canis
766 3575 999 3630 unicam
1035 3589 1246 3628 meam.
1303 3595 1330 3623 ››
1386 3576 1591 3635 Canes,
1633 3571 1837 3625 Judaei.
1890 3570 2071 3625 Unica
2105 3587 2117 3624 :
2153 3571 2208 3624 id

570 3668 658 3719 est
687 3663 884 3718 anima
910 3662 1144 3717 Christi.
1173 3661 1356 3716 Unica
1386 3660 1620 3728 dicitur,
1682 3660 1822 3730 quia
1869 3677 1984 3715 non
2038 3660 2213 3714 habet

573 3756 876 3823 peccatum
905 3751 1008 3805 illa
1035 3750 1250 3815 anima,
1280 3754 1336 3804 et
1362 3748 1485 3803 aliae
1518 3747 1724 3803 animae
1755 3747 1826 3801 ab
1858 3748 1986 3818 ipsa
2038 3765 2209 3803 mun-

573 3840 808 3895 dantur.
842 3839 946 3895 Vel
977 3839 1169 3905 unica,
1203 3837 1459 3892 Ecclesia
1488 3854 1500 3890 :
1537 3858 1565 3886 ‹‹
1595 3837 1661 3890 Et
1689 3838 1760 3891 de
1790 3853 1968 3891 manu
1992 3838 2206 3903 canis,»

574 3928 643 3983 de
673 3944 771 3982 ore
803 3926 1034 3995 inferni,
1065 3925 1164 3998 qui
1197 3942 1358 3981 more
1384 3925 1592 3981 canino
1624 3925 1788 3979 avide
1817 3926 2072 3981 devorat.

643 4040 671 4067 ‹‹
704 4016 939 4073 Salvum
971 4033 1065 4071 me
1098 4018 1185 4073 fac
1216 4018 1287 4071 de
1316 4032 1413 4070 ore
1443 4014 1648 4070 leonis.
1684 4035 1711 4063 »
1742 4015 1819 4069 Os
1869 4012 2072 4082 leonis,
2106 4031 2208 4086 po-

569 4105 743 4178 pulus
769 4106 1066 4161 Judaicus:
1100 4110 1333 4178 propter
1363 4103 1777 4160 forditudinem
1811 4103 2044 4158 malitia:
2066 4121 2204 4159 suae.

576 4216 604 4245 «
634 4197 703 4250 Et
733 4213 768 4251 a
797 4196 1074 4251 cornibus
1104 4194 1473 4251 unicornium
1512 4191 1901 4247 humilitatem
1930 4210 2141 4248 meam.
2178 4216 2205 4242 ››

568 4283 895 4351 Unicornis,
927 4285 1052 4357 ipse
1083 4284 1335 4356 populus
1353 4282 1636 4338 Judaicus
1665 4280 2011 4352 intelligitur
2039 4282 2208 4353 :quia

567 4388 751 4429 unum
802 4391 981 4429 cornu
1030 4372 1230 4439 habet,
1278 4372 1337 4426 id
1389 4375 1478 4425 est
1525 4387 1702 4424 unam
1755 4368 1943 4441 legem
1992 4386 2004 4425 :
2053 4371 2206 4425 unde

561 4460 883 4517 ventilabat
911 4477 1116 4516 omnes
1147 4464 1346 4533 gentes
1395 4463 1530 4514 ante
1578 4457 2105 4529 praevaricationem
2141 4459 2207 4513 il-

563 4547 776 4604 lorum.
814 4572 841 4599 »
870 4551 940 4605 Et
984 4567 1016 4604 a
1062 4548 1338 4605 cornibus
1381 4546 1753 4602 unicornium
1812 4546 2202 4603 humilitatem

2346 647 2407 701 Id
2432 650 2539 712 est,
2574 645 2826 716 populus
2884 643 3095 711 minor,
3157 642 3627 713 supplantatores
3685 646 3988 717 vitiorum,

2345 734 2715 805 magniﬁcate
2765 732 2934 787 illum
2968 750 2982 787 1
3016 731 3478 787 Christianorum
3528 733 3732 805 utique
3762 752 3984 808 semen,

2344 823 2437 877 cui
2470 822 2678 877 serviet
2702 823 2890 891 major
2920 820 3071 890 (Gen.
3103 837 3234 889 xxv,
3264 820 3377 890 23).

2416 934 2443 960 ‹‹
2497 912 2725 965 Timeat
2766 925 2898 965 eum
2949 925 3121 963 omne
3178 925 3376 963 semen
3437 908 3633 965 Israel.
3686 932 3715 959 ››
3744 915 3864 968 Hoc
3895 919 3985 970 est

2344 1016 2548 1054 omnes
2568 999 2829 1054 videntes
2859 998 3064 1067 Deum,
3089 997 3188 1069 qui
3220 997 3403 1051 renati
3440 1015 3543 1069 per
3596 999 3980 1071 baptismum,

2340 1088 2550 1143 videtis
2579 1092 2772 1142 mente
2802 1087 3006 1142 Deum.
3042 1109 3071 1136 ‹‹
3095 1086 3377 1150 Quoniam
3402 1103 3518 1141 non
3555 1090 3774 1159 sprevit
3789 1106 3980 1162 neque

2341 1177 2604 1248 despexit
2632 1176 3096 1248 deprecationem
3127 1175 3424 1246 pauperis.
3456 1196 3484 1228 ιο
3519 1177 3725 1243 Meam,
3745 1180 3842 1249 qui
3878 1197 3984 1252 pro

2339 1266 2502 1321 vobis
2526 1266 2716 1321 factus
2760 1281 2893 1320 sum
2936 1280 3175 1336 pauper.
3200 1264 3296 1319 Vel
3329 1263 3575 1337 populos
3617 1265 3982 1325 Christianos

2341 1372 2457 1409 non
2492 1355 2709 1425 sprevit
2736 1354 2914 1424 Deus,
2948 1354 3049 1408 sed
3078 1352 3393 1407 exaudivit.

2330 1450 2345 1473 ι
2409 1466 2438 1493 ‹‹
2470 1442 2667 1513 Neque
2696 1444 2903 1497 avertit
2932 1442 3139 1496 faciem
3165 1458 3337 1496 suam
3387 1458 3421 1496 a
3471 1458 3583 1497 me.
3618 1464 3647 1491 ››
3679 1444 3791 1499 Sed
3822 1462 3983 1501 resu-

2338 1531 2569 1587 scitavit
2598 1548 2690 1585 me
2720 1549 2755 1586 a
2783 1530 3091 1586 mortuis.«
3125 1530 3192 1584 Et
3222 1546 3355 1585 cum
3381 1528 3697 1587 clamarem
3728 1534 3799 1589 ad
3821 1551 3977 1602 eum,

2335 1620 2627 1674 exaudivit
2678 1636 2791 1675 me.
2859 1642 2880 1668 ι»
2946 1619 3324 1689 Respondeas
3376 1635 3389 1673 :
3438 1620 3502 1672 Et
3554 1621 3874 1691 clariﬁcavi,
3927 1629 3982 1679 et

2336 1710 2538 1762 iterum
2566 1707 3101 1778 clariﬁcaboUvan.
3132 1724 3233 1772 xu,
3270 1708 3381 1779 28).
3431 1708 3699 1765 Christus
3740 1714 3975 1768 exaudi-

2332 1800 2430 1851 tus
2460 1801 2549 1851 est
2578 1796 2636 1850 in
2670 1796 2960 1867 passione,
2993 1798 3050 1849 et
3077 1795 3335 1850 Ecclesia
3363 1794 3423 1849 in
3453 1795 3848 1861 tribulatione,

2406 1909 2433 1934 ‹‹
2466 1886 2634 1956 Apud
2663 1889 2720 1940 te
2749 1884 2877 1939 laus
2910 1902 3040 1939 mea
3069 1885 3127 1938 in
3159 1883 3416 1940 Ecclesia
3446 1902 3679 1958 magna.
3711 1905 3737 1938 ι
3771 1888 3832 1943 Id
3862 1894 3973 1961 est,

2333 1975 2487 2045 apud
2522 1978 2749 2029 Patrem
2782 1978 2846 2028 ut
2876 1973 3020 2029 dixit
3054 1991 3067 2028 :
3098 1975 3205 2044 Ego
3256 1978 3308 2028 et
3335 1980 3506 2030 Pater
3558 1992 3734 2031 unum
3786 1994 3975 2033 sumus

2332 2064 2745 2134 (Joan.x,30).
2786 2087 2807 2114 ι
2852 2064 3021 2134 Apud
3092 2068 3145 2117 te
3211 2063 3341 2119 laus
3408 2080 3538 2119 mea
3604 2065 3663 2120 in
3725 2066 3979 2123 Ecclesia

2334 2170 2548 2223 magna
2580 2170 2593 2220 ;
2630 2175 2657 2201 ››
2690 2170 2818 2224 quae
2840 2168 2942 2223 per
2971 2168 3205 2207 omnem
3237 2154 3437 2208 orbem
3460 2157 3752 2209 terrarum
3775 2158 3978 2212 credu-

2330 2242 2491 2296 litate
2523 2243 2737 2296 ditI'usa
2766 2246 2909 2296 est.«
2927 2242 3068 2296 Vota
3091 2258 3221 2296 mea
3250 2242 3496 2297 Domino
3524 2244 3763 2298 reddam
3779 2260 3976 2300 coram

2330 2330 2679 2386 timentibus
2710 2347 2865 2385 eum.
2902 2352 2930 2379 »
2960 2330 3107 2384 Vota
3136 2329 3351 2385 Christi
3412 2330 3685 2386 nativitas
3714 2331 3803 2387 vel
3836 2350 3976 2404 pas-

2330 2420 2464 2475 sio:
2506 2424 2639 2474 vota
2684 2418 2972 2486 Ecclesiae,
3020 2435 3191 2489 opera
3241 2420 3411 2475 bona.
3474 2419 3576 2474 Vel
3628 2421 3972 2492 mysterium

2330 2508 2587 2579 corporis
2619 2526 2683 2563 ac
2715 2508 3022 2580 sanguinis
3054 2508 3167 2563 mei
3200 2508 3445 2564 offerant
3474 2525 3606 2563 cum
3656 2509 3748 2565 his
3779 2510 3879 2581 qui
3912 2511 3972 2565 in

2328 2598 2457 2667 ejus
2488 2597 2699 2652 timore
2730 2597 2850 2651 haec
2883 2596 3199 2651 celebrant.

2404 2710 2424 2734 ι
2462 2686 2647 2741 Edent
2676 2702 2959 2758 pauperes
2990 2690 3045 2739 et
3086 2686 3529 2741 saturabuntur.
3580 2708 3606 2735 ››
3659 2686 3967 2759 Pauperes,

2327 2774 2597 2846 apostoli,
2629 2776 2804 2830 edent
2833 2790 3044 2846 corpus
3074 2773 3307 2829 Christi.
3345 2797 3370 2823 ‹‹
3407 2768 3750 2830 Laudabunt
3780 2777 3968 2832 Domi-

2325 2880 2488 2932 num,
2523 2863 2622 2933 qui
2648 2864 2948 2933 requirent
2978 2879 3134 2929 eum,
3163 2884 3190 2911 »
3223 2863 3330 2917 Per
3359 2863 3533 2918 ﬁnem
3565 2868 3621 2919 et
3649 2881 3824 2935 opera
3862 2882 3960 2920 co-

2324 2958 2688 3023 gnoscentes,
2722 2952 2875 3023 quod
2908 2952 3034 3022 ipse
3066 2956 3155 3005 est
3184 2951 3353 3023 panis
3382 2952 3547 3007 vivus
3592 2954 3690 3024 qui
3722 2955 3792 3009 de
3822 2954 3962 3010 caelo

2323 3040 2623 3095 descendit
2652 3042 2834 3111 (Joan.
2864 3058 2939 3108 vr,
2969 3041 3080 3112 51).

2394 3150 2422 3179 ‹‹
2454 3128 2663 3182 Vivent
2692 3128 2867 3183 corda
2897 3143 3100 3182 eorum
3128 3127 3187 3182 in
3219 3126 3498 3183 saeculum
3550 3128 3767 3183 saeculi.
3804 3151 3832 3178 η
3854 3130 3965 3185 Cor

2322 3217 2517 3272 anima
2544 3216 2829 3287 ipsorum.
2862 3216 2996 3271 Sine
3024 3216 3158 3283 fine,
3193 3218 3332 3288 quia
3374 3218 3472 3288 qui
3529 3218 3962 3274 manducaverit

2324 3324 2392 3362 ex
2421 3307 2531 3361 hoc
2564 3322 2711 3377 pane
2743 3307 2924 3377 (Ibid.,
2955 3307 3067 3378 52),
3098 3306 3248 3361 vivet
3272 3306 3331 3360 in
3361 3323 3427 3361 eo
3475 3306 3799 3378 spiritualis
3829 3324 3960 3363 sen-

2325 3412 2424 3451 sus
2454 3396 2510 3449 in
2546 3396 2999 3467 sempiternum.

2394 3508 2423 3534 «
2456 3485 2931 3541 Reminiscentur
2978 3490 3034 3541 et
3080 3488 3488 3541 convertentur
3531 3487 3602 3541 ad
3648 3485 3959 3541 Dominum

2323 3591 2525 3628 omnes
2557 3576 2702 3629 ﬁnes
2734 3580 2922 3630 terrae.
2959 3597 2986 3624 »
3010 3575 3126 3629 Hoc
3155 3580 3263 3642 est,
3317 3574 3450 3628 fecit
3497 3576 3777 3630 Dominus
3810 3579 3960 3631 Deus

2321 3663 2605 3735 populum
2637 3664 3057 3730 Christianum,
3090 3667 3154 3717 ut
3192 3662 3591 3717 recordaretur
3619 3662 3680 3717 in
3710 3680 3868 3730 eum,
3902 3668 3963 3718 et

2321 3758 2698 3807 reverteretar
2727 3754 2797 3807 de
2827 3753 2936 3807 viis
2966 3751 3090 3806 suis
3121 3751 3335 3821 pravis.
3379 3750 3582 3803 Omnis
3641 3751 3958 3806 multitudo

2318 3843 2583 3913 gentium
2615 3845 3036 3911 recognoscant
3084 3855 3145 3893 se
3182 3839 3240 3892 in
3302 3838 3553 3892 tenebris
3612 3836 3906 3894 involutos
3940 3856 3955 3894 :

2320 3930 2447 3985 ideo
2470 3931 2753 3985 accedunt
2780 3933 2844 3982 ut
2877 3928 3299 3982 illuminentur.
3424 3926 3431 3931 ’

2389 4041 2416 4069 ‹‹
2450 4019 2519 4073 Et
2550 4017 2879 4072 adorabunt
2906 4016 2966 4070 in
3011 4021 3320 4087 conspectu
3373 4017 3502 4086 ejus
3552 4016 3833 4071 universa:
3868 4018 3958 4073 fa-

2317 4106 2491 4161 milias
2521 4105 2806 4178 gentium.
2844 4127 2873 4155 τ)
2916 4106 2986 4159 Et
3034 4104 3130 4159 hic
3180 4106 3445 4175 adorant,
3495 4109 3549 4160 et
3597 4106 3658 4160 in
3707 4106 3951 4162 futuro:

2317 4195 2472 4266 quia,
2498 4196 2668 4264 juxta
2696 4192 3181 4265 Apostolum,ipsi
3216 4194 3521 4249 flectentur
3549 4195 3747 4249 omnia
3766 4209 3955 4267 genua

2316 4284 2586 4354 (Philipp.
2619 4299 2680 4336 II.
2715 4283 2825 4353 10).

2386 4395 2413 4421 (ι
2448 4372 2734 4438 Quoniam
2766 4372 2993 4427 Domini
3027 4377 3114 4427 est
3162 4389 3408 4445 regnum
3442 4388 3454 4427 :
3490 4375 3545 4427 et
3592 4372 3719 4444 ipse
3759 4373 3950 4428 domi-

2315 4462 2553 4517 nabitur
2591 4461 2855 4532 gentium
2890 4484 2918 4511 »
2978 4463 3241 4534 Regnum
3274 4461 3489 4517 diaboli
3517 4461 3746 4528 cecidit,
3777 4467 3833 4517 et
3860 4478 3951 4517 re-

2314 4568 2497 4623 gnum
2528 4551 2711 4606 Chisti
2741 4551 2991 4607 advenit.
3023 4551 3387 4606 Ascendente
3417 4567 3483 4604 eo
3522 4549 3581 4603 in
3614 4549 3794 4617 ccslis,
3826 4567 3949 4605 om-

565 4653 832 4693 meam.»
867 4641 905 4693 Α
939 4637 1294 4693 satellitibus
1326 4638 1552 4692 Satanm
1587 4652 1601 4690 ε
1634 4652 1737 4707 per
1762 4653 1909 4706 quos
1937 4636 2204 4692 homines
2234 4659 2279 4722 Β
2318 4640 2412 4695 nia
2442 4640 2707 4711 subjecta
2736 4645 2875 4695 sunt
2904 4641 2977 4695 ei.

563 4725 946 4797 singulariter
972 4728 1032 4782 in
1066 4727 1341 4798 superbia
1367 4725 1715 4781 exaltanlur.
1762 4724 1961 4795 Usque
1987 4726 2103 4780 huc
2134 4726 2203 4781 de

562 4816 837 4887 passione
868 4816 1013 4870 dixit
1039 4832 1053 4871 :
1080 4818 1206 4886 jam
1237 4816 1307 4871 de
1324 4814 1746 4871 resurrectione
1776 4812 2037 4885 loquitur
2066 4833 2199 4869 cum

562 4904 707 4960 dicit
738 4921 752 4961 :

633 5018 661 5045 ‹‹
704 4994 965 5050 Narrabo
1020 5012 1232 5050 nomen
1279 4999 1453 5049 tuum
1502 4992 1779 5049 fratribus
1827 4993 1993 5048 meis.
2023 5013 2052 5043 ι
2083 4994 2204 5048 Vox

558 5083 793 5149 Christi,
826 5084 1075 5149 Fratres,
1103 5084 1370 5155 apostoli,
1404 5088 1717 5154 postquam
1765 5084 2104 5148 resurrexit,
2140 5088 2205 5137 ut

558 5171 685 5243 ipse
715 5172 841 5227 ait:
877 5174 971 5243 Ite,
1029 5177 1293 5228 nuntiate
1349 5172 1624 5243 fratribus
1679 5174 1818 5227 meis
1869 5180 1931 5226 ut
1987 5181 2114 5226 eant
2143 5175 2201 5225 in

562 5260 867 5325 Galilaeam,
923 5263 1003 5316 ibi
1050 5279 1136 5317 me
1178 5262 1441 5316 videbunt
1484 5261 1703 5328 (Matth.
1736 5277 1937 5325 xxvm,
1965 5260 2041 5331 7).
2080 5283 2100 5308 α
2140 5262 2199 5314 In

559 5352 753 5405 medio
787 5350 1055 5405 Ecclesiae
1083 5351 1332 5405 laudabo
1362 5355 1436 5403 te.
1480 5371 1506 5399 »
1542 5349 1657 5403 Hoc
1708 5354 1816 5416 est,
1871 5347 1928 5401 in
1980 5347 2201 5403 unitate

558 5438 827 5494 Ecclesia?
862 5458 874 5507 ;
912 5441 969 5493 in
990 5439 1181 5494 medio
1208 5438 1568 5493 credentium
1596 5436 1967 5507 populorum.
2001 5458 2027 5484 ‹‹
2058 5437 2199 5490 Lau-

558 5527 708 5581 dabo
734 5533 808 5593 te,
846 5551 873 5577 »
897 5529 1221 5600 praedicabo
1252 5534 1328 5583 te.

635 5635 663 5666 α
686 5616 788 5677 Qui
824 5616 1043 5672 timetis
1076 5617 1411 5681 Dominum,
1453 5615 1686 5669 laudate
1735 5630 1889 5667 cum.
1930 5636 1955 5659 »
1983 5614 2197 5670 Omnes

557 5702 741 5759 sancti
793 5705 893 5775 qui
942 5706 1150 5761 timore
1197 5711 1400 5760 sancto
1442 5704 1613 5758 illum
1671 5702 1902 5773 timent,
1956 5701 2197 5759 laudant

2384 4753 2412 4779 κ
2446 4730 2945 4784 Manducaverunt
2972 4732 3028 4783 et
3076 4728 3462 4783 adoraverunt
3509 4744 3713 4784 omnes
3745 4728 3952 4783 divites

2309 4824 2494 4875 terrae.
2533 4840 2559 4865 ››
2591 4817 2650 4872 Id
2682 4821 2791 4883 est,
2828 4817 3074 4887 apostoli
3103 4816 3193 4871 vel
3227 4816 3416 4871 caateri
3464 4818 3649 4872 sancti
3701 4817 3948 4871 mandu-

2314 4910 2591 4963 caverunt
2618 4922 2828 4975 corpus
2859 4904 3094 4969 Christi,
3131 4910 3195 4959 ut
3255 4905 3401 4961 dixit
3459 4905 3751 4977 superius.
3789 4927 3817 4955 «
3848 4905 3953 4959 Di-

2310 4996 2457 5050 vites
2486 4999 2671 5049 terrae.
2707 5017 2729 5045 ι
2766 4993 2876 5048 hoc
2907 4997 3012 5060 est,
3064 4993 3125 5047 in
3176 4990 3308 5061 fide,
3359 4999 3414 5049 et
3455 5011 3649 5066 Opere,
3698 4993 3785 5048 vel
3835 4993 3947 5047 vir-

2311 5084 2539 5139 tutibus
2574 5100 2586 5137 :
2621 5086 3037 5154 cognoscentes
3069 5081 3210 5153 quia
3260 5083 3457 5138 suavis
3502 5087 3591 5138 est
3645 5082 3946 5137 Dominus.

2312 5196 2339 5222 «
2378 5173 2439 5227 In
2471 5175 2785 5243 conspectu
2825 5173 2954 5241 ejus
3002 5172 3213 5226 cadent
3260 5172 3513 5228 universi
3564 5171 3664 5242 qui
3713 5172 3950 5226 descen-

2313 5263 2461 5317 dunt
2492 5263 2549 5315 in
2601 5267 2837 5315 terram.
2900 5282 2921 5308 »
2974 5260 3304 5328 Procident,
3356 5262 3414 5315 id
3464 5265 3573 5327 est,
3625 5265 3953 5332 peccatores

2311 5352 2368 5405 in
2401 5352 2493 5406 die
2515 5349 2724 5421 judicii
2756 5349 2815 5402 in
2848 5353 3162 5418 conspectu
3204 5350 3303 5404 Dei
3357 5354 3546 5405 erunt.
3583 5349 3954 5404 Descendunt

2310 5457 2341 5493 a
2370 5437 2644 5511 superbia
2671 5435 2865 5492 saeculi
2900 5452 2912 5491 :
2946 5441 3011 5491 ut
3042 5438 3283 5494 adorent
3316 5439 3372 5493 in
3399 5456 3573 5494 sensu
3598 5435 3951 5492 humilitatis

2308 5545 2487 5599 puris.

2380 5640 2407 5666 ‹‹
2442 5618 2653 5671 Anima
2685 5631 2815 5668 mea
2840 5614 2922 5668 illi
2954 5615 3105 5671 vivet
3139 5633 3151 5671 :
3187 5623 3242 5673 et
3274 5635 3471 5673 semen
3516 5633 3711 5672 meum
3743 5614 3951 5669 serviet

2309 5705 2443 5776 ipsi.
2481 5728 2511 5756 »
2540 5703 2820 5777 Ecclesia,
2853 5721 2984 5776 quae
3004 5707 3133 5777 jam
3167 5725 3282 5764 non
3326 5707 3435 5763 sibi
3488 5705 3648 5775 vivit,
3674 5704 3813 5759 vivit
3843 5720 3945 5758 au-
