4314 6598
424 412 538 471 937

1600 410 2094 471 BREVIARIUM
2140 412 2215 469 1N
2262 411 2648 505 PSALMOS.

3704 412 3823 474 938

424 547 541 598 tem
575 542 842 598 Christus
872 540 931 594 in
962 555 1046 595 ea.
1099 539 1201 595 Vel
1248 539 1441 594 aliter:
1481 561 1508 591 «
1560 540 1768 596 Anima
1825 558 1954 596 mea
1983 540 2067 595 illi
2096 551 2151 617 Α
2187 564 2205 590 α
2270 543 2507 613 Propter
2565 557 2776 597 nomen
2852 558 3076 607 suum;
3136 558 3247 597 non
3319 548 3556 615 propter
3614 520 3812 601 meum

423 631 592 697 vivet,
622 636 679 686 et
709 646 907 685 semen
938 646 1134 685 meum
1168 628 1378 683 serviet
1409 628 1540 700 ipsi.
1571 651 1598 678 ››
1623 630 1835 684 Anima
1856 630 2070 685 Christi

423 719 563 774 vivit
596 721 704 774 Deo
738 718 914 786 Patri,
966 723 1023 773 et
1052 735 1209 773 mors
1243 718 1294 771 ei
1328 716 1482 772 ultra
1526 734 1640 772 non
1675 717 2074 773 dominabitur

424 809 600 879 (Rom.
646 825 723 878 v1,
769 808 845 878 9).
892 806 1012 875 Vel,
1046 806 1301 862 Ecclesia
1331 807 1481 861 vivet
1514 807 1761 862 Christo.
1799 829 1826 856 ‹‹
1860 808 2067 863 Semen

419 913 615 951 meum
652 920 679 945 ››
721 896 827 950 ﬁlii
870 895 1161 965 Ecclesim,
1194 897 1393 952 serviet
1447 898 1577 967 ipsi,
1640 895 1897 967 populus
1948 913 2068 952 cre-

424 986 713 1041 dentium.

495 1098 521 1124 «
580 1074 1043 1130 Annuntiabitur
1077 1074 1318 1129 Domino
1363 1075 1658 1147 generatio
1710 1079 1974 1130 ventura.
2042 1095 2069 1122 »

422 1164 712 1235 Propheta
762 1163 940 1219 dicit:
1002 1186 1030 1214 ‹‹
1064 1163 1370 1218 Generatio
1428 1168 1691 1233 ventura,
1727 1185 1753 1210 ››
1805 1163 1914 1217 hoc
1958 1168 2067 1233 est,

420 1252 673 1325 populus
726 1252 1012 1325 gentium,
1072 1251 1169 1323 qui
1226 1251 1453 1307 venturi
1520 1256 1685 1307 erant
1754 1256 2068 1323 antequam

422 1342 687 1398 Christus
738 1341 961 1397 veniret
1025 1341 1084 1395 in
1130 1341 1417 1395 mundum
1469 1341 1538 1395 ad
1591 1341 1945 1395 credendum
1995 1340 2065 1395 ei.

420 1430 545 1495 Vel,
580 1452 607 1479 «
638 1430 934 1501 generatio
964 1434 1227 1498 ventura,
1265 1452 1291 1477 »
1342 1428 1448 1484 hoc
1479 1435 1588 1498 est,
1626 1430 1686 1483 in
1717 1429 1872 1483 diem
1914 1428 2069 1498 judi-

421 1520 494 1573 cii
553 1525 674 1574 tota
733 1520 959 1589 integra
1041 1518 1294 1574 claritas.
1353 1540 1381 1567 ‹‹
1441 1517 1892 1572 Annuntiabunt
1944 1515 2070 1570 coeli

413 1608 707 1680 justitiam
760 1609 965 1679 ejus.»
1033 1608 1147 1662 Hoc
1189 1611 1295 1677 est,
1330 1605 1577 1678 apostoli
1632 1605 1720 1660 vel
1780 1606 2065 1660 doctores.

422 1719 449 1747 «
486 1696 783 1752 Justitiam
813 1697 961 1766 ejus.
1008 1719 1029 1748 ι
1067 1696 1185 1752 Hoc
1242 1700 1352 1761 est,
1406 1712 1507 1765 per
1560 1695 1803 1749 verbum
1865 1694 2068 1766 praedi-

421 1785 688 1841 cationis.
723 1808 750 1836 «
786 1788 968 1851 Quem
1002 1786 1138 1841 fecit
1168 1784 1473 1840 Dominus.
1510 1805 1539 1832 ››
1569 1782 1687 1839 Hoc
1718 1788 1824 1853 est,
1857 1784 2071 1854 praede-

421 1875 662 1929 stinavit
711 1879 845 1929 ante
878 1873 1109 1928 sazcula.
1154 1896 1181 1922 ‹‹
1215 1871 1433 1943 Populo
1461 1871 1559 1942 qui
1592 1877 1865 1926 nascetur
1894 1888 2067 1942 quem

420 1963 557 2018 fecit
612 1961 918 2017 Dominus.
977 1983 1004 2010 »
1053 1960 1158 2024 Qui
1220 1978 1324 2031 per
1378 1961 1552 2015 ﬁdem
1610 1961 1911 2027 accedens,
1968 1978 2071 2032 per

428 2051 794 2122 baptismum
854 2054 942 2103 est
999 2053 1239 2105 renatus
1296 2048 1354 2103 in
1413 2048 1676 2104 Christo.
1735 2049 1842 2115 Qui
1902 2050 2070 2106 nobis

420 2144 695 2211 praestare
725 2138 999 2209 dignetur
1029 2137 1087 2191 in
1111 2142 1426 2208 conspectu
1461 2142 1660 2192 nostro
1691 2138 1904 2193 habere
1937 2137 2068 2193 vul-

421 2244 560 2282 nera
590 2228 741 2297 ejus,
795 2230 851 2280 et
890 2243 1024 2280 cum
1054 2226 1282 2281 Thoma
1330 2224 1633 2297 palpantes
1666 2228 1912 2281 ﬁxuram
1946 2226 2067 2282 cla-

418 2331 624 2370 vorum
667 2314 828 2370 illius
879 2314 1062 2384 (Joan.
1112 2332 1206 2378 χχ,
1238 2315 1368 2384 27);
1421 2313 1509 2368 vel
1541 2315 1610 2369 de
1640 2314 1798 2369 omni
1830 2314 2067 2369 humili-

419 2407 537 2458 tate
595 2403 886 2475 passionis
941 2404 1069 2474 ejus
1102 2404 1306 2474 jugem
1366 2403 2064 2475 memoriam‘facientes,

421 2509 556 2547 cum
590 2493 842 2564 suspirio
898 2493 1074 2548 etiam
1123 2508 1256 2565 eum
1290 2508 1393 2563 pro
1425 2491 1675 2563 peccatis
1722 2492 1941 2546 nostris
1974 2492 2065 2545 in-

421 2582 584 2635 ferna
615 2586 948 2651 penetrasse
989 2580 1331 2647 recolentes,
1376 2599 1443 2636 ea
1470 2597 1701 2651 semper
1732 2597 1977 2651 agamus
2007 2582 2065 2635 in

420 2670 529 2724 hoc
565 2687 803 2741 corpore
834 2675 1082 2737 terreno,
1118 2675 1181 2724 ut
1211 2671 1321 2741 ipsi
1356 2669 1616 2741 copulari
1647 2686 1977 2723 mereamur
2005 2668 2064 2723 in

421 2775 618 2830 regno.
652 2766 857 2814 Amen.

970 2901 1305 2956 PSALMUS
1345 2901 1511 2955 XXII.

423 2992 677 3047 Psalmus
708 2991 907 3046 David.
968 2989 1237 3045 Psalmus
1288 2989 1396 3043 iste
1442 2989 1699 3043 continet
1726 3004 1920 3043 vocem
1954 2988 2063 3043 Ec-

763 3062 950 3117 clesize
981 3062 1370 3116 collaudantis
1397 3061 1715 3115 Christum.

491 3229 519 3255 ‹‹
558 3205 834 3261 Dominus
893 3204 1083 3276 pascit
1132 3221 1246 3270 me,
1296 3207 1353 3258 et
1418 3202 1562 3257 nihil
1614 3202 1755 3257 mihi
1792 3203 1994 3257 deerit.
2028 3223 2054 3254 ι»

2182 632 2478 685 meritum.

2253 760 2280 787 «
2314 737 2458 791 Nam
2513 742 2567 792 et
2621 738 2669 792 si
2697 737 3069 793 ambulavaro
3103 739 3160 792 in
3192 738 3383 793 medio
3414 740 3635 795 umbrae
3668 757 3823 797 mor-

2180 826 2291 893 tis;
2330 848 2356 873 ››
2404 842 2507 897 per
2556 826 2734 897 hujus
2775 826 2972 881 seaculi
3020 827 3442 896 obscuritates;
3496 851 3524 878 «
3571 829 3697 884 Non
3746 831 3823 885 ti-

2182 916 2349 969 mebo
2383 914 2554 969 mala:
2591 915 2869 985 quoniam
2901 920 2962 972 tu
2997 932 3227 971 mecum
3258 932 3341 971 es.
3379 938 3407 968 ››
3447 917 3707 989 Domine,
3769 923 3827 974 te

2180 1004 2351 1057 corde
2398 1003 2634 1058 retineo.
2693 1002 2794 1058 Vel
2844 1002 3041 1059 aliter:
3080 1004 3298 1061 Umbra
3352 1006 3583 1062 duobus
3635 1008 3827 1063 modis

2180 1092 2235 1145 id
2297 1097 2403 1161 est,
2464 1109 2497 1146 a
2552 1109 2814 1163 corpore,
2872 1098 2930 1147 et
2988 1111 3022 1148 a
3072 1093 3294 1150 lumine
3343 1096 3424 1150 ﬁt.
3459 1096 3564 1151 Per
3591 1113 3823 1167 corpus,

2180 1196 2338 1234 mors
2377 1179 2762 1252 intelligitur;
2797 1198 2897 1253 per
2930 1182 3229 1247 umbram,
3273 1189 3513 1254 peccata
3562 1189 3628 1240 ut
3655 1187 3825 1257 igno-

2179 1269 2387 1323 rantia.
2451 1269 2519 1323 Et
2581 1274 2798 1337 tamen,
2860 1271 3128 1341 quamvis
3186 1272 3445 1328 Ecclesia
3494 1273 3645 1329 inter
3701 1274 3824 1329 haec

2179 1357 2517 1429 supradicta
2573 1357 2849 1425 ambulet,
2899 1376 3014 1413 non
3064 1359 3269 1415 timet:
3322 1364 3459 1431 quia
3512 1362 3823 1417 Dominum

2180 1446 2334 1517 apud
2385 1464 2446 1501 se
2484 1446 2679 1511 habet,
2740 1453 2804 1501 ut
2861 1448 2985 1518 ipse
3033 1447 3214 1504 dixit:
3248 1450 3380 1503 Ecce
3427 1466 3524 1518 ego
3552 1451 3829 1505 vobiscum

2178 1550 2300 1587 sum
2363 1538 2613 1589 omnibus
2681 1536 2873 1590 diebus
2948 1553 3116 1610 usque
3182 1538 3252 1591 ad
3306 1542 3831 1595 consummationem

2179 1624 2372 1679 saeculi
2399 1624 2610 1692 (Matth.
2663 1626 2975 1690 χχνιιι,20.
3034 1627 3341 1697 Propterea
3396 1628 3649 1683 Ecclesia
3705 1646 3822 1686 non

2180 1712 2367 1768 timet.

2250 1842 2277 1869 «
2310 1818 2485 1891 Virga
2540 1824 2643 1875 tua
2697 1825 2755 1876 et
2813 1822 3057 1877 baculus
3116 1826 3286 1878 tuus:
3349 1823 3475 1895 ipsa
3506 1841 3600 1879 me
3631 1841 3832 1880 conso-

2099 1919 2147 1984 Β
2176 1906 2295 1962 lata
2324 1915 2480 1962 sunt.
2514 1930 2541 1957 ››
2601 1910 2780 1974 Quem
2818 1910 2975 1965 enim
3026 1911 3220 1984 diligit
3252 1913 3559 1979 Dominus,
3592 1913 3831 1986 corripit

2182 1997 2365 2068 (Prov.
2400 2014 2487 2063 ιιι,
2517 1997 2628 2068 42).
2687 2002 2797 2053 Per
2847 1998 3071 2072 virgam
3122 2000 3474 2073 intelligitur
3530 2002 3831 2058 tribulatio

2181 2084 2267 2139 vel
2323 2084 2637 2156 disciplina
2691 2086 2914 2157 patris,
2982 2093 3086 2142 aut
3145 2090 3472 2160 persecutio
3542 2090 3829 2146 Ecclesiae.

2182 2195 2212 2222 «
2248 2172 2314 2227 Et
2343 2172 2589 2228 baculus
2622 2178 2780 2239 tuus,
2816 2197 2844 2224 ››
2876 2192 2991 2246 quo
3022 2176 3173 2231 ﬁlios
3204 2178 3457 2250 castigas
3499 2178 3832 2250 spirituales

2181 2260 2283 2315 Vel
2318 2278 2419 2331 per
2446 2261 2746 2329 baculum,
2773 2265 3121 2320 sustentatio
3170 2271 3226 2321 et
3256 2266 3580 2323 consolatio
3612 2268 3829 2336 futura,

2181 2371 2207 2397 ‹‹
2244 2349 2376 2419 Ipsa
2424 2366 2515 2405 me
2550 2350 2847 2407 consolata
2869 2358 3027 2407 sunt.
3069 2376 3096 2403 ι)
3121 2354 3473 2410 Erudierunt
3503 2372 3595 2411 me
3624 2372 3828 2412 conso-

2176 2436 2372 2505 lando,
2408 2456 2521 2494 non
2557 2440 2891 2496 afﬂixerunt
2920 2442 3342 2501 mortiﬁcando.

2249 2566 2275 2593 «
2310 2546 2532 2600 Parasti
2588 2546 2644 2600 in
2687 2552 3003 2618 conspectu
3037 2566 3164 2603 meo
3197 2565 3482 2618 mensam,
3519 2533 3548 2600 ›ἷ
3579 2556 3687 2607 etc.
3747 2551 3821 2606 Ut

2170 2633 2293 2703 jam
2330 2650 2443 2687 non
2490 2634 2638 2689 lacte
2669 2638 2840 2705 quasi
2872 2636 3153 2706 parvulus
3182 2638 3326 2706 alar,
3372 2639 3472 2693 sed
3513 2639 3697 2694 solido
3741 2640 3822 2693 ci-

2176 2722 2269 2791 bo,
2305 2722 2357 2775 id
2391 2729 2498 2790 est,
2532 2728 2596 2777 ut
2626 2723 2920 2794 spirituali
2946 2725 3119 2780 dente
3151 2727 3464 2781 ruminans
3494 2725 3827 2797 Scripturas

2176 2815 2430 2881 sanctas,
2480 2812 2703 2883 possim
2763 2814 3051 2883 perversis
3096 2814 3385 2869 resistere.
3426 2836 3447 2865 ι
3484 2814 3706 2871 Parasti
3755 2816 3818 2870 in

2175 2907 2489 2973 conspectu
2540 2918 2669 2957 meo
2717 2918 2980 2958 mensam
3033 2905 3313 2959 adversus
3364 2921 3462 2960 eos
3504 2903 3604 2975 qui
3633 2904 3823 2960 tribu-

2172 2988 2296 3043 lant
2326 3007 2436 3043 me.
2476 3013 2502 3039 »
2561 2991 2780 3055 Mensa,
2814 2991 2871 3046 id
2923 2996 3013 3048 est
3051 2992 3354 3064 Scriptura
3412 2993 3627 3049 divina.
3664 2993 3830 3049 Sicut

2172 3082 2304 3150 post
2334 3079 2592 3134 laborem
2619 3080 2677 3134 in
2713 3097 2917 3135 mensa
2948 3081 3243 3137 invenitur
3271 3082 3611 3153 consolatio,
3647 3091 3701 3138 et
3733 3100 3828 3138 re-

2169 3168 2363 3233 fectio,
2397 3168 2479 3223 sic
2510 3174 2566 3223 et
2597 3170 2781 3223 sancti
2819 3187 2920 3241 per
2950 3187 3239 3242 mensam,
3274 3171 3334 3226 id
3386 3176 3496 3237 est,
3541 3189 3647 3244 per
3677 3172 3827 3228 Scri-

419 3299 497 3349 De
558 3257 971 3366 isto—"pastoria,
1015 3257 1086 3347 et
1126 3257 1381 3347 Ezechiel
1431 3291 1727 3362 loquitur:
1777 3292 2061 3347 Suscilabo
2093 3284 2136 3351 (ἶ
2438 3257 3510 3366 ῗξνίξῖῗίηζ-Ρῗδθῖίμθέῗηέῗὲίίοῗθφ
3558 3266 3616 3317 et
3644 3261 3825 3366 refe?

411 3388 713 3456 pastorem,
763 3388 814 3438 et
855 3387 1037 3453 pascet
1087 3398 1172 3436 eos
1214 3396 1401 3435 servus
1446 3397 1600 3435 meus
1638 3380 1808 3435 David
1836 3384 2059 3449 (Ezech.

416 3491 609 3540 χχχιν,
640 3474 749 3544 23).
785 3471 888 3527 Vel
928 3471 1135 3526 aliter:
1185 3472 1380 3525 Pastor
1432 3471 1607 3535 nobis,
1668 3472 1765 3539 qui
1810 3473 2065 3525 animam

417 3578 575 3616 suam
618 3577 718 3633 pro
748 3578 832 3615 me
872 3562 1054 3632 posuit
1083 3560 1258 3631 (Joan.
1291 3577 1345 3628 χ,
1383 3560 1469 3629 11)
1498 3577 1510 3625 ;
1544 3575 1707 3630 aequo
1742 3576 1832 3613 me
1866 3560 2059 3613 mode-

418 3650 642 3705 ramine
673 3650 856 3721 regit;
890 3649 1018 3703 ideo
1068 3648 1287 3702 nullius
1338 3665 1496 3719 egeo.
1529 3648 1630 3701 Vel
1664 3647 1860 3702 aliter:
1894 3672 1920 3699 ‹‹
1955 3649 2065 3703 Re-

420 3735 504 3807 git
539 3752 648 3801 me,
682 3755 708 3785 η
747 3735 997 3789 Ecclesia
1039 3734 1393 3789 ﬁducialiter
1421 3734 1679 3805 loquitur
1707 3752 1809 3805 per
1839 3736 2009 3790 ﬁdem
2048 3754 2060 3801 ;

417 3825 558 3896 quia
633 3830 766 3880 ante
832 3824 1143 3879 adventum
1202 3823 1445 3894 Christi,
1506 3824 1772 3878 diabolus
1832 3827 2068 3895 regebat

422 3914 731 3979 mundum,
757 3914 859 3968 sed
884 3914 1058 3968 modo
1078 3912 1345 3967 Chrisms
1368 3913 1515 3983 regit
1537 3913 1846 3967 Ecclesiam
1872 3931 2061 3969 suam.

423 4002 586 4065 Quod
634 4020 741 4057 nos
789 4002 1080 4057 dicimus:
1134 4024 1160 4050 ››
1213 4001 1498 4056 Dominus
1556 4002 1701 4073 regit
1745 4019 1854 4056 me.
1894 4024 1919 4049 »ι
1953 4002 2065 4057 He-

421 4091 560 4146 brtei
621 4092 844 4157 dicunt,
888 4090 1042 4144 sicut
1073 4089 1343 4160 superius
1400 4093 1489 4144 est
1536 4090 1815 4161 scriptum
1852 4107 1865 4145 :
1901 4114 1928 4140 ‹‹
1964 4091 2064 4145 Do-

425 4180 624 4235 minus
676 4180 866 4251 pascit
926 4194 1038 4244 me,
1108 4184 1164 4232 et
1221 4177 1366 4232 nihil
1421 4178 1564 4232 mihi
1617 4179 1819 4233 deerit.
1876 4202 1902 4227 »
1959 4179 2066 4241 Qui

426 4275 608 4325 Deum
662 4270 875 4334 habet,
935 4272 991 4322 et
1049 4268 1150 4338 qui
1206 4266 1321 4321 Deo
1383 4267 1675 4333 adhmret,
1732 4266 1875 4321 nihil
1932 4267 2066 4321 boni

422 4360 586 4414 deest
634 4359 708 4429 ei,
768 4363 833 4412 ut
889 4357 969 4411 ait
1010 4356 1335 4427 Propheta:
1387 4358 1546 4417 Nihil
1582 4358 1722 4411 deest
1752 4358 2067 4412 timentibus

424 4464 548 4503 eum
575 4449 750 4516 (Psal.
808 4461 1006 4512 χχχιιι,
1043 4447 1150 4515 10).
1215 4446 1337 4500 «In
1385 4445 1511 4500 loco
1552 4463 1779 4517 pascuae
1837 4446 1917 4499 ibi
1977 4463 2067 4501 me

420 4536 802 4592 collocavit.»
858 4544 935 4589 Ac
986 4536 1034 4590 si
1095 4534 1286 4588 dicat:
1347 4534 1409 4588 In
1472 4534 1757 4589 unitatem
1818 4533 1973 4604 ﬁdei,
2008 4535 2065 4588 in

418 4625 704 4681 unitatem
735 4623 1025 4679 Ecclesiae.
1063 4644 1090 4673 «
1123 4624 1183 4677 In
1232 4622 1355 4677 loco
1388 4639 1617 4694 pascua;
1670 4621 1750 4677 ibi
1810 4638 1901 4676 me
1945 4622 2064 4677 col-
2095 4644 2143 4708 Β

419 4713 648 4784 locavit,
684 4736 710 4764 ››
746 4718 807 4767 In
843 4713 1040 4767 futura
1095 4712 1459 4767 beatitudine
1518 4711 1845 4782 composuit
1899 4728 2062 4781 spem

420 4820 634 4859 meam.
668 4803 890 4857 Pascua
918 4802 1098 4872 enim,
1132 4802 1330 4856 futura
1358 4800 1705 4873 intelligitur
1745 4800 2061 4856 beatitudo.

492 4914 521 4943 «
584 4891 772 4963 Super
826 4908 1041 4962 aquam
1120 4889 1451 4946 refectionis
1516 4890 1783 4944 educavit
1847 4906 1971 4944 me.
2035 4915 2055 4941 ι

426 4979 723 5037 Abluendo
783 4997 884 5052 per
935 4980 1297 5052 baptismum
1367 4996 1458 5034 me
1511 4979 1805 5044 enutrivit,
1846 4978 1929 5034 vel
1963 4979 2062 5033 do-

422 5070 609 5126 ctrina
651 5069 1141 5142 patriarcharum,
1190 5074 1247 5124 et
1294 5068 1733 5140 prOpbetarum,
1778 5069 1895 5124 sive
1926 5085 2063 5139 apo-

422 5159 727 5215 stolorum.
763 5183 789 5209 «
824 5158 1099 5215 Animam
1132 5174 1323 5213 meam
1356 5159 1656 5212 convertit.
1693 5180 1720 5207 »
1761 5159 1842 5211 Ad
1878 5174 1938 5212 se
1970 5174 2063 5212 co-

422 5250 858 5321 gnoscendum:
918 5248 975 5303 id
1048 5252 1155 5318 est,
1232 5245 1487 5302 animam
1565 5245 1868 5310 Ecclesiae,
1927 5247 2065 5317 quia

424 5343 594 5394 antea
624 5338 695 5393 ad
726 5338 1023 5392 infernum
1055 5337 1432 5393 descenderat
1471 5352 1571 5407 per
1623 5334 1855 5406 culpam
1888 5335 2063 5406 primi

423 5426 679 5483 hominis
707 5427 841 5481 Adae
870 5443 883 5481 :
908 5426 1010 5482 sed
1042 5426 1215 5482 modo
1246 5426 1318 5481 ad
1349 5424 1646 5480 Christum
1679 5440 1955 5479 conversa
1976 5429 2065 5479 est

424 5532 528 5589 per
559 5517 755 5572 ﬁdem.

497 5630 525 5656 «
584 5604 833 5661 Deduxit
888 5621 980 5659 me
1046 5621 1221 5676 super
1279 5604 1548 5660 semitam
1598 5602 1882 5675 justitiie;
1916 5626 1943 5653 ν
2005 5604 2061 5659 id

424 5701 533 5763 est,
566 5712 742 5768 super
771 5691 1040 5750 semitam
1072 5693 1484 5750 mandatorum
1511 5712 1613 5766 per
1635 5698 1851 5749 arctam
1882 5693 2061 5748 viam.

750 5827 1007 5884 l‘ATBOL.
1054 5820 1271 5885 XXVI.

2172 3346 2414 3410 tionem,
2448 3346 2506 3399 id
2551 3350 2640 3400 est
2700 3363 2885 3417 spem,
2947 3347 3124 3402 ﬁdem
3155 3353 3214 3402 et
3245 3348 3608 3405 charitatem.
3647 3370 3675 3401 α
3702 3351 3815 3405 Ad-

2172 3448 2375 3487 versus
2442 3449 2540 3489 eos
2615 3435 2715 3503 qui
2790 3433 3078 3490 tribulant
3137 3452 3260 3490 me.
3313 3457 3340 3486 »
3412 3436 3817 3494 Persecutores

2175 3521 2461 3588 Ecclesiae,
2515 3523 2614 3593 qui
2674 3528 2813 3577 sunt
2861 3524 3173 3588 daemones,
3204 3524 3390 3579 Judaei
3444 3530 3501 3580 et
3544 3525 3817 3583 haeretici.

2174 3612 2383 3665 Contra
2414 3611 2555 3665 istos
2585 3628 2791 3667 omnes
2820 3611 2879 3667 in
2921 3613 3239 3683 Scripturis
3271 3613 3455 3669 sacris
3488 3614 3820 3672 invenimus

2176 3699 2663 3755 consolationem.

2248 3829 2273 3855 ‹‹
2320 3807 2705 3877 Impinguasti
2743 3808 2798 3862 in
2820 3808 2942 3864 oleo
2976 3815 3151 3881 caput
3183 3828 3402 3866 meum.
3437 3835 3458 3863 ι
3500 3812 3605 3867 Per
3623 3817 3822 3885 caput,

2175 3896 2232 3949 id
2292 3901 2379 3950 est
2438 3896 2756 3967 principale
2815 3899 3069 3969 mentis,
3133 3899 3389 3955 Ecclesia
3445 3901 3822 3972 intelligitur.

2176 3983 2337 4039 Mens
2377 3988 2588 4039 etenim
2623 3990 2797 4057 caput
2842 3993 3123 4042 vocatur:
3189 3991 3328 4059 quia
3377 3990 3533 4044 sicut
3572 4008 3604 4044 a
3634 3993 3826 4061 capite

2176 4078 2460 4144 reguntur
2493 4075 2773 4135 membra,
2830 4075 2909 4128 ita
2950 4076 3334 4147 cogitationes
3385 4082 3577 4133 mente
3630 4079 3826 4150 dispo-

2176 4166 2416 4214 nuntur.
2459 4161 2561 4216 Per
2618 4162 2810 4219 oleum
2869 4163 3218 4236 intelligitur
3270 4164 3627 4221 consolatio:
3690 4167 3830 4238 quia

2176 4249 2630 4305 consolationem
2664 4252 3121 4323 Scripturarum,
3151 4270 3319 4309 mens
3343 4254 3630 4309 Ecclesia).
3666 4278 3693 4304 ‹‹
3717 4260 3828 4310 Im-

2177 4337 2471 4410 pinguasti
2504 4340 2561 4394 in
2596 4339 2786 4395 oleum
2821 4347 2995 4414 caput
3032 4359 3247 4397 meum.
3286 4364 3314 4393 »
3339 4343 3671 4399 Laetiﬁcasti
3703 4344 3823 4417 spi-

2180 4426 2373 4481 tituali
2408 4427 2606 4484 laetitia
2638 4434 2890 4485 mentem
2922 4446 3134 4500 meam,
3160 4448 3286 4502 quze
3318 4437 3491 4503 caput
3522 4437 3611 4487 est
3640 4433 3822 4489 totius

2177 4516 2455 4586 corporis.
2493 4540 2519 4567 «
2556 4518 2621 4572 Et
2652 4518 2801 4572 calix
2850 4536 3017 4574 meus
3048 4519 3344 4576 inebrians
3377 4539 3551 4593 quam
3585 4521 3820 4593 praecla-

2179 4620 2280 4660 rus
2311 4611 2417 4659 est.
2451 4628 2477 4653 »
2514 4606 2678 4661 ϐαιὴ
2706 4606 3057 4679 intelligitur
3086 4609 3327 4664 verbum
3361 4611 3479 4665 Dei.
3512 4612 3817 4675 Inebrians,

2176 4694 2314 4764 quia
2372 4711 2473 4765 per
2528 4694 2998 4765 praedicationem
3060 4700 3478 4772 compungitur
3533 4699 3711 4756 homo
3758 4701 3819 4756 in

2175 4787 2390 4847 mente,
2426 4784 2659 4853 quando
2712 4785 3319 4860 separat.hominem,
3374 4789 3429 4844 id
3473 4795 3561 4845 est
3593 4795 3818 4862 patrem

2175 4889 2208 4926 a
2239 4871 2396 4926 ﬁlio:
2452 4872 2638 4927 ﬁlium
2671 4891 2703 4928 a
2752 4879 2911 4946 patre
2960 4893 3100 4932 suo:
3136 4883 3384 4934 matrem
3432 4896 3466 4933 a
3497 4879 3633 4947 ﬁlia,
3667 4884 3723 4935 et
3751 4879 3819 4933 ﬁ-

2175 4960 2315 5014 liam
2342 4954 2388 5015 'a
2427 4966 2612 5016 matre
2670 4980 2822 5018 sua:
2883 4969 2941 5019 et
2998 4982 3213 5021 nurum
3270 4968 3547 5022 adversus
3581 4984 3818 5022 socrum

2176 5067 2341 5105 suam
2401 5052 2607 5118 (Matth.
2641 5070 2697 5121 χ,
2730 5053 2839 5110 35).
2897 5054 3059 5109 Tunc
3108 5072 3215 5111 nos
3258 5054 3524 5119 inebriat,
3584 5055 3819 5126 quando

2174 5140 2289 5195 ista
2320 5139 2474 5195 facit.
2518 5145 2625 5196 Per
2654 5141 2915 5212 calicem,
2950 5159 3227 5199 mensura
3260 5142 3645 5214 intelligitur:
3683 5142 3822 5214 quia

2176 5228 2494 5300 unicuique
2537 5230 2707 5300 juxta
2736 5231 2888 5301 quod
2924 5236 3198 5298 meretur,
3229 5230 3315 5286 vel
3370 5234 3562 5302 potest
3591 5248 3820 5303 capere,

2174 5317 2255 5373 sic
2289 5317 2372 5372 illi
2404 5319 2611 5373 dividit
2641 5319 2818 5383 Deus,
2858 5319 2917 5373 id
2972 5325 3061 5374 est
3117 5320 3234 5374 dat.
3293 5319 3389 5373 Vel
3440 5320 3682 5390 mystice
3726 5336 3821 5375 me

2174 5406 2353 5463 calice
2382 5406 2706 5477 inebriasti,
2738 5411 2803 5462 ut
2831 5407 3105 5463 oblivioni
3140 5408 3423 5463 traderem
3480 5407 3819 5464 delectatio-

2174 5512 2278 5551 nes
2312 5496 2520 5568 prioris
2540 5496 2686 5550 vitas.

2246 5628 2271 5654 ‹‹
2299 5603 2366 5659 Et
2395 5603 2792 5659 misericordia
2812 5607 2935 5672 tua,
2958 5603 3221 5672 Domine,
3254 5604 3646 5677 subsequetur
3668 5623 3819 5664 me.»

2172 5694 2296 5750 Vox
2327 5693 2591 5749 Ecclesiae
2651 5693 2722 5748 ad
2781 5692 3097 5748 Christum.
3150 5692 3550 5751 Misericordia
3606 5698 3707 5754 Dei
3764 5703 3824 5755 et

3422 5823 3502 5884 30
