4314 6586
522 412 643 473 939

528 544 801 616 praevenit
853 547 910 597 et
977 541 1377 612 subsequitur.
1430 542 1732 609 Praevenit,
1792 559 1894 614 per
1955 543 2161 600 fidem:
2193 544 2249 610 Α

525 630 924 701 subsequitur,
960 631 1016 686 in
1040 632 1419 686 custodiendo
1453 633 1729 687 mandata
1760 632 1881 698 Dei,
1914 651 1941 683 ι
1970 631 2170 686 Omni-

525 721 636 774 bus
692 720 899 774 diebus
958 720 1083 773 vita:
1137 736 1299 775 meae.
1331 739 1357 770 ι
1394 722 1662 785 Quandiu
1703 722 1761 775 in
1794 720 1903 775 hoc
1932 737 2172 791 corpore

525 810 693 881 dego.

596 922 623 946 ‹‹
660 898 730 952 Et
770 902 835 951 ut
866 897 1189 952 inhabitem
1222 896 1282 950 in
1342 898 1515 952 domo
1565 897 1819 952 Domini.
1858 920 1884 944 ›ι
1918 896 2172 952 Ecclesia

524 986 618 1041 hic
650 985 816 1056 quasi
851 986 909 1039 in
941 984 1316 1041 tabernaculo
1356 986 1647 1040 consistit.
1698 985 1842 1049 Quia
1890 986 2041 1041 sicut
2084 990 2171 1039 ta-

521 1075 908 1129 bernaculum
971 1077 1236 1128 mutatur
1287 1074 1356 1127 de
1405 1073 1529 1129 loco
1589 1074 1647 1127 in
1701 1073 1921 1141 lumen,
1983 1074 2067 1127 sic
2115 1077 2172 1128 et

523 1162 781 1217 Ecclesia
835 1163 907 1217 de
958 1162 1069 1216 isto
1120 1161 1494 1216 tabernaculo
1538 1162 1890 1217 transfertur
1944 1162 2002 1215 in
2062 1162 2168 1215 do-

524 1268 712 1316 mum,
743 1251 851 1305 hoc
883 1255 972 1305 est
1001 1250 1060 1304 in
1086 1251 1263 1304 vitam
1295 1256 1593 1313 aeternam,
1638 1252 1755 1305 sive
1802 1254 2171 1320 perpetuam,

524 1340 626 1394 ubi
657 1340 782 1395 sine
815 1340 928 1393 fine
960 1338 1313 1394 habitabunt
1344 1339 1550 1419 sancti.
1586 1361 1612 1390 ‹‹
1648 1344 1710 1394 1n
1741 1338 2169 1410 longitudinem

526 1439 774 1493 dierum.
812 1458 837 1485 ››
872 1436 1082 1492 Diebus
1114 1437 1239 1492 sine
1274 1437 1388 1493 ﬁne
1466 1460 1494 1486 ‹‹
1529 1438 1603 1492 Ut
1633 1437 1952 1492 inhabitem
1984 1436 2044 1491 in
2076 1436 2172 1490 do-

525 1543 621 1583 mo
651 1526 882 1581 Domini
914 1526 974 1580 in
1032 1525 1459 1597 longitudinem
1515 1526 1740 1580 dierum
1768 1567 1780 1591 ,
1824 1526 1879 1578 id
1940 1529 2027 1579 est
2054 1540 2170 1579 caa-

522 1617 731 1672 lestem
749 1614 1074 1670 Jerusalem
1099 1614 1490 1669 communiter
1506 1630 1640 1669 cum
1654 1615 1929 1669 omnibus
1951 1615 2170 1669 sanctis

525 1704 891 1777 congregatis
915 1705 973 1757 in
1005 1718 1097 1757 me
1128 1719 1230 1773 per
1260 1702 1434 1756 ﬁdem
1466 1702 1811 1757 inhabitem.

1060 1852 1389 1909 PSALMUS
1439 1851 1636 1908 XXIII.

527 1944 779 2000 Psalmus
835 1942 1027 2011 David,
1082 1944 1142 1996 in
1196 1944 1379 2013 prima
1437 1943 1679 1997 Sabbali.
1743 1941 2009 1998 Psalmus
2061 1910 2249 1999 isteB

601 2014 871 2140 lcontimit
925 2014 1229 2069 enterdum
1261 2030 1456 2069 vocem
1488 2014 1783 2086 prophetae
1815 2015 1886 2069 de
1917 2013 2170 2070 Ecclesia

625 2103 812 2140 oauen
846 2103 914 2140 IS.

625 2103 914 2157 oquenus.

597 2238 899 2294 «Domini
955 2244 1044 2294 est
1100 2243 1252 2295 terra
1280 2242 1339 2294 et
1397 2238 1698 2311 plenitudo
1749 2240 1896 2311 ejus.
1934 2263 1962 2291 ››
2022 2240 2167 2296 Cum

524 2328 785 2384 conversi
845 2328 1060 2383 fuerint
1106 2328 1207 2399 qui
1252 2332 1483 2384 terrena
1540 2329 1793 2400 sapiunt.
1861 2351 1889 2384 α
1937 2330 2169 2386 Domini

524 2420 613 2471 est
664 2423 817 2471 terra
874 2439 901 2466 »
961 2417 1068 2472 hoc
1099 2422 1208 2483 est,
1267 2422 1425 2473 totus
1481 2419 1772 2473 mundus:
1823 2443 1849 2469 «
1885 2420 1953 2474 Et
1986 2419 2168 2491 pleni-

522 2505 663 2560 tudo
695 2507 843 2577 ejus,
867 2529 887 2556 ι
925 2506 1032 2562 hoc
1058 2512 1163 2577 est,
1198 2506 1555 2563 habitatores
1589 2509 1791 2563 mundi
1817 2509 2009 2564 istius.
2046 2509 2169 2577 Vel,

531 2615 557 2647 α
587 2594 816 2669 Domini
866 2600 955 2651 est
984 2600 1160 2664 terra,
1197 2619 1225 2646 n
1284 2597 1393 2652 hoc
1448 2604 1537 2652 est
1585 2596 1873 2664 Ecclesia;
1909 2622 1935 2648 ‹‹
1970 2603 2025 2653 et
2055 2597 2172 2670 ple-

522 2682 726 2738 nitudo
757 2685 907 2754 ejus.
938 2706 966 2735 »
1002 2684 1058 2740 id
1092 2691 1181 2741 est
1212 2702 1416 2741 omnes
1460 2687 1668 2741 sancti.
1707 2710 1733 2735 ‹‹
1769 2686 1937 2743 Orbis
1988 2692 2167 2742 terra-

519 2790 673 2842 rum,
702 2777 758 2828 et
787 2774 1041 2830 universi
1072 2774 1173 2846 qui
1220 2776 1489 2831 habitant
1539 2777 1596 2830 in
1654 2793 1739 2830 ea.
1778 2798 1805 2825 »
1844 2777 2169 2832 Clarilicato

517 2860 679 2926 Jesu,
712 2861 977 2918 omnium
1006 2863 1267 2935 gentium
1300 2863 1444 2918 ﬁdes
1476 2865 1539 2919 lit
1569 2880 1686 2918 una
1718 2862 1990 2919 Ecclesia.

593 2971 619 2998 ‹‹
655 2949 784 3019 Ipse
815 2964 993 3020 super
1031 2949 1217 3005 maria
1263 2950 1526 3005 fundavit
1554 2967 1703 3005 eam.
1740 2974 1761 3001 ι
1826 2955 1936 3005 Per
1963 2951 2166 3007 maria.

520 3035 932 3091 ﬂuctuationes
963 3037 1133 3092 istius
1167 3037 1405 3093 mundi:
1443 3038 1581 3110 quia
1612 3037 1841 3093 calcant
1892 3044 1948 3094 et
1996 3056 2167 3111 supe-

520 3127 653 3178 rant
684 3123 1000 3180 Ecclesiam
1036 3125 1107 3180 ab
1164 3124 1331 3181 initio
1366 3126 1777 3182 fluctuationes
1809 3126 2025 3184 smeuli.
2056 3128 2167 3184 Sed

521 3211 807 3282 fundavit,
841 3211 949 3267 hoc
982 3217 1089 3281 est,
1123 3215 1510 3270 corroboravit
1542 3214 1855 3270 Ecclesium
1889 3232 2055 3273 suam
2104 3217 2161 3272 in

522 3300 653 3355 ﬁde.
688 3301 875 3372 Super
904 3301 1117 3357 ﬂuctus
1147 3301 1326 3373 hujus
1358 3302 1556 3358 saeculi
1599 3304 1877 3360 stabilivit
1907 3322 2058 3372 eam,
2092 3323 2162 3363 ne
2191 3282 2236 3352 α

522 3388 595 3443 ab
642 3388 734 3445 his
766 3389 1078 3445 dilabatur.
1114 3414 1139 3439 ‹‹
1203 3392 1269 3446 Et
1298 3408 1474 3463 super
1523 3392 1767 3447 ﬂumina
1824 3396 2168 3466 praeparavit

520 3476 704 3533 illam.
741 3501 767 3527 ››
803 3480 906 3535 Per
936 3478 1180 3535 flumina
1209 3480 1621 3553 intelliguntur
1649 3488 1912 3553 potentes
1945 3484 2161 3540 seaculi:

516 3565 606 3622 vel
638 3560 874 3639 cupidi:
935 3567 1007 3624 Ut
1063 3569 1144 3624 ait
1198 3570 1504 3625 Salomon:
1542 3571 1737 3627 Omnia
1793 3574 2027 3641 ﬂumina
2075 3575 2164 3628 in-

518 3657 668 3707 trant
726 3656 785 3709 in
842 3671 994 3709 mare
1052 3657 1316 3725 (Eccle.1,
1349 3659 1424 3727 7).
1462 3659 1554 3712 Sic
1602 3664 1659 3711 et
1706 3658 1818 3730 ipsi
1875 3665 2160 3729 potentes,

518 3741 654 3797 licet
684 3757 967 3813 magnum
999 3743 1252 3799 habeant
1301 3762 1565 3812 censum,
1598 3763 1901 3818 nunquam
1944 3750 2161 3805 satian-

519 3834 636 3884 tur.
671 3830 859 3901 Super
888 3831 999 3887 ista
1028 3832 1274 3889 ﬂumina
1304 3840 1393 3889 est
1444 3834 1719 3902 Ecclesia,
1773 3840 1837 3890 ut
1868 3835 1983 3891 illis
2014 3854 2159 3909 prae-

522 3917 711 3974 dicet:
747 3923 804 3975 et
832 3925 1243 3979 convertantur
1272 3924 1372 3995 qui
1418 3928 1762 3996 potestatem
1807 3924 2041 3981 habent.
2102 3929 2158 3982 Si

521 4008 721 4064 audire
780 4008 1109 4067 noluerint:
1167 4035 1195 4062 «
1266 4014 1449 4085 Super
1518 4013 1763 4069 ﬂumina
1817 4017 2162 4088 praeparavit

518 4095 700 4152 illam.
731 4120 760 4147 ››
790 4102 977 4172 Super
1005 4100 1359 4172 cupiditates
1406 4102 1584 4173 hujus
1628 4101 1823 4158 saeculi
1855 4104 2160 4161 constituit

517 4202 683 4241 eam:
720 4191 784 4243 ut
812 4188 941 4261 ipsa
969 4191 1237 4262 superior
1286 4195 1459 4260 esset,
1502 4191 1725 4247 munda
1772 4192 1897 4248 sine
1931 4194 2159 4251 macula

476 4344 489 4349 η
515 4278 572 4329 et
601 4293 767 4348 ruga.

590 4385 612 4413 α
645 4364 785 4431 Quis
815 4367 1081 4423 ascendit
1123 4369 1181 4423 in
1242 4374 1497 4424 montem
1532 4368 1747 4424 David?
1780 4393 1806 4418 ››
1838 4368 1966 4431 ,νοχ
2018 4388 2155 4442 pro-

509 4452 696 4523 pheta:
747 4455 1181 4528 interrogantis,
1217 4457 1273 4512 id
1324 4463 1430 4528 est,
1464 4458 1522 4512 in
1570 4457 1861 4515 cmlestem
1925 4463 2156 4517 Jerusa-

509 4540 665 4597 lem?
694 4545 826 4612 Quis
874 4562 977 4616 pro
1035 4546 1313 4601 charitate
1362 4547 1617 4619 ponitur.
1673 4547 1774 4603 Vel
1835 4565 2003 4605 mons
2060 4549 2155 4605 hic

2015 408 2437 472 APPENDIX.

3807 410 3928 473 940

2351 564 2379 593 ‹‹
2410 543 2481 597 Et
2506 544 2727 597 mundo
2758 542 2946 610 corde,
2982 564 3010 591 »
3034 541 3093 597 id
3125 545 3213 597 est
3242 542 3482 597 mundis
3524 544 3923 601 sermonibus.

2281 631 2383 686 Vel
2434 632 2652 686 mundo
2685 633 2876 696 corde,
2926 635 3163 686 sanctus
3217 631 3277 685 in
3331 630 3699 702 cogitatione.
3742 655 3762 680 ι
3815 634 3923 698 Qui

2281 737 2397 775 non
2430 721 2651 791 accepit
2681 721 2739 775 in
2770 737 2987 774 vanum
3021 720 3280 774 animam
3313 735 3502 774 suam.
3532 741 3560 768 ››
3605 721 3712 784 Qui
3744 721 3923 776 nullis

2280 824 2409 863 eam
2442 809 2679 863 faecibus
2710 808 3113 881 peccaminum
3165 812 3298 880 post
3347 807 3687 879 baptismun
3723 826 3921 866 Iracu-

2280 896 2435 951 lavit.
2473 896 2572 951 Ille
2606 897 2663 951 in
2688 914 2904 952 vanum
2932 914 3046 952 non
3080 898 3301 968 accepit
3321 898 3577 953 animam
3610 915 3800 968 suam,
3822 901 3925 971 qui

2280 1002 2455 1056 opera
2503 986 2654 1039 bona
2697 987 2834 1057 agit.
2877 1007 2902 1038 α
2932 986 3046 1041 Nec
3094 986 3314 1056 juravit
3370 986 3430 1041 in
3470 986 3603 1041 dolo
3661 990 3925 1058 proximo

2281 1089 2405 1127 suo.
2441 1092 2467 1123 υ
2505 1072 2605 1127 Ille
2655 1074 2712 1127 in
2771 1073 2903 1128 dolo
2937 1091 3051 1129 non
3101 1075 3268 1144 jurat
3326 1074 3587 1146 proximo
3643 1092 3771 1144 suo,
3823 1078 3925 1148 qui

2280 1179 2403 1231 qua:
2434 1162 2668 1233 cogitat,
2728 1162 2847 1218 haec
2896 1163 3192 1235 praedicat,
3243 1168 3299 1219 et
3356 1164 3412 1217 in
3468 1179 3640 1235 opere
3691 1165 3919 1237 implet.

2281 1251 2444 1305 Multi
2496 1256 2636 1305 sunt
2681 1253 2835 1306 enim
2888 1254 2986 1323 qui
3017 1251 3216 1307 dolose
3246 1253 3467 1321 jurant,
3521 1259 3585 1308 ut
3632 1254 3924 1325 decipiant

2282 1340 2631 1410 proximum:
2656 1341 2808 1411 quod
2835 1341 3203 1396 abominetur
3227 1340 3397 1395 Pater
3420 1340 3713 1397 luminum
3745 1344 3916 1399 Deus.

2280 1428 2505 1483 dicente
2561 1433 2764 1483 Petro:
2827 1432 2949 1483 Non
2997 1446 3052 1484 es
3110 1429 3433 1484 hominibus
3488 1432 3770 1501 mentitus,
3829 1432 3923 1487 sed

2277 1517 2384 1573 Deo
2439 1518 2577 1585 (Act.
2638 1534 2693 1584 ν,
2727 1519 2801 1588 4).
2861 1518 3006 1591 Ergo
3066 1518 3166 1589 qui
3225 1534 3288 1574 se
3317 1519 3391 1573 ab
3429 1518 3524 1575 his
3584 1521 3923 1577 custodierit

2281 1605 2550 1661 maculis.

2354 1715 2382 1745 (ι
2414 1694 2514 1749 Hic
2548 1694 2790 1766 accipiet
2819 1695 3282 1751 benedictionem
3315 1712 3349 1751 a
3385 1696 3663 1766 Domino;
3723 1703 3779 1753 et
3808 1699 3917 1754 mi-

2280 1783 2602 1839 sccordiam
2636 1801 2669 1838 a
2697 1784 2806 1839 Deo
2838 1784 3081 1839 salutari
3124 1802 3251 1841 suo.
3289 1806 3317 1834 »
3350 1792 3397 1839 A
3428 1786 3659 1842 Christo
3711 1787 3922 1859 aequali

2280 1872 2456 1939 Patri,
2489 1873 2660 1943 cujus
2693 1878 2877 1928 morte
2906 1872 3164 1929 salvatus
3210 1879 3319 1930 est.
3378 1875 3474 1930 Vel
3525 1876 3724 1933 aliter:
3762 1899 3789 1926 «
3820 1878 3922 1933 Hic

2278 1962 2522 2033 accipiet
2551 1962 3013 2017 benedictionem
3045 1981 3078 2018 a
3102 1964 3423 2020 Domino.»
3460 1966 3537 2021 De
3570 1966 3682 2022 isto
3717 1983 3924 2039 supra-

2276 2050 2430 2105 dicto
2478 2050 2794 2115 dicitzQui
2824 2068 2938 2106 non
2981 2053 3144 2122 jurat
3189 2052 3248 2107 in
3298 2053 3429 2108 dolo
3480 2055 3742 2125 proximo
3792 2071 3923 2124 suo,

2276 2139 2522 2211 accipiet
2551 2139 3019 2195 benedictionem
3050 2157 3085 2197 a
3104 2141 3371 2212 Domino,
3403 2144 3636 2214 quando
3659 2143 3925 2202 dicturus

2279 2229 2422 2284 erit:
2473 2231 2678 2296 Venite,
2705 2230 2974 2285 benedicti
3003 2232 3192 2285 Patris
3224 2233 3353 2297 mei,
3382 2233 3647 2303 percipite
3665 2243 3929 2303 paratum

2279 2319 2427 2373 vobis
2458 2335 2686 2389 regnum
2714 2335 2747 2374 a
2777 2321 3159 2375 constitutione
3185 2323 3388 2376 mundi
3415 2322 3623 2393 (Matth.
3648 2338 3777 2391 xxv,
3810 2324 3926 2394 34).

2284 2430 2305 2457 α
2370 2408 2437 2463 Et
2478 2409 2940 2465 misericordiam
2992 2427 3026 2465 a
3080 2411 3194 2466 Deo
3245 2412 3488 2467 salutari
3545 2429 3669 2469 suo.
3736 2435 3757 2462 ι
3822 2413 3924 2468 Mi-

2280 2498 2651 2553 sericordiam
2694 2515 2728 2554 a
2774 2499 2889 2554 Deo
2933 2500 3331 2571 consequitur,
3360 2502 3460 2574 qui
3494 2518 3556 2558 se
3587 2506 3753 2574 putat
3795 2518 3922 2559 esse

2281 2589 2586 2643 miserum.

2351 2700 2376 2725 ‹‹
2408 2681 2537 2732 Haec
2585 2683 2673 2733 est
2728 2679 3025 2751 generatio
3078 2680 3467 2751 quaerentium
3520 2682 3859 2739 Dominum.
3898 2706 3921 2734 ι

2277 2767 2554 2836 Superius
2594 2767 2972 2837 singulariter
3002 2768 3181 2823 dixit:
3243 2791 3270 2819 ‹‹
3319 2770 3421 2824 Hic
3472 2771 3716 2843 accipiet
3744 2771 3918 2826 bene-

2279 2854 2590 2909 dictionem
2623 2873 2635 2910 :
2685 2857 2856 2911 modo
2889 2856 3208 2926 pluraliter,
3253 2859 3392 2930 quia
3421 2858 3678 2914 Ecclesia
3707 2876 3774 2916 ex
3794 2859 3925 2931 plu-

2279 2944 2441 2999 ribus
2466 2944 2729 3014 personis
2760 2951 3183 3018 congregatur:
3219 2951 3276 3002 et
3308 2952 3505 3003 tamen
3539 2966 3655 3004 una
3686 2949 3918 3016 dicitur,

2279 3037 2516 3103 propter
2545 3034 2825 3089 unitatem
2860 3035 3013 3089 ﬁdei.
3048 3036 3354 3092 Generatio
3387 3037 3528 3103 haec,
3562 3036 3618 3092 id
3660 3042 3767 3105 est,
3819 3056 3920 3109 po-

2277 3120 2455 3191 pulus
2508 3121 2998 3187 Christianorum,
3032 3139 3157 3193 quae
3200 3122 3258 3179 in
3289 3126 3548 3181 tenebris
3569 3127 3795 3196 jacens,
3828 3143 3922 3181 ve-

2279 3225 2409 3264 rum
2445 3210 2753 3265 Dominum
2785 3210 3260 3285 Salvatoremque
3293 3213 3579 3284 quaesivit.

2346 3322 2375 3349 ‹‹
2410 3299 2849 3371 Requirentium
2894 3301 3099 3357 faciem
3131 3302 3232 3357 Dei
3262 3304 3460 3359 Jacob.
3498 3324 3527 3351 »
3576 3303 3635 3358 Id
3671 3308 3777 3370 est,
3813 3319 3919 3375 po-

2277 3387 2449 3459 pulus
2481 3388 2844 3445 Christianus
2876 3390 3121 3461 requirit
3151 3392 3358 3447 faciem
3392 3393 3489 3447 Dei
3521 3393 3721 3447 Jacob.
3757 3391 3918 3449 Unde

2275 3476 2495 3532 dictum
2543 3480 2667 3533 est:
2719 3479 2897 3550 Major
2944 3482 3142 3533 serviet
3189 3482 3398 3535 minori
3444 3482 3596 3550 (Gen.
3629 3499 3754 3547 xxv,
3785 3484 3918 3549 23);

2274 3565 2411 3635 quia
2468 3566 2757 3637 posterius
2807 3570 2942 3622 nato
2993 3568 3312 3639 primatum
3363 3569 3553 3624 dedit.
3608 3570 3922 3626 Intercedit

2271 3654 2603 3725 diapsalma,
2638 3659 2703 3710 ut
2753 3655 3026 3711 immutet
3074 3673 3404 3727 personam.
3458 3659 3586 3728 Ipse
3616 3660 3773 3713 enim
3804 3660 3916 3715 Do-

2273 3744 2468 3798 minus
2501 3760 2655 3799 nunc
2705 3743 2962 3798 caelestia
3008 3760 3187 3815 regna
3244 3748 3533 3815 repetens,
3586 3745 3913 3801 nuntiatur.

2269 3834 2631 3888 Ascendente
2667 3848 2802 3903 ergo
2833 3846 2966 3886 cum
2999 3830 3241 3903 angelis,
3276 3832 3334 3886 hi
3383 3832 3481 3903 qui
3517 3833 3920 3904 prmcedebant

2270 3921 2389 3977 sive
2440 3922 2889 3988 comitabantur,
2921 3919 3050 3975 aliis
3081 3935 3284 3975 eorum
3329 3922 3693 3994 principibus
3726 3923 3918 3979 accla-

2270 4012 2532 4066 mabant.

2339 4122 2367 4150 «
2400 4098 2625 4169 Tollite,
2667 4100 2883 4169 portas,
2944 4097 3259 4170 principes,
3320 4104 3584 4157 vestras:
3632 4104 3688 4156 et
3725 4100 3913 4157 eleva-

2268 4188 2432 4255 mini,
2466 4191 2641 4260 portas
2673 4185 2991 4242 mternales.
3030 4210 3057 4237 ››
3093 4188 3206 4244 [loc
3238 4193 3348 4260 est,
3382 4195 3632 4246 reserate
3655 4191 3916 4247 caelestes

2266 4277 2493 4332 aditus:
2528 4280 2719 4349 pateat
2743 4276 3088 4332 mternitatis
3120 4278 3445 4349 ingressus.
3479 4279 3603 4351 Vel,
3637 4304 3664 4329 ‹‹
3701 4279 3912 4335 Tollite
3972 4276 3985 4306 '

2265 4370 2485 4438 portas,
2520 4365 2832 4437 principes,
2866 4372 3112 4433 vestras,
3150 4388 3178 4416 »
3209 4384 3318 4423 vox
3347 4366 3691 4440 angelorum
3726 4369 3909 4423 bono-

2265 4456 2452 4522 rum',
2502 4454 2572 4508 ad
2629 4453 2866 4525 angelos
2922 4454 3143 4510 malos:
3196 4472 3447 4526 quorum
3482 4457 3753 4529 princeps
3784 4457 3909 4512 dia-

2262 4543 2433 4599 bolus
2461 4549 2566 4599 est.
2601 4565 2629 4592 «
2681 4547 2905 4612 Portas,
2958 4543 3273 4614 principes,
3324 4549 3569 4611 vestras,
3609 4568 3629 4594 »
3690 4546 3747 4600 id
3801 4549 3908 4616 est,

507 4645 611 4702 pro
673 4631 793 4687 alta
840 4634 1109 4703 justitia:
1173 4639 1234 4689 ut
1289 4634 1463 4690 illud:
1531 4636 1685 4706 Vade,
1746 4638 1913 4691 vende
1966 4642 2154 4695 omnia
2182 4654 2231 4720 Ι)
2262 4634 2643 4705 cupiditatem
2675 4638 2732 4687 et
2776 4632 3066 4687 timorem.
3100 4632 3253 4687 Bene
3284 4634 3587 4704 conjunxit
3617 4634 3909 4706 cupidita-

428 4736 439 4743 ε
505 4732 632 4790 qua?
660 4718 845 4791 habes,
874 4732 925 4777 et
980 4722 1049 4777 da
1094 4726 1454 4796 pauperibus:
1505 4729 1554 4779 et
1584 4726 1806 4780 habebis
1837 4727 2153 4783 thesaurum
2186 4718 2217 4720 ἡ
2262 4727 2379 4777 tem
2410 4727 2466 4777 et
2486 4721 2754 4776 timorem
2785 4736 2797 4775 :
2834 4720 2973 4790 quia
3023 4720 3362 4792 quicunque
3393 4738 3497 4794 per
3526 4723 3905 4794 cupiditatem

503 4809 563 4861 in
593 4809 741 4863 aclis
770 4809 918 4881 (Luc.
954 4829 1112 4881 xvm,
1158 4814 1254 4886 22)
1306 4838 1331 4864 ‹‹
1376 4819 1493 4868 Aut
1522 4814 1655 4885 quis
1688 4815 1870 4870 stabit
1916 4816 1976 4870 in
2025 4815 2150 4874 loco

501 4902 701 4952 sancto
733 4899 906 4969 ejus?
938 4924 959 4950 ι
1015 4902 1201 4975 Super
1259 4902 1605 4959 altissimam
1640 4903 1937 4973 justitiam
1978 4906 2144 4976 ejus:

498 5001 563 5043 ac
590 4987 639 5042 si
673 4987 847 5060 dicat,
880 4990 1010 5061 quis
1058 4992 1498 5063 perseverabit?
1538 4990 1678 5062 quia
1708 4990 1878 5046 multi
1906 4993 2143 5049 descen-

496 5076 663 5144 dunt,
698 5081 753 5132 et
784 5095 901 5134 non
931 5087 1320 5152 perseverant.

566 5187 594 5214 «
637 5165 922 5223 Innocens
964 5169 1237 5228 manibus
1281 5174 1338 5225 et
1387 5169 1608 5224 mundo
1654 5170 1845 5224 corde.
1878 5190 1904 5221 ιι
1953 5170 2140 5228 Purus

490 5254 549 5308 in
582 5269 792 5326 opere:
855 5257 997 5329 quia
1048 5274 1151 5330 per
1208 5275 1439 5330 manus,
1471 5273 1648 5329 opera
1695 5257 2134 5331 intelliguntur:

558 5406 574 5481 _‘
617 5405 1035 5481 Hieronymum
1067 5409 1417 5481 Origeniano
1448 5407 1629 5463 errori
1678 5408 1748 5462 de
1780 5411 1998 5465 sanctis
2030 5412 2134 5468 ho-

488 5476 768 5553 minibus,
803 5476 1061 5553 quivere
1094 5476 1301 5536 natura
1332 5480 1755 5553 angeliessent,
1791 5481 2130 5553 adhaesisse,

484 5563 553 5624 ex
583 5547 690 5624 ho_c
722 5547 932 5620 psalmi
965 5554 1386 5609 commentario
1414 5547 1827 5608 Genebrardus
1849 5547 2131 5624 suspica;

482 5621 600 5670 tur.
634 5619 819 5680 Quam
848 5637 982 5678 vero
1016 5625 1229 5679 ab‘hoc
1262 5641 1454 5679 errore
1486 5626 1542 5678 S.
1580 5624 1781 5676 doctor
1810 5619 2128 5680 abhorrue-
2174 5652 2177 5657 -

482 5687 580 5756 rit,
639 5689 904 5746 evincent
959 5710 1051 5767 ep.
1104 5698 1175 5752 ad
1234 5698 1448 5768 Evang.
1482 5696 1553 5749 de
1607 5692 2034 5749 Melchisedech
2068 5697 2127 5753 in

2262 4814 2593 4883 congregat,
2643 4825 2744 4879 per
2787 4808 3058 4863 timorem
3090 4813 3147 4863 et
3200 4810 3485 4867 malitiam
3532 4812 3806 4882 custodit,
3842 4815 3907 4867 ut

2262 4916 2374 4953 non
2417 4898 2653 4969 perdat:
2711 4902 2769 4951 et
2818 4899 2914 4967 qui
2972 4896 3264 4965 timorem,
3298 4904 3355 4955 et
3383 4901 3785 4972 cupiditatem,
3847 4904 3904 4954 et

2256 4986 2538 5043 malitiam
2585 4984 2779 5053 habet,
2814 4984 3087 5056 spiritum
3120 4987 3443 5059 malignum
3474 4989 3545 5044 de
3572 5005 3633 5044 se
3665 5004 3779 5046 non
3810 4989 3906 5043 de-

2245 5076 2395 5147 jicit.
2451 5097 2479 5125 ‹‹
2511 5074 2579 5129 Et
2618 5074 2944 5141 elevamini,
3004 5080 3183 5146 portae
3239 5076 3561 5148 aeternales,
3623 5098 3652 5127 »
3702 5076 3759 5132 id
3791 5080 3897 5148 est,

2251 5165 2395 5220 fides
2414 5170 2469 5219 et
2489 5163 2761 5219 Charitas.
2786 5164 3105 5219 Eternales
3130 5164 3425 5234 dicuntur,
3449 5166 3588 5238 quia
3617 5166 3690 5221 ab
3710 5166 3896 5221 Adam

2251 5272 2437 5327 usque
2495 5254 2566 5309 ad
2614 5252 2911 5309 Christum
2972 5252 3029 5306 in
3091 5252 3209 5308 imo
3257 5253 3610 5323 jacuerunt:
3663 5260 3721 5311 et
3766 5254 3896 5310 ideo

2247 5419 2448 5471 nostra
2476 5429 2696 5469 recens.
2728 5412 2799 5487 73
2829 5416 2887 5465 et
2936 5411 3029 5464 121
3084 5412 3156 5467 ad
3189 5414 3398 5487 _Algas.
3449 5419 3657 5487 quast,
3696 5416 3750 5479 1,
3781 5417 3891 5470 etc.

2245 5488 2392 5550 Quin
2462 5482 2786 5541 econtrario
2840 5499 3053 5556 novum
3114 5482 3319 5541 exinde
3380 5482 3662 5542 excudere
3719 5503 3895 5556 argu-

2244 5563 2504 5631 mentum
2529 5557 2663 5631 licet
2685 5559 2886 5631 contra
2916 5553 3164 5631 hujusce
3189 5558 3382 5631 operis
3412 5553 3885 5631 germanitatem.

2239 5629 2367 5682 Vid.
2403 5646 2529 5700 quae
2564 5628 2621 5681 in
2650 5641 2776 5694 cap.
2812 5639 2829 5677 ι
2859 5625 3053 5696 Aggcei
3087 5625 3516 5685 adnotavimus.
