4314 6602
418 504 532 562 9M

1593 501 2095 565 BREVIARIUM
2138 502 2217 562 1N
2263 500 2644 564 PSALMOS.

3700 509 3820 566 942

415 632 623 689 elevari
669 633 963 688 dicuntur.
994 633 1059 688 Et
1106 633 1356 687 introibit
1411 649 1509 688 rea:
1553 634 1762 704 gloriae,
1813 633 1920 688 hoc
1971 638 2058 688 est
2088 634 2142 699 Α
2172 631 2377 687 valere.
2414 634 2594 689 Portze
2646 632 2945 688 :eterxiales
2995 649 3142 704 quas
3194 632 3336 689 dicit
3384 633 3617 705 elevari,
3649 636 3815 706 ﬁdes,

416 722 706 787 Christus,
740 721 877 793 quia
925 738 1027 792 per
1074 722 1247 776 ﬁdem
1299 726 1355 776 et
1404 722 1748 776 charitatem
1804 722 2062 777 introivit

416 811 684 866 Christus
742 810 799 863 in
860 809 1199 865 Ecclesium.
1267 830 1287 858 α
1342 811 1409 864 Et
1466 810 1730 865 introibit
1786 829 1883 865 rex
1938 810 2061 882 glo-

416 899 535 963 riae,
568 921 596 947 ››
653 896 919 953 Christus
949 897 1234 953 Dominus
1288 897 1587 953 immensae
1636 898 1921 954 claritatis
1968 916 2060 954 re-

415 987 610 1041 tinens
661 1002 926 1058 regnum.
962 987 1029 1040 Hi
1080 1003 1311 1057 quoque
1344 987 1575 1042 attoniti
1607 993 1663 1042 et
1694 988 1905 1042 mentis
1937 992 2059 1043 stu-

416 1090 554 1146 pore
584 1075 838 1146 perculsi
889 1075 1089 1129 dicunt
1120 1092 1132 1130 :

488 1186 515 1213 «
547 1163 686 1226 Quis
719 1168 807 1217 est
840 1163 946 1218 iste
977 1181 1075 1217 rex
1108 1163 1303 1235 gloriae
1326 1164 1354 1218 ‘t
1387 1186 1413 1212 ››
1468 1164 1584 1219 Vox
1628 1166 1913 1234 majorum
1946 1166 2058 1218 daa-

415 1269 679 1307 monum.
716 1259 794 1306 Ac
826 1252 874 1307 si
919 1252 1179 1306 dicerent
1213 1268 1226 1307 :
1281 1253 1398 1309 Nos
1431 1258 1694 1307 nostrum
1728 1269 1918 1324 regem
1953 1252 2061 1307 ha-

416 1342 623 1397 bemus
647 1340 986 1408 diabolum;
1020 1340 1131 1395 iste
1164 1358 1262 1395 rex
1290 1341 1484 1413 gloria)
1517 1342 1649 1412 quis
1678 1342 1811 1395 est?
1844 1364 1869 1390 «
1897 1342 2071 1409 Quis,-

416 1430 632 1501 inquit,
667 1433 723 1484 et
753 1430 862 1485 iste
894 1446 993 1484 rex
1024 1430 1217 1501 gloria:
1238 1430 1265 1483 ‘?
1300 1453 1321 1482 ι
1378 1430 1710 1500 Respondet
1739 1430 1839 1500 qui
1870 1430 2060 1500 loqui-

418 1523 560 1573 tur:
617 1538 644 1570 (ι
673 1518 956 1573 Dominus
1012 1518 1182 1573 fortis
1231 1523 1289 1573 et
1338 1524 1562 1590 potr-ns.
1600 1541 1626 1566 ››
1679 1518 1798 1572 Vox
1827 1519 2059 1588 angelo-

419 1624 551 1663 rum
610 1609 921 1664 bonorum.
965 1607 1156 1662 Fortis
1214 1612 1324 1672 est,
1384 1607 1483 1677 qui
1541 1606 1800 1678 alligavit
1854 1607 2061 1661 fortem

414 1696 739 1768 principem
796 1700 1056 1751 vestrum
1118 1682 1313 1767 (Marc.
1374 1712 1456 1764 ιιι,
1499 1697 1611 1763 27).
1674 1696 1866 1761 Fortis,
1926 1712 2059 1750 cum

415 1785 673 1856 suscepit
720 1791 1007 1853 mortem;
1053 1790 1265 1856 potens,
1299 1800 1434 1839 cum
1482 1784 1620 1837 vicit
1650 1784 1966 1838 infernum.
2001 1791 2063 1840 1η

413 1876 631 1945 proelio,
656 1890 811 1941 cum,
846 1873 1094 1944 spoliato
1125 1875 1386 1941 Tartaro,
1423 1872 1655 1927 reduxit
1684 1889 1880 1927 secum
1915 1871 2062 1927 mul-

414 1964 727 2019 titudinem
760 1963 1141 2033 captivorum.
1173 1960 1398 2016 Clamat
1426 1962 1651 2028 iterato,
1684 1966 1741 2016 et
1769 1961 1911 2015 dicit
1944 1979 1957 2017 :

491 2074 512 2101 ι
547 2050 752 2106 Tollite
782 2056 1001 2122 portas,
1035 2050 1349 2122 principes,
1378 2056 1621 2118 vestras,
1647 2056 1703 2105 et
1731 2049 2058 2119 elevamini,

415 2144 594 2212 portae
624 2138 945 2194 eternales.
978 2160 1005 2188 »
1039 2138 1347 2193 Eleventur
1372 2138 1630 2194 aetherem
1654 2140 1852 2211 januze
1884 2158 1896 2195 :
1930 2157 2061 2211 ape-

417 2230 643 2283 riantur
672 2232 1021 2282 aeternarum
1051 2228 1261 2283 mdium
1290 2227 1487 2281 valvae.
1527 2249 1554 2280 α
1575 2232 1642 2283 Et
1671 2228 1936 2283 introibit
1965 2246 2063 2283 rex

418 2318 635 2387 glorise.
663 2337 692 2365 ››
724 2316 868 2380 Quia
898 2332 1012 2371 non
1036 2316 1228 2371 solum
1260 2320 1392 2387 post
1422 2318 1926 2385 resurrectionem,
1952 2318 2060 2373 im-

418 2421 683 2460 mensam
728 2404 989 2477 possedit
1038 2403 1362 2458 claritatem
1398 2422 1411 2459 :
1460 2421 1662 2459 verum
1695 2406 1869 2459 etiam
1903 2409 1958 2459 et
1984 2404 2061 2459 il-

415 2493 534 2548 lam
570 2510 747 2565 quam
781 2493 1063 2565 aequalem
1096 2509 1228 2547 eum
1260 2494 1427 2548 Patre
1467 2493 1674 2548 habuit
1716 2493 2061 2564 priusquam

410 2582 573 2637 ﬁeret
623 2584 900 2638 mundus.
958 2583 1282 2637 Adorantes
1330 2583 1511 2654 igitur
1555 2583 1615 2637 hi
1659 2586 1832 2638 tantae
1865 2582 2061 2654 gloria:

419 2672 650 2727 unicam
685 2671 1160 2744 singularemque
1188 2673 1529 2742 potentiam,
1562 2672 1728 2727 aiunt
1759 2688 1771 2726 :

489 2784 514 2810 «
547 2760 686 2823 Quis
716 2766 805 2816 est
834 2760 945 2816 iste
976 2778 1073 2816 rex
1113 2759 1307 2832 gloriae
1329 2762 1356 2814 ‘2
1390 2786 1410 2813 υ
1467 2762 1871 2831 Respondetur
1918 2760 2010 2815 his
2044 2778 2055 2811 :

410 2872 437 2900 ι(
469 2850 750 2905 Dominus
771 2850 1057 2905 virtutum
1081 2850 1204 2920 ipse
1228 2855 1315 2905 est
1339 2868 1433 2904 rex
1456 2850 1673 2922 gloriae.
1695 2872 1722 2900 »
1751 2849 2061 2905 Pluraliter

410 2939 504 2993 hic
537 2940 826 3006 virtutum,
861 2938 1124 2993 Christus
1158 2938 1507 3011 intelligitur
1539 2956 1551 2993 :
1590 2941 1727 3011 quia
1757 2956 1933 3010 super
1964 2955 2059 2996 no-

412 3043 537 3082 vem
571 3027 815 3083 virtutes
855 3027 1134 3082 cmlorum
1185 3028 1366 3083 sedet.
1399 3027 1501 3082 Vel
1556 3031 1823 3083 virtutum
1871 3028 2010 3083 dicit
2044 3045 2055 3081 :

413 3115 552 3187 quia
582 3132 759 3186 super
797 3132 1002 3171 omnes
1051 3116 1294 3171 virtutes
1344 3116 1582 3183 diaboli,
1617 3119 1900 3173 Dominus
1949 3123 2056 3173 est.

408 3204 509 3260 Vel
534 3207 807 3259 virtutum
836 3205 1090 3259 dicitur:
1125 3205 1264 3276 quia
1294 3205 1564 3261 diabolus
1595 3223 1797 3261 novem
1827 3207 2060 3261 ordines

412 3293 751 3365 angelorum
785 3294 895 3348 sub
923 3310 1030 3348 sua
1058 3293 1265 3349 habuit
1285 3295 1704 3361 dominatione,
1730 3299 1849 3349 sive
1876 3297 2056 3350 bonos

410 3362 530 3437 sive
564 3382 771 3437 malos.
810 3404 831 3431 ιι
865 3381 1072 3436 Tollite
1105 3387 1323 3453 portas.
1362 3404 1389 3431 ››
1432 3383 1554 3438 Vox
1586 3384 1926 3450 angelorum
1962 3384 2057 3438 bo-
2089 3362 2130 3427 (ἶ

414 3488 645 3526 norum.
669 3470 769 3526 Vel
802 3488 907 3525 vox
930 3471 1233 3526 Dominiea
1263 3472 1333 3526 ad
1364 3472 1603 3542 angelos
1634 3474 1835 3527 bonos.
1875 3493 1902 3521 (ι
1929 3471 2058 3527 Tol-

412 3557 510 3614 lite
542 3564 761 3631 portas,
791 3581 817 3607 ››
850 3559 957 3613 hoc
988 3563 1095 3629 est,
1130 3560 1267 3630 quia
1300 3561 1532 3631 quando
1562 3561 1746 3615 Adam
1777 3560 2055 3631 peccavit,

414 3652 591 3721 portis
621 3648 871 3719 paradisi
908 3647 1119 3703 clausae
1161 3649 1397 3704 fuerunt
1431 3667 1443 3704 :
1500 3654 1557 3705 et
1603 3651 1738 3705 data
1781 3655 1870 3705 est
1903 3667 2056 3705 rom-

410 3737 576 3809 phaea
629 3738 799 3808 ignea
848 3735 1053 3808 angelo
1102 3737 1432 3809 Seraphim,
1467 3742 1532 3792 ut
1578 3755 1711 3793 eum
1763 3739 2059 3794 custodire

412 3826 647 3881 deberet
676 3826 830 3897 (Gen.
868 3844 951 3893 ιιι,
982 3827 1092 3896 24).
1151 3827 1263 3881 Sed
1313 3832 1623 3899 postquam
1662 3828 1930 3883 Christus
1959 3845 2059 3883 ve-

415 3914 501 3969 nit
551 3914 609 3970 in
661 3915 970 3979 mundum,
1006 3918 1064 3969 et
1107 3914 1347 3972 luctavit
1384 3933 1517 3971 cum
1551 3916 1799 3985 diabolo,
1835 3917 2062 3987 aperuit

412 4003 730 4073 infernum,
765 4009 822 4058 et
849 4004 1078 4059 animas
1111 4010 1449 4060 sanctorum
1480 4022 1675 4061 secum
1707 4006 1910 4061 eduxit
1941 4024 1953 4061 :
2002 4011 2061 4061 et

414 4108 546 4147 cum
601 4092 823 4164 angelis
880 4093 1048 4148 bonis
1109 4093 1181 4148 ad
1239 4094 1494 4150 coelestia
1550 4095 1844 4149 remeavit.
1897 4095 2060 4149 Tunc
2118 4132 2123 4139 -

413 4186 593 4252 portae
639 4180 916 4252 paradisi,
952 4197 1078 4252 qum
1131 4185 1264 4236 ante
1311 4182 1518 4239 clausa:
1567 4185 1814 4253 fuerant,
1848 4188 2059 4256 aperta:

417 4273 575 4324 sunt.
621 4268 718 4323 Vel
780 4292 797 4317 α
834 4274 1012 4340 portae
1061 4269 1380 4335 mternales,
1416 4293 1443 4320 ››
1498 4271 1688 4343 angeli
1736 4272 2057 4327 dicuntur:

414 4374 518 4430 per
546 4374 796 4429 quorum
824 4357 1170 4425 custodiam,
1206 4359 1277 4413 ad
1306 4358 1560 4414 ecelestia
1590 4361 2059 4416 conscendimus.

414 4444 658 4503 Elevatae
708 4447 1002 4512 dicuntur,
1041 4446 1178 4517 quia
1224 4451 1397 4502 antea
1448 4464 1649 4503 omnes
1689 4449 1896 4503 animae
1927 4466 2061 4504 san-

413 4540 642 4592 ctorum
673 4537 743 4591 ad
778 4535 1071 4591 infernum
1118 4536 1565 4591 descendebant.
1598 4537 1708 4591 Sed
1752 4543 2063 4609 postquam

416 4624 685 4682 Christus
718 4626 982 4681 ascendit
1012 4641 1129 4679 una
1160 4641 1293 4680 cum
1328 4642 1569 4697 corpore
1596 4643 1703 4681 suo
1736 4643 1912 4698 super
1942 4644 2064 4682 om-

2090 1995 2138 2060 B

2172 721 2445 792 charitas,
2470 727 2525 777 et
2556 722 2795 777 castitas
2824 726 2931 787 est,
2962 724 3100 793 quia
3134 739 3234 792 per
3262 721 3368 777 has
3399 727 3517 778 tres
3549 723 3816 780 Christus

2171 810 2484 865 Ecclesium
2547 810 2891 881 ingreditur.
2955 831 2982 860 ‹‹
3022 810 3160 873 Quis
3216 815 3304 866 est
3360 811 3470 867 iste
3529 829 3627 867 rex
3691 813 3816 885 glo-

2171 899 2266 953 riae
2292 899 2319 953 ‘t
2349 921 2374 948 »ι
2428 903 2698 953 Humana
2751 898 3035 965 fragilitas
3085 900 3383 970 respondit
3416 918 3429 955 :
3492 921 3519 953 α
3547 901 3688 965 Quis
3728 908 3815 957 est

2173 988 2327 1042 iste?
2383 995 2461 1041 Ac
2491 987 2540 1041 si
2571 989 2809 1042 dicant:
2865 987 2977 1042 Iste
3027 994 3114 1042 est
3152 1005 3323 1059 quem
3366 1006 3473 1044 nos
3524 990 3814 1045 cruciﬁxi—

2171 1092 2326 1143 mus,
2356 1081 2413 1130 et
2442 1075 2987 1147 improperavimus,
3023 1093 3088 1131 ac
3119 1093 3222 1148 pro
3254 1077 3439 1132 nihilo
3468 1077 3808 1134 habuimus.

2171 1164 2587 1234 Respondent:
2642 1185 2669 1212 ‹‹
2704 1165 2982 1219 Dominus
3027 1164 3331 1232 virtutum,
3366 1188 3395 1215 »
3444 1166 3502 1221 id
3555 1171 3664 1238 est,
3712 1166 3813 1238 qui

2170 1260 2435 1306 mortuus
2469 1257 2555 1306 est
2587 1252 2655 1306 ad
2690 1257 2923 1324 tempus
2954 1270 3022 1306 ex
3051 1252 3393 1309 infirmitate
3422 1255 3612 1310 carnis
3648 1271 3660 1308 :
3711 1256 3812 1310 sed

2170 1356 2323 1395 nunc
2354 1340 2491 1395 vivit
2521 1358 2587 1395 ex
2618 1341 2830 1395 virtute
2861 1341 2960 1395 Dei
3002 1343 3074 1410 (Il
3100 1345 3222 1399 Cor.
3258 1344 3381 1410 xiii,
3418 1344 3493 1412 4).
3549 1343 3650 1398 Vel
3698 1344 3812 1398 vir-

2168 1434 2265 1483 tus
2299 1429 2425 1497 fuit,
2460 1430 2692 1499 quando
2724 1429 2868 1483 dixit
2897 1430 3133 1485 Thomas
3159 1448 3171 1483 :
3205 1432 3357 1502 In/er
3384 1431 3625 1500 digitum
3652 1438 3815 1486 tuum

2170 1519 2234 1571 in
2265 1519 2441 1572 locum
2471 1519 2768 1585 clavorum,
2802 1524 2852 1573 et
2882 1521 3041 1573 mitte
3084 1537 3308 1574 manum
3360 1523 3512 1575 tuam
3559 1523 3622 1575 in
3671 1521 3814 1575 latus

2168 1623 2374 1673 meum,
2428 1610 2479 1661 et
2532 1608 2650 1660 noli
2705 1623 2815 1661 esse
2865 1608 3203 1675 incredulus,
3251 1608 3345 1663 sed
3398 1607 3577 1678 ﬁdelis
3634 1611 3810 1676 (Joan.

2170 1711 2266 1760 xx,
2304 1696 2417 1764 27).
2478 1696 2739 1749 Dominus
2798 1697 3059 1750 virtutum
3116 1696 3349 1762 dicitur,
3401 1696 3553 1751 sicut
3598 1696 3813 1752 Paulus

2170 1784 2296 1839 ait:
2350 1785 2485 1852 Quis
2531 1800 2631 1838 nos
2675 1784 2949 1854 separabit
3002 1801 3037 1838 a
3091 1784 3367 1839 charitate
3415 1785 3637 1839 Christi.
3692 1787 3810 1839 Tri-

2172 1872 2398 1939 bulatio,
2433 1889 2506 1927 an
2538 1875 2813 1942 angustia,
2845 1890 2919 1927 an
2944 1876 3266 1943 persecutio,
3297 1878 3356 1928 et
3385 1874 3609 1945 reliqua
3636 1873 3810 1945 (Rom.

2168 1976 2292 2027 Vin,
2339 1963 2450 2032 35).
2504 1963 2694 2017 Item:
2748 1985 2776 2013 ιι
2808 1961 3014 2017 Tollite
3074 1968 3291 2034 portas,
3350 1963 3663 2035 principes,
3714 1980 3814 2018 ve-

2172 2055 2345 2105 stras.
2369 2071 2397 2101 ››
2432 2049 2553 2105 Vox
2581 2051 2948 2122 angelorum,
2981 2051 3081 2121 qui
3111 2067 3246 2106 cum
3276 2050 3505 2107 Christo
3534 2053 3606 2107 ad
3638 2052 3813 2107 infer-

2174 2155 2316 2195 num
2368 2138 2812 2204 descenderunt,
2861 2140 2933 2193 ad
2981 2138 3278 2208 subjectos
3324 2139 3541 2195 diaboli
3588 2139 3812 2194 dicunt.

2173 2227 2504 2282 Ostendunt
2532 2243 2593 2282 se
2626 2226 2949 2298 principem
2982 2225 3219 2281 illorum
3264 2226 3511 2298 ligatum
3554 2227 3766 2282 ducere
3796 2245 3811 2282 :

2174 2339 2201 2366 ‹‹
2233 2315 2443 2371 Tollite
2475 2320 2709 2387 portas;
2742 2339 2770 2367 υ
2824 2316 2962 2387 quia
2994 2315 3187 2370 fracta
3217 2320 3355 2370 sunt
3385 2320 3581 2388 portae,
3615 2316 3671 2370 id
3705 2320 3814 2385 est,

2172 2408 2432 2474 potestas
2462 2403 2696 2459 illorum
2728 2409 2870 2459 tunc
2901 2405 3195 2459 abstracta
3224 2409 3329 2459 est.
3382 2427 3410 2454 ‹‹
3447 2406 3512 2459 Et
3540 2404 3816 2460 elevami-

2174 2492 2254 2561 ni,
2287 2500 2464 2564 porta:
2510 2493 2834 2549 mternales.
2867 2513 2893 2546 ιι
2949 2492 3015 2547 Et
3052 2497 3192 2548 tunc
3223 2493 3451 2549 elevata:
3483 2498 3621 2549 sunt
3651 2498 3816 2549 teter-

2173 2581 2357 2650 nales,
2392 2582 2448 2636 id
2506 2587 2594 2637 est
2640 2581 2847 2637 animae
2881 2585 3219 2637 sanctorum
3251 2582 3324 2637 de
3354 2581 3599 2637 inferno.
3634 2583 3814 2637 {Eter-

2173 2669 2333 2725 nales
2386 2671 2680 2737 dicuntur,
2715 2669 2854 2741 quia
2882 2686 3114 2741 semper
3145 2670 3271 2725 sine
3300 2671 3415 2725 ﬁne
3446 2671 3600 2740 apud
3634 2671 3814 2727 Deum

2172 2759 2467 2831 regnaturi
2514 2764 2673 2815 sunt.
2730 2782 2757 2808 «
2790 2758 3074 2813 Dominus
3103 2758 3409 2828 virtutum,
3442 2758 3568 2827 ipse
3599 2762 3689 2813 est
3716 2775 3815 2814 rex

2170 2849 2383 2921 gloriae.
2436 2854 2545 2903 Pro
2594 2850 2818 2904 Domino
2866 2851 3155 2914 virtutum,
3197 2848 3255 2903 in
3312 2847 3549 2902 Hebraeo
3600 2846 3815 2919 legitur

2169 2940 2430 2995 Dominus
2478 2938 2734 3005 Sabaoth,
2782 2939 2936 3009 quod
2988 2938 3047 2992 in
3093 2937 3204 2992 alio
3252 2936 3378 2994 loco
3431 2937 3814 3008 Septuaginta

2172 3030 2518 3099 Interpretes
2593 3030 3016 3098 omnipotentem
3090 3026 3541 3083 transtulerunt.
3609 3025 3811 3082 Merito

2175 3117 2450 3172 virtutum
2474 3117 2776 3182 Dominus,
2805 3116 2907 3189 qui
2940 3133 3040 3187 pro
3065 3116 3233 3171 nobis
3264 3116 3438 3171 homo
3466 3116 3655 3171 factus
3684 3119 3774 3170 est
3798 3131 3811 3170 :

2171 3207 2342 3260 morti
2378 3206 2648 3272 traditus,
2680 3204 3067 3260 infernalibus
3097 3210 3185 3259 est
3213 3204 3469 3260 tenebris
3501 3203 3767 3259 addictus
3797 3220 3810 3258 :

2171 3294 2324 3366 quod
2380 3294 2695 3349 clementer
2741 3293 3022 3366 suscepit,
3056 3293 3343 3365 patienter
3372 3292 3659 3360 toleravit,
3694 3292 3812 3348 for-

2169 3383 2306 3438 titer
2369 3383 2527 3449 vicit,
2586 3381 2933 3437 mirabiliter
2988 3382 3435 3438 consummavit.
3507 3381 3612 3445 Qui
3680 3397 3815 3436 cum

2169 3473 2379 3526 virtute
2434 3470 2666 3543 propria
2718 3470 2950 3530 calcans
3000 3470 3265 3524 inferos:
3324 3486 3456 3524 cum
3513 3468 3813 3539 triumpho

2167 3559 2398 3615 rediens
2447 3561 2518 3614 ad
2573 3576 2815 3631 superos
2849 3577 2862 3614 :
2917 3575 3049 3613 cum
3089 3556 3275 3631 gloria
3303 3556 3564 3613 ascendit
3595 3556 3665 3612 ad
3702 3574 3813 3612 eoa-

2169 3647 2257 3703 los
2292 3665 2305 3702 :
2356 3648 2518 3703 sedet
2563 3664 2718 3702 nunc
2749 3647 2820 3702 ad
2852 3648 3147 3702 dexteram
3184 3647 3279 3702 Dei
3310 3647 3500 3701 Patris
3538 3647 3814 3718 omnipo-

2168 3738 2363 3809 tentis,
2424 3736 2801 3811 interpellans
2856 3736 3071 3792 nostris
3122 3736 3344 3809 jugiter
3399 3754 3501 3808 pro
3559 3734 3809 3791 delictis.

2170 3832 2377 3882 Amen.

2703 3969 3032 4024 PSALMUS
3084 3968 3275 4024 XXIV.

2172 4078 2427 4133 Psatmus
2453 4075 2643 4131 David.
2667 4075 2994 4130 Vicesimus
3019 4079 3260 4145 quartus
3291 4073 3556 4145 psalmus
3588 4072 3812 4129 media-

2241 4149 2385 4202 toris
2416 4147 2597 4201 nostri
2631 4147 2874 4200 missam
2909 4148 2979 4201 ad
3012 4144 3237 4201 Patrem
3269 4144 3526 4200 continet
3562 4161 3761 4200 vocem
3795 4161 3809 4200 :

2243 4220 2537 4273 interdum
2568 4218 2742 4273 habet
2763 4216 3026 4273 Ecclesiae
3059 4216 3447 4289 supplicantis
3473 4215 3809 4273 clamorem.

2250 4385 2269 4411 ι
2306 4362 2388 4415 Ad
2436 4363 2513 4427 te,
2548 4358 2813 4427 Domine,
2844 4359 3024 4415 levavi
3073 4358 3329 4414 animam
3384 4375 3595 4414 meam.
3627 4379 3654 4411 ιι
3712 4357 3815 4414 Hic

2172 4469 2280 4506 vox
2312 4450 2571 4505 Ecclesia:
2605 4448 2952 4521 intelligitur
2981 4448 3050 4503 ad
3084 4447 3398 4502 Christum.
3428 4448 3624 4503 Levavi
3652 4447 3815 4514 dicit,

2175 4541 2232 4596 id
2265 4544 2370 4607 est,
2403 4537 2657 4595 elevavi:
2694 4538 2793 4609 qui
2828 4537 2991 4609 prius
3020 4537 3079 4591 in
3112 4536 3259 4591 valle
3289 4536 3703 4609 lacrymarum,
3730 4534 3819 4591 vel

2174 4631 2233 4684 in
2266 4628 2383 4683 imo
2407 4628 2651 4698 jacehat
2666 4624 2939 4692 Ecclesia,
2962 4630 3278 4696 antequam
3308 4625 3573 4680 Christus
3602 4624 3823 4681 veniret

418 4728 522 4768 nos
554 4713 797 4768 virtutes
826 4712 1125 4780 eoslorum,
1156 4719 1286 4784 post
1319 4714 1506 4785 angeli
1541 4715 1715 4769 laetati
1745 4721 1906 4780 sunt,
1930 4716 2069 4786 quia
2098 4726 2143 4791 Β
2175 4717 2234 4772 in
2263 4717 2611 4772 munduum.
2637 4714 2701 4769 In
2729 4714 2867 4786 quid
2893 4713 3184 4769 elevavit?
3211 4713 3327 4768 Hoc
3349 4718 3460 4783 est,
3480 4714 3538 4768 in
3562 4728 3685 4785 spe,
3713 4714 3822 4770 ﬁde

371 4847 376 4852 .
424 4803 654 4857 animas
687 4806 1021 4857 sanctorum
1055 4803 1210 4873 apud
1260 4821 1319 4858 se
1368 4803 1505 4857 illuc
1555 4803 1813 4858 deduxit.
1866 4828 1890 4853 α
1928 4805 2068 4871 Quis

422 4894 511 4946 est
541 4890 651 4946 iste
683 4906 782 4945 rex
813 4889 1009 4961 gloriae
1032 4890 1062 4945 ‘I
1101 4890 1223 4946 Vox
1252 4892 1614 4964 angelorum,
1649 4893 1745 4965 qui
1780 4894 1932 4965 apud
1966 4894 2069 4949 Pa-

422 4985 569 5034 trem
602 4996 832 5048 semper
861 4982 1091 5034 fuerant
1120 4999 1133 5050 ;
1169 4998 1233 5035 ac
1268 4982 1315 5036 si
1349 4982 1607 5036 dicerent
1641 4999 1653 5036 :
1697 4983 1811 5040 Nos
1844 4982 2069 5039 Patrem

426 5072 481 5123 et
511 5067 723 5123 Filium
765 5085 997 5140 semper
1047 5069 1223 5124 simul
1279 5087 1406 5125 esse
1458 5070 1767 5126 videmus:
1823 5072 1931 5127 iste
1976 5090 2072 5128 rex

425 5156 619 5230 gloria).
651 5157 784 5229 quis
814 5157 949 5212 est?
979 5158 1086 5213 Pro
1118 5164 1281 5231 parte
1312 5160 1505 5213 carnis
1535 5159 1804 5215 dicebant
1834 5179 1845 5215 :
1881 5185 1907 5211 α
1939 5162 2071 5215 Tol-

426 5246 526 5300 lite
582 5250 797 5318 portas.
836 5268 862 5295 ››
911 5249 1032 5300 Vox
1081 5248 1374 5319 prophetae
1415 5248 1483 5303 de
1515 5247 1752 5319 Judaeis,
1805 5248 2074 5305 «Tollite

429 5343 644 5408 portas,
682 5358 708 5385 ››
741 5336 797 5391 id
830 5340 919 5390 est
949 5338 1307 5409 superbiam,
1343 5343 1399 5394 et
1428 5339 1830 5410 cupiditatem,
1863 5332 1919 5393 et
1949 5357 2075 5395 ava-

430 5424 624 5479 ritiam
654 5442 667 5479 ε
698 5424 834 5495 quia
858 5442 956 5495 per
981 5423 1089 5481 has
1112 5430 1250 5496 tres,
1276 5428 1470 5483 omnis
1494 5428 1666 5483 homo
1688 5427 1757 5481 ad
1782 5426 2075 5482 infernum

430 5513 836 5569 descendebat.
866 5512 963 5567 Vel
986 5512 1201 5570 elevate
1236 5521 1451 5587 portas,
1480 5516 1788 5589 principes,
1814 5522 2035 5571 vestras
2061 5534 2072 5570 :

431 5619 534 5673 pro
568 5618 681 5674 quo
714 5600 771 5655 in
806 5602 1040 5656 lle!)er
1075 5603 1331 5672 positum
1375 5611 1462 5660 est
1496 5622 1505 5658 :
1565 5627 1589 5657 α
1624 5610 1845 5667 Levate,
1880 5611 2073 5676 porta),

432 5692 622 5761 capita
673 5697 901 5755 vestra;
938 5712 963 5737 η
1024 5696 1176 5746 recto
1229 5695 1490 5747 ferantur
1522 5694 1740 5748 itinere.
1775 5694 1856 5748 Ad
1893 5696 2077 5764 perfe-

437 5783 593 5834 ctum
629 5779 929 5834 munditiae
963 5779 1105 5834 dicit
1136 5781 1434 5838 hominem
1466 5784 1661 5838 venire
1703 5800 1815 5838 non
1860 5800 2030 5855 posse
2065 5802 2077 5839 :

436 5873 493 5924 et
523 5883 879 5942 quemquam
931 5866 1002 5924 ad
1034 5872 1371 5941 .perfcctum
1411 5871 1711 5929 munditiae
1740 5872 1935 5929 venire
1964 5887 2083 5929 non

2177 4812 2234 4862 et
2281 4798 2580 4870 charitate,
2623 4820 2725 4875 per
2772 4803 3318 4870 sanetilicationem,
3373 4804 3511 4875 quia
3561 4803 3822 4858 triticum

2181 4896 2229 4951 si
2255 4896 2313 4948 in
2345 4895 2461 4948 imo
2484 4894 2694 4963 jaceat,
2720 4892 3169 4963 computrescit;
3206 4892 3253 4946 si
3281 4908 3519 4947 sursum
3547 4892 3825 4959 elevatur,

2180 4982 2527 5039 custoditur.
2564 4980 2658 5037 Sic
2689 4985 2747 5035 et
2778 4980 2994 5047 anima,
3031 4981 3079 5034 si
3114 4981 3168 5033 in
3206 4984 3572 5051 peccatorum
3628 4983 3824 5048 putre-

2181 5072 2335 5139 dine,
2368 5071 2477 5125 hoc
2528 5075 2637 5138 est,
2680 5069 2726 5124 si
2778 5069 2837 5122 in
2888 5069 3006 5123 imo
3048 5070 3260 5139 jaceat,
3305 5066 3724 5138 computrescit
3769 5070 3827 5120 et

2183 5163 2348 5233 perit,
2384 5160 2529 5215 Nam
2561 5159 2608 5213 si
2645 5175 2881 5212 sursum
2914 5158 3170 5213 elevatur
3201 5157 3261 5210 in
3310 5157 3400 5211 his
3448 5154 3823 5226 supradictis,

2183 5268 2306 5321 spe,
2340 5250 2451 5303 {ide
2482 5254 2537 5303 et
2566 5248 2868 5317 charitate,
2906 5246 3235 5301 custoditur
3274 5263 3307 5299 a
3335 5245 3470 5299 Deo.
3506 5244 3627 5310 Vel,
3684 5263 3707 5290 ι
3742 5242 3826 5296 Ad

2184 5345 2258 5409 te,
2292 5338 2557 5404 Domine,
2591 5336 2769 5391 levavi
2814 5336 3069 5391 animam
3116 5351 3306 5390 meam
3344 5357 3365 5385 ι
3429 5350 3528 5405 per
3573 5347 3825 5387 crucem.

2188 5452 2214 5477 «
2250 5429 2400 5484 Deus
2443 5444 2627 5495 meus,
2661 5426 2719 5480 in
2768 5430 2822 5480 te
2870 5425 3116 5495 conﬁdo,
3152 5445 3177 5472 »ι
3234 5422 3495 5478 Ecclesiae
3544 5420 3829 5475 confessio

2188 5522 2319 5572 est:
2375 5517 2500 5569 «In
2561 5521 2614 5570 te
2673 5514 2921 5576 confido,
2959 5536 2984 5560 ››
3047 5529 3157 5566 non
3220 5512 3278 5565 in
3338 5526 3453 5575 me,
3495 5511 3595 5565 sed
3645 5510 3704 5564 in
3755 5514 3830 5566 te.

2190 5630 2216 5653 ‹‹
2255 5605 2377 5659 Non
2411 5605 2777 5667 erubescam,
2811 5626 2836 5652 ››
2884 5602 3019 5671 quia
3053 5602 3107 5653 in
3141 5599 3377 5653 homine
3408 5616 3518 5653 non
3556 5599 3784 5653 conﬁdo
3819 5617 3832 5655 :

2191 5694 2260 5748 de
2293 5693 2507 5763 quibus
2540 5694 2761 5746 dictum
2797 5696 2886 5744 est
2920 5708 2929 5742 :
2985 5689 3296 5743 Hii/edictus
3348 5690 3506 5743 homo
3552 5691 3649 5759 qui
3690 5706 3837 5759 spem

2191 5799 2355 5837 suam
2402 5782 2555 5851 ponit
2609 5783 2666 5836 in
2720 5780 2936 5835 homine
2980 5779 3194 5847 (Jerem.
3244 5795 3380 5843 xvii,
3429 5780 3529 5849 5);
3579 5784 3680 5833 et:
3732 5781 3838 5833 Be-

2197 5870 2446 5926 nedictus
2474 5869 2565 5923 vir
2595 5868 2691 5939 qui
2719 5865 2939 5936 conﬁdit
2970 5868 3029 5921 in
3060 5867 3288 5924 Domino
3328 5866 3499 5940 (Psal.
3536 5881 3731 5933 xxxm,
3760 5866 3837 5936 9).
