4314 6568
518 422 631 479 943

1998 418 2422 479 ΑΡΡΕΝΒΙΧ.

3802 412 3921 470 944

515 549 640 603 Non
699 547 776 601 sit
828 546 1030 601 dilatio
1085 518 1550 616 resurrehtionis,
1596 566 1725 621 que
1773 548 2153 622 approbrium
2185 552 2240 616 Α
2275 550 2538 606 Domine.
2574 573 2592 598 ιι
2651 549 2798 614 Quia
2830 563 3105 619 provocas
3138 548 3470 617 peccatores
3509 542 3583 599 ad
3632 542 3917 613 peniten-

514 639 750 708 generet
778 634 932 690 inter
960 637 1284 692 credentes.

586 765 613 790 ‹‹
646 746 844 812 Neque
873 741 1152 797 irrideant
1174 760 1266 797 me
1296 742 1517 797 inimici
1554 744 1684 798 mei.
1717 768 1737 792 ιι
1774 744 1881 807 Qui
1907 762 1999 799 me
2030 744 2161 798 irri-

516 833 713 884 serant
741 829 905 899 prius
938 846 1071 883 cum
1103 830 1353 884 dicerem
1390 847 1403 884 :
1456 833 1682 885 Possum
1718 832 1999 886 destruere
2030 837 2163 887 tem-

512 918 692 988 plum,
725 917 900 972 ethoc
928 918 984 971 in
1018 918 1203 973 triduo
1242 919 1581 987 reediﬁeare
1630 919 1832 990 (Matth.
1867 937 2017 989 xxvx,
2050 922 2160 986 61).

519 1010 705 1077 Neque
732 1005 998 1061 irrideant
1044 1023 1128 1061 me
1176 1008 1406 1061 inimici
1452 1010 1601 1069 mei;
1652 1008 1708 1061 id
1742 1013 1831 1061 est
1858 1008 1941 1061 illi
1973 1008 2075 1078 qui
2106 1008 2165 1061 in

521 1094 756 1149 homine
787 1096 1192 1149 tantummodo
1218 1096 1542 1159 confidunt,
1567 1097 1706 1166 quia
1737 1101 2047 1166 postquam
2073 1095 2167 1149 ille

524 1183 783 1238 defectus
830 1182 1020 1251 fuerit,
1075 1182 1296 1238 inimici
1346 1183 1609 1254 ipsorum
1660 1184 1907 1238 irrident
1958 1185 2059 1238 ei:
2110 1188 2168 1238 et

524 1269 747 1325 inimici
794 1270 1059 1325 Ecclesie
1108 1277 1247 1325 sunt
1295 1272 1608 1337 demones,
1641 1271 1913 1337 heretici,
1946 1270 2085 1325 vitia
2113 1275 2169 1325 et

525 1361 777 1429 peccata.
829 1381 857 1407 «
891 1359 1117 1413 Etenim
1170 1359 1423 1414 universi
1479 1360 1577 1431 qui
1636 1367 1691 1415 te
1746 1365 2100 1430 exspectant,
2138 1382 2165 1409 ››

525 1445 625 1516 qui
657 1450 711 1501 te
742 1446 1053 1511 sustinent,
1089 1464 1201 1501 non
1235 1448 1685 1515 confundantur.
1720 1470 1748 1496 »
1806 1448 2003 1518 Neque
2050 1447 2165 1517 hic,

523 1550 712 1604 neque
743 1534 802 1588 in
836 1534 1029 1589 futuro
1056 1552 1068 1589 :
1102 1535 1368 1606 apostoli,
1393 1536 1480 1590 vel
1511 1535 1569 1589 hi
1604 1535 1702 1606 qui
1727 1535 2001 1590 credituri
2030 1543 2171 1589 sunt

522 1638 627 1693 per
653 1625 896 1677 verbum
927 1638 1129 1677 eorum
1161 1623 1221 1677 in
1253 1629 1331 1677 te.

592 1769 620 1796 «
655 1746 1101 1801 Confundantur
1156 1746 1359 1817 iniqua
1415 1752 1653 1818 agentes
1710 1762 2090 1817 supervacue.
2142 1767 2161 1792 ι

522 1834 814 1905 Propheta
862 1850 977 1889 non
1034 1836 1309 1905 optando,
1358 1836 1459 1889 sed
1521 1835 1922 1906 prophetando
1982 1835 2166 1889 dicit:

522 1922 969 1976 Confundantur
989 1921 1046 1975 in
1069 1922 1162 1976 die
1184 1922 1393 1992 judieii
1426 1921 1532 1988 illi,
1558 1923 1658 1993 qui
1690 1938 1877 1994 usque
1907 1922 1966 1976 in
1990 1922 2165 1977 finem

523 2010 583 2063 in
618 2008 901 2063 malitiam
934 2009 1195 2081 ipsorum
1242 2016 1650 2081 perseverant;
1705 2010 1790 2065 illi
1839 2010 1939 2075 qui
1994 2026 2171 2082 super

523 2103 920 2169 perpetratum
950 2098 1006 2152 in
1042 2115 1134 2153 me
1164 2098 1357 2154 scelus
1387 2099 1530 2154 illud
1565 2100 1939 2166 addiderunt,
1981 2104 2045 2154 ut
2092 2099 2167 2154 si-

523 2186 677 2258 gillis
708 2186 1004 2242 tumulum
1054 2188 1507 2243 communirent.
1534 2188 1729 2260 Usque
1752 2189 1864 2244 huc
1887 2189 2170 2244 Dominus

525 2277 598 2330 de
646 2276 917 2346 passione
970 2294 1117 2344 sua;
1180 2276 1315 2331 hinc
1371 2295 1480 2332 vox
1536 2279 1795 2333 succedit
1854 2278 2168 2333 Ecclesiae:

526 2380 653 2434 quae
686 2368 817 2436 post
845 2368 1330 2421 resurrectionem
1364 2367 1727 2422 Dominicam
1773 2383 1835 2421 se
1881 2367 2175 2439 supplicat

524 2454 773 2509 edoceri.

595 2583 623 2610 ‹‹
658 2560 794 2616 Vias
848 2566 1003 2627 tuas,
1040 2562 1298 2630 Domine,
1345 2565 1683 2619 demonstra
1733 2564 1925 2619 mihi:
1978 2568 2035 2618 et
2083 2580 2174 2618 se-

525 2650 706 2705 mitas
736 2654 868 2705 tuas
897 2650 1073 2705 edoce
1104 2668 1214 2706 me.
1250 2676 1275 2701 ››
1332 2651 1467 2707 lllas
1515 2670 1618 2724 per
1664 2670 1811 2723 quas
1855 2653 2083 2708 venitur
2113 2652 2173 2707 in

525 2753 770 2810 regnum
818 2743 1011 2809 tuum,
1055 2740 1141 2794 vel
1192 2740 1313 2795 vias
1361 2746 1541 2796 tuas:
1599 2742 1702 2795 hoc
1756 2747 1867 2807 est,
1898 2742 2177 2796 mandata

526 2833 664 2883 tua:
699 2833 866 2883 notas
898 2829 1006 2897 fac,
1032 2828 1139 2883 hoc
1171 2834 1279 2895 est,
1306 2830 1644 2884 demonstra
1675 2830 1841 2897 mihi,
1870 2854 1895 2877 ‹‹
1923 2830 2173 2884 Semitas

527 2920 663 2971 tuas
692 2917 867 2971 edoce
898 2932 1010 2970 me.
1045 2938 1073 2965 ››
1118 2916 1339 2971 Semita
1368 2935 1561 2972 minor
1590 2924 1678 2972 est
1708 2934 1881 2989 quam
1913 2917 2041 2983 via;
2076 2934 2177 2987 per

531 3002 804 3059 semitam
857 3002 1209 3074 intelligitur
1266 3011 1427 3059 arcta
1482 3010 1539 3060 et
1596 3013 1846 3077 angusta
1893 3006 2005 3073 via,
2050 3022 2173 3076 que

533 3090 696 3146 ducit
722 3091 795 3146 ad
822 3090 1002 3146 vitam
1034 3092 1242 3162 (Matth.
1278 3110 1375 3161 vn,
1413 3095 1519 3164 14).

606 3214 862 3286 «Dirige
918 3231 1009 3269 me
1065 3214 1122 3269 in
1181 3216 1420 3271 veritate
1476 3222 1595 3273 tua.
1630 3241 1657 3269 »
1714 3218 1833 3273 Vox
1882 3217 2169 3273 Ecclesiae.

532 3326 562 3354 «
591 3303 784 3376 Dirige
811 3320 924 3367 me,
956 3323 981 3354 η
1031 3305 1167 3375 quia
1197 3322 1302 3376 ego
1335 3311 1633 3362 tortuosus
1662 3324 1816 3362 sum.
1875 3329 1901 3357 «
1934 3307 1996 3361 In
2028 3305 2172 3361 veri-

532 3397 651 3448 tate
680 3397 804 3461 tua,
838 3416 866 3443 »
900 3393 1007 3447 hoc
1040 3398 1147 3455 est,
1181 3394 1239 3448 in
1272 3394 1500 3450 Christo
1533 3400 1633 3451 tuo
1668 3412 1681 3451 :
1735 3420 1754 3443 ι
1791 3397 1964 3451 edoce
1996 3411 2111 3462 me,
2146 3416 2173 3442 »

534 3487 600 3536 ut
629 3481 773 3537 nihil
804 3497 1072 3553 perverse
1103 3498 1294 3553 agam.
1344 3506 1371 3532 ‹‹
1406 3484 1551 3549 Quia
1580 3490 1643 3538 tu
1677 3501 1737 3538 es
1774 3486 1920 3539 Deus
1952 3484 2175 3539 saluta-

534 3570 616 3625 ris
649 3587 835 3625 meus.
870 3592 899 3619 ››
947 3571 1071 3624 'I-‘ua
1119 3571 1273 3625 enim
1324 3572 1746 3627 resurrectione
1791 3590 1986 3627 meum
2017 3571 2176 3627 salu-

535 3663 659 3713 tare
689 3657 833 3712 mihi
863 3657 1140 3712 collatum
1172 3665 1280 3714 est.
1328 3683 1354 3708 ‹‹
1390 3661 1460 3715 Et
1486 3666 1542 3715 te
1574 3661 1827 3716 sustinui
1856 3668 1973 3717 tota
2001 3660 2111 3715 die.
2150 3683 2178 3710 »

535 3749 657 3800 Hoc
708 3749 815 3813 est,
851 3750 967 3800 toto
1021 3750 1298 3817 tempore.
1333 3748 1623 3803 Videbunt
1668 3767 1757 3804 me
1807 3768 1906 3819 pro
1955 3756 2012 3805 te
2050 3766 2180 3805 sus-

540 3833 726 3887 tinere
782 3851 884 3905 per
941 3850 1112 3889 omne
1166 3835 1293 3889 vite
1350 3836 1529 3906 hujus
1576 3842 1828 3908 tempus.
1866 3837 2181 3893 Audieram

541 3921 697 3976 enim
729 3938 832 3993 per
862 3939 1028 3977 voces
1058 3924 1472 3995 prophetarum
1506 3931 1559 3980 te
1588 3930 1895 3981 venturum
1943 3943 2074 3981 esse
2122 3928 2181 3981 in

545 4011 852 4065 mundum.
886 4011 1151 4066 Sustinui
1181 4017 1377 4067 autem
1420 4030 1521 4083 per
1570 4013 1767 4069 lumen
1812 4016 1966 4084 fidei,
2000 4016 2183 4071 donec
2232 4062 2237 4069 .

543 4116 636 4155 me
672 4115 925 4155 vocares.

616 4224 639 4253 α
696 4205 1088 4261 Reminiscere
1175 4207 1621 4263 miserationum
1712 4214 1985 4277 tuarum,
2072 4210 2184 4265 Do-

536 4294 776 4361 mine,»
830 4301 940 4350 etc.
994 4297 1055 4350 In
1112 4297 1329 4367 quibus
1381 4302 1444 4350 ut
1486 4315 1592 4352 nos
1644 4297 1981 4367 redimeres,
2011 4299 2184 4354 homo

532 4384 723 4439 factus
765 4400 847 4438 es.
878 4383 981 4437 Vel
1032 4383 1283 4455 populus
1332 4382 1702 4439 Christianus
1757 4385 2062 4456 loquitur:
2122 4390 2188 4439 ut

530 4477 719 4527 rectos
763 4489 861 4527 eos
911 4472 1085 4526 faciat
1130 4472 1201 4526 de
1253 4489 1361 4526 sua
1418 4472 1836 4541 miseratione;
1889 4480 1953 4528 ut
1999 4474 2184 4529 illud:

530 4560 912 4614 Misericordiae
958 4564 1070 4615 tuae
1106 4561 1303 4617 multa?
1345 4567 1493 4627 sunt,
1526 4563 1754 4617 Domine
1783 4564 1956 4635 (Psal.
1990 4581 2181 4634 cxvm,

534 4648 659 4715 156)
687 4665 699 4714 ;
734 4653 789 4702 et
821 4664 832 4701 :
882 4648 1273 4705 Misericordiae
1304 4658 1415 4707 tute
1452 4667 1484 4704 a
1513 4653 1715 4708 saeculo
1744 4655 1896 4717 sunt,
1928 4658 1985 4707 et
2016 4669 2028 4707 :
2083 4653 2185 4707 Mi-
2216 4639 2265 4704 D

529 4736 863 4791 serieordias
909 4743 1035 4791 tuas
1091 4737 1157 4791 ub
1214 4739 1377 4793 initio
1423 4741 1625 4796 seculo
1674 4742 1985 4811 promisisti
2028 4742 2184 4797 nobis

534 4823 703 4895 (Psal.
737 4842 890 4891 Lvm,
934 4826 1045 4893 11).

605 4955 633 4981 ‹‹
668 4931 885 4987 Delicta
922 4933 1258 5003 juventutis
1307 4952 1446 4989 uice
1498 4939 1555 4990 et
1610 4936 1970 5007 ignorantias
2021 4954 2179 4992 meas

529 5039 603 5078 ne
635 5022 993 5088 memineris,
1032 5023 1291 5077 Domine.
1329 5045 1355 5071 »
1407 5023 1511 5079 Illa
1540 5041 1667 5094 que
1699 5024 1757 5078 in
1790 5025 2181 5081 adolescentia

529 5112 705 5183 gessi,
739 5111 1084 5183 priusquam
1136 5112 1206 5166 de
1256 5112 1428 5168 domo
1472 5104 1653 5184 patris
1683 5113 1867 5185 iniqui
1906 5116 2177 5186 procede-

527 5217 670 5256 rem.
704 5202 816 5255 Aut
846 5200 1056 5255 delicta
1089 5200 1417 5271 juventutis
1468 5206 1603 5257 ante
1650 5202 2011 5275 baptismum
2048 5220 2060 5258 :
2119 5209 2177 5260 et

524 5288 865 5361 ignorantie
899 5306 1060 5356 meae,
1098 5289 1205 5344 hoc
1251 5295 1339 5345 est
1379 5295 1511 5362 post
1539 5292 1921 5363 baptismum.

595 5435 624 5463 ‹‹
656 5415 989 5470 Secundum
1025 5430 1298 5486 magnam
1333 5415 1790 5472 misericordiam
1837 5422 1999 5473 tuam
2048 5435 2170 5474 me-

525 5516 652 5556 mor
680 5508 803 5557 esto
840 5502 976 5570 mei,
1008 5503 1184 5559 Deus.
1223 5527 1243 5551 ι
1304 5504 1363 5558 ld
1398 5510 1505 5575 est,
1538 5521 1653 5560 non
1685 5508 2011 5561 secundum
2044 5523 2167 5562 me-

523 5590 655 5658 rita,
679 5590 779 5643 sed
813 5593 1135 5646 secundum
1168 5596 1330 5647 tuam
1363 5593 1848 5649 misericordiam.
1875 5594 2168 5651 Immensa

523 5683 613 5733 est
643 5676 799 5731 enim
832 5680 1233 5735 misericordia
1264 5684 1385 5746 tua,
1420 5681 1523 5752 qui
1553 5698 1721 5736 vocas
1763 5700 1830 5737 ea
1870 5700 1997 5754 que
2047 5700 2163 5738 non

524 5770 665 5831 sunt
684 5769 964 5837 tanquam
989 5784 1115 5839 que
1138 5773 1297 5825 sunt.
1323 5792 1350 5821 ‹‹
1374 5770 1613 5841 Propter
1632 5771 1952 5827 bonitatem
1973 5776 2160 5841 tuam,

2268 638 2436 693 tiam.

2346 727 2604 782 «Dulcis
2651 732 2708 782 et
2760 731 2954 780 rectus
3000 723 3309 779 Dominus.
3351 744 3377 770 »
3427 721 3633 787 Dulcis,
3667 719 3805 792 quia
3834 724 3925 774 est

2273 814 2443 887 panis
2492 817 2643 870 vite.
2698 816 2914 880 Dulcis,
2949 812 3087 884 quia
3118 810 3408 883 promittit
3435 808 3676 881 premia
3705 810 3921 862 futura.

2274 906 2486 970 Rectus,
2516 904 2655 974 quia
2685 904 2876 957 reddit
2906 901 3227 971 unicuique
3249 899 3573 954 secundum
3595 913 3773 969 opera
3795 914 3922 951 sua.

2276 1015 2301 1040 ‹‹
2338 993 2578 1062 Propter
2607 991 2715 1046 hoc
2741 991 2929 1062 legem
2961 990 3124 1044 dabit
3154 987 3631 1060 delinquentibus
3661 986 3721 1039 in
3751 985 3864 1040 via.
3899 1008 3919 1033 -

2278 1081 2487 1150 Legem
2532 1080 2834 1133 charitatis
2862 1098 2875 1147 ;
2912 1095 3013 1150 per
3043 1094 3220 1150 quam
3254 1076 3610 1131 dimittentes
3643 1076 3916 1140 offensas,

2276 1167 2723 1223 reconciliamur
2775 1168 2910 1223 Deo.
2974 1164 3457 1237 Delinquentibus
3489 1164 3548 1218 in
3578 1163 3691 1233 via,
3727 1186 3753 1212 ››
3800 1179 3928 1235 pec-

2275 1257 2569 1312 catoribus
2600 1257 2658 1311 in
2690 1258 2802 1312 ista
2832 1257 2969 1311 vita.

2349 1386 2375 1411 ‹‹
2410 1362 2628 1433 Diriget
2668 1364 2838 1418 mites
2890 1363 2947 1417 in
2994 1361 3239 1433 judicio.
3275 1383 3303 1410 »
3350 1360 3517 1415 Mites
3561 1363 3619 1414 et
3666 1358 3924 1413 humiles

2277 1452 2447 1506 corde
2503 1453 2714 1523 diriget
2772 1453 2827 1505 in
2881 1450 3129 1521 judicio,
3183 1451 3291 1505 hoc
3349 1454 3457 1519 est,
3508 1448 3923 1503 discretionem

2278 1540 2415 1593 facit
2459 1540 2553 1594 hic
2604 1540 2661 1593 in
2712 1538 2982 1610 presenti
3030 1555 3243 1609 corpus
3291 1542 3348 1593 et
3396 1536 3701 1592 animam:
3755 1540 3819 1590 ut
3865 1552 3928 1590 se

2277 1628 2523 1683 invicem
2576 1628 2873 1699 corrigant
2927 1627 2988 1682 in
3044 1628 3153 1682 viis
3211 1627 3625 1681 mandatorum
3673 1624 3790 1679 Dei.
3825 1623 3927 1679 Vel

2276 1716 2422 1771 illud
2456 1717 2606 1785 quod
2641 1715 2913 1787 superius
2944 1716 3229 1787 scriptum
3283 1719 3372 1770 est
3404 1730 3416 1768 :
3473 1717 3709 1768 Peccata
3745 1712 3927 1767 adole-

2277 1807 2492 1859 scentia:
2522 1818 2655 1859 mea:
2694 1813 2747 1858 et
2778 1806 3115 1875 ignorantie
3144 1820 3278 1857 mea:
3309 1818 3376 1857 ne
3403 1803 3727 1857 memineris
3755 1802 3925 1872 (Psal.

2199 1912 2246 1977 B
2279 1911 2430 1963 xxxv,
2453 1894 2530 1964 7).
2566 1894 2748 1948 Istum
2776 1898 2833 1947 et
2861 1898 3000 1947 aetas
3031 1896 3286 1960 excusat,
3310 1896 3367 1946 et
3392 1890 3741 1963 ignorantia.
3765 1890 3929 1945 Unde

2279 1981 2661 2054 intelligimus
2683 1998 2817 2037 eum
2841 1981 2939 2053 qui
2976 1986 3176 2052 peccat
3205 1980 3265 2034 in
3292 1978 3704 2049 adolescentia,
3728 1982 3787 2035 et
3811 1994 3927 2034 non

2280 2072 2527 2143 ignorat,
2572 2072 2799 2126 veniam
2854 2087 2970 2125 non
3028 2070 3261 2124 habere.
3320 2070 3515 2124 Servus
3564 2068 3780 2139 quippe
3833 2069 3931 2139 qui

2278 2161 2427 2212 novit
2480 2159 2821 2213 voluntatem
2868 2158 3091 2213 Domini
3138 2158 3245 2221 sui,
3280 2163 3332 2211 et
3371 2172 3483 2211 non
3510 2158 3670 2226 facit,
3701 2156 3930 2226 vapula-

2283 2247 2357 2301 bit
2386 2249 2620 2301 mullum
2676 2248 2825 2317 (Luc.
2860 2264 2961 2311 xu,
2992 2247 3102 2317 47).
3154 2246 3349 2301 Omnes
3395 2247 3504 2302 vite
3551 2245 3793 2310 Domini,
3823 2246 3929 2299 mi-

2280 2336 2586 2392 sericordia
2623 2345 2674 2390 et
2718 2338 2915 2391 veritas
2958 2336 3118 2406 (vers.
3156 2336 3241 2404 10)
3276 2352 3288 2389 :
3340 2334 3479 2406 quia
3508 2339 3566 2389 et
3593 2334 3723 2405 ipsa
3753 2333 3929 2388 mise-

2281 2426 2552 2491 ricordia,
2584 2426 2766 2497 equis
2818 2430 2907 2480 est
2945 2424 3156 2479 librata
3198 2423 3581 2496 ponderibus.
3636 2442 3663 2473 α
3691 2422 3932 2478 Docebit

2284 2520 2621 2570 mansuetos
2644 2515 2767 2570 vias
2794 2531 2952 2569 suas.
2976 2535 3001 2564 ›ι
3032 2512 3488 2567 Misericordiam
3512 2516 3568 2567 et
3586 2509 3889 2566 veritatem
3912 2527 3927 2565 :

2283 2608 2342 2657 et
2387 2608 2450 2657 ut
2497 2620 2557 2658 se
2604 2620 2671 2657 ex
2715 2607 2833 2657 toto
2874 2602 3045 2657 corde
3075 2600 3341 2674 diligant,
3378 2617 3504 2672 que
3536 2603 3625 2655 est
3652 2615 3786 2655 vera
3815 2599 3928 2653 via.

2284 2692 2379 2746 Sic
2410 2691 2567 2746 enim
2613 2691 2881 2762 sequitur
2914 2707 2926 2746 :
3560 2752 3561 2755 η

2359 2820 2385 2844 ‹‹
2419 2797 2706 2853 Universae
2737 2798 2836 2851 vice
2866 2798 3095 2853 Domini
3141 2795 3543 2851 misericordia
3590 2800 3647 2849 et
3694 2794 3927 2850 veritas.

2282 2886 2694 2957 Misericordia,
2728 2909 2755 2935 ››
2808 2886 2947 2958 quia
2986 2902 3093 2941 nos
3140 2885 3421 2952 redemit;
3478 2906 3501 2936 ι
3535 2889 3592 2939 et
3635 2883 3867 2951 veritas,
3902 2905 3923 2931 ι

2285 2975 2425 3045 quia
2456 2974 2669 3045 impios
2691 2974 3006 3044 judicabit.
3029 2973 3228 3029 Dulcis
3260 2978 3317 3028 et
3347 2976 3540 3028 rectus
3568 2972 3867 3036 Dominus,
3898 2992 3927 3019 ››

2285 3063 2424 3134 quia
2477 3063 2578 3133 qui
2636 3078 2698 3117 se
2757 3064 3038 3117 miserum
3098 3062 3426 3127 conﬁtetur,
3476 3060 3788 3115 miseretur
3846 3058 3927 3113 illi

2290 3152 2458 3206 Deus.
2526 3172 2552 3199 «
2585 3151 3037 3222 Requirentibus
3081 3154 3499 3206 testamentum
3539 3150 3687 3220 ejus.
3723 3172 3751 3197 υ
3810 3146 3928 3202 Illis

2289 3240 2424 3295 facit
2468 3239 2951 3306 misericordiam,
2983 3239 3084 3311 qui
3135 3238 3442 3311 requirunt
3472 3239 3697 3293 Novum
3728 3237 3925 3293 Testa-

2287 3333 2551 3383 mentum
2583 3346 2595 3383 :
2630 3345 2744 3399 quo
2800 3344 2906 3383 nos
2948 3327 3235 3399 sanguine
3265 3343 3370 3383 suo
3401 3325 3792 3382 reconciliavit
3815 3329 3926 3379 Deo

2284 3416 2461 3471 Patri.
2496 3440 2522 3465 «
2552 3417 2620 3470 Et
2650 3417 2986 3472 testimonia
3013 3417 3162 3487 ejus.
3197 3437 3224 3467 »
3259 3415 3576 3487 Prophetas
3607 3419 3663 3469 et
3695 3418 3926 3485 aposto-

2285 3504 2374 3560 los
2404 3521 2417 3558 :
2472 3521 2721 3577 quorum
2770 3505 3124 3561 testimoniis
3154 3509 3244 3559 est
3274 3504 3527 3560 Ecclesia
3556 3506 3925 3575 congregata.

2362 3612 2660 3683 «Propter
2706 3628 2916 3667 nomen
2966 3616 3161 3677 tuum,
3210 3609 3469 3675 Domine,
3521 3607 3930 3680 prepitiaberis

2290 3704 2525 3772 peccato
2585 3716 2732 3755 meo.
2786 3722 2813 3748 »
2869 3699 2993 3753 Non
3052 3701 3289 3770 propter
3344 3713 3473 3751 mea
3534 3696 3770 3761 merita,
3831 3696 3934 3751 sed

2291 3794 2526 3860 propter
2545 3792 2707 3843 tuam
2732 3786 3212 3842 misericordiam.
3246 3808 3274 3834 ‹‹
3300 3784 3550 3840 Multum
3583 3788 3671 3839 est
3700 3783 3878 3839 enim.
3908 3806 3936 3832 υ

2292 3876 2521 3932 Grande
2567 3880 2656 3930 est
2706 3879 3010 3945 peccatum
3059 3890 3279 3930 meum.
3311 3873 3540 3928 Grande
3581 3877 3688 3944 est,
3723 3870 3942 3943 inquit,

2292 3963 2557 4037 generale
2589 3969 2888 4035 peccatum
2916 3979 2929 4017 :
2958 3964 3108 4034 quod
3134 3962 3247 4017 nisi
3274 3962 3427 4017 Deus
3454 3978 3555 4034 per
3577 3961 3939 4033 baptismum

2291 4053 2481 4109 delere
2510 4040 2803 4124 dignetur,
2827 4051 2994 4107 aliter
3025 4067 3140 4107 non
3173 4050 3468 4107 abluatur.

2371 4183 2391 4210 ι
2427 4160 2566 4223 Quis
2616 4164 2704 4214 est
2749 4159 2923 4214 homo
2974 4159 3074 4231 qui
3124 4158 3295 4214 timet
3334 4158 3696 4213 Dominum:
3752 4155 3937 4229 legem

2293 4247 2499 4305 statuit
2542 4248 2594 4303 ei
2627 4248 2686 4302 in
2716 4248 2810 4303 via
2841 4265 3018 4319 quam
3052 4247 3246 4321 elegit.
3284 4271 3311 4297 »
3363 4247 3436 4303 Ut
3467 4247 3536 4302 ad
3569 4263 3636 4301 ea
3665 4263 3793 4317 que
3824 4244 3938 4300 ele-

2294 4339 2397 4410 git,
2433 4336 2794 4393 deﬂectatur.
2853 4361 2873 4386 ι
2910 4338 3110 4394 Simile
3160 4338 3299 4393 huic
3331 4353 3433 4410 per
3461 4337 3697 4409 Moysen
3728 4336 3797 4390 ad
3831 4351 3936 4406 po-

2294 4427 2501 4498 pulum
2560 4427 2841 4482 Dominus
2893 4431 3272 4499 proteslatur,
3307 4427 3554 4481 dicens:
3609 4428 3749 4480 Ecce
3790 4424 3944 4479 hodie

2294 4518 2465 4572 statui
2512 4526 2644 4571 ante
2689 4518 2870 4573 oculos
2924 4520 3044 4572 tuos
3093 4519 3272 4587 ignem
3313 4521 3368 4571 et
3410 4531 3633 4587 aquam,
3671 4516 3869 4570 bonum
3896 4520 3946 4568 et

2296 4606 2530 4672 malum,
2584 4608 2754 4661 vitam
2809 4615 2860 4661 et
2913 4610 3145 4661 mortem
3175 4622 3194 4659 :
3251 4605 3391 4673 elige
3450 4606 3643 4672 vitam,
3693 4612 3744 4659 et
3798 4604 3947 4658 vives

2296 4696 2475 4765 (Deut.
2509 4711 2636 4764 xxx,
2676 4695 2761 4761 19,
2801 4696 2913 4765 20).

2369 4823 2397 4851 ‹‹
2428 4802 2639 4855 Anima
2668 4802 2797 4869 ejus
2830 4801 2888 4853 in
2922 4798 3091 4855 bonis
3131 4800 3549 4856 demorabitur.
3588 4822 3614 4848 »
3666 4800 3723 4854 Si
3753 4797 3937 4869 elege-
3969 4787 3975 4793 ’

2291 4889 2367 4943 rit
2395 4889 2594 4944 vitam.
2655 4912 2675 4938 α
2711 4890 2781 4943 Et
2812 4905 3009 4943 semen
3051 4890 3179 4960 ejus
3222 4888 3594 4945 hereditabit
3639 4878 3877 4943 terram.
3914 4909 3942 4935 ››

2289 4977 2395 5032 Per
2440 4994 2618 5050 opera
2658 4978 2926 5048 justitie,
2957 4977 3358 5034 hereditatem
3399 4978 3587 5050 capiet
3617 4977 3676 5032 in
3707 4976 3942 5049 regione

2284 5067 2577 5121 vivorum.
2603 5065 2705 5121 Vel
2742 5091 2760 5115 α
2791 5066 2986 5123 anima
3010 5069 3139 5139 ejus
3169 5067 3228 5122 in
3260 5067 3430 5123 bonis
3451 5066 3886 5122 demorabitur:
3914 5089 3935 5115 ι

2285 5154 2344 5209 id
2380 5159 2490 5222 est,
2525 5156 2783 5227 sperabit
2815 5157 2869 5211 in
2906 5156 3163 5227 praemiis
3198 5156 3432 5223 futuris,
3468 5164 3523 5211 et
3567 5172 3785 5211 semen,
3814 5154 3945 5224 ejus

2283 5244 2628 5301 hereditate
2693 5244 3016 5317 possidebit
3073 5249 3309 5299 terram.
3372 5268 3399 5295 «
3448 5246 3658 5300 Semen
3716 5244 3864 5314 ejus,
3916 5263 3945 5292 »

2283 5351 2466 5406 opera
2495 5337 2645 5405 ejus,
2700 5358 2727 5384 «
2760 5332 3151 5405 possidebunt
3182 5336 3420 5403 terram,
3456 5355 3483 5383 »
3537 5333 3594 5388 id
3625 5338 3732 5403 est,
3767 5332 3945 5387 vitam

2286 5429 2589 5479 eternam.

2366 5535 2385 5560 α
2427 5512 2889 5566 Firmamentum
2922 5514 3011 5565 est
3037 5511 3320 5568 Dominus
3350 5511 3695 5567 timentibus
3725 5526 3880 5565 eum.
3918 5532 3943 5557 υ

2279 5598 2402 5655 Nos
2435 5598 2654 5654 infirmi
2689 5604 2746 5653 et
2777 5597 3105 5656 imbecilles
3136 5617 3385 5668 sumus;
3433 5601 3533 5655 sed
3566 5601 3637 5655 ab
3671 5598 3770 5655 illo
3805 5598 3947 5653 hor-

2273 5691 2471 5741 tamur
2517 5703 2587 5741 ne
2632 5687 2703 5741 ab
2755 5686 2933 5756 hujus
2988 5690 3190 5745 seculi
3244 5688 3522 5745 ﬂuctibus
3571 5689 3944 5759 quatiamur.

2275 5796 2303 5825 ‹‹
2338 5776 2408 5830 Et
2436 5780 2853 5831 testamentum
2883 5776 3070 5850 ipsius
3101 5781 3166 5835 ut
3194 5777 3543 5835 manifestur
3570 5776 3706 5833 illis.
3735 5800 3764 5827 ››
3800 5775 3921 5833 Ηοο
