4314 6592
383 478 501 537 945

378 696 543 752 tiavit
574 712 679 767 per
720 694 975 749 litteram
1007 693 1216 765 velata,
1251 695 1309 750 in
1340 695 1569 752 Christo
1603 696 2032 752 manifestatur.

450 808 477 834 ‹‹
513 783 674 839 Oculi
711 782 822 838 mei
855 798 1087 855 semper
1118 785 1189 839 ad
1222 785 1559 840 Dominum.
1597 808 1624 834 »
1655 785 1820 841 Oculi
1844 786 2036 841 cordis

387 873 609 928 intenta
636 877 827 927 mente
862 872 933 927 ad
958 872 1141 928 Deum
1178 891 1190 928 :
1225 875 1295 929 de
1327 874 1544 945 quibus
1576 874 1795 929 dicitur
1829 891 1841 928 :
1877 874 2040 930 Oculi

395 963 658 1033 sapientis
688 963 744 1016 in
778 963 954 1033 capite
983 964 1103 1033 ejus
1130 962 1323 1032 (Eeele.
1373 980 1434 1031 ιι,
1487 964 1595 1030 14).
1656 984 1682 1015 α
1738 963 1881 1028 Quia
1913 964 2038 1035 ipse

381 1050 585 1107 evellet
612 1050 683 1105 de
712 1050 919 1121 laqueo
951 1051 1125 1122 pedes
1158 1068 1339 1119 meos,
1372 1073 1399 1100 »
1449 1051 1557 1106 hoc
1587 1058 1693 1122 est,
1729 1052 1798 1105 de
1827 1052 2034 1123 laqueo

378 1139 595 1195 diaboli
656 1127 867 1195 sensus
937 1157 1115 1208 meos,
1171 1157 1284 1212 quo
1342 1141 1506 1213 prius
1556 1157 1657 1213 per
1711 1140 2035 1212 voluptates

378 1228 578 1284 seaculi
613 1228 905 1299 capiebar.

445 1357 472 1383 ‹‹
511 1334 763 1405 Respice
814 1334 872 1389 in
923 1351 1035 1401 me,
1071 1340 1126 1390 et
1157 1336 1432 1390 miserere
1464 1336 1597 1390 mei.
1637 1359 1662 1384 η
1707 1337 1943 1406 Respice,
1976 1336 2035 1389 in

376 1423 739 1495 adjutorium
769 1440 782 1490 ;
814 1427 864 1477 et
896 1425 1175 1489 miserere,
1210 1424 1349 1495 quia
1406 1426 1588 1479 miser
1635 1441 1788 1478 sum.
1824 1447 1850 1473 ‹‹
1888 1424 2033 1488 Quia

376 1512 589 1568 unicus
622 1517 677 1566 et
709 1528 929 1584 pauper
959 1529 1089 1567 sum
1125 1529 1250 1584 ego.
1313 1534 1340 1561 »
1372 1514 1455 1567 Ad
1503 1513 1799 1567 Christum
1862 1511 2036 1583 perti-

380 1607 478 1657 net
524 1618 536 1656 :
591 1601 729 1672 quia
780 1599 1047 1657 Christus
1094 1601 1306 1657 unicus
1355 1601 1479 1657 sine
1530 1604 1785 1672 peccato,
1841 1605 1904 1654 ut
1956 1600 2037 1653 ait

376 1690 678 1764 propheta.
731 1692 842 1759 Qui
889 1698 1181 1761 peceatum
1228 1706 1337 1746 non
1403 1691 1710 1763 fecitllsa.
1787 1705 1904 1757 LIII,
1954 1689 2032 1758 9).

377 1781 605 1851 Pauper
648 1795 752 1850 pro
811 1779 1003 1846 nobis,
1040 1783 1103 1834 ut
1134 1778 1350 1833 Paulus
1400 1779 1708 1847 dicitzQui
1726 1794 1852 1835 cum
1881 1777 2038 1832 dives

379 1874 531 1935 esset,
559 1884 776 1939 pauper
802 1870 982 1939 factus
1012 1871 1113 1933 est,
1166 1873 1229 1921 ut
1262 1867 1419 1921 illius
1473 1869 1661 1939 inapia
1708 1884 1806 1923 nos
1836 1867 2033 1921 divites

380 1973 614 2041 essemus
644 1958 721 2025 (II
753 1956 877 2012 Cor.
909 1974 1031 2027 vm,
1058 1957 1134 2027 9).
1165 1956 1267 2011 Vel
1301 1956 1532 2026 unicus,
1584 1956 1837 2028 populus
1866 1955 2030 2011 Chri-
2067 1978 2109 2041 Β

385 2039 635 2100 stianus.
666 2046 775 2100 Sed
834 2046 980 2100 bene
1011 2062 1072 2099 se
1126 2046 1366 2100 unicum
1396 2045 1556 2116 dicit,
1591 2048 1729 2117 quia
1758 2045 2023 2117 unigeni-

377 2138 474 2189 tus
506 2138 595 2189 est
621 2132 831 2188 Patris.
872 2133 979 2196 Qui
1012 2150 1232 2205 pauper
1278 2138 1451 2189 natus
1494 2133 1552 2188 in
1593 2150 1786 2204 carne,
1838 2135 2028 2189 factus

379 2227 467 2277 est
499 2222 738 2276 unicum
771 2222 1023 2294 pretium
1059 2222 1285 2276 mundi.
1317 2244 1345 2271 ‹‹
1379 2223 1524 2286 Quia
1554 2223 1763 2279 unicus
1792 2227 1847 2278 et
1879 2240 2029 2294 pau-

380 2327 483 2382 per
512 2327 644 2366 sum
693 2327 817 2382 ego.
858 2331 886 2360 «
941 2310 1032 2365 Sic
1085 2316 1143 2365 et
1191 2311 1345 2366 Elias
1392 2312 1554 2367 solus
1602 2312 1885 2367 remansit
1934 2312 2034 2379 (III

380 2402 505 2469 Reg.
548 2416 705 2466 xvm,
748 2402 878 2467 22);
932 2404 987 2454 et
1031 2399 1316 2454 Jeremias
1365 2400 1527 2455 solus
1572 2401 1723 2455 sedit
1764 2405 1821 2455 et
1852 2400 2029 2466 ﬂevit,

386 2505 420 2542 a
477 2487 647 2542 malis
689 2487 1029 2544 hominibus
1076 2492 1381 2559 separatus
1433 2490 1626 2560 (Praef;
1680 2491 1740 2543 in
1793 2489 2031 2559 Thren.).

394 2576 556 2631 Unde
609 2580 665 2631 et
724 2576 895 2631 David
938 2576 1076 2631 alibi
1134 2577 1275 2632 dicit
1334 2594 1346 2632 :
1403 2578 1660 2633 Habitare
1712 2578 1837 2648 fecit
1866 2579 2038 2631 unius

386 2666 567 2719 moris
599 2664 660 2719 in
691 2665 844 2720 domo
875 2666 1048 2736 (Psal.
1083 2682 1252 2736 van,
1283 2666 1360 2737 7).

467 2795 494 2820 α
530 2771 959 2827 Tribulationes
1013 2773 1202 2827 cordis
1238 2771 1352 2826 mei
1385 2771 1782 2844 multiplicatae
1814 2777 1968 2828 sunt.
2010 2795 2037 2821 ››

394 2860 499 2915 Per
553 2859 906 2929 passionem.
958 2882 985 2909 «
1034 2860 1113 2913 De
1175 2859 1620 2915 necessitatibus
1692 2862 1837 2916 meis
1904 2878 2040 2917 erue

396 2964 508 3003 me.
545 2970 573 2996 ››
606 2948 994 3003 Necessitates
1054 2964 1195 3002 mea:
1227 2954 1385 3013 sunt,
1418 2955 1481 3004 ut
1512 2950 1685 3005 homo
1718 2967 1819 3022 pro
1854 2950 2041 3005 homi-

395 3037 569 3092 nibus
604 3036 842 3104 moriar,
876 3041 933 3091 et
961 3037 1089 3091 ideo
1122 3041 1237 3091 ate
1266 3036 1498 3109 eripiar,
1533 3043 1596 3092 ut
1629 3056 1951 3111 resurgam.

465 3165 493 3192 «
524 3142 668 3197 Vide
698 3141 1091 3197 humilitatem
1124 3158 1338 3197 meam.
1392 3166 1420 3192 »
1467 3144 1570 3198 Per
1599 3161 1775 3215 quam
1809 3161 2043 3199 carnem

394 3231 644 3303 suscepi.
680 3253 707 3280 ‹‹
741 3231 809 3285 Et
843 3231 1099 3286 laborem
1134 3248 1352 3286 meum.
1389 3254 1418 3282 »
1450 3233 1572 3295 Quo
1602 3233 1773 3287 morti
1804 3234 2041 3288 subdor.

397 3318 499 3374 Vel
530 3319 702 3375 aliter
735 3337 747 3374 :
782 3342 810 3369 «
842 3319 985 3375 Vide
1031 3319 1425 3375 humilitatem
1476 3338 1666 3376 meam
1698 3327 1755 3377 et
1785 3321 2041 3376 laborem

403 3425 622 3463 meum.
654 3432 683 3457 »
717 3407 1241 3478 Ecclesialoquitur
1272 3410 1343 3464 ad
1402 3408 1697 3465 Christum
1730 3428 1742 3465 :
1780 3433 1807 3460 «
1841 3414 2043 3466 Humi-

399 3498 634 3567 litatem,
669 3497 833 3568 quia_
868 3496 1181 3551 humiliant
1211 3513 1339 3552 eam
1373 3505 1727 3569 peccatores.
1760 3502 2046 3569 Laborem,

400 3585 460 3639 in
492 3585 889 3641 tribulatione.
927 3608 948 3634 ι
984 3587 1053 3640 Et
1084 3585 1309 3641 dimitte
1340 3587 1536 3642 omnia
1567 3588 1775 3643 delicta
1812 3605 1958 3644 mea.
2019 3611 2041 3639 ι

402 3673 608 3746 Populi
642 3674 873 3745 delicta,
906 3691 1030 3745 qua
1054 3675 1111 3729 in
1146 3691 1237 3730 me
1267 3677 1523 3748 suscepi.

473 3804 493 3828 σι
530 3781 769 3851 Respice
800 3780 1068 3835 inimicos
1101 3797 1284 3837 meos.
1347 3805 1369 3833 ι
1431 3783 1664 3838 Iudaeos
1721 3784 1946 3856 utique,
1984 3789 2050 3839 ut

398 3869 850 3923 confundantur.
885 3891 913 3918 ››
944 3870 1185 3940 Respice
1243 3869 1513 3926 inimicos
1546 3888 1726 3938 meos,
1768 3873 2048 3943 quoniam

401 3956 773 4027 multiplicati
800 3962 1007 4012 sunt.»
1030 3962 1153 4013 Vox
1175 3958 1440 4015 Ecclesiae
1461 3960 1532 4015 de
1555 3962 2046 4031 persecutoribus.

399 4068 427 4095 «
463 4045 607 4101 Odio
638 4045 841 4117 iniquo
896 4047 1144 4102 oderunt
1188 4065 1301 4103 me.
1340 4072 1367 4097 »
1412 4049 1683 4120 Iniquum
1743 4051 1942 4105 odium
1976 4051 2048 4105 ad

398 4134 835 4190 distinctionem
858 4136 1007 4205 justi
1035 4135 1265 4190 dicitur.
1329 4137 1386 4191 Si
1442 4138 1597 4192 enim
1643 4155 1757 4193 nan
1790 4138 2051 4193 odissent

402 4239 517 4293 me,
552 4240 665 4278 non
695 4224 897 4294 utique
927 4224 1420 4280 condemnassent
1449 4232 1655 4281 morte.

473 4352 499 4378 ‹‹
536 4328 773 4385 Custodi
832 4329 1089 4384 animam
1150 4346 1363 4395 meam,
1424 4336 1481 4385 et
1524 4332 1680 4403 eripe
1712 4350 1821 4389 me.
1855 4333 2048 4388 Eccle-

406 4416 494 4473 sia
523 4418 815 4490 supplicat
868 4423 931 4473 ut
979 4419 1347 4474 custodiatur
1393 4425 1449 4475 et
1478 4421 1759 4491 eripiatur
1787 4422 1858 4477 ab
1889 4424 2045 4478 omni

406 4507 581 4562 malo.
648 4530 669 4556 ι
730 4508 1256 4579 Non,conl‘undar,
1325 4509 1463 4579 quia
1510 4510 1767 4565 invocavi
1820 4518 1892 4566 te.
1929 4512 2047 4567 nln

406 4612 617 4651 manus
677 4601 811 4652 tuas
872 4598 1217 4652 commendo
1269 4597 1542 4669 spiritum
1601 4615 1819 4653 meum.
1861 4622 1888 4650 «
1922 4601 2048 4655 Non

1540 478 2036 541 BREVIARIUM
2083 480 2159 539 ΙΝ
2208 482 2590 541 PSALMOS.

380 612 470 663 est
499 608 721 662 Novum
754 607 1217 661 Testamentum.
1277 607 1390 661 Lex
1448 624 1577 679 quae
1632 624 1765 663 eum
1803 626 2031 663 annun-
2065 613 2118 678 Α

3676 476 3803 536 946

2221 632 2249 659 ‹‹
2284 610 2485 665 Libera
2519 626 2630 675 me,
2683 613 2832 663 Deus
2886 607 3085 673 Israel,
3134 623 3201 661 ex
3249 606 3522 660 omnibus
3552 604 3799 661 tribula-

2148 697 2409 753 tionibus
2440 699 2604 752 meis.
2641 720 2668 747 »
2700 697 2772 752 Ut
2804 696 2948 751 mihi
2980 712 3137 750 mors
3189 693 3339 749 ultra
3368 711 3481 749 non
3532 694 3797 749 domine-

2146 791 2244 842 tur
2276 804 2289 841 :
2324 787 2477 841 sicut
2506 786 2821 858 Apostolus
2853 786 2933 840 ait
2967 802 2978 839 :
3013 785 3212 839 Scitote
3241 785 3372 856 quia
3402 783 3649 838 Christus
3705 800 3793 839 re-

2145 892 2372 946 surgens
2429 893 2503 930 ex
2550 878 2802 937 mortuis,
2842 876 2959 945 jam
3008 890 3123 929 non
3168 874 3429 937 moritur,
3492 888 3642 927 mors
3703 873 3797 927 illi

2145 965 2294 1019 ultra
2338 982 2451 1018 non
2498 964 2874 1018 dominabitur
2918 964 3090 1033 (Rom.
3141 979 3218 1015 v1.
3251 961 3326 1030 9).
3360 961 3675 1017 Sciendum
3709 966 3796 1016 ta-

2146 1070 2300 1123 men,
2328 1053 2484 1124 quod
2518 1052 2823 1106 humilitas
2852 1051 3130 1106 orationis
3163 1067 3275 1105 non
3311 1051 3380 1105 ad
3412 1050 3796 1118 divinitatem,

2146 1144 2245 1196 sed
2277 1143 2347 1197 ad
2382 1141 2770 1195 humilitatem
2799 1144 3116 1211 assumpta:
3145 1140 3336 1195 carnis
3358 1143 3447 1195 est
3473 1138 3796 1195 referenda.

2148 1231 2264 1285 Nos
2294 1246 2427 1285 vero
2475 1231 2858 1300 deprecemur
2893 1229 3224 1295 Dominum,
3277 1232 3341 1281 ut
3386 1227 3644 1282 viventes
3687 1228 3800 1281 im-

2142 1318 2441 1384 maculati,
2464 1319 2534 1372 ab
2570 1315 2956 1371 infernalibus
2986 1316 3275 1388 angustiis
3309 1315 3544 1371 liberari
3577 1332 3799 1371 merca-

2144 1424 2296 1462 mur.
2331 1410 2345 1441 ¹
2382 1406 2527 1471 Quia
2558 1406 2813 1461 sustinui
2847 1410 2922 1471 te,
2959 1404 3223 1459 Domine.
3260 1404 3467 1459 Libera
3495 1420 3609 1473 me,
3643 1404 3797 1460 Deus

2144 1494 2341 1551 Israel.
2394 1516 2419 1543 »
2474 1495 2534 1549 Id
2586 1499 2694 1561 est,
2743 1494 3076 1547 animarum
3110 1492 3433 1546 videntium
3472 1492 3677 1546 Deum.
3713 1493 3796 1547 Ex

2144 1584 2420 1639 omnibus
2450 1582 2762 1655 angustiis,
2795 1604 2821 1631 «
2859 1598 2926 1637 ex
2983 1581 3258 1636 omnibus
3314 1578 3795 1637 tribulationibus

2147 1689 2313 1728 meis.
2355 1712 2373 1729 ,ι

2710 1760 3034 1816 PSALMUS
3074 1759 3240 1814 XXV.

2142 1853 2205 1907 In
2237 1852 2420 1922 ﬁnem,
2453 1851 2704 1906 Psalmus
2736 1850 2935 1905 Dat-id.
2972 1849 3239 1905 Psalmus
3270 1849 3399 1922 iste,
3429 1849 3504 1922 de
3534 1847 3793 1922 homini—

2216 1919 2287 1978 ne
2336 1929 2394 1979 et
2440 1923 2668 1978 Christo
2716 1926 2966 1977 testatur
3012 1939 3025 1977 :
3084 1927 3141 1976 et
3183 1921 3374 1976 omnis
3426 1919 3698 1975 Ecclesiae
3732 1921 3792 1975 in

2213 1995 2445 2050 Christo
2476 1995 2741 2065 perfecta:
2774 1994 3031 2048 continet
3055 2009 3275 2049 vocem.

2209 2143 2237 2169 ‹‹
2268 2119 2477 2175 Judica
2508 2118 2886 2185 me,Domine,
2920 2117 3196 2188 quoniam
3230 2134 3335 2189 ego
3359 2117 3416 2171 in
3449 2116 3788 2172 innocentia

2139 2225 2269 2265 mea
2294 2208 2599 2280 ingressus
2632 2206 2900 2263 sum.»Ut
2922 2205 2998 2262 sit
3023 2206 3166 2262 mihi
3190 2205 3600 2278 perjudicium
3613 2212 3785 2261 tuum

2140 2296 2563 2363 misericordia;
2587 2295 2864 2368 quoniam
2887 2294 3343 2367 perinnocentiae
3356 2293 3593 2367 gradior
3605 2294 3783 2349 viam.

2142 2386 2422 2458 Superius
2453 2386 2672 2440 dictum
2704 2391 2793 2440 est
2846 2403 2865 2439 :
2920 2385 3113 2441 Judiea
3169 2402 3273 2455 me,
3332 2386 3560 2440 Domine
3613 2385 3783 2456 (Psal.

2142 2492 2240 2542 vn,
2273 2476 2347 2545 9).
2381 2474 2501 2528 Vox
2532 2474 2794 2529 Ecclesiae
2828 2474 2898 2529 ad
2931 2474 3247 2530 Christum.
3284 2497 3312 2524 «
3360 2474 3565 2529 Judica
3595 2489 3709 2541 me,
3752 2495 3781 2522 »

2145 2580 2257 2620 non
2291 2564 2443 2635 quod
2471 2563 2762 2632 judicium
2796 2563 3057 2618 futurum
3090 2571 3247 2635 roget
3279 2580 3312 2617 a
3342 2564 3478 2632 Deo,
3531 2562 3632 2618 sed
3664 2562 3783 2616 dis-

2146 2653 2459 2708 cretionem
2496 2670 2508 2707 :
2543 2654 2613 2707 de
2668 2669 2785 2723 qua
2838 2652 2896 2705 in
2950 2650 3062 2706 alio
3104 2650 3331 2722 psalmo
3361 2650 3612 2721 legimus
3648 2665 3660 2704 :
3692 2651 3787 2704 Ju-

2147 2744 2268 2799 dica
2325 2758 2434 2808 me,
2496 2742 2633 2797 Deus
2688 2744 2739 2796 et
2782 2739 3032 2795 discerne
3097 2755 3321 2794 causam
3390 2755 3568 2793 meam
3616 2737 3788 2809 (Psal.

2147 2849 2279 2899 xw,
2333 2832 2404 2897 1),
2459 2830 2566 2885 hoc
2613 2834 2719 2894 est,
2772 2834 2836 2883 ut
2883 2845 2997 2883 non
3050 2844 3141 2883 me
3183 2827 3412 2897 judices
3458 2826 3518 2881 in
3572 2827 3790 2893 futuro,

2151 2922 2305 2977 sicut
2338 2920 2525 2976 caeteri
2560 2924 2893 2991 peccatores
2915 2918 3223 2990 judicandi
3257 2921 3414 2973 sunt.
3450 2939 3476 2966 ‹‹
3507 2916 3794 2981 Quoniam

2152 3026 2257 3082 ego
2291 3010 2345 3063 in
2376 3009 2710 3063 innocentia
2742 3024 2871 3063 mea
2900 3007 3201 3080 ingressus
3235 3023 3389 3060 sum.
3427 3025 3467 3057 να
3495 3004 3603 3060 Pro
3635 3008 3799 3077 parte

2154 3117 2261 3154 sua
2285 3098 2425 3152 dicit
2455 3097 2731 3152 Ecclesia.
2788 3101 2867 3151 Ac
2918 3096 2966 3151 si
2998 3096 3154 3151 dicat
3186 3121 3199 3151 :
3235 3100 3444 3151 Parata
3471 3112 3604 3150 sum
3634 3094 3819 3149 innou

2155 3195 2351 3243 center
2379 3187 2588 3252 vivere,
2616 3186 2754 3257 quia
2786 3185 2927 3239 nulli
2963 3184 3178 3252 nocuit,
3198 3201 3301 3239 nec
3333 3199 3540 3239 nocere
3570 3183 3798 3239 deside-

2157 3282 2247 3331 rat
2296 3276 2548 3331 Ecclesia
2597 3291 2610 3328 :
2669 3298 2689 3322 ι
2742 3275 3043 3346 Ingressus
3092 3291 3247 3339 sum,
3301 3296 3327 3320 »
3383 3273 3441 3328 Id
3491 3276 3599 3337 est,
3650 3271 3804 3327 inter

2076 3345 2117 3410 C
2158 3371 2507 3437 peccatores,
2544 3364 2639 3419 ubi
2675 3345 2861 3435 usque
2892 3363 2951 3417 in
2986 3363 3181 3430 linem,
3242 3362 3488 3417 habitat.
3551 3382 3580 3410 ‹‹
3641 3361 3711 3414 Et
3740 3361 3800 3415 in

2160 3454 2401 3510 Domino
2431 3468 2697 3525 sperans,
2744 3469 2860 3506 non
2910 3452 3193 3505 infirmor.
3247 3472 3275 3499 »
3325 3450 3437 3504 Sed
3485 3447 3689 3503 ﬁrmor
3736 3448 3800 3503 in

2160 3544 2287 3598 ﬁde.
2326 3564 2353 3591 «
2386 3542 2510 3596 Non
2544 3542 2828 3605 inﬁrmor,
2858 3563 2884 3588 »
2913 3540 2967 3594 id
3000 3544 3107 3606 est,
3135 3540 3285 3593 inter
3309 3538 3414 3593 hos
3444 3542 3797 3611 peccatores:

2157 3637 2462 3705 propterea
2492 3631 2633 3702 quia
2660 3630 2717 3683 in
2756 3630 2808 3683 te
2840 3645 3028 3700 spero,
3062 3646 3176 3682 non
3209 3628 3269 3682 in
3302 3645 3415 3683 me.

2228 3721 2415 3775 Proba
2447 3736 2557 3789 me,
2608 3718 2871 3783 Domine,
2926 3722 2983 3772 et
3029 3722 3188 3771 tenta
3237 3734 3348 3772 me.
3404 3739 3431 3766 »
3472 3715 3707 3772 Probari
3738 3730 3801 3770 se

2161 3813 2325 3881 rogat
2353 3807 2630 3877 Ecclesia,
2662 3812 2725 3861 ut
2755 3824 2817 3861 se
2848 3810 3069 3875 noscat,
3132 3810 3186 3860 et
3226 3806 3299 3861 ab
3324 3804 3455 3860 aliis
3487 3820 3803 3877 cognosca-

2158 3903 2255 3953 tur
2286 3898 2547 3968 probata.
2582 3896 2744 3951 Sicut
2773 3895 2883 3950 Job
2941 3895 3219 3966 probatus
3253 3900 3359 3960 est,
3393 3898 3458 3949 ut
3497 3911 3560 3949 se
3590 3909 3803 3966 cogno-

2160 3992 2367 4052 sceret,
2416 3991 2472 4041 et
2518 3984 2616 4040 alii
2664 4001 2796 4039 eum
2852 3988 3263 4055 cognoscerent
3296 4000 3308 4037 :
3344 3983 3496 4037 sicut
3524 3981 3608 4037 illi
3638 3997 3804 4053 reges

2160 4076 2419 4131 fecerunt
2466 4074 2566 4145 qui
2615 4090 2748 4130 eum
2799 4073 3181 4128 visitaverunt
3224 4073 3358 4143 (Job.
3410 4089 3473 4126 III
3516 4074 3565 4126 et
3611 4074 3802 4143 seqq.).

2160 4165 2344 4219 Proba
2376 4180 2489 4228 me,
2524 4162 2787 4229 Domine,
2822 4183 2851 4212 »
2884 4162 2944 4215 in
2976 4161 3402 4216 tentationibus
3434 4175 3448 4216 :
3488 4182 3509 4208 ι
3545 4159 3614 4213 Et
3642 4163 3806 4214 tenta

2159 4270 2271 4320 me,
2306 4275 2331 4301 »
2368 4269 2439 4307 ne
2472 4252 2695 4322 aliquid
2726 4252 2785 4305 in
2846 4268 2939 4305 me
2995 4250 3192 4305 delicti
3252 4253 3565 4305 remaneat.
3622 4270 3651 4298 «
3693 4247 3804 4304 Ure

2160 4358 2325 4396 renes
2358 4357 2517 4395 meos
2547 4345 2604 4395 et
2633 4357 2729 4395 cor
2784 4356 3002 4395 meum.
3041 4362 3067 4388 »
3101 4338 3249 4404 Quid
3282 4354 3448 4393 renes
3481 4341 3710 4406 sonent,
3744 4336 3803 4391 in

2160 4430 2328 4485 corde
2361 4429 2692 4501 signiﬁcat;
2727 4429 2865 4500 quia
2910 4427 3310 4483 misericordia
3338 4437 3441 4481 tua
3469 4425 3527 4479 in
3560 4441 3804 4497 conspe-

2159 4524 2254 4573 ctu
2288 4517 2591 4573 oculorum
2623 4534 2887 4573 meorum
2919 4521 3027 4572 est.
3061 4517 3155 4571 Sic
3213 4517 3355 4588 petit
3392 4514 3711 4586 judicium,
3742 4518 3807 4568 ut

2160 4607 2573 4663 misericordiae
2609 4606 2963 4662 recordetur.
3003 4627 3025 4653 σι
3060 4606 3169 4661 Ure
3201 4622 3368 4660 renes
3400 4620 3563 4659 meos
3621 4610 3679 4659 et
3709 4620 3807 4659 cor

404 4684 747 4751 confundar.
783 4706 811 4733 υ
844 4702 1032 4759 neque
1062 4685 1177 4757 ΙΙίο,
1228 4703 1416 4757 neque
1459 4688 1517 4740 in
1578 4688 1790 4756 futuro.
1851 4711 1878 4738 ι(
1911 4691 2050 4762 quia
2078 4712 2124 4775 ι)
2158 4713 2376 4751 meum.
2413 4718 2439 4745 »
2487 4695 2774 4768 Spiritum
2824 4701 3093 4751 sanctum
3146 4694 3359 4751 adhibe
3407 4693 3804 4750 delectationi-

406 4773 665 4828 invocavi
696 4777 772 4828 te.
808 4795 835 4822 »

479 4885 506 4911 ‹‹
543 4864 885 4919 Innocentes
942 4870 998 4919 et
1055 4866 1195 4921 recti
1253 4865 1622 4922 adhaeserunt
1679 4867 1843 4923 mihi.
1888 4870 2053 4925 Inno-

409 4956 629 5018 centes,
656 4973 683 5001 ι)
726 4953 824 5024 qui
858 4954 1171 5024 puritatem
1200 4954 1334 5010 vita;
1364 4956 1435 5010 ab
1464 4957 1698 5011 exordio
1729 4960 2050 5014 nativitatis

410 5042 838 5097 custodierunt.
875 5042 1039 5099 Sicut
1069 5044 1213 5099 collo
1244 5044 1499 5100 adhaeret
1529 5052 1723 5117 caput,
1758 5053 1814 5101 et
1868 5066 2051 5104 mem-

409 5131 515 5186 bra
566 5130 625 5185 in
657 5132 857 5187 eodem
891 5150 1129 5206 corpore
1160 5134 1534 5190 continentur
1587 5152 1599 5188 ε
1662 5135 1745 5191 sic
1775 5142 1831 5191 et
1858 5138 2051 5193 Eccle-

372 5280 381 5285 ,
410 5219 498 5275 sia
526 5236 630 5291 per
651 5220 945 5291 justitiam
978 5222 1222 5277 adhaesit
1251 5222 1498 5290 Christo,
1546 5228 1602 5277 et
1633 5227 1897 5281 membra
1926 5230 2053 5298 ejus

409 5308 469 5364 in
510 5310 713 5364 eodem
754 5328 994 5383 corpore
1033 5312 1422 5367 continentur.
1483 5315 1821 5381 Innocentes,
1877 5317 1933 5371 id
1966 5322 2055 5373 est

411 5415 778 5455 successores
810 5400 1230 5473 apostolorum,
1252 5401 1342 5456 vel
1370 5403 1555 5457 caeteri
1588 5406 1770 5459 sancti
1806 5411 1862 5461 et
1892 5408 2053 5475 recti,

410 5503 660 5559 quorum
693 5506 791 5544 cor
821 5508 936 5545 non
968 5491 1078 5545 fuit
1109 5507 1443 5561 perversum
1474 5498 1605 5563 post
1647 5495 1785 5549 deos
1812 5494 2051 5551 alienos.

413 5600 440 5626 ‹‹
476 5576 862 5633 Adhaeserunt
893 5579 1058 5647 mihi,
1087 5601 1114 5628 »
1145 5581 1450 5635 revertenti
1482 5599 1547 5636 ex
1594 5583 1814 5638 inl’eris.
1856 5605 1881 5635 α
1902 5586 2053 5648 Quo-

414 5666 569 5721 niam
602 5668 855 5722 sustinui
890 5674 964 5739 te,
999 5667 1258 5723 Domine.
1296 5690 1323 5719 »
1358 5670 1618 5742 Implevi,
1654 5672 1836 5740 Pater,
1860 5674 2057 5731 volun-

416 5761 593 5811 tatem
628 5759 786 5811 tuam
799 5800 811 5813 .

2154 4786 2267 4840 bus
2298 4790 2355 4839 et
2385 4784 2836 4857 cogitationibus
2867 4785 3014 4840 meis
3048 4801 3061 4840 :
3097 4786 3195 4856 qui
3245 4789 3495 4856 utraque
3535 4800 3803 4849 exurens,

2162 4891 2254 4929 me
2295 4875 2542 4946 dignum
2593 4874 2824 4929 efﬁciat.
2877 4874 3010 4941 Ure,
3056 4873 3165 4930 hoc
3218 4879 3327 4945 est,
3378 4875 3512 4945 igne
3550 4872 3805 4945 Spiritus

2162 4963 2369 5028 sancti,
2401 4963 2471 5017 de
2502 4979 2617 5034 quo
2649 4963 2782 5035 igne
2812 4962 2954 5018 dicit
3004 4980 3018 5018 :
3065 4968 3256 5032 Ignem
3317 4964 3445 5017 veni
3469 4962 3694 5016 mittere
3746 4961 3809 5013 in

2163 5057 2364 5107 terram
2396 5055 2546 5119 (Luc.
2576 5070 2676 5123 xu,
2709 5054 2820 5123 49).

2235 5163 2263 5191 «
2314 5141 2601 5205 Quoniam
2649 5141 3047 5197 misericordia
3096 5146 3197 5196 tua
3246 5143 3379 5196 ante
3418 5137 3616 5195 oculos
3650 5153 3811 5194 meos

2164 5235 2271 5285 est.
2305 5253 2333 5279 ››
2371 5234 2443 5284 Ut
2472 5230 2543 5283 ab
2580 5230 2686 5284 hoc
2716 5230 2850 5301 igne
2904 5246 3136 5301 arguar,
3186 5232 3243 5283 et
3275 5244 3388 5281 non
3419 5241 3648 5281 exurar.
3687 5244 3714 5276 α
3748 5225 3815 5278 Et

2165 5316 2493 5390 complacui
2543 5318 2599 5372 in
2649 5318 2889 5373 veritate
2935 5324 3054 5371 tua.
3097 5338 3125 5365 ››
3177 5316 3239 5370 In
3291 5314 3519 5369 Christo
3566 5317 3669 5369 tuo
3703 5330 3717 5367 :
3750 5316 3816 5367 ut

2166 5424 2282 5462 non
2316 5408 2373 5461 in
2410 5424 2536 5463 meo
2568 5400 2891 5470 mendacio,
2925 5407 3025 5462 sed
3075 5406 3134 5460 in
3182 5409 3283 5459 tua
3329 5402 3570 5458 veritate
3624 5400 3814 5475 place-

2168 5514 2310 5552 rem.
3028 5480 3043 5493 υ
3556 5542 3565 5547 -

2238 5586 2421 5641 «Non
2457 5585 2580 5641 sedi
2638 5586 2695 5639 in
2754 5584 2997 5640 concilio
3053 5583 3345 5638 vanitatis.
3409 5603 3438 5630 »
3498 5580 3624 5637 Non
3686 5596 3817 5637 sum

2168 5678 2517 5745 conjunctus
2568 5674 2659 5729 his
2705 5675 2802 5746 qui
2848 5678 3050 5728 contra
3118 5678 3195 5738 te,
3246 5670 3546 5726 Christum
3596 5687 3815 5737 meum,

2168 5779 2387 5819 vanum
2440 5763 2692 5836 agebant
2740 5760 3074 5817 concilium.
3113 5784 3139 5811 α
3170 5760 3293 5816 Non
3328 5761 3452 5816 sedi
3480 5760 3540 5816 in
3573 5758 3817 5815 concilio
