4314 6572
486 422 602 481 947

1982 421 2404 483 APPENDIX.

3766 420 3896 479 948

486 551 781 621 vanitatis,
816 574 843 601 »
879 552 933 607 id
968 553 1177 624 cst,qui
1208 556 1278 610 de
1308 554 1552 610 terrenis
1584 556 1841 627 cogitant
1873 571 2123 627 semper,
2159 556 2207 622 Α
2242 570 2407 609 meus
2435 554 2491 609 in
2526 553 2751 609 Christo
2785 568 2797 606 :
2832 551 2970 624 quia
3022 551 3147 621 ipsc
3204 552 3294 604 est
3344 548 3457 604 via.
3511 570 3531 597 α
3596 550 3701 605 Pes
3731 551 3891 606 enim

489 658 603 694 non
653 639 804 693 sedit
855 640 1111 695 Ecclesia
1155 644 1212 697 in
1266 660 1465 699 eorum
1517 643 1783 699 concilio.
1822 666 1848 693 ‹‹
1904 646 2129 699 Etcum

490 729 697 799 iniqua
718 728 1052 799 gerentibus
1088 747 1201 785 non
1228 732 1661 788 introibo.nNon
1687 733 1854 805 posui
1886 750 2017 788 cum
2041 733 2133 787 his

490 816 893 873 absconditam
926 819 1341 874 conscientiam
1374 838 1582 876 meam.

564 926 591 953 ‹‹
624 902 788 958 Odivi
839 904 1155 959 Ecclesiam
1213 907 1682 978 malignantium.
1720 931 1747 957 ››
1776 908 2134 971 Judaeorum,

491 991 612 1048 sive
643 990 1069 1048 haereticorum.
1105 1018 1130 1041 ‹‹
1166 995 1229 1048 Et
1261 1012 1395 1049 cum
1442 996 1638 1068 impiis
1670 1014 1782 1051 non
1818 998 2029 1051 sedebo
2061 1015 2073 1064 ;
2112 1018 2137 1043 ››

493 1085 727 1153 pactum
762 1098 893 1136 cum
927 1082 1020 1137 his
1054 1100 1163 1137 non
1197 1083 1374 1138 inibo.
1405 1086 1470 1138 Et
1500 1102 1632 1138 cum
1670 1085 1866 1155 impiis
1901 1102 2012 1138 non
2048 1102 2138 1138 se-

495 1171 643 1225 debo
687 1189 699 1238 ;
736 1194 763 1219 »
796 1172 852 1225 id
877 1174 988 1240 est,
1021 1189 1135 1225 non
1162 1171 1352 1227 solum
1393 1172 1791 1244 cogitaverunt
1838 1173 1895 1226 in
1947 1174 2138 1239 verbo,

497 1260 598 1314 sed
632 1260 996 1332 perfecerunt
1026 1261 1084 1315 in
1114 1278 1305 1332 opere.

573 1372 601 1399 ‹‹
634 1349 855 1404 Lavabo
876 1348 1026 1404 inter
1056 1352 1391 1405 innocentes
1416 1368 1624 1406 manus
1651 1368 1867 1406 meas.»
1891 1352 1950 1407 in
1979 1351 2144 1407 bonis

502 1439 777 1509 operibus
806 1435 1009 1494 lavabo
1043 1456 1253 1494 manus
1305 1456 1483 1506 meas,
1531 1457 1655 1512 qua:
1711 1441 1955 1509 peccatis
2015 1445 2147 1495 ante

501 1528 841 1582 sordebant.
874 1551 902 1576 «
938 1528 1147 1583 Manus
1181 1528 1413 1594 lavabo;
1453 1551 1480 1577 ››
1525 1528 1579 1583 id
1632 1534 1719 1584 est
1750 1546 1945 1600 opera.
1972 1530 2147 1584 Lavat

500 1632 606 1687 per
648 1616 959 1687 lacrymas,
1020 1634 1122 1688 per
1182 1616 1542 1687 baptismum
1603 1622 1658 1671 et
1724 1617 2145 1688 paenitentiam.

508 1727 530 1755 ι
566 1706 636 1759 Et
667 1706 1044 1760 circumdabo
1076 1705 1257 1761 altare
1288 1710 1477 1775 tuum,
1528 1706 1790 1761 Domine.
1840 1729 1866 1754 »
1917 1707 2149 1778 Ample-

506 1800 630 1849 ctar
659 1794 935 1849 sublimia
963 1797 1081 1864 tua,
1115 1798 1179 1849 ut
1210 1795 1431 1850 discam
1480 1794 1719 1850 laudare
1750 1801 1824 1851 te.
1858 1797 2060 1861 Allare,
2094 1797 2150 1851 id

506 1886 597 1939 est
644 1883 810 1938 ﬁdes.
882 1883 1261 1949 Circumdabo,
1332 1883 1389 1939 id
1466 1889 1554 1939 est
1618 1885 1890 1956 operibus
1960 1886 2146 1941 bonis.

508 1971 930 2043 Unusquisque
961 1979 1201 2029 sanctus
1233 1973 1412 2029 altare
1463 1975 1690 2029 Domini
1740 1975 1799 2030 in
1840 1992 1899 2030 se
1932 1975 2107 2030 habet
2142 1993 2153 2031 :

512 2062 666 2132 quod
700 2066 787 2116 est
818 2063 981 2118 fides.

498 2152 513 2174 ‘
584 2172 613 2199 ‹‹
665 2149 738 2205 Ut
788 2152 1025 2206 audiam
1072 2168 1269 2207 vocem
1319 2152 1511 2209 laudis
1562 2156 1671 2208 tuce
1726 2170 1739 2208 :
1791 2158 1846 2208 et
1893 2170 2158 2209 enarrem

512 2239 783 2295 universa
832 2239 1123 2296 mirabilia
1168 2245 1289 2296 tua.
1326 2265 1353 2291 ››
1386 2243 1455 2297 Ut
1504 2260 1637 2297 cum
1678 2242 1956 2311 didicero,
1988 2260 2159 2313 expo-

515 2345 651 2383 nam
684 2332 907 2384 caeteris
936 2330 1286 2386 miraculum
1330 2330 1473 2386 illud
1510 2349 1521 2385 :
1558 2331 1805 2403 qualiter
1857 2349 1959 2403 pro
1994 2331 2160 2386 nobis

516 2420 604 2475 vel
640 2437 850 2492 passus
883 2437 964 2486 es,
999 2420 1079 2475 vel
1118 2419 1506 2475 resurrexisti.
1548 2443 1574 2469 ‹‹
1624 2422 1692 2476 Et
1735 2439 1997 2477 enarrem
2030 2420 2160 2475 uni-

514 2526 682 2564 versa
716 2508 1011 2563 mirabilia
1039 2514 1159 2577 tua,
1199 2532 1224 2557 ››
1275 2509 1464 2564 laudis
1495 2514 1606 2564 tuae
1667 2526 1680 2565 :
1743 2510 1797 2563 id
1849 2516 1955 2578 est,
1992 2511 2161 2581 quid-

518 2598 657 2670 quid
708 2598 843 2652 boni
898 2596 1149 2668 agimus,
1183 2616 1216 2652 a
1251 2603 1357 2653 Deo
1393 2603 1695 2670 reputatur
1724 2616 1873 2669 esse,
1905 2605 1961 2654 et
1991 2599 2160 2671 quid-

518 2687 656 2758 quid
693 2685 831 2741 mali
863 2686 1141 2755 facimus,
1192 2705 1225 2741 a
1257 2688 1425 2742 nobis
1458 2693 1562 2743 est.
1603 2695 1747 2743 Laus
1778 2689 1875 2744 Dei
1912 2690 2165 2761 perfecta

517 2780 625 2844 est,
660 2781 717 2830 et
745 2774 875 2831 laus
902 2775 1207 2831 hominum
1244 2777 1600 2849 imperfecta.

594 2887 614 2915 ι
650 2865 915 2931 Domine,
969 2865 1143 2919 dilexi
1175 2866 1439 2921 decorem
1472 2867 1684 2920 domus
1717 2872 1847 2933 tua},
1883 2874 1939 2922 et
1967 2867 2161 2923 locum

517 2953 900 3009 habitationis
927 2953 1121 3025 gloria:
1153 2960 1284 3009 tuae.
1314 2978 1339 3004 ››
1377 2955 1683 3011 Pulchram
1717 2957 1875 3011 etI'eci
1910 2963 2162 3011 mentem

520 3058 734 3105 meam,
768 3046 833 3095 ut
885 3047 1037 3096 esset
1068 3042 1176 3097 tibi
1210 3043 1589 3099 commoratio
1639 3044 1816 3116 digna
1873 3062 1885 3098 :
1942 3044 1998 3100 in
2050 3063 2165 3116 qua

516 3129 797 3185 habitans
828 3130 1117 3203 glorificcs
1150 3148 1240 3186 me
1287 3130 1471 3204 gloria
1500 3135 1617 3186 tua.
1681 3134 1901 3189 Domus
1934 3136 2162 3190 Domini

522 3224 613 3274 est
660 3219 932 3274 Ecclesia.
984 3220 1321 3275 Sacerdotes
1372 3226 1425 3276 et
1475 3221 1756 3277 habitatio
1810 3223 2005 3294 gloria:
2050 3232 2161 3279 tua:

520 3308 636 3383 ipsi
667 3313 809 3364 sunt
838 3308 895 3364 in
928 3309 1141 3380 quibus
1172 3310 1397 3365 habitat
1422 3311 1594 3366 Deus.

601 3421 621 3447 α
658 3398 738 3453 Ne
784 3398 994 3470 perdas
1024 3416 1157 3453 cum
1190 3399 1389 3471 impiis
1423 3402 1680 3456 animam
1718 3419 1928 3457 meam.
1968 3427 1993 3452 η
2021 3406 2163 3459 Cum

524 3487 615 3542 his
640 3487 738 3559 qui
762 3504 863 3560 per
886 3488 1873 3560 impietatem,mitemtradiderunt.
1909 3494 2165 3548 «Etcum

522 3577 664 3632 viris
696 3578 1052 3649 sanguinum
1086 3577 1260 3631 vitam
1295 3594 1509 3633 meam.
1564 3604 1589 3629 ››
1625 3580 1732 3643 Qui
1785 3581 1983 3635 dolose
2022 3581 2168 3636 insi-

523 3665 775 3735 diantes,
810 3666 1142 3720 eti'uderunt
1171 3666 1517 3739 sanguinem
1550 3673 1740 3723 tuum.

596 3794 625 3822 ‹‹
664 3776 722 3825 ln
747 3788 997 3842 quorum
1021 3772 1293 3827 manibus
1324 3772 1662 3844 iniquitates
1684 3781 1881 3831 sunt.»
1911 3781 2030 3832 Hoc
2060 3783 2167 3848 est,

523 3861 583 3915 in
617 3859 891 3930 operibus
923 3877 1145 3915 eorum.
1192 3884 1218 3910 «
1280 3862 1521 3917 Dextera
1571 3880 1770 3919 eorum
1816 3865 2035 3938 repleta
2084 3874 2171 3923 est

524 3949 889 4004 muneribus.
948 3973 967 3998 υ
1016 3949 1444 4005 Abstinendum
1494 3970 1527 4006 a
1573 3954 1915 4010 muneribus
1954 3957 2165 4012 docet:

524 4037 769 4110 culpans
819 4056 917 4095 eos
966 4039 1066 4111 qui
1116 4039 1410 4112 accipiunt
1461 4059 1703 4097 munera
1752 4062 1765 4099 :
1818 4046 1913 4116 qui
1948 4046 2170 4118 iniqui;

523 4133 702 4183 tatem
745 4132 1005 4199 agentes,
1041 4134 1331 4200 quaestum
1364 4130 1543 4201 hujus
1591 4133 1909 4203 impietatis
1940 4135 2167 4190 lucrum

524 4215 757 4288 aliquod
790 4217 1055 4272 arbitrati
1096 4225 1233 4274 sunt
1276 4235 1288 4272 :
1341 4219 1493 4274 sicut
1543 4220 1667 4292 ipse
1697 4223 1958 4293 proditor
1988 4225 2170 4280 Judas

522 4307 660 4361 fecit
714 4306 937 4378 (Matth.
988 4324 1175 4377 xxxvx,
1234 4309 1341 4377 15).
1392 4309 1636 4363 Dextera
1689 4327 1891 4367 eorum
1953 4314 2173 4384 repleta

522 4400 611 4450 est
642 4396 1008 4451 muneribus.
1044 4417 1071 4445 ››
1110 4401 1186 4450 De
1240 4397 1483 4451 sinistra
1518 4399 1778 4454 fecerunt
1832 4401 1941 4456 sibi
1974 4404 2164 4458 dexte-

522 4502 647 4540 ram
679 4486 855 4556 :quia
882 4485 1003 4539 vita
1034 4485 1251 4549 futura,
1283 4486 1520 4541 dextera
1551 4488 1784 4550 dicitur.
1818 4480 1874 4544 et
1906 4491 2165 4562 sinistra,

520 4574 642 4629 vita
689 4590 964 4645 prazsens.
1030 4572 1116 4628 Illi
1168 4590 1270 4645 pro
1324 4574 1576 4644 dextera,
1643 4576 1976 4634 habuerunt
2021 4580 2165 4635 sini-

2244 659 2430 711 meus,
2469 666 2493 691 η
2527 660 2595 697 ne
2630 643 2771 695 mihi
2806 640 3173 712 praevaleant,
3212 660 3238 686 α
3272 638 3433 693 stetit
3464 638 3521 692 in
3552 639 3647 692 via
3678 643 3886 705 recta,»

2243 731 2340 786 ille
2374 732 2613 797 scilicet,
2648 733 2705 785 in
2741 747 2855 800 quo
2892 730 2962 783 ad
3014 735 3069 782 te
3102 728 3372 782 accedere
3416 728 3560 798 coepi
3594 744 3695 799 per
3719 728 3897 799 justi-

2246 821 2339 874 tire
2372 821 2545 875 viam.
2583 842 2609 869 ››
2645 822 2704 873 In
2737 817 2977 873 Eclesiis
3009 817 3350 872 benedicam
3381 816 3720 871 Dominum.
3756 839 3784 866 »
3818 823 3898 874 De

2249 910 2473 963 unitate
2532 906 2998 978 congregationis
3042 905 3203 960 dicit.
3262 906 3322 960 In
3382 904 3657 971 Ecclesia,
3691 922 3807 961 non
3835 907 3896 962 in

2250 997 2621 1060 latebris,sed
2658 997 2713 1048 in
2751 994 3169 1049 conventiculis
3199 993 3548 1065 populorum
3583 1001 3636 1048 te
3665 996 3900 1050 benedi-

2252 1103 2411 1140 cens.
2464 1085 2793 1138 Prerdicabo
2862 1084 3235 1138 dilectionem
3287 1083 3445 1137 illam
3498 1100 3614 1154 qua
3662 1088 3761 1138 tuo
3811 1101 3901 1140 me

2253 1174 2538 1245 sanguine
2572 1174 2867 1228 redemisti
2907 1190 2919 1227 :
2955 1173 3245 1243 baptismo
3280 1172 3516 1227 abluisti
3579 1190 3592 1227 :
3656 1189 3719 1227 ac
3748 1189 3899 1243 pane

2254 1262 2469 1318 cmlesti
2504 1268 2558 1316 et
2589 1262 2770 1316 sacris
2805 1262 3055 1333 dapibus
3114 1260 3524 1333 adimpletum,
3559 1261 3896 1316 innocentiae

2257 1369 2349 1407 me
2383 1350 2637 1405 melioris
2668 1350 2795 1404 vita:
2830 1350 3157 1405 restituisti.

2792 1438 3117 1494 PSALMUS
3168 1438 3362 1492 XXVI.

2256 1534 2319 1587 In
2362 1532 2545 1601 ﬁnem,
2594 1531 2844 1583 Psalmus
2892 1528 3063 1583 David
3111 1537 3405 1601 antequam
3437 1533 3749 1597 angeretur.
3796 1530 3909 1601 Ter

2331 1608 2542 1655 unctus
2572 1606 2659 1653 est
2689 1601 2866 1654 David
2898 1616 2915 1666 τ,
2947 1600 3134 1654 Semel
3168 1601 3277 1654 sub
3309 1604 3471 1669 patre
3504 1617 3608 1654 suo
3633 1600 3796 1654 Jesse
3827 1600 3887 1653 in

2333 1674 2669 1727 Bethlehem
2699 1676 2751 1738 (I
2779 1675 2903 1741 Reg.
2933 1688 3045 1737 xv1,
3082 1673 3207 1738 13):
3269 1671 3547 1739 secundo,
3581 1672 3638 1724 in
3672 1671 3897 1725 Hebron

2334 1746 2403 1812 (II
2447 1748 2576 1812 lteg.
2623 1761 2684 1809 ιι,
2737 1745 2835 1809 4);
2898 1744 3088 1808 tertio,
3141 1744 3375 1812 quando
3423 1743 3685 1813 regnavit
3733 1759 3911 1814 super

2335 1833 2569 1871 omnem
2604 1816 2777 1869 Israel
2808 1815 2864 1868 in
2896 1814 3217 1868 Jerusalem
3248 1816 3324 1885 (ll
3351 1816 3476 1883 Reg.
3511 1832 3564 1880 v,
3595 1815 3671 1885 3).
3704 1814 3909 1877 Qumre

2337 1905 2493 1959 ergo
2524 1885 2615 1941 cui
2663 1886 3078 1959 potissimuum
3138 1885 3229 1939 hic
3294 1885 3558 1959 psalmus
3606 1886 3910 1940 conveniat

2339 1905 2472 1959 ergo
2524 1904 2615 1941 cm
2655 1904 3078 2012 goussunuum
3139 1904 3229 1939 DIC
3294 1904 3558 1955 psalmus
3606 1904 3910 1940 conveniat

2339 1958 2621 2013 unctioni.
2698 1958 2967 2011 ciendum
3003 1960 3198 2028 autem
3256 1958 3407 2026 quod
3469 1959 3764 2028 antequam
3808 1975 3911 2011 un.-

2339 2039 2571 2100 gcretur,
2616 2029 2673 2082 in
2724 2030 2977 2082 Hebraeis
3030 2027 3430 2082 voluminibus
3479 2027 3908 2083 non'halietur.

2340 2099 2449 2157 Sed
2482 2103 2551 2155 de
2580 2101 2710 2154 istis
2742 2101 2929 2154 tribus
2963 2099 3358 2167 unctionibus,
3392 2100 3586 2153 media
3614 2101 3685 2153 ad
3733 2101 3911 2154 istum

2342 2172 2933 2245 pertinetpsalmum.
2975 2172 3431 2245 David‘tiguram
3463 2171 3673 2225 Christi
3705 2176 3867 2245 tenet
3897 2189 3910 2226 :

2342 2241 2480 2317 quia
2510 2249 2566 2298 et
2597 2241 2717 2317 ipse
2764 2248 2983 2317 unctus
3015 2247 3102 2317 est
3152 2242 3210 2295 in
3245 2241 3555 2312 baptismo,
3589 2243 3820 2312 quando
3853 2242 3913 2296 in

2342 2314 2532 2387 specie
2564 2315 2845 2387 columbm
2888 2314 3139 2387 Spiritus
3167 2322 3407 2367 sanctus
3454 2330 3631 2387 super
3651 2330 3784 2368 cum
3816 2330 3913 2368 ve-

2343 2385 2447 2442 nit.
2482 2386 2659 2441 David
2692 2403 2725 2439 a
2755 2386 2945 2455 prima
2967 2386 3241 2439 unctione
3272 2402 3386 2438 non
3421 2385 3641 2455 accepit
3669 2402 3914 2455 regnum

2344 2461 2426 2513 sic
2462 2476 2565 2513 nec
2596 2458 2862 2512 Christus
2893 2457 3215 2511 secundum
3241 2473 3474 2510 carnem
3510 2462 3765 2526 tempore
3787 2474 3919 2526 pas-

2344 2532 2525 2586 sionis
2559 2530 2779 2600 accepit
2805 2528 3193 2599 regnum,nisi
3225 2532 3606 2598 posteaquam
3633 2529 3914 2583 ascendit.

2343 2644 2368 2668 ‹‹
2407 2619 2693 2673 Dominus
2722 2617 3075 2671 illuminatio
3108 2634 3258 2687 mea,
3283 2621 3339 2670 et
3370 2615 3529 2672 salus
3561 2633 3711 2683 mea,
3742 2633 3917 2688 quem

2273 2709 2490 2763 timebo
2520 2707 2545 2761 ?
2598 2731 2618 2759 υ
2659 2705 2847 2760 Nullis
2880 2705 3133 2760 tenebris
3167 2705 3358 2777 obtegi
3391 2706 3684 2775 formidat,
3736 2722 3913 2777 quem

2273 2798 2557 2853 Dominus
2607 2793 2903 2849 illuminat
2953 2810 3184 2865 semper
3231 2799 3286 2847 et
3333 2793 3536 2848 salvat.
3574 2817 3602 2844 (ι
3640 2794 3920 2850 Dominus

2276 2884 2623 2940 illuminatio
2657 2901 2784 2937 mea
2806 2888 2862 2937 et
2885 2882 3043 2937 salus
3076 2900 3405 2954 mea,quem
3439 2884 3653 2938 timebo
3676 2883 3703 2938 ?
3747 2908 3765 2930 -
3802 2883 3922 2937 Vox

2272 2974 2536 3029 Ecclesiae
2570 2974 2638 3027 ad
2671 2972 2988 3027 Christum.
3054 2974 3113 3025 In
3165 2972 3439 3027 omnibus
3470 2970 3715 3042 psalmis
3743 2972 3918 3028 verba

2274 3065 2525 3135 Spiritus
2557 3062 2741 3117 sancti
2776 3065 2932 3115 sunt.
2992 3062 3151 3115 Sicut
3208 3060 3358 3115 oculi
3390 3061 3648 3132 corporis
3696 3059 3917 3116 illumi-

2274 3159 2487 3209 nantur
2510 3153 2580 3208 ab
2613 3151 2726 3207 alia
2756 3151 2882 3205 luce
2918 3166 2929 3205 :
2964 3151 3045 3205 sic
3073 3155 3129 3204 ct
3178 3149 3330 3205 oculi
3379 3149 3571 3205 cordis
3628 3151 3813 3206 nostri
3887 3168 3921 3205 a

2270 3244 2481 3299 virtute
2514 3242 2667 3305 ﬁdei,
2702 3241 2807 3295 hoc
2856 3244 2943 3294 est
2988 3240 3237 3305 Christo,
3288 3237 3722 3303 illuminantur,
3781 3238 3901 3294 Un-

2276 3335 2346 3388 de
2375 3333 2597 3387 dictum
2631 3335 2717 3384 est
2772 3346 2784 3383 :
2841 3330 2944 3396 Qui
2974 3330 3259 3382 illuminat
3290 3344 3503 3382 omnem
3533 3326 3807 3383 hominem
3836 3343 3923 3381 ve-

2274 3424 2518 3476 nientem
2549 3422 2603 3474 in
2639 3419 2782 3473 hunc
2813 3418 3081 3472 mundum
3114 3418 3289 3487 (Joan.
3326 3434 3362 3481 ι,
3392 3417 3469 3484 9).

2349 3535 2377 3561 ‹‹
2414 3509 2691 3565 Dominus
2722 3508 2992 3561 defensor
3016 3508 3143 3559 vitae
3176 3522 3379 3571 mea),a
3401 3521 3515 3575 quo
3546 3504 3912 3576 trepidabo?»

2278 3602 2405 3671 Ipse
2436 3604 2522 3654 est
2550 3597 2705 3653 enim
2740 3596 2925 3650 fidelis
2956 3596 3163 3649 anima:
3195 3595 3473 3666 proiectio
3509 3610 3521 3649 :
3560 3594 3770 3648 idcirco
3804 3610 3917 3648 ncn

2279 3689 2485 3743 metuit
2534 3686 2860 3740 inimicum.
2913 3685 3188 3738 Defensor
3217 3688 3304 3736 est
3337 3683 3461 3753 ipse
3486 3683 3585 3752 qui
3617 3686 3674 3736 et
3711 3681 3871 3735 salus
3907 3702 3922 3752 ς

2278 3779 2377 3833 sed
2412 3784 2602 3831 tamen
2663 3775 2932 3827 defensor
2960 3773 3191 3841 adjutor
3219 3770 3431 3824 dicitur
3465 3786 3476 3823 :
3512 3792 3539 3817 ‹‹
3574 3771 3618 3823 Α
3662 3784 3777 3839 quo
3807 3772 3923 3823 tre-

2279 3868 2492 3939 pidabo
2515 3866 2542 3918 ‘I
2582 3888 2608 3914 n
2644 3863 2795 3917 Dicit
2826 3860 3079 3915 Ecclesia
3112 3876 3123 3912 :
3158 3862 3202 3912 Α
3234 3858 3414 3924 nullo,
3448 3873 3552 3912 nec
3601 3874 3633 3912 a
3664 3857 3921 3925 diabolo,

2279 3972 2467 4026 neque
2525 3955 2597 4009 ab
2656 3951 2942 4013 hzeretico,
3004 3963 3190 4018 neque
3251 3964 3284 3999 a
3340 3951 3728 4018 persecutore,
3773 3946 3918 4001 dum

2278 4046 2473 4117 ipsum
2508 4043 2692 4097 habeo
2724 4040 3107 4095 defensorem.

2352 4158 2379 4183 ‹‹
2415 4134 2563 4187 Dum
2620 4131 3096 4202 appropinquant
3146 4143 3323 4196 super
3372 4142 3465 4179 me
3511 4129 3804 4193 nocentes,
3866 4127 3930 4179 ut

2279 4225 2457 4277 edant
2489 4238 2692 4276 carnes
2725 4235 2905 4273 meas.
2942 4242 2963 4268 »
3005 4218 3318 4283 Accedunt,
3352 4220 3417 4269 ut
3446 4214 3713 4270 excitatis
3746 4215 3803 4268 in
3834 4230 3925 4269 me

2278 4313 2573 4385 prioribus
2603 4308 2851 4373 delictis,
2888 4324 3100 4377 corpus
3134 4322 3330 4360 meum
3378 4304 3581 4359 rabido
3612 4304 3782 4357 den’te
3838 4304 3926 4357 di-

2278 4402 2552 4457 lacerent.
2588 4398 2712 4463 Vel,
2748 4424 2773 4446 ι(
2810 4398 2952 4450 dum
2986 4397 3461 4466 appropinquant
3490 4410 3668 4464 super
3702 4410 3792 4447 me
3823 4409 3925 4447 no-

2278 4497 2494 4555 centes,
2530 4496 2594 4543 ut
2623 4489 2795 4542 edant
2832 4501 3037 4539 carnes
3070 4501 3251 4548 meas,
3306 4506 3333 4531 ››
3386 4482 3443 4537 id
3494 4487 3600 4547 est,
3634 4482 3924 4535 dthOIlBB

2276 4580 2361 4635 vel
2415 4582 2834 4651 persecutores.
2896 4575 3111 4629 Carnes
3194 4588 3348 4639 vero,
3432 4570 3491 4624 id
3550 4576 3640 4625 est
3685 4571 3927 4624 allectus

524 4667 705 4716 stram
741 4678 753 4717 :
783 4666 849 4716 ut
877 4666 966 4716 est
996 4660 1142 4716 illud
1174 4679 1186 4717 :
1223 4666 1320 4718 Est
1378 4681 1594 4720 munus
1646 4684 1680 4721 a
1738 4666 1958 4741 lingua,
2000 4675 2055 4724 et
2083 4675 2172 4725 est
2200 4669 2245 4733 Ι)
2280 4669 2470 4725 carnis
2530 4685 2542 4722 :
2596 4667 2735 4738 quia
2792 4665 2899 4717 hoc
2954 4667 3041 4717 est
3090 4661 3259 4715 cibus
3314 4660 3597 4729 ipsorum.
3633 4659 3703 4712 Et
3731 4663 3927 4711 tamen

523 4766 742 4805 munus
773 4767 807 4805 a
838 4767 1039 4818 manu,
1070 4756 1123 4806 et
1153 4756 1241 4807 est
1276 4769 1491 4809 munus
1522 4756 1592 4809 ab
1642 4756 1943 4829 obsequio.
1978 4760 2023 4813 A
2056 4759 2166 4815 lin-

521 4855 660 4910 gua,
690 4837 820 4894 laus
872 4856 886 4895 :
946 4838 1053 4894 hoc
1098 4844 1187 4895 est
1235 4841 1392 4896 favor
1438 4841 1755 4900 humanus.
1809 4852 1853 4899 Α
1905 4865 2103 4913 manu,
2138 4866 2172 4902 a

522 4928 697 4983 rebus
744 4928 1010 4984 terrenis.
1065 4930 1141 4984 Ab
1193 4930 1498 5002 obsequio,
1561 4934 1860 4990 servitium
1914 4937 2170 4991 indebite

520 5018 879 5090 impensum.
928 5020 1036 5075 Sed
1089 5021 1299 5075 melius
1347 5026 1458 5086 est,
1507 5023 1656 5092 quod
1710 5024 1792 5078 ait
1838 5030 2166 5097 preplieta:

523 5108 628 5175 Qui
654 5110 863 5163 excutit
889 5125 1086 5162 manus
1115 5125 1244 5163 suos
1293 5110 1360 5163 ab
1391 5112 1541 5163 omni
1572 5129 1816 5181 munere,
1852 5116 1953 5168 iste
1984 5116 2043 5170 in
2072 5132 2167 5168 ca;-

519 5198 676 5252 celsis
706 5197 916 5253 habitat
947 5199 1076 5270 (1.5a.
1112 5198 1312 5265 xxxui,
1347 5200 1453 5269 14).

598 5309 625 5336 α
660 5288 775 5358 Ego
808 5295 999 5343 autem
1036 5288 1090 5341 in
1126 5287 1458 5343 innocentia
1487 5306 1615 5344 mea
1647 5291 1947 5362 ingressus
1978 5311 2169 5345 sum.»

521 5376 779 5431 Ecclesia
806 5376 1069 5448 loquitur
1091 5393 1193 5448 pro
1226 5382 1388 5449 parte
1418 5378 1699 5434 bonorum
1727 5397 1739 5433 :
1778 5397 1877 5451 per
1908 5381 2171 5435 studium

522 5470 735 5521 sanctae
765 5466 889 5520 vita
923 5483 956 5519 a
1011 5465 1302 5537 prioribus
1357 5466 1603 5521 delictis.
1642 5469 1966 5537 Ingressus,
2026 5472 2173 5523 inler

524 5558 875 5623 peccatores.
928 5578 955 5606 ‹‹
1011 5555 1216 5611 Libera
1262 5572 1373 5622 me,
1423 5577 1450 5607 η
1497 5558 1567 5610 de
1614 5557 2008 5613 tribulatione.
2045 5584 2069 5608 (ι
2109 5560 2174 5613 Et

527 5640 805 5697 miserere
834 5644 968 5709 mei,
992 5645 1171 5717 »(μιὶίι
1201 5644 1379 5698 miser
1411 5662 1565 5700 sum.

600 5752 627 5779 ‹‹
664 5730 765 5786 Pes
796 5731 949 5788 enim
1001 5751 1167 5789 meus
1207 5733 1371 5789 stetit
1417 5735 1477 5788 in
1528 5735 1614 5790 via
1666 5741 1839 5791 recta.
1894 5760 1913 5786 υ
1951 5739 2170 5793 Sensus

2280 4756 2640 4812 danturillis
2699 4769 2905 4808 carnes
2962 4750 3130 4804 cdere
3192 4767 3203 4803 :
3266 4749 3321 4802 id
3356 4752 3463 4817 est,
3526 4764 3768 4817 corpora
3796 4763 3931 4801 sau-

2280 4855 2506 4902 etorum
2540 4846 2608 4898 ad
2638 4837 3243 4913 persequemlun‘iﬁed
3267 4837 3486 4891 habent
3509 4836 3693 4890 sancti
3728 4852 3928 4890 conso-

2279 4937 2554 4991 lationem
2589 4952 2621 4988 a
2656 4930 2916 4995 Domino,
2948 4932 3011 4981 ut
3044 4926 3123 4980 ait
3154 4927 3213 4981 in
3246 4925 3550 4995 Evangelio
3599 4942 3611 4978 :
3645 4926 3829 4979 Nolite
3858 4925 3926 4979 ti-

2278 5041 2428 5079 more
2479 5039 2564 5077 eos
2612 5023 2707 5092 qui
2743 5021 2997 5074 eradunt
3046 5033 3258 5086 corpus,
3312 5018 3567 5070 animum
3608 5018 3789 5069 autem
3820 5029 3929 5068 non

2276 5121 2503 5185 possunt
2532 5112 2774 5165 occidere
2807 5107 3014 5179 (Matth.
3050 5123 3104 5171 Χ,
3136 5108 3249 5174 28).

2355 5226 2381 5251 ((
2416 5200 2520 5265 Qui
2555 5200 2837 5255 tribulant
2891 5214 2983 5250 me
3014 5194 3238 5248 inimici
3291 5193 3401 5247 mei
3438 5209 3450 5245 :
3484 5193 3595 5264 ipsi
3645 5191 3927 5245 infirmati

2282 5298 2419 5347 sunt
2473 5297 2528 5346 et
2584 5290 2939 5345 ceciderunt.
2977 5309 2997 5336 »
3031 5282 3176 5347 Quia
3231 5283 3517 5337 Dominus
3573 5279 3929 5336 illuminatio

2284 5398 2412 5434 mea
2441 5385 2529 5434 est
2564 5396 2575 5432 :
2615 5403 2634 5426 α
2691 5376 2794 5440 Qui
2831 5372 3119 5427 tribulant
3178 5387 3269 5424 me
3328 5369 3551 5424 inimici
3586 5368 3719 5437 mei,
3755 5392 3775 5417 δ
3814 5366 3930 5419 dm-

2283 5486 2504 5537 mones,
2536 5466 2619 5522 vel
2676 5470 3073 5537 persecutores
3110 5477 3120 5513 :
3184 5483 3211 5508 ‹‹
3250 5460 3360 5530 ipsi
3392 5459 3671 5513 infirmati
3705 5462 3844 5510 sunt
3875 5460 3935 5509 et

2283 5559 2636 5612 ceciderunt.
2676 5578 2700 5601 ››
2727 5555 2890 5608 'l‘unc
2925 5550 3200 5604 inﬁrmati
3233 5549 3633 5620 sunt,quando
3665 5545 3931 5600 Christus

2285 5653 2543 5700 nostram
2578 5642 2837 5713 suscepit
2871 5640 3355 5695 humanitate-11L.

2361 5758 2385 5786 α
2413 5736 2468 5788 Si
2516 5736 2839 5789 consistant
2869 5731 3178 5785 adversum
3216 5743 3307 5781 me
3338 5731 3528 5781 castra
3556 5742 3571 5780 ε
3607 5742 3722 5779 non
3754 5722 3926 5777 time-
