4314 6586
400 478 519 537 949

1571 474 1805 537 BREVI
1818 477 1861 533 A
1874 471 2070 535 RIUM
2113 472 2192 534 ΙΝ
2240 473 2625 534 PSALMOS.

3691 468 3811 528 950

399 609 485 664 bit
530 625 629 663 cor
674 622 892 662 meum.
928 625 957 655 »
1006 605 1293 660 Dominus
1342 604 1499 661 enim
1561 605 1804 661 bellator
1860 603 2047 668 fortis,
2076 607 2133 667 Α
2240 622 2262 651 ι
2298 605 2358 657 Ῑῐὶ
2386 606 2550 674 petra
2599 601 2873 658 exaltavit
2921 616 3033 656 me.
3076 621 3105 650 »
3156 599 3218 655 In
3267 597 3494 654 Christo
3536 594 3815 652 exaltavit

396 698 522 769 ipse
552 696 838 769 pugnabit
886 711 989 766 pro
1037 710 1153 749 me.
1210 715 1238 745 «
1270 694 1327 748 Si
1378 695 1704 750 consistant
1735 695 2048 749 adversum

396 803 489 841 me
521 790 749 851 castra;
786 806 813 834 ››
863 784 920 838 id
975 788 1083 849 est,
1138 782 1415 839 fortitudo
1465 783 1910 848 daemoniorum,
1963 782 2050 837 vel

398 878 860 947 persecutorum.
939 864 1142 928 Castra
1213 872 1378 939 dicit,
1455 873 1781 928 secundum
1858 870 2045 926 illud:

398 962 779 1018 Castrametati
825 965 953 1016 sunt
980 961 1162 1031 (Num.
1211 978 1407 1031 xxxm,
1448 963 1502 1027 5,
1551 964 1606 1029 7,
1639 964 1794 1027 etc.).
1850 982 1878 1010 ‹‹
1919 960 2047 1015 Non

395 1051 627 1106 timebit
657 1066 757 1104 cor
806 1064 1024 1105 meum.
1061 1071 1088 1098 n
1119 1049 1373 1105 Ecclesia
1419 1049 1581 1119 dicit,
1627 1053 1865 1120 propter
1905 1047 2047 1103 illud

394 1139 544 1212 quod
581 1138 868 1194 Dominus
915 1138 1096 1194 dixit:
1143 1140 1273 1193 Ecce
1325 1154 1421 1208 ego
1458 1139 1730 1193 vobiscum
1780 1153 1900 1192 sum
1928 1153 2047 1192 om-

388 1229 551 1283 nibus
607 1227 815 1295 diebus,
891 1243 1060 1297 usque
1135 1226 1205 1282 ad
1270 1229 1797 1283 consummationem
1859 1228 2049 1282 saeculi

392 1318 589 1388 (Matth
620 1333 818 1381 xxvm,
843 1316 957 1387 20).

466 1428 494 1457 ‹‹
522 1406 578 1461 Si
626 1409 870 1477 exurgat
914 1405 974 1459 in
1023 1420 1117 1459 me
1164 1403 1454 1476 praelium,
1504 1403 1563 1458 in
1612 1403 1722 1458 hoc
1767 1420 1872 1475 ego
1911 1420 2047 1474 spe-

394 1496 555 1550 rabo.
595 1517 616 1544 α
653 1496 723 1549 Et
753 1494 802 1549 si
836 1498 1179 1549 moveantur
1210 1493 1492 1548 adversus
1528 1508 1620 1547 me
1650 1508 1878 1563 pugnat,
1909 1508 2045 1546 con-

391 1585 581 1640 fidens
612 1598 745 1639 sum
795 1583 856 1637 in
902 1582 1033 1637 his:
1070 1597 1134 1637 eo
1181 1582 1335 1653 quod
1385 1580 1571 1652 possit
1608 1581 1782 1648 Deus,
1825 1580 1927 1651 qui
1958 1584 2048 1636 est

387 1689 522 1744 spes
553 1688 703 1736 mea,
754 1670 959 1741 iniqua
1013 1669 1125 1725 tela
1174 1670 1233 1725 in
1280 1669 1657 1725 inimicorum
1704 1685 1805 1724 ora
1848 1669 2046 1725 deter-

387 1778 584 1832 quere.
614 1783 634 1811 ι
661 1761 720 1816 Si
741 1758 1084 1830 insurgatin
1104 1776 1197 1814 me
1214 1759 1500 1830 przelium.
1524 1780 1552 1808 ››
1572 1759 1692 1814 Ista
1709 1758 2046 1828 supradicta

384 1849 603 1922 prznlia,
654 1866 856 1921 pugna
903 1849 1346 1904 daemoniorum.
1400 1849 1541 1919 Ego,
1587 1847 1727 1903 dicit
1764 1846 2040 1914 Ecclesia,

381 1940 441 1994 in
476 1937 761 1995 auxilium
806 1943 976 1992 tuum
1023 1942 1080 1991 et
1128 1936 1528 1993 defensionem
1575 1940 1739 1991 tuam
1772 1937 2040 2007 sperabo.

466 2051 494 2078 ‹‹
530 2027 717 2082 Unam
750 2025 888 2097 petii
920 2042 953 2081 a
1001 2025 1270 2090 Domino,
1322 2024 1474 2081 hanc
1506 2025 1819 2097 requiram.
1851 2046 1879 2074 »
1910 2025 2048 2090 Qui-

394 2118 529 2171 dam
580 2118 789 2187 putant
837 2131 1015 2169 unam
1067 2113 1432 2184 cbaritatem,
1484 2114 1603 2169 sive
1645 2113 1917 2186 gratiam,
1948 2118 2051 2171 aut

348 2196 355 2201 ’
392 2209 546 2259 certe
576 2219 757 2258 unam
808 2202 1151 2274 petitionem
1199 2201 1351 2258 dici:
1403 2218 1537 2257 cum
1568 2202 1775 2258 ahhath
1803 2202 2048 2259 verbum

393 2294 721 2358 Hebraeum,
753 2288 1017 2345 absolute
1046 2307 1221 2346 unum
1254 2289 1499 2345 neutrali
1532 2305 1740 2362 genere
1771 2293 1955 2357 sonet,
1989 2293 2048 2346 et

394 2381 620 2451 legatur
649 2398 661 2435 :
697 2402 724 2430 «
757 2384 954 2435 Unum
1005 2379 1142 2451 petii
1174 2396 1209 2434 a
1255 2379 1525 2449 Domino,
1560 2399 1588 2427 ››
1629 2378 1685 2433 id
1732 2383 1821 2433 est
1850 2378 2046 2450 ipsum

394 2469 729 2523 Dominum.
759 2492 787 2519 «
841 2469 1007 2524 Hunc
1056 2468 1372 2540 requiram,
1409 2489 1435 2517 ››
1485 2468 1544 2523 id
1574 2471 1663 2523 est
1706 2466 1902 2538 ipsum
1932 2467 2047 2522 Do-

396 2558 647 2612 minum.
1806 2560 1811 2563 ’

466 2670 493 2695 α
520 2646 591 2701 Ut
611 2646 997 2702 inhabitatem
1018 2647 1076 2701 in
1096 2647 1269 2702 domo
1290 2645 1522 2701 Domini
1542 2643 1818 2700 omnibus
1838 2644 2046 2700 diebus

391 2734 521 2789 vitae
574 2752 735 2790 meae.
771 2755 799 2784 »
835 2740 899 2790 In
947 2736 1119 2789 domo
1169 2734 1421 2799 Domini,
1467 2735 1528 2787 in
1575 2732 1693 2787 vita
1727 2735 2040 2804 perpetua:

394 2824 533 2895 quia
564 2824 833 2895 quamvis
883 2823 1140 2878 Ecclesia
1167 2822 1262 2877 hic
1299 2823 1530 2878 dicatur
1566 2823 1814 2877 domus:
1848 2827 2043 2876 tamen

392 2929 507 2967 non
541 2912 791 2983 proprie,
849 2912 949 2967 sed
999 2911 1406 2982 nuncupative.
1465 2910 1625 2965 Unde
1678 2910 1856 2964 dicit:
1892 2910 2043 2964 Beati

390 3003 487 3074 qui
516 3002 766 3055 habitant
807 3003 866 3055 in
916 3001 1071 3055 domo
1103 3004 1194 3054 tua
1231 3000 1460 3054 Domine
1490 2999 1658 3069 (Psal.
1707 3015 1933 3064 Lxxxm,
1963 2998 2039 3068 5).

462 3113 490 3140 «
526 3091 594 3146 Ut
644 3089 869 3145 videam
918 3089 1281 3145 voluntatem
1336 3086 1598 3155 Domini;
1654 3107 1680 3135 ι»
1718 3085 1775 3141 id
1820 3091 1909 3141 est
1952 3086 2040 3140 di-

2162 707 2264 761 per
2295 690 2490 746 fidem.
2546 691 2729 755 Petra,
2779 689 3080 744 Christus:
3135 692 3198 743 ut
3246 685 3465 742 Paulus
3494 685 3610 741 ait:
3645 686 3813 740 Petra

2159 788 2346 835 autem
2377 783 2495 836 erat
2529 779 2775 835 Christus
2825 780 2872 844 (I
2901 777 3024 833 Cor.
3076 795 3131 845 x,
3183 777 3258 847 4).
3290 796 3318 826 ‹‹
3350 777 3412 831 In
3454 776 3621 845 petra
3648 773 3810 831 exal-

2158 868 2300 923 tavit
2332 885 2439 924 me.
2477 890 2503 917 ››
2538 869 2597 924 In
2631 884 2713 934 se,
2746 868 2846 939 qui
2877 871 2966 922 est
3009 865 3236 922 stabilis
3282 869 3447 936 petra
3478 880 3542 919 ac
3570 863 3812 919 verissi-

2160 973 2323 1012 mum
2382 958 2854 1013 fundamentum.
2913 978 2943 1005 «
2998 955 3069 1009 Et
3119 969 3275 1009 nunc
3329 951 3599 1009 exultavit
3637 955 3813 1023 caput

2161 1061 2355 1100 meum
2386 1062 2562 1117 super
2614 1045 2884 1100 inimicos
2911 1060 3091 1100 meos.
3137 1065 3165 1093 ››
3196 1044 3354 1098 Nunc
3395 1043 3452 1097 in
3496 1041 3808 1113 praesenti;

2136 1124 2320 1205 super
2375 1135 2647 1202 inimicos,
2707 1133 2764 1188 id
2825 1137 2915 1187 est
2972 1148 3149 1203 super
3212 1131 3358 1187 istos
3416 1132 3807 1203 supradictus,

2156 1222 2471 1279 exaltatum
2503 1228 2592 1278 est
2621 1226 2799 1293 caput
2839 1226 3128 1287 nostrum,
3180 1220 3335 1292 quod
3380 1224 3470 1276 est
3500 1219 3807 1289 Christus;

2155 1329 2332 1384 super
2360 1328 2564 1366 omnes
2591 1310 2858 1365 inimicos
2906 1309 3194 1366 Ecclesiae.
3247 1332 3273 1361 ‹‹
3307 1310 3378 1364 Et
3415 1325 3571 1364 nunc
3599 1306 3808 1365 exalta-

2155 1410 2237 1466 vit
2266 1413 2444 1480 caput
2474 1425 2670 1464 meum
2703 1426 2879 1480 super
2907 1407 3177 1463 inimicos
3209 1423 3388 1475 meos,
3419 1427 3450 1459 ι»
3485 1423 3662 1477 super
3690 1422 3810 1462 mo-

2154 1505 2251 1554 tus
2281 1497 2566 1566 carnales,
2597 1498 2696 1569 qui
2746 1514 2839 1552 me
2883 1512 3032 1569 stupe
3080 1494 3490 1563 humiliabant,
3532 1511 3604 1550 ne
3634 1494 3804 1550 cccle-

2157 1588 2271 1642 stia
2292 1586 2737 1657 contemplarer.

2226 1700 2255 1728 ‹‹
2314 1676 2582 1732 Circuibo
2641 1680 2698 1731 et
2750 1674 3065 1731 immolabo
3122 1674 3180 1729 in
3237 1672 3615 1730 tabernaculo
3673 1672 3803 1743 ejus

2153 1766 2406 1823 hostiam
2447 1763 2837 1836 jubilationis.
2889 1786 2917 1814 »
2968 1764 3239 1834 Circuibo,
3288 1762 3346 1819 id
3402 1767 3492 1819 est
3532 1762 3808 1818 exercita-

2153 1856 2261 1912 bor
2288 1855 2349 1911 in
2381 1855 2663 1911 creaturis
2712 1854 2851 1910 Dei:
2902 1853 3278 1909 considerans
3322 1852 3522 1908 orbem
3554 1852 3613 1905 in
3642 1851 3806 1906 Chri-

2157 1949 2249 2001 sto
2281 1945 2635 2000 credentem.
2660 1944 2807 2011 Quia
2836 1943 3167 1999 considerat
3189 1944 3487 1998 creaturas
3513 1940 3606 1995 Dei
3634 1958 3646 1995 :
3677 1956 3811 1997 cum

2159 2032 2375 2106 aliquis
2407 2032 2618 2089 cretum
2649 2037 2707 2089 et
2734 2043 2973 2103 terram,
3004 2031 3093 2087 vel
3122 2048 3283 2088 mare
3321 2047 3455 2087 cum
3487 2031 3612 2086 suis
3641 2046 3811 2084 orna-

2159 2122 2374 2178 mentis
2405 2120 2788 2193 conspexerit,
2821 2120 3041 2177 invenit
3070 2121 3210 2191 quid
3244 2118 3509 2176 immolet
3538 2119 3670 2189 Deo,
3703 2118 3814 2175 hoc

2158 2215 2246 2267 est
2268 2210 2525 2267 laudem.
2561 2210 2834 2278 Circuibo,
2884 2208 2994 2265 hoc
3037 2213 3147 2277 est,
3196 2224 3299 2279 per
3336 2211 3589 2279 quatuor
3619 2210 3814 2278 partes

2158 2299 2363 2354 mundi
2395 2297 2657 2369 exempla
2679 2303 3016 2353 sanctorum
3048 2296 3300 2369 inquiro,
3326 2302 3381 2351 et
3411 2296 3492 2352 ibi
3515 2294 3813 2353 invenitur

2156 2388 2288 2444 laus
2320 2388 2436 2443 Dei.
2476 2409 2503 2436 «
2537 2387 2603 2441 Et
2650 2386 2967 2443 immolabo
3017 2387 3074 2441 in
3120 2384 3497 2442 tabernaculo
3538 2385 3668 2456 ejus
3699 2384 3808 2439 ho—

2157 2476 2330 2532 stiam
2362 2474 2812 2530 vociferationis.
2845 2499 2866 2524 ιι
2919 2475 3080 2541 Quod
3113 2490 3214 2545 pro
3261 2472 3432 2528 nobis
3471 2473 3542 2527 ad
3574 2476 3809 2543 tempus

2154 2563 2549 2620 humilitatem
2599 2561 2903 2626 sustinuit,
2956 2562 3219 2635 gaudens
3269 2560 3636 2632 praedicabo:
3670 2559 3812 2631 quia

2155 2652 2373 2707 talibus
2402 2651 2613 2707 hostiis
2638 2650 2979 2705 delectatur.
3015 2672 3042 2701 α
3074 2649 3337 2705 Hostiam
3360 2637 3755 2718 jubilationis,
3782 2668 3810 2696 »ι

2153 2740 2265 2795 hoc
2296 2745 2385 2795 est
2415 2732 2863 2811 praedicationis.
2897 2736 3135 2791 Jubilus
3172 2736 3406 2802 dicitur,
3440 2734 3542 2805 qui
3574 2751 3678 2790 nec
3709 2751 3813 2806 per

2153 2829 2391 2895 litteras,
2427 2844 2532 2883 nec
2583 2845 2684 2899 per
2731 2826 3006 2898 syllabas,
3058 2841 3161 2880 nec
3207 2824 3399 2879 verbis
3429 2827 3619 2894 potest
3648 2839 3810 2880 com—

2153 2918 2509 2989 prehendere
2540 2915 3010 2987 magnitudinem
3057 2912 3416 2969 laudationis
3459 2911 3578 2968 Dei.
3611 2912 3815 2968 Hostia

2153 3006 2385 3073 dicitur,
2416 3023 2542 3078 qua:
2584 3023 2688 3078 per
2735 3009 2932 3077 partes
2983 3002 3281 3072 dividitur,
3330 3007 3391 3058 et
3432 3001 3673 3075 sanguis
3701 3002 3812 3056 cir-

2150 3111 2219 3150 ca
2247 3095 2430 3149 altare
2461 3094 2798 3163 effunditur,
2835 3098 2891 3147 et
2932 3093 3057 3163 ipsa
3102 3092 3296 3147 hostia
3342 3090 3482 3146 foris
3513 3089 3811 3146 comburi-

390 3179 695 3234 lectionem
730 3179 861 3235 Dei:
893 3183 958 3234 ut
1005 3177 1151 3232 illud
1181 3194 1194 3232 :
1246 3177 1553 3233 Videbimus
1600 3192 1725 3232 eum
1767 3177 1928 3231 sicuti
1964 3179 2042 3231 est
2149 3173 2263 3239 tur,
2298 3183 2658 3239 Sacriﬁcium
2681 3181 2897 3237 dicitur
2918 3181 3121 3236 vinum
3148 3185 3207 3236 et,
3225 3178 3442 3245 oleum,
3474 3183 3528 3235 et
3551 3179 3811 3235 medium

393 3270 567 3339 (Joan.
601 3286 688 3336 ιιι,
717 3269 794 3339 2),
824 3268 925 3322 sed
975 3265 1071 3322 hic
1118 3282 1221 3338 per
1244 3265 1575 3338 speculum.
1617 3288 1645 3315 ς‹
1682 3264 1869 3319 Unam
1902 3263 2038 3336 petii

2152 3271 2409 3328 animal:
2465 3277 2522 3327 et
2580 3272 3014 3335 holocaustum,
3064 3273 3251 3324 totum
3303 3268 3705 3335 combustum,
3756 3270 3813 3323 et

392 3373 426 3411 α
459 3357 720 3422 Domino,
772 3356 922 3410 hanc
973 3354 1287 3425 requiram.
1344 3375 1372 3402 ››
1420 3354 1736 3409 Videamus
1786 3369 1913 3423 quae
1953 3360 2043 3408 est
2072 3340 2116 3409 α
2154 3360 2413 3430 victima,
2462 3364 2778 3431 antequam
2829 3358 3148 3414 occidatur.
3200 3356 3363 3412 Unde
3412 3355 3660 3413 Paulus:
3706 3358 3812 3412 Ho-

394 3462 509 3501 una
540 3444 740 3516 petitio
771 3460 784 3500 :
821 3464 850 3495 «
882 3445 954 3500 Ut
974 3442 1379 3509 inhabitatem,
1404 3440 1620 3516 inquit,
1652 3440 1713 3496 in
1746 3441 1919 3497 domo
1946 3446 2047 3497 Do-

397 3535 538 3589 mini
571 3534 847 3589 omnibus
895 3532 1103 3587 diebus
1133 3532 1259 3586 vitae
1309 3547 1488 3597 meae;
1525 3553 1552 3579 ››
1596 3536 1662 3585 ut
1706 3531 1765 3585 in
1793 3529 1903 3585 hac
1930 3531 2048 3585 vita

395 3622 649 3688 mortali,
698 3621 987 3693 templum
1031 3623 1300 3675 sanctum
1351 3620 1589 3685 efﬁciar,
1638 3619 1699 3674 in
1747 3635 1861 3690 quo
1893 3620 2047 3674 Deus

371 3711 723 3779 'inbabitare
776 3710 1063 3781 dignetur.
1123 3730 1150 3761 (ι
1195 3709 1260 3764 Et
1308 3708 1537 3764 visitem
1576 3709 1864 3780 templum
1895 3710 2046 3778 ejus.

394 3800 491 3854 Eis
523 3799 661 3871 quia
688 3799 749 3854 in
779 3798 951 3854 terris
1003 3798 1198 3870 positi,
1251 3796 1544 3854 cmlestem
1605 3798 1780 3852 vitam
1843 3803 2046 3869 agunt,

393 3889 684 3961 particeps
715 3888 874 3942 fiam.
908 3888 979 3942 Et
1010 3891 1282 3960 protegar
1309 3886 1371 3943 in
1402 3886 1619 3958 templo
1650 3892 1851 3942 sancto
1882 3887 2045 3956 ejus:

390 3978 448 4032 id
481 3982 591 4044 est,
626 3976 1047 4048 protectioncm
1080 3977 1150 4032 ad
1203 3977 1329 4047 ipso
1361 3993 1540 4047 supra
1581 3975 1735 4031 dicto
1776 3975 2044 4031 habeam.

463 4087 490 4115 ‹‹
524 4065 811 4131 Quoniam
860 4064 1169 4120 abscondit
1199 4081 1292 4120 me
1339 4063 1400 4119 in
1449 4063 1823 4119 tabernaculo
1854 4080 1981 4119 suo.
2018 4085 2047 4112 ››

390 4156 454 4209 Ιιι
486 4170 601 4226 quo
635 4170 738 4225 per
768 4154 945 4209 ﬁdem
989 4152 1279 4207 inhabitet
1323 4168 1595 4230 mecum:
1644 4167 1716 4206 ne
1746 4151 1891 4206 mihi
1922 4157 2048 4206 ten-

388 4242 682 4297 tationum
716 4241 1019 4297 obviarent
1066 4239 1352 4312 procella.
1407 4240 1876 4295 Tabernaculum
1908 4240 2050 4294 divi-

396 4331 622 4401 nitatis,
654 4328 995 4386 humanitas
1018 4328 1233 4385 Christi
1256 4332 1364 4383 est.
1388 4328 1711 4383 Abscondit
1730 4327 2048 4384 Eoclesiam

398 4420 455 4474 in
490 4417 869 4475 tabernaculo
902 4434 1007 4473 suo
1034 4433 1046 4473 :
1096 4417 1235 4489 quia
1267 4420 1443 4488 caput
1490 4422 1756 4471 nostrum
1784 4417 2050 4472 Christus

393 4512 502 4573 est,
537 4513 594 4563 et
626 4525 731 4564 nos
779 4508 1043 4562 membra
1090 4504 1271 4560 illius.
1324 4504 1645 4560 Abscondit
1688 4521 1824 4577 ergo
1852 4506 2048 4560 Eccle-

396 4597 545 4653 siam
578 4597 732 4668 apud
784 4612 866 4665 se,
919 4599 984 4650 ut
1033 4595 1256 4649 dictum
1308 4598 1431 4649 est:
1461 4594 1663 4649 Μονίαὶ
1710 4596 1862 4648 enim
1898 4596 2047 4661 estis,

390 4694 442 4742 et
466 4688 592 4741 vita
620 4694 802 4741 vestra
829 4684 1147 4740 abscondita
1175 4687 1254 4738 est
1290 4699 1415 4737 cum
1464 4682 1673 4737 Christo
1706 4683 1765 4736 in
1788 4683 1892 4737 Deo
1923 4682 2045 4753 (Co-
2080 4705 2129 4770 Β

393 4775 519 4830 loss.
554 4788 638 4844 ιιι,
691 4774 767 4845 3).
818 4796 846 4823 «
893 4773 958 4829 In
1011 4772 1101 4827 die
1149 4770 1463 4827 malorum.
1518 4794 1546 4820 »
1597 4771 1894 4841 Numquid
1926 4771 2052 4827 dies

392 4863 531 4918 mali
587 4862 775 4917 sunt?
832 4866 979 4927 Non,
1038 4861 1139 4916 sed
1189 4860 1249 4915 in
1306 4860 1522 4915 nostris
1578 4860 1853 4931 operibus
1905 4860 2043 4916 mali

393 4952 686 5019 dicuntur,
742 4955 807 5006 ut
861 4949 1077 5006 Paulus
1151 4948 1334 5004 dicit:
1414 4950 1688 5017 Quoniam
1749 4949 1863 5005 dies
1922 4967 2046 5005 ma~

395 5040 438 5095 li
463 5048 591 5096 sunt
621 5040 845 5111 (Ephes.
878 5055 933 5105 ν,
989 5040 1096 5107 16).
1134 5042 1211 5092 De
1244 5036 1374 5092 istis
1426 5038 1811 5108 praesentibus
1842 5038 2050 5093 diebus

399 5128 560 5184 dicit.
611 5129 758 5194 Quia
805 5127 1076 5200 quamvis
1126 5128 1301 5197 caput
1348 5141 1585 5181 sursum
1638 5127 1734 5194 sit,
1786 5128 2053 5183 membra

400 5222 595 5273 tamen
630 5216 820 5272 adhuc
854 5218 1127 5272 deorsum
1166 5218 1304 5269 sunt
1349 5230 1539 5284 usque
1567 5213 1627 5268 in
1678 5215 1874 5270 finem.
1907 5215 2054 5279 Quia

391 5312 449 5362 et
480 5307 590 5361 hoc
618 5310 758 5377 puto
781 5304 1122 5378 significari,
1156 5302 1389 5375 quando
1420 5303 1545 5373 ipse
1568 5302 1730 5357 solus
1761 5304 1821 5358 in
1854 5310 2054 5359 monte

393 5394 601 5466 (Matth.
637 5411 749 5460 xiv,
783 5395 915 5461 25);
966 5392 1238 5447 navicula
1282 5391 1339 5445 in
1391 5391 1537 5445 mari
1579 5392 1909 5461 jactabatur
1938 5394 2053 5448 ﬂu-

394 5484 589 5538 ctibus
621 5484 828 5553 (Matth.
860 5499 981 5548 νιιι,
1012 5482 1124 5551 24),
1178 5484 1235 5535 et
1261 5480 1391 5534 ideo
1433 5480 1507 5534 ab
1541 5479 1668 5551 ipso
1701 5481 2055 5550 proiectione

396 5572 683 5643 indigent.
719 5594 749 5621 ‹‹
775 5576 839 5625 In
870 5570 963 5625 die
993 5568 1283 5623 malorum
1311 5586 1325 5635 ;
1356 5588 1383 5621 »δ
1444 5569 1501 5622 in
1537 5568 1939 5624 insidiantium
1976 5570 2056 5625 fe-

398 5661 636 5721 licitate.
672 5682 698 5709 ‹‹
756 5657 1007 5714 Protexit
1056 5673 1150 5713 me
1197 5656 1257 5710 in
1307 5657 1652 5713 abscondito
1694 5658 2057 5715 tabernaculi

399 5747 520 5805 sui.
554 5770 580 5797 ››
621 5750 683 5803 In
715 5748 885 5805 corde
912 5746 1169 5803 credenti
1199 5745 1271 5801 ad
1295 5744 1613 5816 justitiam.

2155 3451 2316 3504 stiam
2341 3451 2522 3504 vivam
2570 3449 2743 3519 (Rom.
2794 3463 2894 3517 xu,
2949 3448 3022 3519 1).
3062 3468 3090 3496 «
3141 3445 3398 3501 Cantabo
3430 3450 3488 3499 et
3517 3443 3812 3515 psalmum

2156 3538 2346 3593 dicam
2379 3537 2642 3593 Domino.
2683 3558 2711 3585 »
2744 3535 3006 3600 Cantabo,
3051 3533 3374 3606 praedicabo
3402 3550 3415 3600 ;
3448 3555 3476 3583 «
3509 3530 3813 3589 Psalmum

2157 3626 2369 3692 dicam,
2404 3648 2433 3675 ››
2464 3641 2637 3696 opere
2687 3623 3049 3695 compleam:
3105 3621 3194 3678 vel
3240 3621 3445 3677 laudes
3475 3618 3814 3692 spirituales

2158 3720 2350 3770 mente
2382 3714 2685 3769 concinam
2718 3712 2981 3768 dilatata.

2236 3825 2263 3857 ιι
2296 3803 2535 3871 Exaudi,
2586 3801 2851 3870 Domine,
2896 3816 3094 3857 vocem
3147 3817 3361 3866 meam,
3409 3816 3527 3872 qua
3564 3797 3813 3855 clamavi

2159 3892 2230 3947 ad
2260 3898 2354 3947 te:
2392 3893 2665 3946 miserere
2695 3890 2808 3946 mei
2839 3895 2895 3944 et
2926 3889 3134 3945 exaudi
3176 3906 3287 3945 me.
3323 3910 3351 3939 ››
3384 3889 3491 3944 Per
3520 3888 3812 3944 interioris
3874 3952 3881 3971 ἢ

2158 3981 2316 4036 enim
2346 3980 2604 4036 hominis
2636 3979 2950 4035 clamorem
2984 3980 3261 4049 deprecor
3288 3982 3355 4033 ut
3385 3976 3660 4033 exaudias
3694 3993 3809 4033 me.

2234 4091 2255 4117 α
2291 4070 2420 4125 Tibi
2455 4069 2599 4124 dixit
2626 4085 2726 4124 cor
2755 4084 2975 4133 meum,
3005 4066 3317 4137 exquisivit
3344 4071 3401 4122 te
3431 4064 3608 4121 facies
3639 4078 3806 4125 mea:

2158 4157 2365 4212 faciem
2398 4161 2581 4226 tuam,
2614 4156 2878 4225 Domine,
2931 4155 3246 4227 requiram.
3280 4175 3309 4205 ››
3357 4153 3560 4209 Merito
3591 4169 3689 4208 cor
3708 4153 3808 4225 ju-

2158 4245 2231 4301 sti
2260 4245 2486 4300 vultum
2520 4244 2765 4300 viventis
2811 4244 2906 4299 Dei
2957 4242 3241 4314 requirit:
3286 4243 3426 4314 quia
3454 4257 3588 4298 eum
3618 4241 3812 4299 videre

2158 4350 2329 4406 posse
2359 4333 2619 4389 confidit.
2671 4336 2828 4388 Beati
2859 4334 3008 4387 enim
3054 4332 3255 4388 mundo
3300 4331 3503 4389 corde:
3551 4332 3812 4403 quoniam

2157 4424 2264 4493 ipsi
2309 4423 2478 4476 Deum
2529 4422 2789 4477 videbunt
2834 4421 3044 4493 (Matth,
3094 4438 3146 4489 v,
3199 4422 3276 4492 8).
3324 4420 3598 4486 Quaesivit
3634 4420 3814 4476 facies

2161 4520 2290 4565 mea
2321 4510 2526 4566 faciem
2576 4515 2764 4576 tuam,
2801 4528 2814 4567 :
2846 4510 2955 4565 hoc
2999 4514 3108 4579 est,
3160 4508 3418 4564 Ecclesia
3450 4525 3579 4564 mea
3606 4507 3812 4563 faciem

2156 4604 2318 4654 tuam
2353 4598 2694 4670 requisivit:
2730 4598 2837 4653 hoc
2870 4603 2960 4653 est
2991 4598 3360 4669 praesentiam
3390 4601 3575 4652 tuam.

2233 4710 2254 4737 ε
2291 4688 2371 4744 Ne
2403 4692 2631 4743 avertas
2680 4686 2885 4742 faciem
2934 4692 3096 4742 tuam
3128 4702 3162 4741 a
3208 4703 3316 4742 me.
3375 4706 3404 4736 ››
3448 4686 3601 4742 Alibi
3649 4684 3810 4741 dicit.

2160 4776 2348 4831 Averte
2392 4776 2593 4846 faciem
2653 4779 2808 4829 tuam
2859 4791 2892 4827 a
2942 4776 3177 4845 peccatis
3218 4777 3354 4830 meis
3402 4774 3570 4847 (Psal.
3622 4791 3655 4828 ι.
3701 4774 3787 4843 11)

2154 4864 2222 4918 Et
2250 4863 2359 4918 hoc
2390 4863 2675 4918 orandum
2723 4868 2832 4919 est.
2885 4863 2993 4918 Sed
3040 4862 3134 4918 hic
3181 4861 3355 4919 dicit:
3409 4884 3437 4914 ‹‹
3471 4864 3553 4918 Ne
3583 4865 3813 4917 avertas

2158 4950 2362 5006 faciem
2393 4956 2595 5018 tuam;
2631 4974 2650 5000 ι
2701 4950 2758 5005 id
2792 4956 2901 5022 est,
2933 4968 3005 5007 ne
3052 4947 3317 5006 dimittas
3361 4966 3453 5006 me
3486 4950 3545 5006 in
3576 4948 3813 5020 propria

2156 5038 2489 5096 voluntate:
2546 5039 2699 5095 sicut
2744 5040 2967 5096 dictum
3020 5046 3143 5095 est:
3198 5038 3441 5095 Tradidit
3488 5038 3613 5092 illos
3670 5038 3813 5095 Deus

2159 5129 2221 5183 in
2251 5127 2542 5199 reprobum
2595 5143 2813 5183 sensum
2865 5129 3096 5199 (Romi
3151 5128 3283 5199 28):
3343 5126 3453 5181 hoc
3507 5129 3616 5192 est,
3675 5140 3811 5195 per-

2162 5216 2342 5271 misit.
2376 5238 2405 5267 «
2437 5216 2518 5272 Ne
2565 5216 2822 5273 declines
2868 5216 2928 5271 in
2976 5216 3064 5270 ira
3091 5233 3124 5270 a
3172 5231 3335 5270 servo
3384 5218 3504 5268 tuo.
3539 5234 3568 5262 »
3599 5213 3812 5268 Servus

2163 5305 2211 5361 si
2259 5305 2572 5361 Dominum
2626 5310 2925 5361 terrenum
2979 5303 3238 5374 offendit,
3289 5318 3422 5358 cum
3479 5316 3689 5372 pavore
3754 5304 3815 5357 et

2164 5399 2321 5449 metu
2346 5399 2471 5449 est:
2503 5398 2722 5464 quanto
2752 5393 2941 5464 magis
2985 5393 3178 5462 homo,
3211 5391 3260 5446 si
3306 5391 3487 5446 Deum
3518 5388 3811 5445 caelestem

2164 5481 2464 5537 offendat?
2519 5482 2667 5554 Ergo
2720 5481 2828 5537 hoc
2876 5485 3041 5553 rogat
3099 5478 3373 5546 Ecclesia,
3433 5476 3686 5533 atillam
3718 5477 3813 5535 hic

2165 5568 2459 5641 corripiat,
2491 5574 2547 5624 et
2573 5564 2741 5624 illum
2791 5569 3001 5623 videat.
3036 5567 3107 5623 Ut
3155 5583 3269 5623 non
3302 5567 3373 5622 ab
3430 5566 3531 5622 illa
3560 5583 3693 5623 cum
3727 5567 3815 5625 ira

2167 5658 2451 5727 discedat,
2483 5659 2581 5713 sed
2637 5663 2701 5713 ut
2722 5657 2825 5712 illa
2871 5662 3033 5728 gerat
3060 5672 3129 5711 ea
3154 5673 3189 5710 a
3232 5656 3445 5724 quibus
3487 5673 3602 5712 non
3636 5655 3811 5712 decli-

2169 5751 2303 5806 net:
2336 5746 2436 5802 sed
2467 5746 2613 5802 facie
2640 5745 2949 5819 propitiata
2979 5743 3269 5816 respiciat.
