4314 6580
505 463 616 525 951

1997 465 2416 529 APPENDIX.

3789 467 3911 528 952

576 622 603 650 ‹‹
636 596 887 671 Adjutor
931 613 1097 652 meus
1145 603 1293 665 esto,
1340 598 1601 664 Domine,
1652 616 1724 654 ne
1776 598 2149 670 derelinquas
2180 600 2233 666 Α
2265 597 2420 668 quod
2477 601 2677 652 contra
2734 597 2879 652 alios
2920 595 3302 659 mentiuntur,
3347 593 3459 650 sibi
3517 595 3907 665 mentiuntur,

503 707 617 760 me,
673 705 862 761 neque
908 688 1197 760 despicias
1246 705 1337 743 me
1385 688 1537 743 Deus
1583 688 1857 743 salutaris
1897 704 2083 742 meus.
2120 710 2146 737 ››

502 781 749 851 Adjutor,
782 779 841 833 in
875 778 1166 851 praesenti.
1195 778 1339 848 Esto,
1373 782 1493 831 tam
1542 778 1612 831 de
1645 777 1935 849 praesenti,
1969 793 2147 848 quam

504 869 575 923 de
605 868 798 923 futuro
844 867 1114 939 pertinet.
1153 887 1179 917 α
1230 867 1309 922 Ne
1341 865 1713 936 derelinquas
1765 882 1874 932 me,
1904 887 1931 914 »
1961 881 2150 936 neque

503 957 619 1023 hic,
650 973 839 1028 neque
869 956 928 1010 in
963 956 1175 1010 futuro.
1212 978 1240 1005 ‹‹
1293 956 1489 1026 Neque
1522 955 1810 1026 despicias
1852 971 1964 1020 me,
1998 954 2151 1008 Deus

503 1044 780 1101 salutaris
810 1062 997 1100 meus.
1033 1066 1059 1093 ι)
1104 1043 1388 1099 Salutaris
1420 1049 1619 1097 noster
1660 1042 1927 1097 Christus
1955 1046 2062 1111 est,
2097 1047 2152 1096 et

502 1135 615 1190 hoc
644 1139 808 1207 rogat
850 1133 1103 1189 Ecclesia
1141 1137 1205 1187 ut
1235 1149 1348 1186 non
1403 1133 1759 1202 despiciatur
1809 1131 1880 1186 ab
1922 1130 2057 1197 illo;
2092 1130 2149 1184 id

503 1229 614 1288 est,
648 1240 762 1278 non
793 1222 1120 1277 committat
1148 1221 1291 1275 illud
1325 1226 1623 1291 peccatum
1656 1236 1759 1291 per
1787 1220 1939 1289 quod
1973 1236 2006 1273 a
2041 1220 2152 1273 Deo

503 1312 877 1384 despiciatur.
912 1334 940 1361 ‹‹
974 1311 1053 1364 Ne
1086 1309 1459 1380 derelinquas
1489 1325 1602 1374 me,
1640 1330 1666 1357 ››
1711 1325 1845 1362 cum
1877 1308 2153 1378 cruciﬁgo

502 1416 703 1456 carnes
736 1392 895 1455 meas
926 1415 1058 1453 cum
1090 1397 1243 1453 vitiis
1274 1404 1331 1453 et
1367 1397 1876 1470 concupiscentiis.
1905 1418 1931 1448 α
1957 1397 2155 1468 Neque

502 1488 788 1559 despicias
848 1504 961 1554 me,
1011 1486 1165 1542 Deus
1215 1485 1491 1541 salutaris
1543 1503 1729 1557 meus,
1770 1509 1790 1535 ι
1842 1486 1981 1557 quia
2020 1491 2076 1540 et
2105 1490 2155 1543 si

501 1576 769 1632 mortalis
801 1592 954 1645 sum,
988 1580 1184 1630 tamen
1218 1573 1475 1629 cmlestia
1512 1591 1726 1646 quaero.

575 1685 603 1715 «
634 1664 919 1731 Quoniam
952 1668 1116 1735 pater
1165 1680 1331 1718 meus
1362 1670 1421 1719 et
1461 1670 1648 1719 mater
1677 1680 1807 1719 mea
1837 1663 2159 1735 derelique-

501 1762 638 1809 runt
670 1770 782 1808 me.
818 1774 845 1801 »
878 1754 1064 1820 Pater,
1100 1752 1409 1821 diabolus;
1458 1755 1663 1820 mater,
1697 1752 2032 1825 Babylonia,
2067 1752 2159 1807 vel

502 1841 822 1915 gentilitas,
855 1846 1171 1911 antequam
1200 1840 1468 1896 Christus
1501 1843 1724 1897 veniret
1749 1842 1809 1896 in
1842 1844 2158 1899 mundum.

2259 685 2401 740 dum
2448 686 2507 740 in
2558 702 2619 741 se
2666 685 2956 757 supplicia
3002 686 3354 756 praeparant,
3405 686 3676 754 putantes
3722 689 3907 741 Deum

2261 791 2376 828 non
2406 775 2702 829 vindicare
2733 773 3055 828 mendacia.

2331 886 2358 911 ‹‹
2393 862 2571 917 Credo
2591 863 2788 916 videre
2815 862 2966 916 bona
2985 859 3239 928 Domini,
3263 860 3323 915 in
3347 864 3500 916 terra
3517 861 3857 921 viventium.
3878 886 3908 915 »

2260 954 2382 1005 Vox
2414 950 2699 1005 Ecclesiae.
2736 973 2763 999 ‹‹
2798 950 2860 1005 In
2894 954 3047 1005 terra
3091 949 3437 1015 viventium,
3462 970 3490 1001 ι
3528 951 3667 1022 quia
3700 952 3912 1025 pignus

2263 1043 2530 1094 nostrum
2564 1038 2701 1094 illuc
2721 1055 2957 1094 sursum
2987 1039 3294 1109 habemus,
3319 1040 3473 1110 quod
3505 1047 3593 1094 est
3622 1041 3910 1098 Christus.

2262 1127 2363 1181 llle
2393 1128 2615 1198 accepit
2643 1129 2714 1182 de
2746 1134 2945 1182 nostra
2984 1134 3141 1183 terra
3178 1127 3423 1184 mortale
3455 1145 3687 1201 corpus,
3720 1137 3777 1186 et
3806 1149 3913 1187 nos

2260 1216 2332 1271 ah
2389 1214 2516 1287 ipso
2555 1217 2886 1288 accepimus
2917 1234 3079 1289 spem
3112 1222 3167 1273 et
3215 1218 3413 1282 ﬁdem,
3444 1223 3502 1273 et
3533 1236 3635 1290 per
3663 1236 3827 1291 spem
3856 1224 3916 1276 et

2265 1305 2439 1359 ﬁdem
2471 1306 2791 1372 credentes,
2816 1306 3221 1377 perveniemus
3247 1306 3306 1360 in
3329 1310 3543 1362 terram
3574 1308 3909 1379 viventium,

2264 1393 2323 1448 in
2356 1410 2473 1464 qua
2498 1396 2682 1449 sancti
2714 1396 2945 1467 capient
2973 1394 3371 1450 haereditatem
3419 1396 3582 1468 regni
3612 1397 3910 1453 ecelorum.

2267 1486 2581 1553 «Exspecta
2606 1484 2936 1539 Dominum.
2963 1505 2991 1533 »
3014 1484 3075 1538 Id
3100 1488 3207 1549 est,
3230 1501 3419 1556 usque
3440 1484 3499 1538 in
3517 1485 3693 1540 ﬁnem
3716 1485 3912 1541 saeculi

2267 1570 2549 1642 quidquid
2627 1572 2733 1627 tibi
2807 1573 3120 1629 accesserit
3194 1575 3369 1641 [Forte
3436 1572 3750 1644 acciderit],
3809 1591 3912 1646 pro

2268 1660 2498 1715 Christo
2530 1661 2815 1733 patienter
2843 1664 3087 1718 sustine.

2340 1772 2369 1799 «
2403 1750 2657 1806 Viriliter
2707 1768 2830 1822 age.
2894 1752 3009 1806 »ld
3070 1756 3159 1807 est
3212 1751 3443 1807 fortiter
3496 1768 3625 1824 age,
3677 1755 3743 1807 ut
3769 1753 3916 1809 dixit

2268 1837 2526 1910 Angelus
2578 1840 2645 1894 ad
2698 1839 2938 1895 Jesum:
3004 1839 3344 1911 Confortare,
3401 1848 3452 1895 et
3502 1849 3608 1895 esto
3666 1841 3914 1897 robustus

502 1934 771 2003 parentes
803 1930 973 1984 nobis
1020 1929 1277 1984 fuerunt.
1330 1929 1499 1986 Modo
1546 1934 1710 2001 pater
1751 1935 1966 1998 noster,
1999 1932 2154 1987 Deus
2183 1968 2231 2033 B
2273 1930 2448 1996 (Josue
2475 1946 2515 1995 1,
2548 1929 2626 1996 6).
2659 1951 2687 1977 ‹‹
2722 1928 2787 1982 Et
2835 1928 3191 1985 eonfortetur
3236 1945 3334 1984 cor
3379 1932 3569 1996 tuum,
3604 1950 3633 1979 »
3664 1928 3773 1985 hoc
3804 1934 3913 1997 est,

502 2024 615 2085 est,
664 2023 722 2074 et
770 2022 955 2073 mater
1001 2019 1593 2086 nostra,‘Jerusalem
1644 2018 1912 2090 caelestis,
1968 2025 2030 2075 ut
2072 2021 2153 2076 ait

500 2108 716 2163 Paulus
744 2126 757 2163 :
790 2108 1094 2163 Jerusalem
1135 2123 1259 2178 quae
1286 2112 1366 2164 est
1408 2117 1584 2164 mater
1623 2116 1812 2164 nostra
1841 2110 2039 2181 (Galat.
2075 2128 2148 2180 IV,

496 2198 610 2268 26).
645 2220 674 2247 «
706 2197 990 2261 Quoniam
1040 2202 1202 2269 pater
1249 2214 1416 2254 meus
1464 2204 1521 2253 et
1568 2202 1755 2254 mater
1783 2216 1912 2254 mea
1942 2200 2152 2255 dereli-

500 2291 755 2358 querunt
804 2304 919 2355 me,
999 2286 1283 2342 Dominus
1340 2292 1533 2343 autem
1592 2289 1916 2360 assumpsit
1973 2307 2084 2345 me.
2123 2313 2142 2339 ι.

498 2376 787 2446 Regnum,
820 2377 1026 2431 mundi
1056 2383 1114 2431 et
1153 2376 1417 2432 civitates
1464 2377 1645 2447 hujus
1677 2378 1873 2432 smculi
1905 2395 2030 2450 quae
2056 2397 2149 2435 me

494 2467 843 2536 genuerunt,
877 2470 933 2520 et
962 2465 1182 2521 caduca
1210 2466 1648 2536 promittebant,
1678 2466 1908 2538 reliqui,
1943 2473 1999 2523 et
2029 2486 2061 2523 a
2094 2473 2149 2523 te

492 2558 855 2625 assumptus,
907 2554 978 2607 ab
1028 2553 1121 2609 his
1165 2571 1297 2609 sum
1351 2555 1678 2610 derelictus.
1739 2579 1759 2604 ε
1809 2556 1956 2621 Quia
1985 2564 2150 2629 pater

491 2658 659 2697 meus
688 2647 746 2697 et
775 2646 962 2698 mater
1004 2659 1134 2698 mea
1176 2643 1616 2714 dereliquerunt
1663 2661 1773 2699 me.
1810 2667 1837 2693 ››
1868 2646 2062 2701 Potest
2091 2654 2149 2702 et

491 2731 562 2785 de
592 2730 769 2785 David
820 2730 1168 2803 simpliciter
1216 2730 1422 2802 accipi,
1476 2733 1629 2801 quod
1684 2733 1965 2789 minimus
1996 2735 2148 2791 inter

490 2818 717 2887 fratres,
770 2836 805 2874 a
850 2820 1193 2891 parentibus
1243 2824 1639 2891 contemptus,
1689 2838 1723 2876 a
1770 2823 1879 2877 Deo
1925 2824 2146 2879 electus

489 2912 579 2963 est
608 2924 711 2973 per
741 2907 1072 2965 Samuelem
1104 2910 1152 2980 (I
1176 2911 1307 2978 Reg.
1335 2926 1449 2979 xvx,
1502 2910 1700 2981 11-13).
1735 2911 1799 2965 In
1832 2927 2143 2968 commune

490 3011 645 3063 vero,
679 3002 990 3069 parentum
1037 2998 1097 3051 in
1147 2997 1285 3053 ﬁliis
1332 3013 1498 3053 amor
1545 3004 1729 3054 morte
1768 3000 2008 3067 ﬁnitur;
2043 3002 2144 3057 Dei

490 3101 656 3141 amor
683 3085 895 3141 crescit
924 3086 982 3140 in
1013 3090 1293 3158 tempore.

571 3196 599 3223 «
632 3175 845 3247 Legem
878 3173 1024 3229 mihi
1083 3176 1397 3243 constitue,
1468 3177 1724 3233 Domine.
1779 3200 1806 3227 »
1839 3183 2054 3250 Legem,
2085 3186 2142 3237 te

495 3263 833 3334 metipsum,
893 3263 1032 3334 quia
1088 3263 1212 3334 ipse
1268 3279 1330 3319 es
1358 3263 1467 3319 lex.
1526 3267 1590 3320 In
1645 3267 1735 3321 via
1765 3270 1877 3331 tua,
1938 3269 1994 3323 id
2026 3274 2133 3335 est,

492 3333 787 3407 mandatis
832 3333 973 3407 tuis.
1024 3333 1157 3415 Quae
1205 3357 1344 3407 sunt
1390 3352 1491 3425 illa
1533 3355 1856 3411 mandata?
1902 3357 1973 3412 Ut
2020 3333 2133 3414 non
2167 3333 2209 3400 Ο

489 3440 745 3497 declines
776 3441 848 3496 ad
880 3441 1195 3511 dexteram,
1228 3457 1416 3513 neque
1445 3443 1517 3497 ad
1565 3442 1888 3515 sinistram,
1931 3452 1990 3502 et
2022 3465 2137 3503 non

487 3530 766 3601 respicias
821 3534 994 3595 retro,
1053 3536 1119 3585 ut
1175 3530 1358 3586 illud:
1419 3536 1589 3588 Nemo
1638 3550 1847 3605 ponens
1908 3552 2139 3592 manum

486 3635 647 3673 suam
691 3621 755 3673 in
803 3623 990 3674 aratro
1038 3630 1089 3674 et
1134 3622 1408 3691 aspiciens
1456 3629 1602 3677 retro
1652 3627 1813 3693 aptus
1859 3632 1938 3679 est
1970 3641 2138 3695 regno

486 3707 743 3761 caelorum
787 3708 939 3774 (Luc.
998 3724 1077 3775 1x,
1121 3708 1233 3773 62).
1282 3708 1350 3762 Et
1398 3708 1575 3766 item:
1624 3710 1909 3767 Memores
1954 3720 2138 3769 estote

488 3795 685 3850 uxoris
718 3795 820 3849 Lot
849 3795 999 3865 (Luc.
1047 3812 1182 3863 xvn,
1233 3797 1343 3865 32).
1397 3798 1464 3851 Et
1493 3813 1559 3852 ea
1600 3815 1718 3869 quae
1760 3817 1981 3856 sursum
2010 3813 2139 3858 sunt

490 3885 721 3955 quaerite
748 3900 856 3939 non
879 3898 1004 3954 quae
1031 3900 1193 3955 super
1231 3888 1438 3941 terram
1483 3886 1705 3955 (Coloss.
1742 3905 1828 3954 III,
1863 3892 1933 3957 1).
1968 3913 1996 3941 «
2028 3892 2139 3947 Le-

491 3988 622 4043 gem
654 3988 803 4043 pone
831 3972 997 4041 mihi,
1042 3974 1299 4042 Domine,
1352 3976 1411 4029 in
1442 3976 1533 4031 via
1578 3981 1718 4031 tua:
1748 3982 1805 4033 et
1832 3978 2015 4051 dirige
2044 3997 2139 4036 me

490 4062 551 4115 in
595 4060 805 4117 semita
850 4066 1026 4117 recta.
1064 4086 1085 4113 ι
1143 4066 1219 4117 Ut
1260 4080 1375 4119 non
1424 4063 1707 4121 declinem
1754 4084 1787 4121 a
1833 4068 2051 4124 dextris
2083 4074 2139 4124 et

492 4149 769 4217 sinistris,
793 4151 894 4206 sed
915 4153 1017 4205 tua
1040 4167 1293 4222 sequens
1317 4144 1611 4222 mandata,
1629 4153 1900 4226 viamque
1920 4157 2135 4225 regiam

490 4237 786 4310 gradiens,
819 4243 1032 4294 terram
1078 4241 1552 4312 repromissionis
1588 4244 1899 4315 ingrediar.
1933 4268 1960 4294 «
1995 4247 2138 4302 Pro-

486 4330 616 4397 pter
645 4327 913 4383 inimicos
962 4345 1145 4396 meos,
1182 4350 1204 4379 ι
1245 4329 1503 4385 carnales
1552 4336 1769 4399 motus,
1819 4334 2132 4403 damones,

479 4414 779 4471 haereticos
819 4421 1245 4487 persecutores.

552 4524 581 4552 «
613 4503 695 4558 Ne
742 4504 1055 4559 tradideris
1115 4521 1207 4560 me
1261 4505 1319 4560 in
1369 4507 1599 4563 animas
1656 4511 2134 4582 persequentium

479 4607 593 4645 me.
629 4612 657 4640 »
683 4591 757 4646 Ut
786 4608 902 4647 non
933 4593 1179 4649 satietur
1225 4595 1422 4651 anima
1472 4613 1673 4652 eorum
1723 4599 1793 4654 de
1822 4600 2136 4656 adversita-

2262 2017 2489 2072 sustine
2519 2016 2854 2072 Dominum.
2877 2016 3171 2088 Propheta
3189 2018 3284 2072 hic
3306 2016 3573 2073 hortatur
3597 2017 3824 2074 ﬁdelem
3849 2018 3916 2074 il-

2261 2106 2406 2175 lum,
2439 2105 2540 2177 qui
2570 2122 2757 2177 usque
2789 2123 2941 2161 nunc
2972 2106 3199 2162 locutus
3228 2111 3334 2173 est,
3360 2105 3560 2162 dicens
3587 2123 3599 2159 :
3631 2107 3911 2179 Exspecta

2260 2196 2537 2269 primum,
2590 2200 2654 2250 ut
2699 2200 2899 2251 contra
2946 2194 3267 2250 certamina
3315 2194 3586 2249 mundis.
3614 2199 3727 2251 Deo
3773 2212 3911 2252 con-

2260 2286 2504 2341 forteris.
2558 2286 2841 2355 Exspecta
2888 2284 3180 2355 deinceps,
3232 2288 3297 2337 ut
3345 2282 3530 2339 victor
3587 2282 3658 2338 ab
3708 2285 3911 2340 eodem

2260 2375 2501 2429 Domino
2533 2373 2825 2429 coroneris
2852 2390 2865 2440 ;
2899 2372 3040 2443 quia
3070 2389 3185 2427 non
3238 2371 3632 2440 coronabitur,
3666 2373 3779 2427 nisi
3808 2373 3912 2445 qui

2256 2462 2515 2533 legitime
2565 2462 2891 2518 certaverit.
2942 2462 3059 2516 Nos
3105 2477 3238 2517 vero
3288 2461 3670 2532 deprecemur
3720 2462 3912 2517 Domi-

2257 2570 2421 2624 num,
2479 2549 2545 2608 ut
2599 2553 2725 2624 ipso
2803 2552 3184 2621 confortante,
3262 2550 3608 2606 sustinendo
3664 2550 3911 2606 viriliter

2256 2641 2649 2697 mundialium
2700 2640 2986 2696 ﬂuctuum
3037 2639 3339 2711 procellas,
3391 2644 3761 2711 expectemus
3806 2657 3910 2712 per

2256 2732 2453 2800 ﬁdem,
2485 2730 2868 2802 quoadusque
2917 2730 3110 2784 veniat
3158 2729 3418 2795 reddere,
3470 2745 3599 2800 qua;
3630 2728 3905 2800 dignatus

2254 2826 2341 2877 est
2371 2819 2650 2892 polliceri.

2784 2962 3109 3018 PSALMUS
3144 2962 3368 3017 XXVII.

2249 3050 2648 3134 Psalmusipsi
2698 3050 2892 3134 David.
2939 3050 3211 3133 Psalmus
3255 3066 3455 3134 vocem
3503 3050 3681 3134 habet
3717 3050 3901 3134 ipsius

2322 3121 2684 3187 mediatoris,
2735 3122 3030 3177 Passionis
3079 3122 3139 3177 in
3191 3122 3463 3177 conﬂictu
3503 3121 3796 3193 loquentis
3827 3122 3900 3177 ad
3978 3151 3983 3160 -

2321 3194 2569 3266 Patrem.
2603 3195 2736 3266 Quae
2769 3198 2964 3266 autem
2994 3193 3251 3266 inimicis
3282 3197 3599 3266 optantur:
3635 3209 3750 3266 non
3783 3209 3902 3247 ma-

2322 3264 2458 3346 litias
2485 3269 2591 3335 est,
2627 3264 2728 3346 sed
2760 3264 2904 3346 ratio
2955 3264 3288 3346 prophetiae.
3320 3264 3725 3346 prmdicentis:
3775 3280 3901 3345 quae

2318 3336 2401 3392 eis
2434 3352 2536 3407 pro
2568 3336 2738 3391 malis
2779 3336 2903 3390 suis
2951 3335 3340 3407 immineantf
3367 3335 3470 3407 vel
3498 3352 3623 3407 vox
3646 3335 3901 3390 hominis

2318 3406 2608 3479 assumpti
2636 3408 2695 3461 in
2727 3407 3025 3461 divinitate
3050 3424 3061 3461 :
3098 3406 3383 3462 Clamavit
3408 3406 3584 3463 Jesus
3614 3406 3673 3462 in
3705 3423 3896 3474 cruce,

2317 3485 2375 3533 et
2404 3479 2584 3534 dixit:
2618 3479 2706 3533 Eli
2734 3480 2823 3534 Eli
2855 3479 3067 3549 (Matth.
3100 3495 3273 3543 xxvn,
3309 3479 3419 3548 46).

2319 3643 2348 3671 ‹‹
2381 3623 2467 3675 Ad
2498 3626 2574 3688 te,
2602 3621 2866 3691 Domine,
2914 3619 3179 3689 clamavi,
3230 3620 3384 3675 Deus
3416 3636 3605 3675 meus.
3641 3642 3669 3670 »
3706 3619 3778 3675 Ut
3807 3635 3901 3675 me

2246 3709 2527 3765 clariﬁces
2559 3709 2659 3765 illa
2690 3709 2948 3764 claritate
2988 3724 3167 3779 quam
3217 3707 3394 3762 habui
3424 3708 3577 3777 apud
3611 3711 3667 3762 te
3699 3707 3900 3778 prius-

2248 3816 2422 3870 quam
2454 3798 2711 3853 mundus
2743 3798 2942 3863 ﬁeret;
2975 3797 3112 3867 quia
3142 3811 3299 3849 nunc
3332 3794 3632 3849 hominem
3663 3811 3894 3849 assum-

2248 3888 2358 3960 psi.
2401 3910 2427 3940 (ι
2456 3888 2535 3942 Ne
2565 3886 2738 3941 sileas
2770 3902 2804 3941 a
2836 3901 2945 3939 me.
2981 3905 3009 3933 »
3039 3883 3152 3938 Sed
3195 3882 3496 3955 loquaris;
3528 3883 3668 3954 quia
3696 3899 3892 3954 aequa-

2247 3976 2360 4032 lem
2392 3980 2582 4030 tecum
2610 3974 2792 4029 habeo
2843 3971 3242 4027 aeternitatem.
3276 3994 3305 4021 «
3332 3972 3415 4027 Ne
3454 3970 3628 4027 sileas
3654 3989 3689 4026 a
3716 3988 3832 4037 me,
3867 3994 3895 4022 »

2245 4065 2355 4121 hoc
2385 4068 2491 4129 est,
2525 4079 2639 4118 non
2685 4078 2779 4116 me
2826 4060 3210 4131 derelinquas.
3246 4082 3275 4111 «
3310 4062 3380 4117 Et
3425 4076 3522 4116 ero
3554 4059 3767 4116 similis
3798 4061 3898 4116 de-

2246 4151 2657 4208 scendentibus
2688 4150 2747 4205 in
2780 4149 2993 4206 lacum.
3016 4168 3043 4201 η
3085 4150 3148 4205 Id
3170 4154 3278 4217 est,
3310 4148 3371 4203 in
3393 4148 3693 4204 miseriam
3727 4149 3899 4205 istius

2243 4242 2410 4308 vitae;
2443 4240 2581 4311 quia
2619 4239 2663 4293 si
2714 4238 2990 4293 divinitas
3039 4238 3111 4295 ab
3163 4254 3231 4295 eo
3279 4232 3638 4305 recessisset,
3686 4237 3896 4293 similis

2245 4332 2413 4388 nobis
2453 4331 2512 4386 in
2564 4330 2799 4386 miseria
2846 4331 3071 4385 fuisset.
3125 4330 3186 4385 Si
3241 4328 3494 4395 silueris,
3543 4345 3640 4384 ero
3687 4327 3895 4384 similis

2243 4420 2625 4494 pereuntibus
2651 4438 2664 4489 ;
2694 4426 2890 4475 tamen
2919 4419 2969 4474 si
2998 4423 3213 4484 taceas,
3246 4434 3364 4473 non
3396 4417 3787 4489 cognosceris.

2318 4509 2599 4564 «Exaudi
2648 4525 2846 4564 vocem
2905 4506 3331 4580 deprecationis
3386 4522 3548 4577 mem,
3606 4506 3747 4561 dum
3795 4522 3894 4561 oro

2244 4601 2315 4655 ad
2347 4605 2423 4655 te.
2460 4622 2487 4648 ››
2518 4599 2718 4654 Oravit
2763 4597 3025 4653 Christus
3053 4596 3113 4651 in
3145 4611 3313 4651 cruce
3356 4611 3459 4667 pro
3499 4598 3619 4649 toto
3650 4594 3891 4661 mundo,

477 4678 640 4734 tibus
670 4695 799 4750 quae
819 4681 1092 4736 accidunt
1122 4682 1287 4737 mihi.
1322 4707 1350 4734 ‹‹
1375 4686 1657 4750 Quoniam
1691 4687 2133 4744 insurrexerunt
2164 4698 2208 4762 ι)
2240 4695 2296 4749 et
2325 4707 2427 4762 pro
2456 4689 2694 4755 Judaeis,
2725 4691 2781 4742 et
2811 4703 2913 4758 pro
2945 4685 3244 4757 apostolis.
3282 4703 3309 4735 α
3340 4684 3491 4739 Dum
3531 4684 3738 4740 extollo
3770 4701 3893 4738 ma-

481 4767 543 4822 in
574 4783 668 4822 me
695 4772 875 4823 testes
907 4769 1117 4841 iniqui,
1150 4776 1206 4827 et
1237 4773 1477 4829 mentita
1506 4779 1595 4830 est
1623 4776 1903 4847 iniquitas
1934 4778 2065 4832 sibi.
2098 4799 2127 4830 »

476 4858 912 4913 Insurrezerunt
966 4861 1029 4914 in
1082 4876 1187 4930 me,
1238 4862 1496 4918 dicentes
1557 4866 1966 4933 mendacium;
2027 4867 2129 4922 sed
2172 4886 2179 4892 ·

478 4962 614 5001 cum
645 4946 703 4999 in
734 4949 792 5001 te
823 4947 1196 5017 conﬁderem,
1241 4951 1523 5007 destructi
1573 4958 1712 5008 sunt
1742 4955 1801 5009 in
1828 4955 2131 5011 mendacio

480 5051 615 5092 suo.
636 5057 665 5086 «
689 5035 973 5098 Quoniam
999 5037 1438 5095 insurrexerunt
1458 5041 1515 5096 in
1541 5058 1633 5097 me
1664 5047 1841 5099 testes
1864 5043 2073 5116 iniqui.
2098 5066 2126 5096 »

480 5124 694 5180 Contra
724 5124 1022 5181 Christum
1047 5131 1225 5183 testes
1254 5127 1439 5200 iniqui
1463 5136 1861 5199 surrexerunt,
1895 5134 2129 5203 quando

481 5212 753 5268 dixerunt
780 5213 1004 5270 Judaei:
1044 5217 1142 5270 Hic
1189 5216 1372 5273 dixit:
1420 5219 1694 5275 Destruite
1738 5222 1997 5291 templum
2035 5223 2131 5277 hoc

482 5302 644 5372 [Dei],
677 5307 729 5357 et
756 5305 819 5358 in
846 5303 1028 5359 triduo
1057 5305 1401 5375 resedi/icabo
1431 5308 1571 5362 illud
1601 5309 1808 5379 (Matth.
1840 5326 1989 5375 xxw,
2023 5311 2086 5363 61
2113 5328 2126 5377 ;

478 5392 640 5446 Joan.
676 5408 739 5457 ιι,
773 5391 882 5463 19).
935 5392 1038 5448 Vel
1089 5398 1290 5449 contra
1336 5395 1654 5451 Ecolesiam
1688 5396 1890 5451 dicunt
1931 5398 2132 5451 adver-

484 5477 643 5532 sarii.
683 5498 711 5529 α
755 5479 994 5535 Mentita
1043 5487 1130 5536 est
1173 5481 1457 5554 iniquitas
1506 5484 1640 5549 sibi,
1691 5505 1719 5531 τι
1771 5484 1829 5539 id
1877 5489 1984 5555 est,
2017 5485 2130 5541 sibi

483 5563 750 5634 metipsis
780 5568 1007 5623 mentiti
1057 5575 1217 5636 sunt,
1268 5576 1324 5626 et
1353 5589 1469 5627 non
1521 5572 1709 5637 mihi;
1757 5572 1895 5642 quia
1924 5572 2130 5628 unius-

483 5651 769 5722 cujusque
795 5655 1001 5711 vitium
1047 5658 1104 5712 in
1136 5675 1313 5713 suum
1364 5659 1610 5715 recurrit
1648 5664 1964 5715 auctorem.
1999 5683 2028 5709 «
2060 5662 2130 5717 Et

484 5739 729 5796 mentita
752 5746 841 5798 est
869 5743 1147 5817 iniquitas
1178 5747 1312 5802 sibi.
1348 5772 1370 5801 ι
1408 5749 1610 5804 Testes
1644 5746 1937 5819 ﬂagitiosi,
1971 5750 2030 5804 in
2059 5766 2126 5806 eo

2240 4796 2353 4835 nus
2384 4793 2544 4833 meas
2594 4777 2663 4831 ad
2715 4774 3001 4846 templum
3055 4779 3326 4829 sanctum
3373 4778 3565 4828 tuum.
3615 4796 3644 4823 »
3676 4773 3892 4828 Extollo

2237 4884 2436 4924 manus
2464 4881 2635 4929 meas,
2669 4865 2726 4919 id
2777 4869 2884 4928 est,
2918 4863 2990 4917 ad
3023 4863 3131 4918 hoc
3184 4850 3413 4918 extendi
3462 4879 3559 4917 eas
3610 4862 3670 4916 in
3701 4878 3890 4917 cruce.

2240 4958 2319 5013 Ad
2365 4955 2625 5025 templum
2669 4955 2936 5019 sanctum,
2984 4951 3043 5006 id
3093 4955 3200 5019 est,
3251 4952 3323 5006 ad
3372 4950 3482 5007 hoc
3527 4950 3778 5020 extendi,
3827 4954 3895 5005 ut

2239 5043 2525 5115 templum
2556 5042 2665 5096 tibi
2709 5057 3130 5113 praepararem;
3164 5040 3273 5096 hoc
3321 5044 3430 5109 est,
3465 5055 3675 5111 corpus
3707 5038 3890 5094 Eccle.

2242 5134 2360 5190 size.
2391 5133 2457 5187 Et
2479 5131 2849 5186 assimilabor
2871 5130 3361 5186 descendentibus
3382 5127 3439 5182 in
3468 5127 3682 5184 lacum.
3706 5128 3893 5182 Lacus

2241 5221 2534 5295 signiﬁcat
2559 5220 2851 5275 internum
2879 5236 2891 5274 :
2919 5217 3112 5273 locum
3134 5216 3405 5272 videlicet
3426 5233 3627 5273 eorum
3658 5215 3758 5287 qui
3781 5216 3890 5271 sub
3978 5249 4003 5269 π

2241 5310 2506 5366 custodia
2534 5308 2878 5363 retinentur.
2933 5306 3000 5361 Et
3046 5304 3187 5360 alibi
3236 5306 3547 5361 scribitur:
3590 5306 3786 5377 Usque
3817 5305 3890 5360 ad

2240 5398 2526 5470 captivam
2585 5414 2711 5468 quae
2785 5399 2908 5450 erat
2976 5394 3036 5448 in
3116 5394 3248 5449 lacu
3324 5394 3518 5467 (Exod.
3590 5411 3689 5460 x11,
3758 5392 3886 5464 29):

2240 5511 2268 5538 «
2300 5488 2521 5542 Exaudi
2553 5502 2749 5540 vocem
2799 5483 3224 5555 deprecationis
3291 5500 3455 5552 meae,
3497 5484 3637 5539 dum
3684 5500 3783 5538 oro
3815 5485 3887 5540 ad

2239 5581 2332 5640 te;
2367 5576 2506 5630 dum
2537 5571 2745 5630 extollo
2770 5587 2979 5626 manus
3003 5587 3162 5627 meas
3194 5573 3265 5628 ad
3296 5571 3584 5644 templum
3616 5575 3885 5627 sanctum

2238 5668 2445 5730 tuum;
2481 5685 2508 5711 ››
2565 5661 2625 5715 in
2688 5675 2856 5714 cruce
2909 5659 3139 5716 'Scilicet
3187 5678 3289 5733 pro
3339 5661 3729 5726 credentibus,
3784 5660 3885 5733 qui

2234 5749 2521 5822 templum
2551 5754 2720 5804 tuum
2754 5748 2933 5803 futuri
2963 5752 3120 5805 sunt.
