4314 6598
367 468 484 529 953

1538 463 2030 526 BREVIABIUM
2073 463 2151 524 IN
2199 464 2581 526 PSALMOS.

3643 460 3763 519 954

441 621 469 649 ‹‹
499 599 582 655 Ne
612 597 787 654 simul
818 596 1016 652 tradas
1048 611 1140 650 me
1171 610 1304 649 cum
1337 594 1760 666 peccatoribus.
1789 615 1817 644 »
1866 594 2009 649 Pec-
2037 595 2096 661 Α
2123 595 2421 661 Protector,
2452 596 2562 651 hoc
2613 602 2700 651 est
2744 596 3032 651 defensor.
3081 614 3109 643 «
3142 590 3498 648 Salutarium
3546 589 3762 646 Christi

370 693 620 753 catores,
654 687 927 754 latrones,
960 684 1112 739 inter
1141 700 1287 755 quos
1319 683 1630 755 pendebat,
1663 687 1730 738 ut
1762 682 1846 738 ait
1877 699 2009 754 pro-

370 777 577 848 pheta:
614 776 683 831 Et
728 775 882 830 inter
916 773 1151 845 iniquos
1200 774 1515 845 deputatus
1562 776 1650 829 est
1703 773 1835 844 (Isa.
1889 789 2008 838 Lm,

372 867 480 937 12).
521 887 547 918 ιι
567 864 708 920 Cum
733 862 1107 935 operantibus
1129 862 1501 934 iniquitatem
1519 878 1592 917 ne
1614 863 1823 935 perdas
1841 878 1953 917 me.
1983 884 2003 910 ι)

370 955 431 1009 Id
462 960 570 1021 est,
604 954 663 1008 in
695 953 787 1009 die
808 952 1019 1024 judicii
1051 969 1185 1009 cum
1214 952 1308 1007 his
1354 951 1705 1021 latronibus,
1756 957 1857 1008 aut
1903 968 2009 1008 caa-

367 1043 508 1098 teris
539 1042 729 1098 malis.
762 1043 906 1098 Tam
937 1043 1009 1097 ad
1043 1042 1362 1108 Christum,
1389 1057 1564 1113 quam
1590 1043 1662 1097 ad
1694 1040 2009 1097 Ecclesiam

371 1132 646 1203 pertinet,
680 1136 744 1186 ut
772 1149 888 1187 non
920 1132 1005 1186 sic
1052 1148 1305 1203 peream,
1364 1134 1611 1187 mortem
1658 1129 2006 1203 suscipiens,

371 1222 522 1276 sicut
551 1219 799 1292 operarii
829 1220 1178 1292 iniquitatis.

453 1332 480 1357 ‹‹
527 1307 672 1363 Cum
722 1307 815 1363 his
847 1309 944 1380 qui
996 1309 1314 1377 loquuntur
1342 1324 1543 1379 pacem
1583 1325 1717 1364 cum
1749 1309 2012 1380 proximo

371 1411 515 1450 suo:
542 1393 697 1449 mala
727 1400 988 1460 autem,»
1022 1401 1128 1450 etc.
1164 1396 1576 1467 Loquebantur
1602 1397 1785 1451 Judaei
1808 1413 2008 1467 pacem

370 1500 503 1538 cum
532 1483 781 1551 Christo,
813 1483 1071 1540 dicentes
1097 1500 1108 1538 :
1142 1484 1415 1555 Magister,
1448 1487 1649 1540 scimus
1680 1488 1812 1556 quia
1840 1502 2012 1541 verax

369 1588 442 1640 es,
473 1576 523 1628 et
552 1575 684 1644 quia
711 1590 745 1627 a
775 1574 879 1628 Deo
908 1575 1111 1629 venisti
1137 1578 1419 1645 magister,
1450 1584 1504 1629 et
1534 1578 1681 1629 viam
1702 1576 1797 1630 Dei
1827 1577 1887 1629 in
1916 1592 2011 1630 ve-

370 1664 534 1717 ritate
575 1662 726 1718 doces
781 1664 1002 1735 (Matth.
1059 1680 1199 1735 xxu,
1262 1665 1370 1735 16).
1420 1663 1569 1719 Mala
1626 1668 1823 1719 autem
1873 1670 2011 1720 sunt

369 1748 431 1804 in
460 1750 736 1806 cordibus
773 1766 996 1817 eorum,
1033 1772 1061 1799 »
1092 1751 1325 1822 quando
1372 1750 1812 1823 interrogabant
1840 1768 2007 1807 eum:

371 1840 515 1895 Licet
535 1839 803 1895 tributum
833 1840 962 1895 dari
994 1840 1222 1908 Casari,
1256 1855 1326 1893 an
1357 1856 1470 1895 non
1506 1839 1667 1909 (Ibid.
1704 1841 1834 1908 17)?

2119 683 2211 739 sui
2255 690 2363 739 est.
2392 707 2418 733 ››
2472 683 2781 739 Pluraliter
2837 683 3015 739 dicit:
3078 682 3216 753 quia
3263 694 3468 736 omnes
3515 679 3764 735 virtutes

2118 774 2331 829 Christi
2363 773 2641 831 divinitas
2670 773 2945 829 custodit.
3786 762 3793 763 ί

2196 882 2223 913 α
2253 862 2490 918 Salvum
2523 863 2612 917 fac
2643 862 2925 934 populum
2948 864 3138 927 tuum,
3162 860 3426 916 Domine.
3451 878 3477 910 ι)
3507 860 3623 915 Hoc
3647 864 3758 926 est,

2120 951 2402 1024 populum
2461 951 2877 1006 Christianum.
2929 948 3055 1016 Vel,
3114 949 3333 1005 salvam
3385 948 3473 1004 fac
3533 948 3760 1021 plebem

2118 1042 2305 1105 tuam,
2332 1039 2595 1110 Domine,
2621 1056 2799 1111 quam
2832 1043 3019 1094 morte
3049 1054 3179 1094 mea
3209 1038 3448 1093 redemi.
3486 1059 3513 1085 ιι
3544 1038 3612 1092 Et
3670 1038 3764 1092 be-

2121 1126 2289 1182 nedic
2320 1126 2642 1182 haareditati
2674 1132 2808 1184 tute.
2835 1150 2864 1176 »
2890 1130 3083 1193 Quam
3113 1143 3216 1198 per
3246 1126 3503 1198 corporis
3534 1130 3592 1181 et
3623 1142 3760 1181 san-

2117 1214 2313 1286 guinis
2334 1215 2449 1270 mei
2475 1216 2817 1288 mysterium
2840 1215 2898 1269 in
2916 1214 3172 1271 Ecclesia
3201 1213 3583 1288 congregasti.
3642 1214 3763 1269 Haa-

2119 1304 2336 1359 reditas
2360 1304 2595 1375 Christi,
2618 1321 2726 1360 sua
2774 1304 3050 1372 Ecclesia,
3109 1304 3180 1359 de
3220 1320 3336 1375 qua
3383 1303 3566 1358 dixit:
3613 1303 3760 1358 Dabo

2120 1393 2222 1447 tibi
2246 1402 2429 1463 gentes
2459 1396 2518 1448 in
2565 1394 2943 1449 haereditatem
2986 1398 3139 1448 tuam
3187 1393 3359 1460 (Psat.
3410 1409 3473 1458 11,
3502 1392 3580 1463 8).
3635 1414 3657 1441 ι
3692 1391 3762 1445 Et

2123 1498 2252 1552 rege
2283 1498 2402 1552 eos,
2438 1487 2494 1537 et
2521 1482 2726 1538 extolle
2756 1481 2888 1538 illos
2924 1499 3111 1553 usque
3141 1482 3200 1536 in
3233 1479 3530 1536 saeculum.
3564 1501 3592 1529 »
3624 1480 3760 1550 Rege

2119 1571 2265 1637 illos,
2301 1587 2366 1625 ac
2397 1571 2447 1625 si
2471 1571 2664 1626 dicat:
2698 1575 2778 1625 Tu
2812 1587 2965 1644 rege,
3002 1588 3114 1626 non
3148 1569 3438 1635 diabolus,
3473 1584 3578 1624 nec
3626 1583 3760 1640 pec-

2122 1663 2340 1715 catum.
2372 1679 2399 1711 α
2428 1660 2495 1714 Et
2523 1657 2860 1729 extolleeos
2906 1676 3093 1731 usque
3141 1660 3199 1714 in
3248 1657 3548 1725 saeculum,
3575 1678 3602 1706 ››
3652 1656 3762 1712 hoc

2120 1753 2230 1820 est,
2264 1748 2509 1805 defende
2537 1765 2634 1804 eos
2667 1765 2852 1820 usque
2881 1748 2941 1803 in
2970 1747 3272 1820 saeculum,
3305 1748 3366 1803 in
3395 1746 3512 1802 vita
3525 1750 3758 1802 aeterna.

2118 1842 2223 1907 Tu,
2256 1837 2519 1908 Domine,
2553 1854 2683 1910 rege
2711 1843 2767 1894 et
2792 1837 2951 1894 eleva
2981 1855 3120 1893 nos:
3155 1837 3294 1909 quia
3324 1835 3577 1908 populus
3622 1839 3763 1890 tuus

444 1950 472 1978 α
505 1928 589 1983 Da
620 1928 738 1983 illis
764 1928 1090 1984 secundum
1121 1943 1299 1999 opera
1337 1944 1559 1984 eorum.
1588 1951 1614 1978 »
1649 1928 1757 1994 Qui
1788 1933 1842 1984 te
1894 1945 2005 1984 non
2042 1962 2092 2027 B
2121 1944 2352 1996 sumus,
2381 1931 2447 1982 ut
2473 1927 2534 1983 in
2566 1928 2675 1983 hac
2704 1928 2824 1983 vita
2853 1944 2979 2000 quae
3012 1926 3118 1984 tibi
3142 1931 3281 1982 sunt
3314 1923 3527 1998 placita
3548 1924 3764 1980 facian-

371 2016 708 2089 intelligunt
727 2033 830 2088 per
857 2016 1159 2085 beneﬁcia,
1186 2015 1518 2088 intelligant
1547 2033 1650 2089 per
1695 2017 2009 2083 cruciatus,

369 2115 435 2160 ut
464 2105 615 2161 male
644 2110 905 2177 agentes,
933 2104 1088 2160 bona
1117 2110 1220 2160 tua
1276 2105 1536 2160 invenire
1584 2122 1699 2161 non
1756 2107 2008 2178 possint.

366 2193 656 2265 Propheta
685 2210 802 2249 non
843 2193 1117 2264 optando,
1179 2195 1280 2248 sed
1330 2193 1785 2265 pronuntiando,
1826 2195 2006 2251 dicit:

364 2287 446 2337 Ac
477 2281 526 2336 si
549 2281 827 2338 dixisset:
872 2285 1125 2336 Daturus
1171 2298 1233 2337 es
1280 2280 1398 2336 illis
1447 2281 1761 2337 vindictam
1811 2283 1870 2337 in
1916 2283 2009 2339 die

370 2370 587 2439 judicii.
616 2391 644 2420 «
676 2372 743 2426 Et
791 2370 1114 2425 secundum
1165 2369 1486 2441 nequitiam
1529 2370 2007 2427 adinventionum

368 2474 592 2525 eorum,
624 2482 651 2507 ››
684 2463 793 2514 etc.
824 2459 1031 2513 Studia
1061 2474 1260 2512 eorum
1295 2462 1454 2527 sunt,
1487 2461 1551 2512 ut
1572 2457 1716 2512 mihi
1740 2465 2005 2530 noceant,

366 2551 423 2601 et
447 2546 687 2617 laqueos
702 2546 1090 2602 tentationum
1124 2546 1470 2601 intendant:
1506 2546 1634 2601 ideo
1647 2546 1879 2617 justum
1897 2552 2005 2616 est,

366 2635 516 2689 utin
577 2634 675 2690 his
732 2636 841 2707 ipsi
902 2634 1194 2690 deﬁciant.
1248 2657 1276 2684 ‹‹
1310 2635 1505 2689 Redde
1563 2635 2007 2691 retributionem

365 2740 565 2779 eorum
623 2724 839 2795 ipsis.»
894 2724 1010 2795 Ipsi
1063 2724 1218 2778 enim
1268 2723 1652 2779 reddiderunt
1700 2723 1855 2782 mala
1901 2741 2006 2796 pro

364 2812 554 2880 bonis,
587 2815 644 2866 te
675 2827 787 2867 non
830 2810 1243 2882 intelligentes.
1270 2834 1298 2862 «
1331 2813 1616 2877 Quoniam
1670 2829 1785 2868 non
1833 2812 2008 2869 intel-

362 2900 628 2957 lexerunt
657 2917 833 2971 opera
866 2900 1164 2971 Domini,»
1199 2903 1308 2956 etc.
1343 2900 1621 2955 Machinae
1652 2917 1852 2957 eorum
1878 2919 2007 2974 quae

370 2993 571 3046 contra
584 2989 900 3045 Ecclesiam
925 3004 1114 3044 meam
1147 2987 1453 3061 eriguntur
1467 2989 1613 3044 nihil
1636 2990 2003 3062 praevaleant.

435 3101 463 3129 ‹‹
486 3078 834 3133 Benedictus
856 3078 1160 3133 Dominus.
1184 3098 1210 3130 η
1236 3081 1426 3134 Pater.
1448 3101 1468 3127 ν
1502 3097 1523 3126 ι
1540 3078 1823 3144 Quoniam
1838 3097 2007 3136 exau-

363 3167 506 3223 divit
533 3184 732 3224 vocem
764 3166 1189 3239 deprecationis
1221 3183 1382 3223 mea.
1408 3189 1437 3217 »
1464 3167 1843 3239 Respondeas
1874 3174 2008 3226 ante

362 3257 734 3329 passionem:
798 3259 859 3312 Et
912 3257 1234 3328 clariﬁcavi,
1297 3260 1349 3312 et
1422 3257 1623 3313 iterum
1694 3258 2005 3328 ctariﬁcabo

359 3345 548 3419 (Joan.
582 3363 684 3414 x11,
717 3348 828 3417 28).

434 3457 463 3485 «
495 3435 781 3491 Dominus
838 3435 1072 3506 adjutor
1117 3451 1305 3492 meus.
1334 3456 1363 3484 »
1413 3435 1477 3491 In
1526 3435 1819 3507 passione.
1877 3438 2004 3491 «Et

361 3528 649 3597 protector
679 3541 917 3580 meus.»
950 3524 1014 3579 In
1049 3528 1257 3580 morte.
1296 3547 1324 3575 «
1351 3524 1421 3579 Et
1457 3523 1517 3578 in
1575 3525 1704 3596 ipso
1752 3524 2006 3596 speravit

361 3629 461 3668 cor
489 3630 706 3669 meum.
733 3636 760 3662 »
792 3613 1139 3668 Humanitas
1170 3613 1230 3667 in
1262 3612 1584 3668 divinitate.
1607 3636 1635 3663 ››
1666 3614 1736 3669 Et
1763 3613 2003 3684 adjutus

361 3718 511 3757 sum.
537 3722 565 3752 »
602 3702 661 3756 ln
690 3701 1087 3767 tribulatione,
1122 3706 1186 3756 ut
1214 3717 1601 3774 resurgerem.

438 3810 469 3843 αι
500 3790 566 3845 Et
592 3790 854 3845 reﬂoruit
877 3807 1008 3845 caro
1041 3805 1189 3846 mea.
1218 3812 1247 3839 »
1283 3794 1423 3845 Caro
1456 3789 1669 3846 Christi
1701 3792 1761 3846 in
1808 3808 2003 3847 resur-

362 3879 617 3935 rectione
647 3879 925 3935 reﬂoruit.
964 3879 1136 3946 Vel,«
1166 3879 1431 3934 reﬂoruit
1479 3896 1610 3934 caro
1659 3896 1808 3936 mea.
1839 3904 1866 3930 ι›
1916 3898 2003 3936 re-

363 3966 685 4023 ﬂoruerunt
714 3966 982 4039 apostoli,
1009 3968 1148 4039 quia
1168 3971 1301 4039 post
1320 3968 1710 4040 negationem,
1736 3970 1803 4023 ad
1830 3969 2003 4026 ﬁdem

358 4060 663 4111 venerunt.
692 4079 721 4106 «
757 4056 1042 4112 Reﬂo'ruit
1072 4073 1204 4112 caro
1236 4073 1388 4125 mea,
1414 4079 1443 4107 ››
1499 4059 1817 4129 procedens
1847 4076 1878 4114 e
1906 4064 2003 4114 tu-

362 4144 522 4201 mulo
552 4145 909 4216 incorrupta.
960 4167 987 4195 ‹‹
1018 4146 1089 4200 Et
1143 4145 1406 4201 reﬂoruit
1461 4162 1593 4201 caro
1643 4163 1791 4202 mea.
1821 4170 1841 4196 ο
1896 4148 2001 4204 Prc

358 4250 541 4303 carne,
600 4234 919 4290 Theodotio
970 4250 1063 4289 cor
1109 4234 1528 4305 interpretatus
1594 4239 1701 4290 est.
1778 4235 1999 4292 Aliter:

359 4322 581 4395 Quippe
613 4322 1042 4379 resurreximus
1073 4339 1205 4378 cum
1256 4322 1508 4379 Christo.
1558 4324 1630 4379 Et
1688 4325 1758 4379 de
1808 4342 2005 4381 resur-

357 4412 612 4469 rectione
636 4413 882 4468 dicitur:
918 4413 1047 4468 Ossa
1081 4416 1258 4467 vestra
1288 4420 1347 4467 ut
1373 4413 1539 4468 herba
1571 4415 1818 4470 orientur
1873 4416 2000 4486 (Isa.

359 4519 505 4570 LXVI,
540 4502 647 4573 14).
674 4524 703 4553 ‹‹
736 4502 801 4556 Et
828 4518 895 4557 ex
934 4500 1231 4557 voluntate
1291 4517 1421 4556 mea
1466 4503 1788 4558 conﬁtebor
1836 4503 1998 4558 illi.»

354 4589 469 4662 ipsi
500 4590 677 4657 Patri,
710 4594 775 4645 ut
810 4590 993 4645 illud:
1056 4589 1319 4660 Conﬁteor
1363 4591 1483 4658 tibi,
1529 4596 1718 4661 Pater,
1770 4595 2002 4649 Domine

2122 2017 2282 2073 tibus
2339 2016 2410 2071 ad
2466 2016 2576 2072 hac
2624 2016 2981 2072 mortalitate
3024 2017 3082 2072 in
3133 2013 3655 2082 immortalitatem,
3704 2017 3762 2068 te

2120 2109 2539 2176 commutante,
2584 2105 2973 2174 extollamur;
3026 2106 3083 2160 id
3131 2108 3240 2173 est,
3293 2104 3354 2159 in
3426 2102 3760 2159 ccelestibus

2119 2193 2432 2261 elevemur,
2466 2194 2764 2266 regnaturi
2795 2211 2929 2250 cum
2953 2194 3174 2249 sanctis
3191 2192 3330 2247 tuis.

2634 2299 2968 2356 PSALMUS
3006 2298 3248 2355 XXVIII.

2116 2392 2180 2446 In
2205 2390 2389 2460 ﬁnem,
2421 2388 2682 2444 Psatmus
2720 2389 2919 2455 David,
2954 2391 3011 2444 in
3061 2389 3536 2460 consummatione
3578 2387 3761 2442 taber-

2188 2458 2396 2516 naculi.
2430 2461 2669 2526 Quando
2700 2478 2832 2516 arca
2861 2462 2932 2515 de
2961 2460 3293 2531 captivitate
3317 2458 3758 2531 Philistinorum

2190 2532 2428 2587 reducta
2455 2537 2564 2592 est.
2596 2547 2701 2603 pro
2732 2549 2849 2603 qua
2881 2530 3064 2586 multa
3093 2531 3247 2586 mala
3272 2530 3637 2603 habuerunt,
3668 2530 3758 2584 di-

2190 2603 2372 2658 missa
2401 2608 2508 2670 est,
2541 2601 2767 2665 inPSilo,
2809 2610 2866 2657 et
2918 2603 3091 2657 David
3147 2601 3454 2656 aediﬁcavit
3483 2602 3534 2657 ei
3566 2602 3757 2655 taber-

2188 2673 2499 2744 naculum;
2534 2674 2593 2727 in
2624 2690 2739 2744 quo
2770 2673 3038 2728 hortatur
3065 2672 3369 2744 populum,
3406 2676 3468 2726 ut
3515 2672 3759 2744 offerant

2187 2743 2473 2799 sacriﬁcia
2514 2749 2626 2799 Deo
2642 2742 2706 2815 _(I
2732 2745 2856 2815 Reg,
2891 2761 2966 2814 Iv,
3001 2760 3034 2796 v
3064 2742 3121 2798 et
3146 2742 3305 2815 seq.).
3362 2742 3535 2815 David
3588 2757 3756 2812 aper-

2185 2816 2415 2887 tissime
2444 2813 2937 2887 ﬁguramgChristi
2975 2818 3152 2887 tenet,
3211 2813 3268 2869 et
3316 2829 3452 2887 arca
3503 2813 3755 2887 ﬁguram

2185 2882 2670 2943 EcclesiaefSicut
2698 2885 2876 2941 David
2910 2885 3140 2941 reduxit
3170 2901 3364 2940 arcam
3396 2885 3468 2939 de
3513 2882 3752 2953 captivi-

2186 2963 2323 3029 tate,
2348 2959 2432 3013 sic
2461 2964 2517 3014 et
2546 2958 2815 3014 Christus
2843 2956 3072 3029 reduxit
3101 2973 3318 3022 arcam,
3342 2956 3452 3011 hoc
3469 2960 3590 3029 est,
3623 2970 3755 3009 san-

2170 3027 2343 3093 ,ctam
2371 3029 2691 3086 Ecclesium
2720 3030 2791 3085 de
2820 3028 3149 3101 captivitate
3174 3053 3189 3094 ς
3223 3028 3280 3083 id
3311 3032 3419 3093 est,
3452 3027 3523 3101 de
3554 3030 3754 3097 potes—

2185 3105 2301 3157 tate
2330 3101 2569 3173 diaboli.
2604 3098 3041 3173 Psalmusergo
3066 3116 3265 3173 vocem
3313 3098 3574 3173 continet
3620 3114 3755 3173 pro-

2184 3173 2371 3245 pheta:
2401 3172 2694 3244 loquentis
2723 3173 2796 3228 de
2842 3169 3191 3245 perféctione
3224 3169 3489 3227 Ecclesia:
3537 3172 3594 3224 in
3629 3169 3755 3225 hoc

2185 3244 2396 3300 saeculo
2418 3248 2799 3317 congregatae.

2034 3328 2077 3395 C
2186 3372 2215 3401 «
2247 3351 2457 3407 Aﬂ'erte
2479 3351 2743 3421 Domino,
2776 3349 2879 3405 ﬁlii
2912 3350 3031 3405 Dei.
3062 3371 3091 3398 »
3122 3349 3228 3412 Qui
3259 3365 3362 3421 per
3411 3348 3663 3420 gratiam
3694 3347 3755 3403 in

2114 3440 2483 3512 adoptionem
2508 3440 2765 3495 ﬁliorum
2793 3439 2980 3494 vocati
3012 3438 3172 3494 estis.
3208 3438 3330 3494 Vox
3358 3436 3570 3492 Christi
3607 3453 3751 3508 prae-

2114 3529 2399 3584 dicatores
2454 3529 2767 3585 admonet:
2854 3527 3069 3582 Aﬂ‘erte
3137 3525 3630 3598 praedicationem,
3698 3528 3755 3580 et

2112 3615 2465 3689 exemplum,
2498 3617 2583 3672 vel
2610 3617 2786 3672 ﬁdem
2843 3622 2900 3672 et
2945 3632 3138 3688 opera.
3183 3637 3211 3664 «
3241 3614 3452 3671 Afferte
3509 3614 3753 3670 Domino

2112 3705 2264 3762 ﬁlios
2295 3706 2564 3762 arietum.
2596 3728 2622 3754 ››
2655 3708 2809 3771 Quos
2842 3722 2944 3777 per
2968 3704 3345 3776 Evangelium
3400 3704 3578 3759 duces
3626 3719 3753 3775 gre-

2112 3811 2253 3867 gum
2276 3794 2522 3866 apostoli
2539 3798 2890 3866 genuerunt.
2914 3794 3161 3861 Arietes,
3186 3791 3433 3865 apostoli
3455 3793 3750 3847 dicuntur.

2112 3883 2333 3938 Arietes
2363 3884 2423 3937 in
2471 3883 2656 3954 capite
2713 3882 2827 3937 duo
2883 3898 3104 3937 cornua
3159 3880 3401 3947 habent,
3456 3885 3514 3935 et
3570 3878 3754 3936 sancti

2113 3972 2358 4044 apostoli
2390 3973 2503 4028 duo
2526 3988 2744 4027 cornua
2770 3971 3122 4039 habuerunt,
3153 3970 3213 4024 id
3243 3975 3352 4037 est,
3402 3969 3519 4023 duo
3567 3973 3751 4024 testa-

2114 4067 2311 4117 menta
2359 4060 2831 4132 praedicaverunt.
2886 4058 3012 4114 Filii
3063 4058 3333 4126 arietum,
3385 4074 3753 4112 successores

2114 4149 2508 4221 apostolorum
2569 4153 2730 4217 sunt,
2781 4164 2928 4221 quos
2985 4152 3316 4220 genuerunt
3360 4162 3463 4217 per
3509 4145 3753 4201 verbum

2113 4236 3015 4311 praedicationis.Consummatio
3038 4235 3753 4301 tabernaculi,secundum

2114 4344 2377 4397 sensum,
2400 4327 2674 4399 perfectio
2694 4326 2959 4382 Ecclesia:
2982 4330 3068 4381 est
3090 4325 3413 4395 conjunctae
3434 4325 3506 4380 de
3533 4324 3754 4379 Judaais

2112 4421 2168 4473 et
2199 4417 2473 4488 gentibus
2506 4416 2601 4472 hic
2624 4416 2684 4471 in
2715 4417 3007 4488 praesenti.

2185 4528 2212 4555 «
2246 4506 2457 4561 Aﬂ'erte
2486 4506 2733 4561 Domino
2759 4503 3006 4577 gloriam
3045 4507 3102 4559 et
3130 4502 3432 4559 honorem.
3459 4527 3479 4553 ι
3536 4501 3607 4557 Ut
3654 4518 3757 4573 per

2112 4610 2288 4666 opera
2316 4598 2505 4650 vestra
2535 4592 2894 4666 gloriﬁcetur
2918 4600 3167 4648 aeternus
3199 4593 3352 4647 Deus
3383 4607 3486 4663 per
3513 4591 3755 4647 verbum

355 4680 478 4734 caeli
501 4690 552 4735 et
573 4682 768 4734 terrae:
819 4681 951 4750 quia
992 4679 1327 4734 abscondisti
1368 4679 1479 4733 hzec
1507 4696 1546 4734 a
1581 4682 1925 4751 sapientibus
1953 4685 2002 4737 et
2034 4697 2079 4761 D
2111 4688 2168 4738 et
2197 4682 2552 4755 exemplum.
2588 4681 2752 4736 Unde
2780 4682 2921 4736 dicit
2948 4700 2960 4737 :
2993 4681 3459 4737 honoriﬁcabant
3487 4680 3755 4752 etlglori-

350 4768 724 4840 prudentibus,
757 4776 806 4823 et
826 4769 1085 4824 revetasti
1108 4785 1178 4824 ea
1207 4771 1455 4840 parvutis
1505 4768 1712 4835 (Matth.
1756 4787 1838 4837 x1,
1886 4771 1998 4843 ‘25).

356 4860 425 4914 Et
453 4857 710 4913 Ecclesia
755 4856 1004 4928 Christo,
1038 4862 1103 4912 ut
1134 4856 1277 4913 illud
1307 4876 1319 4888 ο
1369 4859 1715 4915 Providentes
1757 4877 1999 4931 gregem,

353 4963 464 5003 non
519 4950 717 5015 coacte,
776 4947 867 5002 sed
924 4947 1232 5002 voluntarie
1286 4947 1331 5017 (Ι
1387 4949 1535 5003 Petr.
1593 4965 1627 5002 v
1682 4950 1765 5020 2):
1853 4948 1995 5005 item

356 5038 670 5092 Voluntarie
696 5037 1015 5107 sacriﬁcabo
1064 5037 1182 5100 tibi,
1212 5044 1263 5092 et
1316 5036 1611 5105 conﬁtebor
1644 5039 1860 5093 nomini
1903 5048 1995 5094 tuo

352 5124 522 5193 (Psal.
555 5142 677 5189 Lm,
734 5124 812 5195 8).
857 5125 976 5179 «Et
1030 5141 1098 5180 ex
1143 5123 1445 5180 voluntate
1494 5142 1624 5180 mea
1680 5127 1998 5182 conﬁtebor

353 5214 426 5284 ei,
463 5238 486 5265 ιι
523 5230 641 5269 non
672 5230 741 5269 ex
769 5214 1134 5269 necessitate.
1168 5214 1496 5269 Conﬁtebor
1511 5214 1618 5268 tibi
1640 5231 1742 5286 per
1773 5216 1996 5286 baptis-

355 5319 540 5357 mum.
599 5302 937 5358 «Dominus
992 5302 1269 5358 fortitudo
1327 5302 1480 5373 plebi
1532 5320 1722 5358 suae.»
1775 5303 1996 5376 Papulo

352 5390 700 5447 Christiano.
726 5413 753 5440 ‹‹
788 5391 853 5445 Et
896 5394 1185 5462 protector
1233 5390 1580 5446 salutarium
1632 5391 1848 5447 Christi
1902 5393 1995 5448 sui

354 5483 461 5535 est.
487 5501 515 5529 »
546 5478 885 5549 Quicunque
914 5478 973 5532 in
1004 5478 1229 5535 Christo
1260 5480 1586 5551 baptizatus
1616 5485 1723 5547 est,
1759 5486 1816 5535 et
1872 5481 1996 5553 ipse

2112 4772 2385 4827 ﬁcabant.
2422 4769 2593 4825 Filios
2615 4774 2917 4843 generant,
2942 4776 3008 4825 ut
3035 4770 3313 4839 diximus,
3346 4787 3449 4842 per
3479 4769 3757 4842 praidica-

2112 4861 2351 4929 tionem,
2382 4864 2447 4914 ut
2476 4858 2694 4915 Paulus
2733 4860 2879 4914 dixit
2908 4877 2920 4914 :
2945 4866 3052 4915 Per
3110 4861 3479 4929 Evangetium
3520 4874 3613 4929 ego
3662 4875 3755 4914 vos

2110 4951 2279 5019 genui
2315 4949 2359 5021 (Ι
2392 4949 2511 5005 Cor.
2543 4966 2619 5020 1v,
2654 4950 2765 5021 15).
2800 4949 2917 5005 Ηοο
2948 4956 3054 5012 est,
3081 4948 3268 5021 gloria
3315 4955 3372 5005 et
3396 4949 3583 5004 honor
3629 4947 3751 5003 Dei.

2112 5060 2140 5088 «
2171 5040 2380 5094 Afferte
2402 5038 2648 5093 Domino
2670 5039 2918 5110 gloriam
2942 5040 3165 5094 nomini
3194 5040 3341 5109 ejus.
3368 5059 3397 5087 ››
3421 5036 3754 5092 Gloriosum

2111 5144 2216 5200 per
2243 5144 2346 5183 vos
2376 5144 2589 5183 nomen
2621 5129 2748 5197 ejus
2780 5127 2836 5182 in
2873 5129 3099 5183 cunctis
3133 5127 3481 5182 innotescat.
3533 5125 3753 5179 Nomen

2109 5216 2326 5279 Patris,
2388 5216 2570 5271 Filius
2619 5221 2754 5285 est;
2803 5215 2989 5288 gloria
3036 5214 3271 5280 Christi,
3325 5213 3576 5268 Ecclesia
3642 5218 3751 5267 est.

2110 5327 2137 5354 «
2171 5305 2418 5359 Adorate
2449 5304 2765 5368 Dominum
2799 5305 2857 5358 in
2891 5304 3036 5359 atrio
3094 5308 3296 5358 sancto
3347 5304 3494 5372 ejus.
3520 5322 3549 5350 »
3596 5300 3754 5356 Dila-

2106 5397 2224 5448 tate
2241 5409 2341 5448 cor
2358 5400 2616 5449 vestrum
2652 5394 2706 5447 in
2740 5393 3200 5448 sanctiﬁcatione
3240 5391 3513 5462 perfecta,
3545 5388 3603 5443 in
3638 5407 3756 5462 qua

2110 5486 2260 5537 Deus
2290 5481 2541 5550 habitet;
2567 5482 2623 5537 id
2656 5486 2766 5548 est,
2803 5482 2861 5535 in
2896 5480 3168 5545 Ecclesia,
3198 5478 3287 5533 vel
3335 5477 3393 5531 in
3446 5479 3751 5533 conscien-

359 5566 623 5623 Christus
652 5571 906 5622 vocatur.
957 5566 1273 5623 Sciendum
1323 5574 1519 5624 autem
1567 5570 1721 5639 quod
1771 5573 1826 5624 et
1883 5570 1993 5624 iste
2100 5571 2215 5625 tia:
2252 5571 2781 5642 ubiunusquisque
2813 5571 3055 5624 adorare
3085 5566 3321 5623 debet.’

359 5654 648 5728 psalmus,
678 5659 914 5726 excepta
943 5671 1059 5710 una
1089 5654 1300 5721 littera,
1340 5657 1398 5711 in
1449 5658 1702 5713 Hebrzeis
1749 5658 1994 5714 volumi-

358 5744 535 5800 nibus
560 5744 816 5816 scriptus
847 5744 924 5799 sit
951 5744 1276 5801 secundum
1329 5746 1594 5803 ordinem
1646 5747 1994 5805 litterarum.

2178 5682 2207 5709 «
2240 5660 2362 5714 Vox
2394 5659 2646 5715 Domini.
2680 5682 2698 5708 υ
2738 5658 3071 5713 Prmdicatio
3096 5658 3343 5713 Domini.
3369 5660 3543 5731 Super
3562 5676 3753 5732 aquas.

2105 5749 2293 5820 Super
2336 5748 2600 5819 populos.
2636 5748 2707 5803 Ut
2737 5747 2879 5802 illud
2906 5764 2918 5801 :
2953 5753 3121 5818 Aquae
3142 5749 3354 5819 multae,
3375 5750 3573 5822 populi
3591 5751 3762 5805 multi
