4314 6600
531 427 648 485 955

2019 415 2437 478 APPENDIX.

3809 417 3935 482 956

530 560 709 627 (Apoc.
742 569 883 621 xvu,
920 552 1025 621 15).
1052 551 1169 621 Vel,
1199 573 1226 601 ‹‹
1259 569 1369 606 vox
1398 550 1629 607 Domini
1662 566 1838 621 super
1895 566 2168 619 aquas,»
2201 562 2253 621 Α
2284 567 2417 605 vero
2466 552 2789 622 prmcidens
2841 552 2997 608 hunc
3046 552 3327 616 furorem,
3374 551 3679 606 credentes
3727 552 3932 607 ascivit

528 647 584 700 id
619 650 726 707 est,
760 644 817 696 in
854 643 1150 713 Baptismo
1184 658 1359 712 super
1378 642 1696 705 Christum,
1742 645 1807 694 ut
1856 638 2028 693 dicit:
2080 640 2177 692 Hic

531 740 609 788 est
656 734 831 787 Filius
886 748 1038 785 meus
1096 732 1352 790 dilectus,
1402 732 1461 783 in
1518 746 1625 801 quo
1672 729 1813 782 mihi
1870 728 2178 798 eomplaeui

534 824 745 891 (Matth.
779 839 861 887 III,
914 821 1021 891 17).
1083 818 1255 888 Super
1305 834 1516 888 aquas:
1577 818 1715 887 quia
1773 816 2024 888 populus
2075 816 2173 887 qui

532 912 748 967 ibidem
783 911 1002 975 aderat,
1032 925 1226 962 vocem
1262 906 1501 961 audivit.
1534 905 1656 975 Vel,
1687 922 1849 976 super
1874 922 2060 975 aquas,
2115 908 2181 957 ut

536 999 817 1073 apostolis
854 1000 963 1052 ait:
1000 1000 1092 1067 Ite,
1128 998 1398 1064 baptz’aatc
1428 1011 1609 1049 omnes
1639 1000 1818 1061 gentes
1850 998 1907 1049 in
1954 996 2178 1065 τιῳηίηρ

536 1092 741 1161 Patris,
793 1093 845 1142 et
892 1088 1042 1157 Fil:i,
1096 1095 1145 1141 et
1197 1085 1434 1155 Spiritus
1490 1085 1665 1138 sancti
1719 1082 1924 1150 (illatlh.
1984 1099 2177 1145 xxvui,

540 1181 649 1250 19).
686 1202 712 1228 ‹‹
750 1184 898 1233 Deus
926 1175 1267 1245 majestatis.
1296 1197 1321 1223 ›)
1346 1175 1497 1228 Deus
1522 1173 1848 1244 potestatis.
1871 1195 1895 1219 ‹‹
1924 1170 2182 1225 Intonuit

538 1268 822 1325 Dominus
882 1283 1057 1336 super
1086 1282 1269 1336 aquas
1324 1262 1613 1318 multas.»
1669 1262 1749 1315 De
1804 1259 2179 1314 tabernaculo

541 1358 798 1430 corporis
830 1354 1139 1426 assumpti,
1172 1352 1508 1407 terribiliter
1566 1349 1798 1423 populis
1854 1350 2179 1404 conversio-

543 1465 675 1503 nem
710 1444 1063 1519 prmdicavit,
1136 1443 1373 1496 dicens:
1438 1442 1819 1495 Peenitentiam
1867 1440 2029 1507 agite,
2082 1456 2179 1506 ap-

538 1538 931 1609 propinquabit
959 1536 1108 1588 enim
1137 1548 1365 1602 regnum
1391 1532 1649 1584 cwlorum
1678 1529 1883 1595 (Matth.
1944 1544 2019 1592 1v,
2070 1528 2178 1597 18).

541 1630 699 1683 Sicut
730 1626 1053 1681 tonitruum
1086 1640 1119 1677 a
1150 1622 1303 1676 nubo
1359 1619 1639 1691 procedit.
1690 1617 1771 1671 ita
1829 1621 1884 1671 et
1914 1616 2181 1671 Christus

541 1717 797 1773 intonuit
824 1733 858 1769 a
890 1714 1075 1769 nube:
1111 1711 1217 1765 hoc
1248 1716 1355 1780 est,
1390 1711 1458 1763 de
1490 1724 1728 1779 corpore
1759 1724 1885 1771 suo,
1948 1706 2179 1777 quando

542 1808 717 1864 dixit:
749 1804 1137 1860 szz‘tentiam
1165 1803 1310 1869 agite
1340 1799 1541 1870 (Iln'd.).

2287 640 2554 694 eharitati
2606 659 2761 698 suae:
2822 641 3157 697 incredulos
3213 645 3409 695 autem
3465 639 3720 710 reliquit.
3789 645 3931 695 Post

2289 732 2586 787 ﬂammam
2621 750 2801 788 sonus
2830 733 3025 787 venit:
3061 732 3143 785 ita
3171 736 3228 786 et
3273 734 3403 803 post
3456 730 3927 801 praedicationem

2288 822 2633 894 persecutio.
2656 845 2683 872 ‹‹
2716 823 2839 876 Vox
2888 822 3117 877 Domini
3178 819 3654 884 intercidentis,»
3705 820 3765 874 id
3816 824 3925 888 est,

2288 912 2569 965 auxilium
2602 911 2760 965 illius
2791 912 2942 965 inter
2972 914 3388 981 persecutores,
3422 910 3560 980 quia
3613 909 3739 964 suis
3789 926 3926 965 san-

2288 1002 2397 1055 etis
2444 1000 2732 1055 subvenit.
2789 1023 2817 1049 «
2854 1000 3257 1054 lntercidentis
3317 1000 3644 1065 ﬂammam,
3681 1020 3707 1048 ››
3764 998 3925 1053 illam

2290 1090 2586 1144 flammam
2620 1088 2780 1158 idoli,
2813 1088 2913 1143 ubi
2943 1093 3062 1142 tres
3092 1088 3253 1158 pueri
3285 1088 3541 1145 fuerunt.
3575 1086 3677 1140 Vel
3739 1088 3928 1157 quoti-

2290 1179 2379 1231 die
2433 1178 2488 1231 in
2547 1195 2897 1248 unoquoque
2947 1182 3239 1239 nostrum,
3290 1176 3587 1231 ﬂammam
3667 1174 3928 1230 libidinis

2290 1285 2391 1338 per
2420 1268 2843 1322 confessionem
2877 1270 2934 1321 et
2963 1266 3209 1337 gratiam
3244 1266 3429 1320 sancti
3468 1264 3720 1334 Spiritus
3749 1264 3928 1319 inter-

2291 1357 2451 1425 cidit,
2473 1355 2527 1409 id
2554 1361 2661 1425 est,
2684 1373 2785 1425 per
2809 1355 3126 1410 orationem
3160 1354 3479 1409 sacerdotis
3510 1353 3646 1408 facit
3679 1370 3927 1420 cessare,

2290 1448 2439 1501 sicut
2461 1446 2711 1517 legimus
2744 1463 2845 1516 per
2876 1451 3088 1507 Aaron,
3122 1445 3304 1499 Deum
3340 1443 3543 1497 fecisse
3576 1443 3634 1497 in
3693 1442 3923 1498 deserto

2290 1539 2470 1607 (Nam.
2505 1554 2618 1599 xv1,
2653 1537 2761 1605 46).
2801 1556 2826 1583 ‹‹
2858 1534 2978 1588 Vox
3026 1534 3259 1589 Domini
3308 1532 3699 1587 concutientis
3742 1532 3932 1587 deser-
3970 1554 3983 1563 τ

2289 1633 2436 1682 tum.
2471 1650 2497 1675 η
2533 1626 2741 1679 Anima
2786 1641 2911 1694 qua:
2972 1625 3201 1678 deserta
3251 1624 3461 1693 fuerat,
3511 1622 3932 1693 occupantibus

2292 1721 2422 1770 ante
2456 1734 2515 1771 se
2547 1717 2722 1780 vitiis,
2756 1716 2825 1769 ad
2860 1715 3035 1769 verba
3066 1712 3415 1785 paenitentiae
3447 1711 3929 1778 commovebitur,

2293 1810 2356 1860 ut
2386 1805 2730 1860 exeuntibus
2761 1804 2916 1858 vitiis
2975 1802 3044 1859 ab
3096 1802 3213 1869 illa,
3265 1801 3601 1857 habitabilis
3650 1805 3761 1856 Deo
3804 1800 3928 1855 ﬁat.

612 1920 640 1945 α
673 1896 795 1949 Vox
838 1891 1067 1948 Domini
1102 1891 1159 1944 in
1204 1891 1491 1961 virtute.»
1547 1888 1609 1941 In
1658 1886 2026 1941 credentibus
2079 1902 2177 1955 130-
2214 1927 2261 1992 Β
2295 1921 2320 1945 ‹‹
2354 1896 2471 1948 Vox
2507 1894 2728 1948 Domini
2763 1892 3150 1947 coneutientis
3199 1892 3567 1949 desertum.»
3628 1889 3709 1943 Ad
3757 1889 3931 1944 fidem

542 1990 672 2041 tens
729 1984 901 2045 facta,
962 1981 1195 2053 quando
1255 1979 1435 2033 dixit:
1527 1979 1750 2043 Lazare,
1830 1976 1957 2029 veni
2032 1978 2180 2046 [oras

542 2077 722 2147 (Joa-n.
763 2090 841 2140 x1,
878 2072 984 2143 43).
1021 2069 1115 2124 Vel
1152 2070 1208 2124 in
1262 2068 1492 2135 virtute,
1553 2084 1669 2137 qua
1726 2067 1784 2120 in
1832 2079 2181 2135 unoquoque

542 2168 743 2219 sancto
774 2162 1053 2233 loquitur.
1084 2182 1111 2210 ‹‹
1142 2160 1262 2213 Vox
1293 2157 1520 2213 Domini
1557 2158 1613 2212 in
1666 2154 2120 2227 magniﬁcentia.
2152 2175 2180 2202 ››

543 2253 783 2317 Quando
814 2252 1225 2321 magniﬁcatur
1254 2266 1354 2319 per
1388 2265 1559 2318 opera
1593 2252 1947 2302 sanctorum.
1982 2244 2185 2311 Magni-

544 2344 782 2411 ﬁcentia,
806 2339 1073 2395 Ecclesiis
1104 2338 1363 2394 dilatata.

619 2431 799 2485 «Vox
859 2429 1085 2484 Domini
1168 2427 1586 2497 conti-ingentis
1669 2426 1944 2480 cedros.»
2018 2422 2179 2477 Cedri

548 2525 824 2580 dicuntur
854 2537 1056 2575 omnes
1080 2519 1384 2581 sublimes,
1418 2524 1473 2572 et
1503 2519 1733 2585 excelsi,
1785 2518 1873 2573 vel
1926 2520 2180 2589 superbi.

548 2612 881 2681 Confringet
940 2608 1091 2674 illos,
1154 2613 1251 2661 aut
1306 2608 1727 2679 pmnitentiam,
1806 2614 1907 2663 aut
1974 2609 2031 2662 in
2093 2609 2185 2666 die

538 2702 743 2774 judicii
803 2700 860 2754 in
918 2699 1191 2752 vindicta.
1257 2698 1467 2765 Cerh'os,
1547 2698 1831 2768 superbos
1898 2715 2182 2770 quosque.

548 2796 686 2847 Ecce
716 2792 921 2846 securis
950 2788 1018 2842 ad
1076 2788 1284 2841 radices
1316 2786 1581 2839 arborum
1628 2789 1805 2855 posita
1850 2796 1931 2841 est
1977 2789 2183 2856 (Matth.

550 2899 634 2949 In,
670 2881 777 2949 10).
830 2902 856 2927 ‹‹
890 2876 1325 2947 Gonfringentis
1384 2875 1662 2940 cedros,»
1721 2876 2041 2931 humilians
2095 2896 2187 2932 su-

550 2970 779 3042 perbos.
815 2968 1130 3024 Sciendum
1160 2965 1313 3036 quod
1341 2965 1550 3019 cedrus
1580 2964 1725 3018 duas
1758 2965 1933 3020 habet
1976 2968 2186 3021 intelli-

552 3058 800 3131 gentias,
833 3057 986 3110 sicut
1022 3059 1079 3109 et
1110 3053 1436 3109 unicornis:
1473 3054 1575 3108 hoc
1608 3059 1715 3119 est,
1773 3055 1819 3108 si
1872 3056 1941 3110 ad
1975 3055 2184 3111 bonam

550 3146 1053 3220 partem,justos;
1088 3145 1135 3197 si
1184 3143 1251 3198 ad
1307 3141 1545 3205 malam,
1591 3147 1919 3213 peccatores
1971 3162 2035 3199 ac
2085 3164 2188 3201 su-

551 3236 761 3308 perbos
784 3233 1056 3289 ostendit.
1093 3256 1119 3281 ‹‹
1154 3232 1219 3286 Et
1278 3232 1601 3303 confringet
1650 3232 1934 3287 Dominus
1987 3236 2188 3289 cedros

550 3294 776 3380 Libani.
805 3346 831 3371 »
864 3323 1129 3377 Conteret
1161 3338 1261 3393 per
1292 3294 1689 3391 paenitentiam
1721 3321 1999 3378 elationes
2061 3325 2188 3393 ejus
2222 3294 2262 3356 Ο

551 3432 615 3470 ac
645 3413 877 3469 collidet
907 3413 1045 3467 dum
1078 3410 1357 3483 ignobilia
1388 3410 1577 3481 elegit,
1612 3416 1677 3465 ut
1706 3411 1875 3465 fortia
1933 3417 2192 3467 conterat

548 3509 603 3560 et
634 3503 971 3559 confundat.

622 3617 649 3643 ‹‹
683 3595 753 3648 Et
783 3592 1139 3647 comminuet
1170 3607 1267 3644 eos
1298 3594 1361 3644 ut
1392 3588 1607 3645 vitulos
1657 3588 1927 3644 Libani.»
1977 3592 2191 3645 Remos

550 3698 773 3746 eorum,
808 3685 863 3735 et
889 3679 1140 3750 virgulta
1170 3678 1425 3733 calcibus
1455 3680 1814 3734 verberans.‘
1839 3684 1947 3733 Pro
1981 3679 2085 3732 hoc
2130 3680 2187 3734 in

552 3772 786 3825 Hebrmo
820 3768 1013 3833 habet,
1048 3771 1097 3821 et
1147 3768 1349 3821 vitulus
1405 3769 1621 3822 Libani.
1676 3767 1876 3821 Excisa
1918 3770 2191 3837 superbia

553 3875 618 3913 ac
648 3856 985 3928 petulantia,
1016 3856 1254 3910 adducit
1282 3872 1379 3910 eos
1428 3857 1499 3909 ad
1548 3856 1931 3910 imitationem
1986 3857 2189 3911 huma-

553 3947 754 4001 uitatis
777 3964 915 4009 suae,
951 3945 1087 4016 quia
1117 3950 1397 4016 tanquam
1429 3945 1647 4000 vitulus
1695 3944 2031 3999 immolatus
2080 3951 2188 4000 est.

556 4038 667 4092 Iste
689 4036 909 4091 vitulus
940 4040 1027 4090 est
1059 4035 1362 4106 saginatus
1394 4034 1493 4105 qui
1523 4036 1752 4089 occisus
1785 4041 1873 4089 est
1909 4040 2064 4103 (Luc.
2100 4053 2189 4105 xv,

552 4129 640 4189 23,
672 4128 760 4191 27,
796 4127 906 4195 30),
940 4125 1047 4180 hoc
1078 4131 1188 4190 est,
1236 4123 1502 4178 Christus
1564 4141 1667 4195 pro
1726 4124 1912 4178 salute
1964 4124 2188 4178 mundi.

552 4217 709 4271 Sicut
738 4214 1051 4286 confringit
1081 4213 1298 4268 vitulus
1330 4215 1401 4267 de
1426 4214 1703 4268 cornibus
1732 4214 1986 4283 virgulta
2031 4218 2191 4267 tene-

556 4322 660 4360 ra:
697 4305 778 4359 ita
833 4304 1101 4359 Christus
1149 4302 1432 4373 confregit
1484 4302 1737 4356 Judaeos.
1792 4302 1951 4356 Unde
2010 4302 2190 4357 dixit:

554 4397 674 4450 Jam
702 4394 905 4447 securis
940 4392 1006 4446 ad
1036 4393 1251 4447 radices
1309 4391 1565 4446 arborum
1612 4393 1786 4460 posita
1844 4394 1918 4445 est
1972 4390 2191 4459 (Matth.

561 4500 644 4551 ιιι,
684 4482 786 4553 10).
824 4486 888 4535 Et
919 4480 1170 4535 dilectus
1202 4480 1697 4550 quemadmodum
1752 4479 1907 4533 filius
1960 4480 2196 4534 unicor-

559 4571 741 4625 nium.
779 4592 805 4618 ››
837 4570 1048 4624 Factus
1079 4568 1432 4624 estdilectus
1469 4568 1644 4627 Filius
1673 4568 1770 4624 Dei
1825 4584 1924 4638 per
1975 4584 2197 4621 assum-

2292 2000 2664 2040 commovens
2714 1988 2915 2053 gentes
2972 1983 3252 2050 desertas,
3321 1979 3380 2034 in
3449 1978 3666 2050 quibus
3732 1977 3933 2033 nullus

2293 2074 2492 2128 sulcus
2525 2071 2953 2143 prmrlicationis
2986 2071 3297 2141 impositus
3326 2072 3451 2124 erat
3476 2068 3548 2124 ad
3609 2066 3934 2138 suscipien-

2294 2165 2434 2217 dum
2465 2162 2705 2217 verbum
2744 2160 2860 2215 Dei.
2898 2158 2996 2214 Vel
3039 2164 3241 2229 gentes
3271 2176 3399 2231 qua:
3457 2158 3695 2213 desertae
3743 2161 3935 2223 erant,

2294 2268 2585 2306 conversa:
2614 2254 2751 2305 sunt
2782 2252 2852 2304 de
2910 2249 3250 2305 infidelitate
3281 2249 3351 2302 ad
3395 2248 3591 2314 fidem,
3647 2262 3750 2317 per
3808 2263 3935 2302 ver-

2294 2344 2432 2396 bum
2495 2338 2951 2412 przcdicationis.
3029 2339 3153 2393 «Et
3212 2336 3598 2392 Commovebit
3654 2337 3936 2394 Dominus

2296 2434 2587 2485 desertum
2622 2430 2868 2483 Cades.»
2905 2429 3065 2482 Tunc
3091 2427 3537 2482 celebrabuntur
3565 2426 3674 2480 hae
3727 2427 3935 2482 mundi

2296 2522 2611 2575 solitudine
2643 2521 2816 2573 verba
2847 2524 3048 2573 soncta
3081 2518 3269 2589 Legis.
3306 2536 3431 2588 quae
3465 2517 3625 2589 prius
3657 2534 3691 2573 a
3717 2518 3935 2572 Judaais

2296 2634 2411 2673 non
2462 2611 2975 2680 intelligebantur:
3034 2609 3172 2679 quia
3229 2609 3417 2675 Gades,
3496 2610 3935 2685 interpretatur,

2295 2710 2522 2762 Sancta.
2572 2702 2671 2756 Vel
2732 2699 2934 2755 aliter:
3006 2722 3026 2747 α
3062 2700 3387 2755 Commotio
3466 2702 3648 2756 tineae.
3686 2725 3706 2754 ι
3785 2706 3936 2762 Bene

2298 2796 2429 2850 illos
2458 2795 2623 2848 tineae
2682 2791 3059 2859 comparavit,
3118 2789 3257 2859 quia
3302 2790 3453 2844 sicut
3504 2792 3662 2847 tinea
3711 2810 3936 2865 pannos

2298 2882 2585 2940 comedit:
2628 2880 2712 2935 sic
2773 2879 3132 2933 conscientia
3178 2895 3379 2934 eorum
3425 2898 3522 2936 eos
3570 2884 3930 2940 comedebat.

2301 2997 2327 3023 ‹‹
2360 2970 2679 3028 Commotio
2748 2969 2963 3023 tinem»
3015 2968 3248 3035 dicitur,
3301 2986 3365 3024 eo
3416 2972 3566 3041 quod
3627 2973 3940 3028 commovit

2300 3065 2429 3120 illos
2480 3063 2550 3117 de
2590 3059 2825 3115 illorum
2862 3057 3225 3113 conscientia
3274 3075 3469 3130 prava,
3505 3061 3575 3115 ad
3625 3061 3800 3117 fidem
3835 3064 3938 3118 Ec-

2300 3154 2506 3210 clesiaz.

2373 3265 2400 3292 ‹‹
2431 3243 2553 3297 Vox
2636 3240 2859 3295 Domini
2928 3239 3310 3309 praeparantis
3385 3255 3603 3293 cervos.
3639 3260 3667 3288 »
3735 3240 3941 3296 Cervos

2300 3332 2503 3387 volunt
2560 3329 2799 3401 quidam
2860 3328 3029 3399 quasi
3091 3331 3459 3399 superatores
3512 3343 3937 3384 venenosarum

2300 3423 2634 3491 linguarum
2666 3418 2727 3472 in
2757 3417 3033 3472 Ecclesia.
3077 3416 3258 3486 Cervi,
3316 3416 3740 3488 praedicatores.
3791 3416 3940 3471 Prae-

2302 3511 2524 3582 paravit
2553 3508 2704 3571 illos,
2735 3507 2968 3578 quando
3003 3507 3164 3560 misit
3187 3505 3347 3575 ipsos
3380 3506 3713 3576 praedicare.
3775 3506 3939 3561 Cervi

2301 3603 2627 3655 transeunt.
2675 3602 2731 3651 et
2788 3596 3015 3650 calcant
3072 3595 3271 3664 spinas
3331 3593 3415 3649 vel
3441 3600 3783 3664 serpentes:
3831 3595 3938 3666 sio,

2300 3695 2355 3744 et
2388 3687 2794 3758 prazdicatores
2823 3700 3038 3739 vevena
3058 3681 3273 3736 diaboli
3320 3686 3377 3736 et
3422 3681 3623 3752 spinas
3673 3688 3938 3753 peccato-

2301 3795 2430 3832 rum
2462 3777 2788 3839 transeunt,
2819 3777 2875 3826 et
2928 3772 2999 3826 ad
3050 3766 3256 3823 altiora
3306 3769 3575 3839 fugiunt:
3625 3768 3683 3823 id
3714 3775 3823 3837 est,
3871 3773 3942 3825 ad

2302 3864 2617 3919 theoricam
2674 3862 2873 3915 vitam.
2913 3882 2933 3908 α
2970 3859 3038 3912 Et
3096 3857 3371 3912 revelabit
3417 3858 3731 3913 condensa.
3758 3880 3786 3908 »
3830 3861 3945 3915 0b-

2302 3971 2471 4009 scura
2501 3952 2832 4006 divinarum
2879 3947 3314 4017 Scripturarum
3366 3946 3485 4001 sive
3535 3947 3945 4017 mysteriorum

2304 4040 2645 4098 cmlestium.
2682 4055 2782 4109 per
2813 4036 3096 4107 Spiritum
3129 4041 3399 4091 sanctum
3436 4036 3726 4105 patefecit.
3784 4037 3947 4093 Unde

2302 4133 2358 4186 in
2393 4130 2702 4195 Evangelio
2731 4128 2816 4181 illi
2846 4128 2959 4181 duo
3012 4125 3226 4196 quibus
3274 4125 3399 4196 ipse
3449 4126 3740 4197 apparuit,
3791 4125 3945 4181 dice-

2302 4221 2442 4273 bant
2468 4237 2481 4274 :
2514 4223 2816 4273 Nomzeeor
2844 4219 3091 4270 nostrum
3123 4214 3318 4269 ardens
3347 4224 3465 4269 erat
3493 4216 3555 4269 in
3590 4214 3766 4279 nobis,
3825 4231 3949 4269 cum

2305 4311 2617 4379 loqueretur
2648 4309 2707 4359 in
2733 4306 2844 4369 via,
2876 4314 2930 4359 et
2959 4307 3202 4375 aperiret
3231 4305 3391 4358 nobis
3451 4303 3763 4375 Scripturas
3794 4309 3945 4372 (Luc.

2303 4414 2450 4463 xxxv,
2513 4396 2650 4465 3'2)?
2716 4416 2740 4444 α
2773 4395 2841 4447 Et
2899 4394 2957 4447 in
3005 4391 3223 4463 templo
3285 4394 3499 4461 ejus.»
3550 4393 3668 4447 Hoc
3721 4397 3827 4457 est,
3887 4393 3945 4447 in

2308 4487 2579 4541 Ecclesia.
2637 4486 2904 4541 «Omnes
2964 4484 3159 4538 dicent
3217 4482 3484 4554 gloriam.
3520 4504 3548 4533 »
3609 4483 3952 4538 Collaudant

2308 4576 2631 4630 claritatem
2662 4575 2783 4629 Dei.
2817 4573 2920 4628 Vel
2944 4572 3129 4643 gloria
3151 4572 3326 4641 Patri,
3361 4574 3418 4626 et
3432 4570 3597 4635 Filio,
3628 4574 3684 4626 et
3710 4569 3948 4642 Spiritui

560 4658 819 4731 ptionem
862 4659 1141 4727 corporis.
1202 4657 1357 4712 ﬁlius
1401 4658 1759 4724 Judzeorum,
1821 4662 1875 4712 et
1935 4656 2203 4711 contrivit
2237 4664 2276 4727 [)
2312 4670 2532 4720 sancto,

559 4765 658 4803 eos
690 4747 789 4818 qui
821 4764 921 4818 per
952 4747 1285 4818 superbiam
1320 4747 1701 4819 singularem,
1762 4764 1927 4802 suam
1981 4746 2213 4816 erigere'

551 4836 848 4909 justitiam
884 4836 1264 4890 conabantur.
1308 4836 1575 4891 Christus
1633 4841 1719 4891 est
1769 4834 1924 4890 filius
1970 4835 2202 4890 Judaeo-

562 4944 711 4995 rum,
769 4926 907 4997 quia
965 4944 1031 4980 ex
1085 4927 1262 4996 stirpe
1319 4943 1519 4980 eorum
1579 4926 1901 4980 secundum
1966 4941 2197 4978 carnem

563 5018 689 5073 fuit.
747 5016 931 5071 Judaei
986 5016 1296 5070 unicornes
1352 5016 1648 5081 dicuntur,
1710 5032 1812 5086 pro
1885 5031 2002 5069 una
2077 5013 2202 5085 lege

559 5124 733 5179 quam
770 5108 1121 5172 habuerunt,
1148 5122 1248 5176 per
1280 5122 1454 5176 quam
1488 5106 1545 5158 in
1594 5104 1924 5175 superbiam
1986 5120 2047 5158 se
2102 5121 2202 5158 ex-

557 5199 839 5253 tulerunt.

628 5288 811 5342 «Vox
875 5286 1097 5340 Domini
1159 5284 1558 5340 intercidentis
1619 5286 1919 5338 flammam
1973 5282 2200 5352 ignis.»

560 5377 957 5432 Paenitentiam
978 5376 1231 5431 Joannes
1264 5375 1317 5428 in
1350 5375 1580 5428 deserto
1604 5372 1945 5444 praedicans,
1969 5388 2201 5426 omnem

558 5468 838 5537 gehennm
885 5467 1284 5536 reslinguebat
1343 5468 1632 5518 ardorem.
1678 5461 2090 5519 Intereedentix,
2146 5461 2202 5515 id

497 5546 513 5557 L
559 5559 666 5621 est,
694 5556 1006 5609 dividentis
1032 5560 1463 5625 persccutorum
1492 5553 1778 5606 furentem
1804 5550 2201 5604 iracundiam:

562 5660 693 5696 cum
720 5643 813 5695 alii
849 5644 1123 5708 dicerent,
1150 5646 1245 5698 Hie
1272 5654 1347 5697 est
1392 5644 1659 5709 Christus,
1699 5641 1801 5694 alii
1845 5649 2029 5693 autem
2060 5639 2203 5693 diee-

562 5736 715 5806 bant,
750 5750 891 5788 non:
938 5737 1031 5791 sed
1060 5736 1266 5791 seducit
1294 5735 1515 5788 turbam
1548 5731 1724 5801 (Joan.
1786 5746 1885 5795 v11,
1942 5728 2050 5798 12].
2104 5727 2205 5783 Ille

2382 4778 2408 4804 ‹‹
2444 4753 2728 4808 Dominus
2759 4750 3044 4804 diluvium
3077 4749 3402 4805 inhabitare
3450 4749 3606 4804 facit.
3635 4772 3655 4798 ιι
3713 4749 3948 4804 Aridum

2316 4847 2527 4897 terram
2591 4841 2744 4895 Deus
2793 4856 2906 4893 non
2960 4839 3238 4909 possidet.
3296 4838 3484 4894 Simul
3536 4839 3770 4893 attende
3835 4838 3950 4891 vim

2311 4930 2489 4995 verbi,
2525 4930 2680 5000 quod
2714 4946 2827 4983 non
2862 4928 3073 4982 dixerit
3114 4944 3316 4998 aquas,
3370 4927 3469 4983 sed
3522 4927 3838 4982 diluvium:
3889 4932 3954 4981 ut

2313 5018 2736 5075 abundantiam
2797 5017 2995 5087 gratia:
3049 5015 3372 5088 spiritualis
3419 5017 3769 5081 ostenderet,
3824 5020 3952 5070 tan-

2313 5125 2489 5179 quam
2523 5108 2578 5161 in
2614 5124 2750 5163 arca
2779 5108 2897 5162 Noe
2929 5111 3161 5161 sanctos
3192 5124 3226 5160 a
3255 5104 3531 5160 ﬂuctibus
3548 5104 3740 5160 saeculi
3774 5104 3953 5173 hujus

2315 5203 2622 5269 protegens
2654 5198 2819 5267 (Gen.
2852 5213 2950 5262 vn,
2987 5195 3093 5263 18).
3127 5196 3194 5249 Et
3251 5195 3422 5249 modo
3465 5193 3751 5248 inhabitat
3807 5192 3955 5247 dilu-

2312 5289 2472 5341 vium
2524 5288 2581 5341 in
2632 5284 2991 5341 conscientia
3048 5300 3148 5355 per
3203 5282 3623 5338 abundantiam
3701 5282 3955 5353 Spiritus

2314 5376 2523 5437 sancti,
2552 5393 2653 5446 per
2710 5391 2886 5445 quem
2944 5372 3214 5427 delentur
3256 5376 3511 5443 peccata.
3539 5394 3566 5420 »
3625 5372 3690 5425 Et
3730 5369 3957 5426 sedebit

2315 5465 2597 5533 Dominus
2630 5481 2726 5518 rex
2785 5463 2842 5515 in
2894 5466 3249 5515 aeternum.»
3311 5466 3376 5515 In
3430 5459 3702 5516 Ecclesiie
3759 5459 3845 5515 vel
3895 5459 3953 5513 in

2316 5554 2553 5619 sanctis,
2589 5554 2685 5623 qui
2721 5552 2887 5606 sedes
2920 5552 3045 5619 ejus
3078 5552 3257 5605 effecti
3293 5554 3452 5618 sunt,
3486 5550 3566 5603 vel
3617 5548 3955 5603 humanitas

2313 5642 2525 5696 Christi
2554 5644 2621 5696 ad
2653 5644 2954 5695 dexteram.
2982 5641 3078 5694 Dei
3117 5639 3320 5696 Patris.
3374 5640 3582 5710 Reges.
3633 5638 3820 5693 sancti
3866 5638 3954 5692 di-

2315 5736 2550 5801 cuntur,
2583 5729 2683 5801 qui
2715 5745 2776 5784 se
2800 5734 3030 5799 regunt.
