4314 6584
347 429 465 489 957

1517 428 2019 492 BREVIARIUM
2063 429 2142 491 IN
2189 428 2570 493 PSALMOS.

3628 427 3747 489 958

418 582 447 610 «
491 559 773 616 Dominus
804 559 1077 615 virtutem
1110 558 1324 631 populo
1355 576 1460 616 suo
1492 560 1672 616 dabit.
1712 583 1739 610 ››
1780 562 1845 615 Id
1878 565 1984 631 est,
2015 580 2070 643 Α
2098 563 2176 617 rit
2204 561 2344 632 quod
2372 562 2513 617 Deus
2544 561 2701 615 illum
2748 561 3030 614 suscitavit
3071 576 3105 614 a
3148 558 3400 624 mortuis,
3430 557 3613 614 salvus
3641 563 3749 615 erit

344 649 621 704 virtutem
653 647 804 704 fidei.
853 670 879 696 ‹‹
916 647 1131 719 Populo
1164 665 1290 711 suo,
1326 670 1353 696 ››
1394 647 1608 720 populo
1640 648 1988 717 Christiano,

348 736 651 792 dimicanti
699 740 898 791 contra
952 736 1132 808 hujus
1180 736 1386 791 mundi
1430 736 1696 792 turbines
1750 754 1816 792 ac
1860 754 1991 808 pro-

349 826 542 882 cellas.
578 826 693 880 «Et
718 825 1021 880 benedicet
1052 825 1265 898 populo
1298 842 1404 882 suo
1436 826 1494 881 in
1529 843 1688 898 pace.
1713 850 1733 879 υ
1772 826 1992 899 Pepulo

346 915 676 971 Christiano
706 914 1008 969 benedicet
1047 919 1103 969 et
1149 914 1241 969 hic
1271 920 1325 970 et
1373 915 1431 971 in
1483 915 1698 986 futuro,
1756 916 1992 989 quando

348 1002 611 1058 dicturus
641 1001 775 1056 erit:
826 1003 1029 1071 Venite,
1080 1002 1351 1058 benedicti
1398 1003 1583 1059 Patris
1621 1004 1733 1059 mei
1761 1002 1990 1075 (Matth.

346 1108 475 1156 xxv,
507 1090 596 1161 34)
627 1107 639 1144 :
675 1092 733 1146 In
762 1107 912 1161 pace,
962 1090 1020 1146 in
1055 1092 1390 1162 semetipso,
1424 1092 1563 1164 quia
1612 1093 1733 1161 Ipse
1778 1096 1854 1148 est
1877 1108 1994 1162 pax

344 1190 551 1249 nostra,
598 1181 694 1251 qui
740 1182 872 1251 [erit
918 1185 1151 1252 utraque
1200 1198 1373 1236 unum
1423 1181 1637 1252 (Ephes.
1675 1199 1735 1251 ιι,
1771 1182 1884 1253 14).
1928 1182 1991 1236 In

348 1270 540 1341 seipso
562 1285 670 1324 nos
709 1269 1000 1324 henedicit
1057 1286 1169 1341 pax
1194 1286 1332 1325 vera
1361 1269 1630 1327 Christus
1683 1270 1989 1337 Dominus,

350 1357 448 1431 qui
481 1374 690 1413 sumus
722 1358 1128 1414 Ecclesiastica
1158 1358 1342 1430 plebs.

899 1447 1221 1502 PSALMUS
1260 1446 1451 1502 XXIX.

348 1536 605 1592 Psalmus
633 1538 835 1591 cantici
862 1538 920 1591 in
974 1537 1316 1591 dedicatione
1358 1537 1546 1592 domus
1608 1537 1796 1592 David.
1831 1536 1994 1591 Psal-

423 1625 555 1662 mus
594 1608 830 1675 cantici,
860 1606 993 1663 laus
1041 1624 1174 1663 cum
1218 1624 1409 1678 opere,
1445 1608 1732 1678 dedicatio
1782 1608 1994 1662 domus

420 1678 621 1751 David,
650 1678 995 1751 resurrectio
1029 1676 1344 1751 Salvator-is
1377 1676 1744 1751 intelligitur,
1788 1680 1847 1733 in
1880 1696 1997 1750 qua

419 1750 619 1805 omnia
648 1750 776 1805 vita
828 1766 1071 1821 corpora
1118 1750 1481 1805 dedicantur.
1517 1751 1691 1804 David
1744 1751 1994 1821 ﬁguram

418 1822 633 1877 Christi
664 1826 840 1877 tenet.
888 1827 1105 1877 Domus
1138 1822 1336 1887 David,
1388 1822 1600 1876 domus
1650 1822 1885 1887 Christi,
1936 1822 1994 1876 id

419 1898 509 1948 est
540 1894 899 1959 humanitas,
934 1894 1146 1948 domus
1178 1897 1266 1947 est
1297 1893 1638 1948 divinitatis.
1664 1894 1828 1948 Tunc
1858 1893 1992 1947 adi-

420 1964 676 2019 diticavit
725 1966 989 2035 domum,
1032 1964 1268 2035 quando
1318 1964 1744 2019 humanitatem
1804 1965 1995 2019 carnis

420 2035 763 2106 assumpsit.
796 2034 868 2089 Et
896 2034 1375 2103 tunc’dedicavit,
1409 2037 1642 2105 quando
1675 2052 1707 2090 a
1748 2035 1995 2091 mortuis

421 2123 555 2161 eum
588 2120 891 2177 resurgere
922 2106 1076 2161 fecit.
1124 2107 1203 2177 Et
1231 2107 1401 2160 modo
1433 2107 1754 2161 aedificatur
1783 2108 1995 2163 domus

419 2177 619 2241 David,
653 2178 713 2232 id
743 2176 862 2248 est,
903 2177 1148 2232 Christi:
1195 2176 1302 2231 hoc
1346 2182 1456 2244 est,
1509 2177 1764 2233 Ecclesia
1807 2194 1995 2248 usque

418 2249 478 2304 in
530 2248 703 2303 finem
761 2247 1082 2303 adificatur
1130 2248 1229 2301 sed
1279 2248 1337 2301 in
1382 2249 1809 2304 resurrectione
1842 2247 1996 2304 dedi-

422 2325 610 2385 catur,
668 2319 901 2391 quando
958 2317 1461 2391 immortalitatem
1518 2325 1828 2391 acceptura
1885 2324 1992 2375 est.

419 2391 632 2444 Vocem
685 2389 1076 2462 redemptoris
1134 2390 1318 2462 nostri
1374 2389 1673 2462 continet,
1736 2391 1835 2461 qui
1896 2408 1997 2461 per

425 2460 912 2516 resurrectionem
966 2461 1227 2530 corporis
1295 2460 1400 2532 sui
1454 2460 1769 2515 Ecclesiam
1844 2460 1994 2532 (qua

425 2532 690 2588 omnium
750 2539 934 2587 mater
1003 2535 1111 2603 est)
1168 2530 1532 2601 acquisitam
1606 2548 1711 2587 suo
1770 2530 1994 2588 nomini

426 2604 731 2659 dedicavit.

422 2715 449 2741 «
482 2691 759 2746 Exaltabo
792 2697 869 2762 te,
905 2692 1166 2759 Domine,
1193 2690 1471 2763 quoniam
1505 2691 1813 2763 suscepisti
1844 2709 1995 2748 me.»

350 2782 551 2836 Exelse
599 2787 654 2835 te
704 2780 1061 2852 glorificabo.
1105 2781 1303 2835 Pater:
1356 2781 1635 2851 quoniam
1685 2781 1994 2853 suscepisti

353 2885 445 2924 me
476 2870 547 2924 de
578 2873 782 2923 morte.
818 2892 845 2917 ‹‹
874 2868 1148 2924 Exaltabo
1171 2874 1249 2937 te,
1274 2869 1538 2924 Domine.
1566 2890 1594 2918 »
1626 2868 1748 2924 Vox
1778 2870 1993 2925 Christi

352 2958 421 3013 ad
455 2959 705 3020 Patrem.
739 2962 795 3013 et
824 2975 929 3013 vox
973 2957 1240 3013 Ecclesia
1289 2959 1359 3013 ad
1406 2958 1724 3014 Christum.
1764 2978 1791 3011 α
1832 2958 1995 3013 Exal-

350 3048 487 3102 tabo
518 3052 593 3115 te,
633 3071 653 3095 »
689 3047 942 3102 laudabo
1000 3052 1075 3102 te.
1115 3069 1142 3098 «
1173 3048 1457 3112 Quoniam
1485 3048 1793 3119 suscepisti
1827 3065 1940 3115 me,
1972 3071 1993 3097 ι»

352 3135 411 3191 id
443 3141 549 3205 est,
584 3136 881 3190 Christum
936 3137 1007 3192 ad
1041 3136 1335 3191 dexteram
1369 3136 1577 3192 Patris.
1626 3136 1694 3190 Et
1735 3136 1999 3192 Christus

353 3225 612 3296 suscepit
655 3224 990 3294 Ecclesium,
1038 3226 1271 3295 quando
1330 3225 1757 3281 humanitatem
1807 3224 1999 3281 carnis

2105 650 2278 721 (Rom.
2315 668 2389 714 1v,
2420 651 2532 719 24).
2574 670 2593 696 α
2629 648 2875 705 Salvasti
2926 665 3017 702 me
3066 665 3098 703 a
3148 646 3641 702 descendentibus
3685 647 3743 701 in

2102 739 2315 794 lacum.
2370 762 2394 787 ››
2430 739 2489 793 Id
2521 743 2631 805 est,
2685 740 2755 793 de
2789 736 3026 793 miseria
3057 737 3227 791 istius
3259 736 3383 791 vita
3418 737 3744 807 prasentis.

2102 827 2201 883 Vol
2261 828 2331 884 de
2359 828 2485 884 lacu
2518 828 2750 894 inferni,
2785 826 2887 882 ubi
2937 825 3141 881 anima:
3174 831 3541 897 peccatorum
3574 831 3745 882 sunt:

2102 934 2195 981 ne,
2245 918 2397 972 sicut
2440 916 2546 987 illi,
2598 933 2852 989 praeceps
2902 916 3163 970 caderem
3208 915 3265 969 in
3300 919 3566 971 mortem.
3601 914 3746 971 Hinc

2106 1011 2225 1061 tam
2304 1006 2658 1061 immensum
2717 1002 3066 1060 miraculum
3127 1003 3407 1074 propheta
3463 1020 3744 1072 cernens,

2102 1094 2355 1150 exsultat
2382 1099 2439 1149 et
2486 1094 2663 1149 dicit:

2175 1206 2199 1231 «
2234 1183 2471 1239 Psallite
2502 1182 2768 1252 Domino,
2822 1181 3006 1237 sancti
3040 1182 3189 1250 ejus,
3225 1202 3252 1228 »
3285 1185 3393 1238 etc.
3427 1181 3588 1243 Quod
3623 1198 3746 1236 me-

2105 1277 2364 1327 moratus
2395 1271 2569 1327 vestri
2602 1270 2983 1326 sanctiﬁcavit
3014 1287 3117 1325 vos
3161 1270 3418 1325 vocando
3467 1271 3536 1325 ad
3589 1271 3748 1342 agni-

2102 1359 2321 1416 tionem
2362 1359 2618 1416 nominis
2676 1359 2852 1414 sui.»
2915 1358 3174 1423 Psallitc,
3236 1358 3503 1421 Domino,
3557 1359 3745 1414 sancti

2104 1450 2291 1517 ejus.»
2321 1448 2607 1520 Propheta
2637 1448 2904 1503 hortatur
2934 1452 3191 1513 sanctos,
3213 1452 3277 1501 ut
3305 1445 3548 1501 laudent
3576 1445 3745 1502 illum

2105 1555 2136 1591 a
2176 1554 2288 1608 quo
2346 1536 2546 1591 salvati
2607 1541 2763 1592 sunt.
2826 1560 2853 1587 «
2914 1541 2981 1591 Et
3037 1535 3392 1592 confitemini
3452 1535 3746 1591 memoria

2104 1625 2435 1681 sanctitatis
2484 1626 2633 1695 ejus.
2685 1646 2712 1675 »
2764 1625 3065 1695 Memoria,
3116 1624 3172 1680 id
3223 1630 3331 1691 est,
3366 1628 3429 1680 ut
3460 1640 3749 1681 memores

2104 1715 2235 1771 sitis
2266 1714 2679 1770 beneficiorum
2711 1713 2960 1784 qualiter
2982 1731 3083 1770 vos
3115 1714 3183 1769 de
3215 1717 3447 1786 peccato
3467 1714 3750 1769 redimere

2103 1804 2284 1862 venit.

2178 1916 2206 1944 ‹‹
2247 1893 2533 1959 Quoniam
2580 1893 2666 1947 ira
2712 1893 2773 1949 in
2821 1892 3223 1965 indignatione
3254 1893 3403 1963 ejus,
3440 1896 3498 1947 et
3526 1892 3644 1946 vita
3689 1893 3748 1948 in

2103 1981 2403 2038 voluntate
2431 1982 2639 2054 ipsius.
2676 2006 2704 2034 »
2740 1982 2866 2041 Non
2898 1983 3053 2055 quod
3086 1982 3306 2037 iraaut
3334 1981 3659 2055 indignatio
3690 1981 3749 2038 in

2104 2071 2220 2127 Deo
2266 2070 2360 2139 sit,
2413 2071 2511 2125 sed
2556 2072 2720 2142 justa
2767 2071 3043 2127 vindicta.
3089 2070 3416 2142 Indignatio
3468 2070 3567 2125 Dei
3620 2070 3748 2138 fuit,

2105 2158 2339 2231 quando
2371 2159 2554 2214 Adam
2600 2159 2857 2231 peccavit
2913 2158 3061 2230 (Gen.
3099 2176 3180 2226 III,
3212 2161 3248 2214 6
3284 2162 3420 2231 seq.)
3449 2160 3558 2224 Ira,
3585 2159 3752 2229 justa

2102 2247 2360 2302 vindicta
2388 2246 2757 2319 intelligitur,
2793 2249 3028 2320 quando
3078 2264 3210 2303 eum
3235 2320 3241 2325 Α
3266 2265 3299 2302 a
3348 2248 3619 2320 paradiso
3652 2249 3749 2303 de-

2095 2335 2257 2407 jecit.
2292 2359 2318 2385 «
2348 2336 2415 2390 Et
2444 2335 2560 2391 vita
2604 2335 2673 2396 in
2712 2336 3009 2393 voluntate
3038 2336 3247 2408 ipsius,
3278 2359 3305 2388 »
3358 2336 3415 2391 id
3456 2340 3563 2406 est,
3599 2337 3752 2394 sicut

2106 2442 2208 2496 per
2238 2430 2417 2480 Deum
2442 2424 2606 2496 justa
2635 2424 2895 2480 vindicta
2915 2442 3091 2496 super
3120 2425 3310 2496 ipsum
3346 2425 3529 2480 Adam
3563 2426 3746 2482 venit:

2103 2513 2185 2566 ita
2235 2529 2337 2584 per
2384 2512 2599 2583 ipsum,
2650 2513 2705 2566 id
2759 2518 2848 2568 est
2900 2514 3105 2577 Deum,
3140 2513 3273 2571 ,vita
3322 2514 3591 2570 restituta
3640 2519 3745 2580 est,

2104 2601 2338 2672 quando
2368 2600 2795 2656 humanitatem
2824 2602 3015 2656 carnis
3040 2602 3380 2673 assumpsit.
3415 2624 3440 2653 (ι
3461 2602 3746 2665 Quoniam

2104 2689 2193 2744 ira
2224 2689 2279 2743 in
2315 2688 2714 2757 indignatione
2743 2689 2891 2758 ejus,
2930 2711 2955 2736 ››
3007 2706 3138 2744 cum
3173 2705 3234 2743 se
3274 2690 3343 2744 de
3373 2689 3572 2761 impiis
3622 2691 3746 2745 vin-

2104 2776 2278 2833 dicat.
2315 2799 2341 2826 «
2373 2776 2439 2830 Et
2486 2776 2605 2831 vita
2652 2777 2712 2831 in
2761 2776 3055 2833 voluntate
3094 2777 3302 2849 ipsius,
3326 2784 3394 2833 ut
3423 2778 3520 2849 qui
3553 2779 3750 2835 fecerit

2103 2865 2464 2922 voluntatem
2497 2865 2645 2935 ejus,
2680 2870 2913 2921 maneat
2942 2866 3001 2921 in
3023 2870 3325 2921 aeternum.

2180 2995 2209 3023 «
2255 2973 2338 3027 Ad
2387 2988 2695 3043 vesperum
2746 2973 3143 3027 demorabitur
3195 2974 3382 3029 ﬂetus.
3428 2998 3448 3025 ιθ
3496 2976 3640 3031 Cum
3688 2976 3747 3030 in
3850 2967 3855 2975 ’

2107 3061 2379 3134 passione
2408 3062 2535 3132 ejus
2568 3061 2823 3116 tenebris
2869 3062 3096 3117 obtecta
3125 3062 3321 3118 omnia
3361 3071 3578 3130 essent,
3613 3081 3752 3136 apo-

2107 3151 2237 3207 stoli
2268 3152 2325 3205 in
2360 3150 2587 3205 ﬂetu'et
2625 3149 2847 3221 gemitu
2882 3153 3279 3207 morabantur.
3330 3174 3358 3203 ‹‹
3396 3154 3467 3209 Et
3513 3153 3585 3208 ad
3636 3171 3754 3209 ma-

2107 3239 2366 3295 tutinum
2414 3238 2629 3293 latitia.
2668 3261 2697 3287 »
2730 3239 3008 3295 Futuram
3043 3240 3270 3296 Domini
3302 3240 3568 3314 gloriam,
3622 3260 3753 3314 qua

353 3314 694 3385 assumPSit-
731 3337 756 3363 (ί
792 3314 906 3368 Nec
950 3313 1248 3370 άθῘθοίθδίί
1305 3314 1578 3370 inimicos
1627 3331 1786 3371 meos
1820 3332 1997 3386 super
2026 3311 2068 3376 (ἶ
2109 3327 2397 3384 matutina
2441 3328 2569 3396 ejus
2626 3330 3047 3384 resurrectione
3079 3311 3415 3400 pra-ﬂoruit,
3460 3311 3745 3402 figuravit.

355 3418 466 3457 me.
506 3425 531 3451 ››
576 3402 643 3458 Ut
691 3419 819 3457 meo
866 3403 1339 3473 jucundarentur
1380 3402 1642 3457 interitu.
1693 3404 1993 3468 Quomodo

354 3491 515 3556 dicit,
554 3514 581 3540 ‹‹
614 3508 717 3546 nec
766 3490 1071 3547 delectasti
1122 3491 1414 3560 inimicos,
1452 3515 1472 3541 ι
1526 3493 1667 3547 dum
1717 3496 1773 3548 et
1806 3492 1994 3547 Judai

351 3579 647 3635 Christum
680 3582 1112 3646 crucxtixerunt,
1153 3585 1209 3635 et
1238 3588 1656 3653 conspuerunt,
1708 3584 1763 3635 et
1794 3581 1991 3652 ﬂagel-

346 3669 636 3735 laverunt,
663 3674 718 3723 et
749 3674 1154 3739 persecutores
1202 3670 1568 3725 delectantur
1598 3687 1774 3742 super
1804 3670 1993 3725 Eccle-

350 3758 523 3825 siam,
561 3758 795 3829 quando
853 3758 1330 3829 persequuntur?
1377 3759 1487 3814 Sed
1529 3776 1633 3814 nec
1677 3760 1861 3814 Judaei
1895 3760 1993 3814 de-

347 3846 541 3902 lectati
563 3864 740 3917 super
756 3846 1051 3901 Christum
1085 3848 1339 3913 fuerunt,
1366 3848 1502 3919 quia
1535 3866 1648 3903 non
1684 3854 1998 3920 potuerunt

351 3951 484 3990 eum
535 3936 902 4007 exstinguere
944 3935 1095 3990 sicut
1122 3935 1453 3992 voluerunt.
1488 3938 1599 3992 Sed
1631 3937 1723 3992 hic
1762 3956 1875 3993 non
1907 3938 1995 3993 in-

349 4024 732 4096 telligendum
792 4026 864 4079 de
912 4024 1274 4095 hominibus,
1336 4027 1436 4081 sed
1478 4027 1549 4081 de
1607 4027 1992 4093 damonibus,

350 4114 490 4185 quia
548 4113 819 4169 delectari
879 4120 1208 4185 coeperunt,
1271 4116 1503 4186 quando
1559 4116 1996 4171 aestimaverunt

348 4220 483 4259 eum
516 4219 649 4257 cum
680 4202 1007 4257 latronibus
1038 4203 1108 4256 ad
1136 4203 1428 4258 infernum
1450 4204 1815 4259 ducendum:
1844 4204 1998 4260 sicut

348 4294 409 4347 in
435 4296 689 4347 montem
722 4307 783 4345 se
814 4291 1081 4362 permisit
1122 4292 1195 4346 ab
1226 4293 1428 4348 eodem
1460 4293 1591 4348 duci
1627 4294 1777 4364 (Luc.
1807 4312 1882 4363 1v,
1915 4297 1989 4367 4).

348 4382 457 4436 Sed
494 4376 606 4437 non
658 4382 895 4436 fuerunt
942 4380 1210 4436 delectati
1261 4382 1575 4448 damones,
1631 4384 1730 4453 qui
1762 4389 1903 4439 tunc
1935 4390 1992 4440 et

350 4470 671 4543 principem
715 4474 772 4524 et
821 4486 960 4523 suos
1009 4470 1303 4540 subjectos
1349 4470 1587 4540 ligavit;
1629 4471 1711 4525 ita
1758 4489 1861 4527 nec
1893 4492 1989 4529 su-

348 4577 452 4631 per
481 4558 797 4615 Ecclesiam
825 4563 995 4613 erunt
1020 4558 1285 4614 delectati
1312 4559 1367 4614 in
1387 4560 1477 4614 die
1496 4560 1729 4630 judicii,
1757 4564 1990 4633 quando

2109 3440 2137 3468 ‹‹
2166 3418 2250 3472 Ad
2284 3434 2590 3488 vesperum
2646 3419 3050 3475 demorabitur
3080 3418 3273 3486 ﬂetus,
3305 3423 3361 3473 et
3408 3419 3480 3473 ad
3512 3420 3749 3475 matuti-

2105 3523 2245 3560 num
2278 3504 2497 3563 latitia.
2526 3530 2554 3559 »
2592 3514 2809 3580 Vesper
2839 3512 2973 3580 post
2999 3506 3305 3561 meridiem
3334 3507 3583 3563 dicitur:
3621 3514 3753 3579 post

2104 3594 2430 3660 meridiem,
2462 3598 2717 3653 Adamin
2743 3596 3014 3669 paradiso
3045 3611 3240 3650 vocem
3269 3596 3497 3651 Domini
3529 3598 3752 3654 audivit

2104 3684 2560 3753 deambulantis,
2608 3691 2667 3741 et
2723 3687 2833 3740 sub
2893 3686 3117 3740 arboris
3179 3683 3328 3739 foliis
3363 3702 3423 3741 se
3474 3686 3747 3754 contexit,

2105 3774 2479 3829 tremefactus
2502 3776 2656 3845 (Ibid.
2688 3775 2765 3846 8),
2798 3791 2864 3830 eo
2895 3774 3048 3844 quod
3093 3778 3327 3845 pactum
3376 3779 3752 3848 trangressus

2105 3865 2276 3916 esset.
2310 3860 2584 3934 Vespera,
2616 3866 2740 3929 tota
2781 3863 2896 3917 ista
2942 3864 3059 3917 vita
3090 3880 3345 3934 prasens
3384 3864 3746 3937 intelligifur,

2107 3950 2244 4020 quia
2274 3967 2377 4021 per
2408 3957 2707 4021 peccatum
2733 3952 2885 4022 Ada,
2912 3968 3115 4007 omnes
3139 3969 3324 4023 usque
3348 3952 3406 4007 in
3432 3952 3606 4008 finem
3634 3972 3744 4009 sa-

2105 4037 2217 4093 culi
2274 4045 2554 4110 gemunt.
2598 4039 2794 4095 Fletus
2843 4039 2981 4111 quia
3033 4039 3233 4095 ﬂetum
3292 4040 3465 4095 habet
3520 4040 3695 4098 homo
3729 4088 3744 4113 ,

2105 4127 2337 4199 quando
2370 4128 2705 4183 recordatur
2735 4128 2886 4182 bona
2945 4127 3195 4198 paradisi
3241 4145 3367 4199 qua
3408 4129 3659 4199 perdidit
3686 4130 3743 4185 in

2104 4216 2308 4273 Adam.
2349 4239 2367 4263 α
2405 4216 2471 4269 Et
2500 4217 2569 4270 ad
2606 4216 2960 4271 matutinum
2994 4216 3213 4279 latitia,
3265 4239 3292 4265 ››
3326 4217 3382 4271 id
3417 4222 3528 4284 est,
3563 4218 3621 4272 in
3653 4235 3746 4274 re-

2103 4305 2480 4369 surrectione,
2516 4306 2749 4377 quando
2777 4305 2951 4361 simul
2991 4306 3113 4376 jam
3167 4306 3237 4360 ad
3269 4304 3598 4363 libertatem
3630 4325 3747 4364 res-

2102 4393 2390 4449 restitues.
2445 4394 2539 4449 Vel
2580 4412 2907 4466 vesperum,
2958 4395 3192 4465 quando
3239 4395 3413 4450 ﬂebat
3462 4397 3641 4451 Maria
3690 4402 3747 4453 et

2102 4481 2345 4553 apostoli
2403 4483 2457 4536 in
2520 4484 2797 4537 Passione
2858 4484 3107 4538 Domini.
3169 4484 3238 4537 Et
3293 4500 3462 4538 mane
3520 4485 3740 4553 latitia,

2102 4572 2335 4643 quando
2369 4573 2700 4638 resurrexit,
2741 4578 2806 4627 ut
2845 4573 3070 4628 dictum
3121 4578 3209 4627 est
3249 4572 3633 4631 mulieribus:
3666 4577 3745 4630 Ite

346 4647 552 4703 ἀίοΐυτί
586 4652 755 4703 erunt
788 4648 973 4703 sane“
1003 4664 1015 4701 ε
1059 4649 1157 4705 Ubi
1197 4656 1295 4715 εει,
1342 4664 1504 4711 mors.
1557 4651 1776 4705 aculeus
1819 4659 1989 4714 tuus:
2027 4676 2068 4738 ι)
2100 4670 2149 4715 et
2178 4662 2430 4715 nuntiate
2458 4662 2735 4730 fratribus
2780 4664 2920 4716 meis
2948 4666 3008 4717 ut
3053 4669 3181 4717 eant
3212 4663 3272 4717 in
3304 4663 3588 4719 Galilaeam
3610 4682 3629 4727 ,'
3664 4666 3745 4720 ibi

346 4738 441 4792 ubi
487 4742 587 4799 est,
646 4753 813 4802 mors,
868 4739 1097 4791 victoria
1139 4741 1278 4792 tua?
1324 4738 1583 4808 Absorpla
1628 4747 1710 4794 est
1759 4756 1898 4796 mors
1931 4743 1990 4795 in

348 4828 571 4881 victoria
614 4827 659 4897 (l
680 4826 799 4880 Cor.
832 4843 924 4892 xv,
952 4827 1042 4894 54,
1074 4828 1164 4898 55)
1196 4844 1209 4881 :
1243 4826 1301 4881 id
1333 4832 1438 4897 est,
1474 4827 1532 4882 in
1573 4828 1810 4884 victoria
1858 4847 1987 4884 san-

344 4922 569 4971 ctorum
601 4915 869 4985 disrupta
898 4921 1006 4969 est.

417 5028 444 5054 ‹‹
480 5003 723 5059 Domine
756 5008 905 5059 Deus
952 5021 1138 5070 meus,
1172 5003 1415 5059 clamavi
1448 5006 1519 5061 ad
1548 5010 1627 5077 te,
1661 5012 1717 5062 et
1766 5010 1987 5065 sanasti

346 5110 459 5148 me.
523 5092 760 5147 Domine
811 5097 961 5147 Deus
1012 5109 1207 5148 meus.
1262 5116 1289 5142 ››
1340 5094 1535 5149 Oratio
1585 5095 1817 5163 Christi,
1870 5098 1988 5152 sive

344 5182 634 5238 Ecclesia.
670 5205 696 5231 «
731 5182 963 5239 Sanasti
997 5199 1110 5252 me,
1149 5207 1168 5231 ιο
1207 5200 1509 5255 resurgere
1539 5202 1632 5239 me
1682 5186 1887 5252 iecisti,
1925 5192 1992 5241 ut

345 5288 555 5343 corpus
583 5270 925 5327 mortalitati
953 5272 1268 5327 obnoxium
1302 5290 1413 5328 non
1455 5280 1925 5346 corrumperetur
1954 5295 1987 5331 a

347 5372 549 5416 morte.

417 5471 443 5499 ‹‹
490 5448 782 5504 Revocasti
817 5450 887 5504 ab
922 5448 1121 5504 inferis
1152 5451 1408 5506 animam
1444 5469 1655 5518 meam,
1691 5475 1717 5501 ››
1769 5453 1823 5507 id
1875 5459 1983 5521 est,

341 5538 599 5593 animam
652 5538 862 5592 Christi
920 5555 1050 5592 cum
1099 5538 1229 5596 aliis
1289 5541 1600 5596 animabus
1651 5548 1983 5598 sanctorum

341 5627 492 5682 Deus
533 5629 602 5682 de
632 5626 856 5682 inferno
891 5628 1197 5683 revocavit.
1238 5631 1367 5699 Ipse
1418 5648 1477 5685 se
1512 5632 1920 5687 resuscitatum
1956 5653 1988 5689 a

344 5720 512 5771 Patre
541 5716 897 5788 pronuntiat,
930 5715 1082 5772 sicut
1108 5717 1188 5773 ait
1220 5719 1533 5790 Apostolus
1563 5739 1575 5777 :
1609 5724 1719 5791 Qui
1744 5723 1988 5780 credide-

2102 4765 2186 4803 me
2213 4750 2471 4804 videbunt
2500 4750 2709 4820 (Matth.
2744 4767 2941 4817 xxvm,
2974 4752 3049 4821 7).
3086 4756 3151 4805 Et
3177 4750 3449 4807 dixerunt
3471 4752 3744 4809 mulieres

2100 4837 2170 4891 ad
2202 4837 2494 4908 apostolos
2522 4854 2533 4892 :
2572 4838 2826 4893 Vidimus
2880 4841 3192 4908 Dominam,
3225 4850 3279 4895 et
3328 4842 3442 4895 hac
3470 4841 3616 4896 dixit
3645 4859 3743 4897 no-

2100 4927 2178 4994 bis
2210 4926 2386 4997 (Joan.
2420 4943 2514 4992 xx,
2552 4927 2657 4994 t8).
2698 4948 2723 4979 α
2753 4927 2835 4981 Ad
2868 4945 3168 4999 vesperam
3210 4929 3610 4985 demorabitur
3637 4931 3742 4985 ﬂe-

2097 5019 2215 5080 tus,
2267 5019 2323 5069 et
2367 5016 2435 5068 ad
2484 5016 2843 5071 matutinum
2894 5015 3113 5072 latitia.
3160 5040 3189 5067 ››
3220 5022 3415 5073 Potest
3435 5014 3545 5073 hoc
3583 5023 3640 5073 et
3671 5020 3741 5074 de

2098 5109 2354 5175 tempore
2386 5104 2702 5167 Passionis,
2736 5105 2889 5159 sicut
2919 5107 3211 5177 superius,
3248 5113 3303 5161 et
3352 5107 3421 5161 de
3457 5124 3738 5162 resurrec-

2098 5192 2269 5261 tione,
2303 5197 2358 5247 et
2384 5195 2891 5249 consummatione
2923 5194 3117 5248 saculi
3151 5195 3359 5266 accipi.

2174 5301 2194 5329 κ
2240 5283 2353 5353 Ego
2384 5286 2577 5338 autem
2610 5282 2727 5337 dixi
2760 5283 2816 5338 in
2848 5284 3208 5338 abundantia
3242 5300 3405 5338 mea:
3453 5285 3575 5342 Non
3615 5302 3737 5340 mo-

2098 5372 2270 5425 vebor
2301 5371 2356 5424 in
2389 5376 2688 5426 aeternum.
2725 5393 2750 5420 ››
2791 5373 2913 5427 [lac
2966 5373 3301 5442 redemptus
3352 5373 3605 5444 populus
3658 5376 3741 5429 di-

2097 5459 2210 5513 cit:
2256 5461 2373 5526 iam
2407 5459 2629 5515 nullam
2681 5478 2712 5515 a
2762 5466 2814 5515 te
2849 5462 3096 5516 satiatus
3142 5461 3330 5533 patior
3380 5469 3735 5533 egestatem:

2098 5565 2282 5619 neque
2314 5548 2369 5602 in
2408 5557 2459 5603 te
2490 5550 2733 5618 deﬁxus,
2769 5567 3154 5605 commoveor.
3198 5573 3223 5602 α
3246 5551 3361 5620 Ego
3393 5557 3586 5607 autem
3620 5554 3736 5609 dixi

2098 5638 2151 5690 in
2205 5637 2567 5691 abundantia
2598 5655 2727 5693 mea
2760 5658 2772 5694 ;
2809 5639 2930 5693 Non
2966 5639 3241 5693 movebor
3272 5640 3328 5694 in
3371 5649 3670 5700 aternum.
3708 5667 3734 5695 ››

2097 5725 2219 5780 Vox
2250 5726 2431 5780 Adam
2482 5726 2540 5780 in
2600 5727 2869 5796 paradiso
2928 5727 3066 5798 quia
3096 5728 3225 5783 aine
3267 5729 3378 5785 ﬁne
3428 5732 3643 5788 ibidem
3678 5751 3738 5789 se
