4314 6606
529 443 646 502 959

2023 446 2443 508 APPENDIX.

3810 445 3935 505 960

528 573 771 646 patubat
799 589 946 628 esse.
982 575 1048 628 Et
1075 575 1216 630 dum
1249 576 1331 631 sic
1372 577 1704 649 cogitasset,
1735 582 1791 633 et
1820 582 1986 633 tanta
2013 579 2166 634 bona
2197 581 2250 645 Α
2280 580 2369 633 est
2399 594 2735 645 conversus,
2769 581 2826 633 et
2855 594 2982 649 quae
3013 575 3288 646 deinceps
3320 590 3448 630 cum
3492 574 3621 647 ipso
3664 576 3930 644 Domino,

527 662 577 717 ei
605 663 884 729 dedisset,
937 665 1111 734 ccepit
1148 666 1403 736 cogitare
1449 668 1589 738 quid
1630 672 1784 723 esset
1816 685 2023 737 causae,
2075 684 2178 722 cur

524 752 897 829 praecepisset
941 753 992 808 ei
1026 758 1175 809 Deus
1221 772 1292 810 ne
1342 758 1699 827 contingeret
1751 758 1821 812 de
1870 773 2042 828 pomo
2081 772 2175 811 ve-

528 841 633 896 tito
682 840 832 912 (Gen.
886 860 970 910 III,
1021 842 1054 896 3
1096 847 1250 913 seq.).
1316 845 1430 898 Hic
1479 861 1636 915 vero,
1687 847 1897 917 inquit,
1932 847 2176 917 probare

531 930 678 985 volo.
712 933 781 986 Et
813 932 917 999 [Αι.
951 932 1021 998 ei]
1073 933 1335 1004 contigit,
1386 938 1442 987 et
1471 934 1752 1005 probavit,
1787 939 1925 1005 quia
1954 936 2175 1006 projec-

531 1023 627 1074 tus
659 1025 767 1075 est.
1692 1013 1713 1025 ’

609 1129 635 1160 «
679 1109 937 1175 Domine,
977 1109 1037 1163 in
1084 1108 1384 1164 voluntate
1440 1114 1545 1166 tua
1603 1112 1925 1181 praestitisti
1984 1113 2173 1168 decori

534 1215 661 1254 meo
706 1198 1001 1253 virtutem.
1058 1220 1085 1247 ››
1130 1198 1199 1251 Et
1248 1198 1375 1270 ipsa
1422 1204 1511 1254 est
1541 1216 1647 1253 vox
1697 1201 1830 1254 Adae
1863 1205 2175 1272 postquam

532 1289 828 1359 projectus
869 1292 957 1342 est
998 1288 1067 1342 de
1098 1287 1367 1358 paradiso
1400 1306 1502 1360 pro
1535 1305 1642 1343 suo
1675 1288 1865 1360 culpa.
1889 1289 2051 1359 (Ibid.
2087 1291 2174 1359 23,

529 1377 640 1446 2-4).
673 1380 832 1430 Tunc
864 1376 1132 1448 cognovit
1177 1377 1330 1447 quod
1381 1376 1668 1448 sapientia
1713 1377 1860 1432 lucis
1892 1378 1963 1432 ab
1997 1395 2062 1433 eo
2085 1394 2174 1432 re-

537 1465 828 1531 cessisset,
889 1471 946 1519 et
990 1466 1144 1536 quod
1194 1482 1228 1521 a
1270 1466 1385 1521 Deo
1435 1466 1494 1520 in
1557 1466 1826 1537 paradiso
1857 1466 2173 1522 collocatus

536 1554 723 1608 fuerat
755 1553 1152 1620 abundantiae,
1203 1571 1319 1609 non
1365 1571 1399 1609 a
1449 1555 1781 1626 semetipso.
1845 1576 1866 1604 α
1903 1556 2177 1611 Avertisti

531 1642 739 1699 faciem
771 1646 935 1698 tuam
979 1660 1013 1697 a
1064 1659 1177 1710 me,
1230 1647 1287 1698 et
1323 1642 1512 1698 factus
1544 1660 1677 1699 sum
1709 1645 2113 1700 conturbatus.
2148 1666 2174 1694 υ

531 1732 696 1788 Tunc
727 1732 933 1787 avertit
965 1731 1173 1786 faciem
1209 1748 1377 1787 suam
1405 1732 1560 1788 Deus
1591 1733 1661 1788 ab
1687 1733 1893 1801 Adam,
1944 1735 2177 1805 quando

531 1821 807 1894 peccavit.
840 1820 910 1875 Et
937 1825 1077 1875 tunc
1110 1822 1491 1877 conturbatus
1513 1826 1620 1890 est,
1655 1823 1887 1893 quando
1918 1823 2027 1878 sub
2059 1840 2178 1878 ma-

529 1909 843 1965 ledictione
874 1909 944 1964 de
975 1910 1246 1980 paradiso
1278 1911 1580 1981 projectus
1614 1916 1720 1966 est.
1757 1912 1824 1965 Et
1856 1910 2176 1983 unusquis-

538 2014 651 2070 que
700 1998 875 2054 homo
923 1999 1155 2070 quando
1206 2000 1277 2055 de
1316 2000 1439 2056 suis
1490 2000 1875 2056 conturbatur
1903 2002 2174 2072 peccatis.

537 2087 643 2144 Vel
673 2087 878 2143 aliter:
926 2110 955 2137 «
990 2088 1251 2155 Domine,
1298 2088 1359 2143 in
1408 2088 1704 2145 voluntate
1732 2093 1853 2157 tua,
1889 2113 1917 2139 »
1961 2094 2018 2146 et
2065 2108 2181 2146 non

536 2194 607 2233 ex
638 2193 804 2233 mea:
839 2200 867 2227 ‹‹
892 2177 1217 2233 Praestitisti
1249 2179 1440 2233 decori
1473 2195 1653 2245 meo,»
1692 2180 1918 2251 corpori
1947 2197 2180 2235 assum-

541 2271 639 2339 pto
674 2284 686 2321 :
720 2269 999 2335 virtutem,
1028 2271 1093 2321 ut
1120 2271 1175 2323 te
1206 2284 1630 2340 cognoscerem.
1691 2291 1719 2318 ‹‹
1778 2269 2051 2324 Avertisti
2101 2269 2181 2324 fa-

541 2356 688 2411 ciem
717 2359 881 2412 tuam
914 2372 947 2411 a
976 2373 1089 2424 me,
1114 2379 1141 2405 »
1177 2373 1306 2412 cum
1331 2374 1664 2429 peccarem:
1692 2379 1713 2407 α
1742 2363 1798 2413 et
1829 2359 2015 2414 factus
2046 2374 2178 2414 sum

538 2446 943 2500 conturbatus.
970 2466 999 2494 »
1021 2444 1364 2515 Ignorabam
1397 2445 1552 2501 enim
1585 2446 1775 2502 adhuc
1805 2446 2003 2503 lumen
2033 2447 2176 2503 veri-

538 2533 676 2589 tatis
707 2539 841 2588 tuae.

617 2646 636 2671 ι
672 2622 756 2677 Ad
798 2626 876 2690 te,
910 2622 1173 2689 Domine,
1208 2622 1493 2691 clamabo,
1544 2630 1602 2680 et
1647 2625 1718 2680 ad
1770 2630 1947 2681 Deum
1981 2642 2177 2681 meum

539 2711 914 2784 deprecabor.
992 2731 1013 2757 α
1066 2711 1331 2767 Christus
1375 2712 1658 2768 Dominus
1698 2714 1806 2769 hoc
1857 2714 2020 2779 dicit,
2080 2714 2179 2786 qui

539 2817 641 2873 pro
711 2800 1012 2872 redempto
1090 2800 1302 2872 populo
1378 2802 1705 2871 interpellat
1779 2804 1850 2858 ad
1921 2804 2176 2859 Patrem.

539 2889 809 2945 Christus
867 2890 1137 2945 clamavit
1194 2891 1253 2944 in
1312 2907 1501 2959 cruce,
1559 2896 1614 2946 et
1669 2891 1925 2947 Ecclesia
1964 2892 2025 2947 in
2059 2908 2181 2963 per-

447 2958 460 2977 “
541 2979 855 3034 secutione.

620 3092 640 3116 α
684 3070 818 3132 Quae
852 3067 1074 3123 utilitas
1104 3068 1161 3122 in
1207 3069 1490 3140 sanguine
1523 3088 1671 3141 meo,
1705 3071 1846 3125 dum
1898 3072 2182 3127 descendo

542 3158 603 3212 in
634 3158 1065 3228 corruptionem
1093 3157 1120 3212 ?
1149 3182 1170 3210 ι
1203 3158 1259 3212 Si
1292 3175 1405 3213 non
1438 3159 1852 3215 Resurrexero:
1884 3177 2018 3216 nam
2048 3162 2185 3233 quia

545 3247 766 3301 effusus
811 3251 900 3301 est
926 3246 1166 3318 sanguis
1198 3264 1383 3314 meus,
1418 3264 1655 3321 surgam
1709 3254 1765 3304 et
1812 3250 1889 3304 sit
1937 3248 2180 3313 utilitas,

2287 673 2343 722 et
2371 669 2441 722 ad
2475 668 2671 738 ipsum
2703 667 3037 733 Dominum,
3063 666 3186 736 jam
3219 664 3503 718 mundata
3533 664 3668 737 agni
3691 666 3931 737 sangui-

2287 773 2358 812 ne
2385 756 2557 811 dicit:

2363 868 2383 894 «
2447 845 2795 901 Conscidisti
2847 859 3082 899 saccum
3134 859 3369 897 meum.
3433 864 3460 891 »
3512 842 3925 899 Velamentum

2287 938 2654 1005 peccatorum
2689 949 2987 999 meorum;
3021 931 3158 1003 quia
3185 947 3412 997 saccus,
3446 935 3503 986 et
3550 931 3802 987 cilicium
3854 935 3927 988 ad

2286 1025 2617 1093 peccatores
2650 1020 2919 1093 pertinet.
2955 1022 3103 1075 Dum
3133 1036 3269 1091 ergo
3296 1019 3473 1075 dicit:
3518 1042 3546 1070 ‹‹
3578 1021 3929 1078 Conscidisti

2287 1127 2521 1166 saccum
2582 1127 2799 1165 meum.
2862 1132 2891 1159 ››
2946 1114 3004 1164 et
3061 1108 3199 1164 alibi
3256 1109 3436 1175 dicit;
3496 1110 3796 1165 Induebum
3846 1127 3933 1166 me

2284 1201 2488 1264 cilicio,
2548 1210 2600 1254 et
2654 1199 3016 1255 humiliabam
3072 1200 3133 1259 in
3168 1198 3383 1269 jejunio
3440 1201 3688 1253 animam
3748 1217 3931 1255 meam

2288 1288 2462 1357 (Psal.
2523 1306 2726 1355 xxxxv,
2780 1274 2928 1358 13),⁸
2961 1290 3017 1341 et
3058 1286 3293 1357 quidem
3351 1286 3618 1341 Christus
3674 1304 3787 1343 non
3844 1294 3934 1344 est

2287 1394 2431 1433 usus
2463 1378 2575 1432 isto
2604 1377 2971 1432 indumento.
3006 1376 3154 1441 Quid
3205 1376 3281 1430 sit
3311 1392 3516 1430 saccus
3547 1375 3781 1444 Christi,
3818 1378 3930 1433 nisi

2289 1465 2617 1521 mortalitas
2647 1482 2825 1536 quam
2878 1465 2949 1519 de
2995 1463 3163 1519 nobis
3212 1463 3581 1535 assumpsit?
3609 1465 3771 1519 Tunc
3795 1482 3930 1521 con-

2288 1556 2510 1610 scissus
2541 1558 2631 1610 est
2656 1555 2764 1610 iste
2790 1570 3015 1625 saccus,
3048 1553 3280 1624 quando
3316 1553 3678 1619 ressurrexit,
3732 1559 3789 1609 et
3818 1555 3929 1610 im-

2288 1643 2553 1698 mortalis
2582 1645 2821 1699 ell‘ectus
2849 1648 2959 1698 est.
3018 1644 3089 1697 Et
3118 1642 3253 1697 licet
3300 1641 3508 1697 habuit
3538 1658 3793 1712 saccum,
3828 1646 3929 1699 sed

2287 1750 2401 1789 non
2450 1733 2659 1788 habuit
2708 1750 2856 1804 opus
2909 1732 3082 1798 sacci,
3129 1731 3187 1785 id
3218 1735 3325 1797 est,
3360 1736 3684 1803 peccatum,
3716 1732 3786 1787 de
3816 1749 3929 1804 quo

2286 1823 2571 1894 scriptum
2613 1828 2727 1878 est:
2774 1823 2879 1889 Qui
2928 1824 3212 1893 peccatum
3255 1836 3366 1876 non
3415 1821 3594 1893 fecit:
3633 1837 3730 1876 nec
3775 1822 3931 1878 dolus

2287 1916 2540 1968 inventus
2581 1916 2657 1967 est
2706 1914 2766 1965 in
2815 1928 2906 1967 ore
2952 1912 3067 1981 eius
3116 1912 3241 1982 (Isa.
3295 1927 3414 1973 LIII,
3461 1911 3538 1979 9).
3571 1909 3751 1967 Nobis
3797 1928 3930 1985 ergo

2291 2018 2528 2057 necesse
2558 2006 2644 2056 est
2674 2017 2906 2056 saccum
2939 2006 2997 2055 et
3026 1998 3281 2055 cilicium
3313 1998 3575 2067 induere,
3607 2000 3746 2070 quia
3785 2017 3933 2071 opus

2292 2091 2442 2148 sacci
2483 2090 2820 2155 habuimus,
2867 2090 2923 2144 id
2976 2094 3083 2159 est,
3133 2092 3461 2161 peccatum.
3521 2111 3541 2137 ι
3576 2088 3935 2145 Prsecinxisti

2292 2198 2384 2237 me
2422 2180 2643 2235 lmtitia.
2694 2202 2722 2228 »
2780 2180 2839 2234 Id
2887 2183 2995 2247 est,
3048 2178 3251 2234 laetitia
3298 2178 3761 2246 resurrectionis,
3814 2178 3934 2235 sive

2291 2270 2605 2339 Christum,
2639 2269 2759 2324 sive
2804 2267 3121 2323 Ecclesium
3152 2268 3211 2323 in
3254 2268 3488 2324 futuro:
3539 2268 3791 2324 induens
3840 2284 3932 2323 me

2291 2358 2441 2414 stola
2489 2358 2679 2429 prima
2744 2355 3249 2412 immortalitalitis
3297 2373 3399 2428 per
3445 2356 3929 2412 resurrectionem

2288 2453 2477 2503 tuam.

2363 2558 2390 2587 ‹‹
2413 2536 2486 2591 Ut
2515 2538 2748 2591 cantent
2778 2535 2883 2606 [Αι.
2918 2535 3129 2605 cantet]
3161 2533 3266 2589 tibi
3299 2534 3485 2607 gloria
3514 2551 3661 2590 mea.
3687 2555 3716 2584 »
3741 2534 3801 2589 In
3834 2534 3928 2591 his

2290 2626 2389 2698 qui
2439 2624 2812 2680 crediderunt
2858 2623 3054 2696 gloriae
3087 2624 3550 2680 resurrectionis.
3610 2647 3637 2673 ‹‹
3684 2625 3754 2679 Et
3811 2641 3927 2679 non

2289 2730 2690 2786 compungar.
2754 2734 2783 2762 »
2838 2715 2884 2767 A
2941 2711 3196 2768 stimulis
3273 2717 3670 2784 peccatorum.
3730 2713 3927 2784 Neque

2291 2803 2594 2860 Christus:
2631 2803 2770 2873 quia
2799 2800 3028 2857 nullum
3060 2788 3268 2857 habuit
3297 2806 3621 2874 peccatum.

2363 2916 2391 2942 «
2435 2891 2676 2947 Domine
2725 2896 2875 2946 Deus
2916 2908 3103 2961 meus,
3162 2890 3222 2945 in
3275 2897 3557 2946 aeternum
3616 2890 3933 2946 conﬁtebor

2292 2981 2417 3036 tibi.
2450 3004 2477 3030 »
2527 2981 2590 3036 Id
2634 2985 2749 3051 est,
2808 2980 2934 3036 sine
2982 2980 3096 3036 fine
3141 2979 3393 3036 laudabo
3435 2986 3525 3035 te.
3578 2978 3642 3034 In
3695 2979 3808 3046 his,
3867 2984 3933 3033 ut

2285 3073 2412 3143 jam
2441 3070 2580 3137 dixi,
2621 3070 2726 3124 tibi
2776 3070 3080 3126 concinam
3133 3073 3306 3141 atque
3346 3070 3655 3125 conﬁtear:
3715 3068 3816 3140 qui
3871 3061 3947 3122 in'

2296 3176 2387 3215 me
2452 3159 2786 3238 congregati
2826 3164 2966 3216 sunt
3022 3176 3124 3231 per
3178 3160 3661 3215 resurrectionem
3720 3174 3930 3213 meam.

2294 3249 2503 3305 Omnia
2556 3249 2713 3305 enim
2772 3266 2897 3321 quae
2940 3248 3000 3303 in
3056 3248 3165 3304 hoc
3218 3248 3445 3320 psalmo
3505 3247 3806 3303 humiliter
3861 3247 3933 3301 de

544 3340 610 3390 ut
639 3335 938 3408 acquiram
975 3352 1179 3391 omnes
1210 3341 1412 3409 gentes
1435 3338 1855 3393 resurrectione
1888 3355 2036 3393 mea.
2070 3338 2182 3393 Hu-
2215 3317 2256 3384 Ο
2292 3340 2521 3394 Christo
2576 3338 2870 3404 dicuntur,
2903 3339 2972 3393 ad
3004 3338 3469 3410 assumptionem
3516 3336 3776 3409 corporis
3805 3352 3930 3389 ma-

544 3428 796 3481 manitas
826 3426 1038 3482 Christi
1061 3427 1130 3481 ad
1166 3430 1394 3481 Patrem
1426 3426 1703 3498 loquitur,
1735 3444 1800 3482 ac
1830 3428 1877 3482 si
1911 3427 2178 3483 dixisset:

544 3513 715 3570 Nulla
739 3520 829 3569 est
870 3514 1095 3570 utilitas
1124 3516 1278 3587 quod
1311 3515 1658 3587 sanguinem
1690 3516 1890 3581 effudi,
1941 3517 2051 3571 nisi
2102 3534 2185 3572 re-

543 3620 847 3659 surrexero
881 3621 914 3659 a
945 3604 1212 3659 mortuis.
1246 3605 1369 3673 Vel,
1402 3622 1529 3675 qua)
1561 3604 1785 3659 utilitas
1808 3606 1865 3658 in
1899 3607 2184 3678 sanguine

547 3709 696 3757 meo,
732 3714 759 3741 »
791 3692 849 3747 id
883 3697 992 3759 est,
1024 3692 1082 3747 in
1116 3698 1285 3764 gente
1324 3693 1502 3748 mea?
1532 3694 1867 3749 Judaeorum
1898 3694 2058 3749 nulla
2098 3700 2185 3751 est

551 3780 795 3845 utilitas,
828 3781 966 3852 quia
1012 3797 1128 3835 non
1179 3783 1444 3848 credunt,
1478 3783 1588 3839 nisi
1638 3782 1934 3838 hominem
1969 3802 2184 3856 purum

548 3874 804 3924 tantum.
839 3870 962 3925 Non
1012 3869 1203 3925 solum
1262 3888 1376 3926 non
1419 3872 1809 3940 crediderunt,
1863 3873 1961 3928 sed
2010 3874 2184 3929 etiam

548 3957 701 4013 latus
732 3960 857 4029 ejus
889 3964 1243 4031 aperuerunt
1271 3960 1455 4030 (Joan.
1487 3978 1601 4025 XIX,
1633 3962 1743 4029 34).

496 4032 503 4041 ’
616 4071 644 4097 ‹‹
705 4048 1001 4118 Numquid
1049 4048 1422 4104 confitebitur
1477 4050 1642 4104 tibi»
1703 4049 1811 4120 [ΑΙ.
1861 4055 2015 4105 tacet
2059 4052 2185 4122 tibi]

549 4136 785 4210 pulvis?
816 4138 940 4194 Non
974 4138 1185 4210 poterit
1228 4139 1400 4194 turba
1446 4138 1783 4210 impiorum,
1818 4157 1943 4211 quae
1974 4140 2185 4205 adhuc,

546 4225 704 4281 velut
734 4227 943 4299 pulvis,
977 4228 1135 4283 omni
1166 4232 1334 4283 vento
1366 4228 1643 4282 doctrinae
1677 4234 1942 4283 movetur
1968 4228 2184 4299 (Ephes.

546 4334 621 4383 IV,
653 4317 760 4388 14).
787 4316 1123 4387 justificari,
1149 4317 1196 4371 si
1231 4332 1336 4387 ego
1362 4334 1477 4371 non
1500 4333 1827 4388 resurgam.
1857 4318 1913 4371 Si
1938 4335 2042 4389 ego
2072 4334 2186 4373 non

545 4422 934 4472 resurrexero,
968 4423 1084 4461 non
1138 4406 1509 4461 conﬁtebitur
1556 4406 1661 4460 tibi
1714 4405 1922 4478 pulvis.
1968 4406 2187 4475 Pulvis,

548 4494 606 4550 id
637 4499 727 4549 est
758 4495 943 4566 impii,
1003 4493 1090 4552 vel
1120 4492 1493 4549 infructuosi.
1534 4515 1559 4545 α
1607 4496 1718 4548 Aut
1744 4494 2080 4556 annutiabit
2103 4512 2193 4550 ve-

547 4583 778 4638 ritatem
811 4588 995 4638 tuam.
1024 4605 1051 4631 ››
1084 4583 1143 4637 Id
1177 4587 1265 4637 est
1285 4582 1577 4637 Christum
1610 4589 1800 4650 tuum,
1835 4599 1900 4638 ac
1932 4583 1980 4638 si
2013 4584 2185 4639 dicat:

547 4671 605 4727 Si
639 4688 753 4726 non
787 4689 1175 4737 resnrrexero,
1208 4688 1321 4726 non
1353 4672 1723 4727 annuntiant.

621 4782 647 4811 ιι
702 4760 941 4815 Audivit
1001 4761 1314 4825 Dominus,
1365 4766 1421 4816 et
1478 4760 1752 4816 misertus
1810 4766 1900 4817 est
1959 4762 2093 4816 mei.
2157 4783 2187 4812 »

619 4873 647 4899 ‹‹
684 4849 920 4903 Audivit
952 4849 1263 4915 Dominus,
1298 4873 1325 4898 ››
1359 4850 1511 4905 Deus
1544 4855 1732 4906 Pater.
1767 4874 1793 4899 «
1828 4855 1884 4905 et
1914 4850 2193 4907 misertus

545 4943 632 4995 est
665 4939 800 4994 mei.
859 4962 878 4987 η
929 4939 1045 4993 Vox
1077 4938 1310 5007 Christi,
1347 4940 1483 5011 quia
1526 4956 1831 5013 resurgere
1874 4957 1966 4995 me
1997 4941 2130 4996 fecit
2160 4958 2193 4997 a

546 5028 814 5084 mortuis.
866 5051 894 5078 ‹‹
949 5028 1228 5084 Dominus
1280 5030 1467 5084 factus
1524 5034 1615 5084 est
1663 5030 1893 5099 adjutor
1938 5046 2125 5085 meus.
2164 5052 2185 5079 ι»

548 5120 820 5174 Defensor
862 5136 1048 5185 meus,
1102 5118 1203 5190 qui
1253 5135 1345 5174 me
1379 5118 1513 5173 fecit
1544 5118 1997 5190 primogenitum
2033 5136 2190 5175 mor-

540 5216 776 5265 tuorum
809 5208 1033 5279 (Coloss.
1070 5226 1108 5273 Ι,
1144 5210 1254 5276 18).

612 5323 638 5347 ‹‹
683 5299 1026 5354 Convertisti
1080 5296 1380 5369 planctum
1427 5312 1645 5352 meum.
1705 5298 1847 5351 Cum
1898 5296 2188 5350 dicerem:

545 5389 737 5442 Tristis
794 5391 871 5443 est
928 5388 1120 5441 anima
1176 5404 1298 5441 mea
1354 5403 1528 5457 usque
1576 5385 1646 5439 ad
1704 5389 1932 5439 mortem
1980 5383 2188 5455 (Matth.

538 5493 689 5541 xxvr,
737 5479 847 5545 38).
882 5499 909 5525 «
960 5478 1019 5531 In
1052 5476 1331 5547 gaudium
1385 5475 1551 5529 mihi.
1607 5495 1635 5523 ››
1694 5472 1837 5527 Cum
1880 5487 2193 5543 resurgens

540 5566 695 5619 dixi:
728 5570 827 5631 Ite,
879 5568 1137 5620 nunliate
1180 5565 1457 5633 fratribus
1496 5565 1655 5627 meis,
1694 5566 1755 5615 ut
1793 5571 1919 5616 eam
1949 5564 2007 5615 in
2042 5562 2190 5616 Cati-

541 5653 727 5717 lacam,
761 5655 841 5707 ibi
869 5671 954 5709 me
986 5654 1241 5709 videbunt
1275 5654 1480 5723 (Matth.
1532 5669 1730 5717 xxvm,
1783 5652 1889 5722 10).
1927 5652 2039 5707 Sed
2071 5651 2192 5706 haec

546 5737 698 5793 sicut
741 5756 775 5794 a
816 5739 1065 5809 Christo,
1118 5742 1201 5796 ita
1247 5742 1422 5797 etiam
1475 5740 1546 5796 ab
1606 5740 1859 5796 Ecclesia
1918 5740 2193 5795 dicuntur

545 5828 716 5898 cujus
765 5827 1056 5900 planctus,
1107 5834 1447 5901 resurgente
1490 5830 1758 5900 Domino,
1810 5830 1867 5885 in
1909 5831 2189 5903 gaudium

2294 3430 2383 3502 gis
2413 3428 2716 3484 referenda
2745 3432 2903 3499 sunt,
2937 3443 3114 3499 quam
3165 3426 3237 3482 ad
3296 3426 3615 3498 potentiam
3666 3424 3932 3481 Deitatis.

2297 3518 2411 3574 Nos
2457 3533 2690 3589 quoque
2730 3516 3025 3588 supplices
3073 3516 3475 3588 deprecamur,
3535 3520 3601 3569 ut
3643 3516 3937 3569 convertat

2297 3606 2576 3663 Dominus
2608 3606 2666 3660 in
2698 3605 2977 3677 gaudium
3022 3604 3329 3676 planctum
3361 3602 3938 3681 nostrueremissa

2293 3695 2447 3751 mole
2495 3686 2817 3750 facinorum
2852 3710 2865 3749 :
2917 3710 2983 3749 ac
3013 3693 3286 3764 mysterio
3317 3690 3756 3747 resurrectionis
3813 3707 3936 3744 sua:

2292 3785 2610 3839 lzetificatos
2660 3782 2919 3838 attollere
2952 3781 3222 3853 dignetur
3265 3780 3323 3834 in
3357 3778 3601 3834 caelum:
3656 3793 3760 3849 pro
3810 3778 3939 3848 qui-

2295 3874 2407 3930 bus
2439 3871 2786 3928 descendere
2818 3870 3094 3940 dignatus
3124 3873 3214 3924 est
3266 3867 3325 3922 in
3357 3867 3671 3922 infernum.

2865 3958 2988 4011 PSA
3001 3956 3185 4012 LMUS
3218 3956 3375 4012 ΧΧΧ.

2295 4035 2354 4089 In
2386 4034 2570 4103 ﬁnem,
2601 4030 2853 4103 Psalmus
2882 4029 3073 4103 David,
3124 4033 3234 4085 etc.
3270 4026 3554 4103 Psalmus‘
3589 4026 3940 4103 ipsius_Me-

2367 4099 2609 4158 diatoris
2659 4100 2826 4155 initio
2871 4100 3128 4155 continet
3181 4116 3417 4155 vocem:
3468 4099 3677 4153 deinde
3708 4099 3935 4155 redem-

2369 4175 2451 4242 pti
2509 4171 2793 4244 sanguine
2855 4172 2985 4241 ejus
3042 4172 3262 4243 populi,
3322 4172 3538 4244 gratias
3569 4170 3816 4244 agentis,
3873 4185 3941 4223 ex

2367 4245 2554 4315 ipsius
2608 4242 3003 4315 interponitur
3034 4242 3283 4314 persona
3329 4242 3641 4315 prophetia.
3684 4242 3778 4297 Ait
3806 4256 3939 4313 ergo

2369 4317 2717 4388 Redemptor
2753 4315 2824 4370 ad
2860 4316 3087 4370 Patrem
3110 4331 3123 4369 :

2371 4407 2496 4459 «In
2550 4410 2627 4475 te,
2685 4403 2951 4471 Domine,
3005 4403 3234 4475 speravi
3277 4421 3291 4460 :
3351 4403 3475 4457 Non
3522 4400 3844 4457 confundar
3880 4399 3939 4452 in

2299 4498 2660 4550 aeternum.»
2702 4494 2765 4548 In
2793 4498 2867 4560 te,
2904 4492 3090 4559 Pater,
3140 4508 3274 4563 spes
3322 4497 3411 4546 est
3456 4487 3940 4546 corroborationis

2300 4601 2461 4655 meae,
2490 4584 2630 4638 dum
2663 4582 2807 4637 mihi
2830 4586 3110 4653 tanquam
3146 4581 3367 4634 caeteris
3399 4578 3738 4634 hominibus
3760 4576 3940 4631 insul-

2217 4692 2263 4755 D
2300 4677 2425 4727 tant
2482 4670 2818 4738 adversarii,
2869 4669 2958 4725 vel
3019 4669 3297 4726 illudunt.
3329 4667 3433 4724 Vel
3482 4685 3592 4723 vox
3649 4665 3939 4739 prophetas

2296 4779 2362 4818 ex
2410 4776 2659 4832 persona
2707 4758 2975 4813 Ecclesiae
3025 4757 3184 4825 dicit,
3248 4778 3277 4807 «
3336 4773 3453 4812 non
3514 4756 3856 4825 confundar,
3911 4775 3939 4803 ››

2302 4850 2440 4922 quia
2488 4855 2641 4904 recte
2689 4847 2966 4902 conﬁteor
2995 4848 3173 4902 linem
3204 4846 3529 4901 Trinitatis.
3562 4870 3587 4896 «
3624 4846 3688 4900 In
3720 4849 3797 4915 te,
3831 4849 3940 4898 Do-

2302 4938 2479 5005 mine,
2523 4937 2770 5008 speravi.
2824 4958 2852 4985 »
2900 4940 2970 4991 1η
3019 4940 3091 5003 te,
3144 4952 3259 4990 non
3307 4936 3363 4989 in
3417 4952 3528 4990 me.
3587 4956 3608 4982 κ
3650 4934 3774 4989 Νοη
3805 4949 3944 4988 con-

2303 5027 2517 5082 fundar
2574 5027 2633 5081 in
2680 5032 3001 5095 aeternum,
3064 5047 3091 5073 ››
3152 5024 3288 5096 quia
3348 5024 3447 5096 qui
3498 5023 3663 5079 illum
3708 5022 3944 5093 integre

2302 5118 2673 5186 confitentur,
2734 5133 2847 5170 non
2898 5114 3334 5170 confundentur
3372 5131 3559 5185 neque
3608 5113 3722 5179 hic,
3756 5126 3946 5182 neque

2301 5208 2360 5261 in
2394 5207 2607 5261 futuro.
2644 5228 2671 5255 ‹‹
2708 5206 2774 5260 Et
2809 5204 2869 5259 in
2901 5209 3003 5259 tua
3046 5204 3277 5274 justitia
3324 5203 3505 5258 libera
3557 5219 3669 5267 me,
3702 5206 3757 5257 et
3787 5199 3945 5271 eripe

2303 5313 2395 5352 me
2429 5320 2455 5345 ››
2486 5296 2567 5350 De
2597 5295 2759 5349 fovea
2791 5311 2970 5365 quam
3002 5297 3335 5348 statuerunt
3364 5292 3572 5348 animae
3606 5308 3765 5346 meae.
3801 5288 3946 5354 Quia

2301 5385 2417 5440 nisi
2473 5403 2507 5440 a
2559 5390 2670 5440 Deo
2709 5382 3141 5455 justiﬁcemur,
3181 5398 3282 5453 per
3327 5400 3431 5436 nos
3475 5398 3589 5436 non
3632 5395 3947 5452 possumus

2296 5475 2633 5545 justificari.
2688 5472 2852 5527 Unde
2884 5470 3167 5542 scriptum
3225 5476 3349 5526 est:
3404 5472 3511 5539 Qui
3560 5486 3617 5525 se
3661 5470 3944 5541 justiﬁcat,

2302 5568 2417 5635 ipse
2444 5581 2499 5618 se
2528 5563 2855 5617 condemnat
2885 5561 3003 5630 (Job
3034 5578 3109 5631 IX,
3139 5561 3250 5631 20).
3285 5560 3447 5615 Unde
3504 5564 3561 5613 et
3619 5556 3833 5613 Paulus
3876 5556 3947 5610 de

2302 5653 2655 5725 quibusdam
2687 5649 2863 5705 dicit:
2907 5649 3073 5705 Suam
3131 5654 3438 5721 quaerentes
3490 5653 3756 5702 statuere-
3775 5646 3947 5717 justi-

2301 5745 2461 5806 tiam,
2486 5742 2729 5812 justitz'az
2757 5742 2855 5795 Dei
2878 5756 2989 5793 non
3020 5744 3149 5794 sunt
3178 5739 3408 5809 subjecti
3437 5739 3614 5807 (Rom.
3645 5754 3701 5807 x,
3733 5737 3808 5806 3').

2380 5854 2401 5880 α
2435 5829 2653 5885 Inclina
2702 5830 2776 5885 ad
2825 5846 2919 5886 me
2977 5845 3181 5885 aurem
3224 5833 3410 5885 tuam.
3445 5849 3473 5877 ››
3502 5827 3627 5883 Vox
3682 5826 3949 5883 Ecclesia:
