4314 6610
380 461 491 521 961

1553 469 2048 533 BREVIARIUM
2095 471 2173 529 IN
2218 460 2603 535 PSALMOS.

3661 488 3776 546 962

379 592 451 646 ad
476 591 793 647 Christum.
819 595 926 647 Per
944 609 1146 649 aurem
1167 572 1501 667 benignitas
1531 600 1627 653 Dei
1652 600 2014 673 intelligitur.
2055 609 2106 673 Α
2138 601 2397 658 animam
2422 621 2632 660 meam.
2656 609 2775 661 Hoc
2824 609 3152 681 exemplum
3213 612 3431 684 accepit
3462 614 3716 672 Ecclesia
3745 634 3780 672 a

380 680 629 736 Inclinat
649 681 915 736 Christus
957 698 1155 737 aurem
1207 685 1442 754 quando
1490 689 1763 744 exaudire
1813 689 2020 761 digna-

380 772 498 823 tur.
529 768 629 822 Vel
652 775 792 822 tunc
815 767 1117 825 inclinavit
1144 775 1296 828 Deus
1329 791 1529 849 aurem
1561 793 1750 848 suam,
1786 780 2022 849 quando

378 856 540 912 misit
570 858 821 911 Verbum
854 875 1050 930 suum,
1083 865 1139 916 et
1165 878 1271 917 nos
1316 845 1609 920 exaudivit
1661 866 1716 921 in
1760 868 2019 935 mundo;

377 950 434 1000 et
463 944 758 1000 intantum
819 945 1136 1016 inclinavit,
1195 955 1260 1005 ut
1320 956 1522 1008 nostra
1570 959 1811 1026 peccata
1842 957 2025 1028 digito

376 1033 435 1087 in
466 1037 620 1088 terra
676 1034 974 1091 scriberet.
1041 1057 1062 1086 α
1120 1039 1391 1096 Accelera
1451 1047 1515 1097 ut
1571 1044 1784 1115 eripias
1844 1061 1955 1100 me.
1992 1066 2019 1093 ››

375 1122 647 1183 Accelera,
706 1122 763 1177 id
823 1128 932 1189 est,
992 1125 1220 1183 festina.
1258 1151 1286 1177 «
1324 1129 1393 1184 Ut
1435 1130 1649 1202 eripias
1678 1149 1790 1187 me.
1828 1155 1849 1182 ι
1883 1132 2023 1187 Vult

378 1215 579 1266 sancta
612 1210 865 1267 Ecclesia
885 1212 1119 1271 liberari
1157 1216 1229 1272 de
1250 1234 1507 1289 corpore,
1541 1223 1607 1273 ut
1651 1220 1731 1274 ait
1760 1220 1975 1276 Paulus
2005 1240 2017 1277 :

376 1302 547 1371 Cupio
573 1301 803 1355 dissolvi
831 1310 883 1357 et
909 1318 1025 1358 esse
1074 1320 1201 1360 cum
1260 1308 1471 1362 Christo
1531 1309 1798 1379 (Philipp.
1834 1328 1873 1376 1,
1906 1310 2017 1380 23).

452 1410 479 1438 «
512 1390 649 1444 Esto
682 1391 826 1445 mihi
856 1391 913 1445 in
949 1397 1128 1447 Deum
1160 1399 1567 1465 protectorem.
1604 1419 1631 1445 »
1665 1398 1785 1452 Vox
1830 1399 2020 1453 Eccle-

378 1477 495 1534 siae.
518 1481 628 1533 «In
653 1480 829 1534 Deum
852 1485 1256 1551 protectorem.
1284 1506 1310 1531 ››
1332 1485 1392 1538 In
1418 1489 1598 1539 Deum
1624 1485 2018 1541 defensorem:

378 1567 514 1637 quia
545 1567 711 1622 multi
746 1573 885 1623 sunt
917 1569 997 1623 dii
1024 1571 1233 1637 nocivi,
1268 1572 1368 1643 qui
1402 1589 1516 1627 non
1547 1579 1817 1645 prosunt.
1860 1573 2022 1629 Unde

374 1654 591 1711 Paulus
621 1656 805 1712 dicit:
864 1657 1001 1713 Sunt
1058 1659 1277 1729 quidem
1334 1661 1419 1716 dii
1472 1663 1657 1730 multi,
1716 1667 1769 1717 et
1808 1662 2024 1718 domini

372 1744 577 1798 multi:
634 1745 790 1800 nobis
856 1749 1039 1801 tamen
1098 1765 1241 1803 unus
1298 1751 1437 1805 Deus
1496 1768 1610 1806 una
1664 1751 1815 1820 ﬁdes,
1845 1769 2020 1807 unum

304 1882 315 1889 ,
376 1834 653 1905 baptisma
715 1834 766 1905 (Ι
798 1835 917 1889 Cor.
954 1853 1076 1905 ναι,
1107 1837 1162 1905 5,
1194 1837 1271 1908 6).
1315 1860 1341 1890 α
1372 1839 1509 1894 Esto
1543 1840 1688 1895 mihi
1742 1841 1803 1896 in
1838 1846 2017 1896 Deum

373 1927 780 1995 protectorem,
814 1947 842 1973 »
874 1930 1155 1996 tanquam
1190 1926 1506 1997 proximus.
1547 1950 1567 1975 ‹‹
1595 1931 1663 1984 Et
1686 1929 1743 1984 in
1777 1931 2016 1985 domum

374 2012 606 2083 refugii,
640 2016 705 2066 ut
744 2012 988 2085 salvum
1048 2030 1141 2068 me
1197 2015 1395 2070 facias.
1460 2038 1490 2066 η
1549 2019 1695 2082 Quia
1742 2019 2015 2089 Ecclesia,

373 2104 718 2171 tempestate
775 2100 1217 2172 persecutionis,
1268 2105 1338 2158 ad
1390 2105 1570 2160 Deum
1626 2107 1802 2163 habet
1858 2109 2017 2162 refu-

374 2190 559 2259 gium.
624 2209 645 2239 ι
681 2188 752 2243 Ut
807 2187 1035 2244 salvum
1096 2207 1190 2246 me
1229 2192 1431 2259 facias,
1468 2216 1497 2243 »
1528 2211 1561 2249 a
1593 2196 2016 2265 peccatoribus.

375 2277 597 2331 Domus
628 2281 828 2331 autem
860 2277 1066 2350 refugii
1098 2278 1223 2349 ipse
1253 2283 1341 2334 est
1382 2280 1439 2334 in
1491 2298 1606 2353 quo
1659 2288 1830 2339 Pater
1857 2284 2021 2340 inha-

376 2365 542 2419 bitat.
575 2365 737 2420 Multi
796 2365 998 2421 volunt
1050 2367 1246 2439 fugere
1304 2385 1338 2423 a
1391 2371 1699 2440 praesentia
1752 2372 1870 2439 Dei,
1915 2373 2016 2428 sed

377 2470 492 2506 non
525 2459 774 2525 possunt
803 2455 1065 2521 evadere,
1115 2460 1179 2510 ut
1225 2456 1305 2511 ait
1361 2457 1675 2529 propheta:
1719 2461 1782 2514 El
1811 2477 1847 2515 α
1873 2463 2019 2530 facie

377 2545 473 2595 tua
501 2558 603 2611 quo
630 2543 844 2611 fugiam
873 2544 1043 2612 (Psal.
1102 2560 1375 2611 cxxxxm,
1398 2545 1503 2617 7)?
1555 2548 1666 2602 Sed
1716 2564 1842 2619 nos,
1877 2548 2018 2603 dicit

375 2629 656 2701 Ecclesia,
679 2630 919 2686 insimul
944 2633 1002 2686 in
1031 2633 1202 2688 domo
1229 2633 1511 2691 habemus
1542 2636 1832 2709 refugium
1860 2655 1872 2692 :
1907 2637 2016 2692 hoc

377 2724 486 2785 est,
521 2719 577 2772 in
614 2720 740 2791 ipso
772 2721 872 2791 qui
905 2725 993 2775 est
1020 2722 1197 2778 Deus.

445 2827 473 2853 ‹‹
506 2804 791 2867 Quoniam
845 2806 1283 2864 firmamentum
1341 2828 1562 2879 meum,
1620 2816 1676 2867 et
1723 2813 2011 2885 refugium

373 2910 573 2950 meum
605 2912 666 2950 es
701 2900 778 2949 tu.
814 2917 842 2945 »
876 2897 965 2950 Ad
997 2898 1373 2955 sustinendos
1403 2917 1501 2955 eos
1533 2901 1631 2973 qui
1683 2902 1743 2956 in
1794 2919 1887 2958 me
1918 2921 2017 2959 sae-

370 2983 552 3038 viunt.
614 2983 716 3039 Vel
784 2984 1222 3041 ﬁrmamentum
1291 2988 1465 3056 ﬁdei;
1507 3012 1535 3040 «
1604 2994 1661 3045 et
1721 2991 2010 3064 refugium

372 3087 571 3127 meum
603 3089 664 3127 es
697 3077 782 3139 tu,
817 3095 845 3123 »
876 3075 1169 3146 refugium
1205 3093 1399 3132 meum
1432 3075 1607 3134 dicit:
1644 3080 1782 3151 quia
1820 3081 2012 3136 Eccle-

372 3160 461 3215 sia
517 3161 573 3215 in
605 3161 831 3217 Christo
888 3161 1066 3218 habet
1105 3165 1419 3237 refugium,
1454 3172 1520 3221 ut
1578 3168 1661 3223 ait
1690 3168 2009 3241 propheta:

372 3251 619 3315 Domine,
679 3252 960 3321 refugium
1013 3254 1193 3322 factus
1249 3270 1305 3308 es
1358 3255 1513 3310 nobis
1570 3255 1740 3328 (Psal.
1788 3275 2009 3326 LXXXIX,

2131 690 2382 746 Christo.
2416 692 2532 748 Hoc
2581 698 2638 749 et
2693 702 2932 752 sanctus
2980 698 3308 769 Stephanus
3343 703 3475 757 fecit
3506 705 3639 774 (Act.
3674 724 3774 774 v11,

2130 781 2222 851 58)
2250 799 2273 844 ;
2299 780 2408 836 hoc
2426 787 2481 836 et
2504 784 2690 839 sancti
2709 791 2895 851 orant,
2919 790 3152 857 quando
3176 795 3389 845 exeunt
3419 793 3489 847 de
3518 809 3776 865 corpore,

2134 872 2199 922 ut
2229 867 2411 924 illud:
2456 870 2634 926 Fideli
2682 877 2919 929 creatori
2964 878 3346 935 commendant
3387 883 3604 938 animas
3650 900 3779 940 suos

2135 957 2193 1009 in
2242 957 2537 1028 bene/“actis
2594 955 2771 1031 (Petri
2796 980 2869 1029 1v,
2932 965 3041 1035 19).
3080 967 3192 1022 Hoc
3245 968 3304 1023 in
3354 986 3523 1026 cruce
3553 973 3779 1043 positus

2134 1044 2415 1101 Dominus
2447 1049 2608 1118 dixit,
2668 1052 2824 1121 quod
2886 1052 2943 1107 in
3005 1054 3190 1111 Patris
3248 1075 3460 1115 manus
3505 1060 3778 1131 spiritum

2133 1137 2665 1192 commendaverit:
2701 1139 2815 1195 cito
2846 1158 2979 1196 eum
3013 1142 3139 1214 ipso
3200 1148 3586 1205 resuscitante
3616 1168 3777 1206 sum-

2136 1227 2362 1293 pturus.
2397 1223 2560 1280 Dicat
2608 1244 2763 1283 nunc
2810 1230 3066 1302 populus
3118 1235 3457 1307 redemptus
3490 1240 3778 1312 sanguine

2132 1311 2317 1382 Agni:
2352 1335 2381 1365 ι‹
2417 1314 2734 1371 Redemisti
2770 1334 2883 1387 me,
2918 1320 3181 1389 Domine,
3242 1323 3396 1380 Deus
3427 1311 3707 1386 veritatis.
3748 1356 3769 1385 ι

2133 1399 2239 1463 Qui
2271 1417 2332 1455 es
2363 1402 2573 1457 veritas
2604 1409 2662 1459 et
2689 1405 2842 1462 vita:
2878 1408 3016 1479 quia
3074 1412 3227 1482 quod
3288 1416 3559 1484 promisit
3603 1421 3774 1492 Deus,

2135 1503 2246 1541 non
2281 1489 2582 1545 mentitur.
2612 1492 2769 1547 Sicut
2800 1498 3068 1566 promisit
3097 1516 3200 1569 per
3246 1518 3441 1559 servos
3474 1523 3613 1562 suos
3642 1489 3775 1579 pro;

2134 1574 2359 1646 phetas,
2393 1576 2472 1632 ita
2503 1584 2559 1633 et
2591 1581 2765 1649 venit,
2790 1588 2847 1637 et
2878 1586 3124 1641 redemit
3155 1605 3259 1644 nos
3317 1594 3601 1665 sanguine
3646 1612 3772 1654 suo.

2132 1662 2295 1719 Unde
2327 1670 2382 1719 et
2404 1666 2620 1722 Paulus
2647 1669 2824 1725 dioit:
2860 1674 3041 1744 Empti
3069 1679 3216 1732 enim
3261 1682 3392 1735 estis
3431 1662 3619 1753 ‘prelio
3649 1702 3772 1742 ma-

2130 1769 2243 1823 gno
2273 1753 2316 1824 (I
2348 1754 2467 1810 Cor.
2501 1773 2579 1823 v1,
2612 1758 2723 1829 20).

2203 1868 2446 1925 «Odisti
2507 1888 2709 1929 omnes
2766 1877 3139 1936 observantes
3196 1885 3534 1954 vanitatem,
3577 1907 3774 1963 super-

2049 1973 2097 2037 B
2129 1972 2327 2013 vacue.
2363 1980 2391 2007 »
2425 1960 2793 2032 Supervacua
2824 1966 2986 2033 dicit,
3044 1987 3159 2025 non
3218 1975 3373 2044 quod
3432 1976 3586 2034 Deus
3618 1960 3777 2037 odiat

2129 2060 2512 2117 quemquam.
2577 2052 2746 2107 Absit
2811 2054 2920 2110 hoc
2968 2059 3203 2115 sentire.
3265 2062 3375 2118 Sed
3433 2066 3532 2137 qui
3597 2068 3774 2127 istam

2128 2136 2536 2192 tantummodo
2565 2138 2742 2194 vitam
2776 2150 3123 2213 praesentem
3155 2156 3374 2219 amant,
3416 2136 3492 2208 ’ἐι
3519 2156 3776 2215 coelestia

2129 2226 2549 2281 contemnunt:
2583 2237 2887 2299 sperantes
2947 2233 3202 2291 inaniter
3257 2238 3318 2293 in
3348 2240 3772 2304 beatitudinem

2128 2309 2321 2365 saeculi
2389 2315 2742 2387 seducentis,
2814 2321 2939 2375 odit
2994 2322 3129 2380 illos
3186 2326 3362 2383 Deus.
3422 2331 3547 2387 Non
3615 2336 3771 2406 quod

2128 2399 2349 2466 odium,
2385 2402 2691 2472 sicutdixi,
2726 2407 2783 2461 in
2815 2408 2997 2465 Deum
3032 2415 3239 2483 cadat;
3274 2419 3375 2473 sed
3401 2421 3563 2477 odire
3590 2424 3767 2495 Deus,

2128 2488 2225 2558 qui
2259 2489 2343 2544 sic
2375 2490 2617 2561 faciunt,
2650 2494 2883 2568 dicitur,
2944 2499 2999 2554 id
3060 2508 3170 2570 est,
3230 2508 3571 2578 repudiare;
3628 2488 3768 2585 quia

2128 2577 2396 2646 repudiat
2422 2578 2556 2635 illos
2591 2584 2762 2639 Deus.

2200 2703 2229 2731 «
2254 2683 2371 2755 Ego
2403 2690 2600 2741 autem
2634 2687 2693 2742 in
2724 2693 2800 2757 te,
2858 2692 3123 2763 Domine,
3169 2703 3417 2771 speravi.
3454 2726 3482 2753 ››
3513 2705 3634 2763 Vox
3665 2710 3764 2765 Ec-

2127 2768 2356 2826 clesiae:
2391 2773 2516 2829 Non
2550 2775 2607 2830 in
2666 2793 2778 2844 me,
2814 2782 2913 2835 sed
2972 2782 3031 2838 in
3085 2789 3142 2840 te
3201 2768 3426 2860 speravi
3486 2799 3542 2848 et
3571 2813 3760 2868 spero,

2125 2867 2465 2931 exspectans
2523 2868 3003 2926 resurrectionem
3065 2878 3248 2931 tuam.
3279 2900 3308 2928 «
3339 2867 3653 2941 Exsultabo
3709 2893 3765 2942 et

2125 2947 2361 3004 laetabor
2384 2950 2444 3005 in
2469 2952 2869 3014 misericordia
2888 2964 3008 3015 tua.
3034 2984 3063 3012 »
3090 2964 3197 3020 Pro
3227 2983 3342 3038 quo
3372 2972 3674 3031 exsultabo
3704 2983 3761 3033 et

2126 3053 2226 3106 pro
2256 3054 2371 3109 quo
2402 3037 2684 3098 laetabor?
2716 3045 2821 3103 Pro
2851 3046 2961 3105 hcc
2992 3053 3147 3123 quod
3177 3037 3463 3128 sequitur.

2197 3174 2224 3202 «
2257 3154 2404 3217 Quia
2425 3159 2728 3231 respevisti
2748 3162 3141 3225 humilitatem
3166 3188 3376 3229 meam.
3414 3198 3443 3225 »
3473 3178 3762 3254 Exultabo,

2121 3258 2393 3314 corpore,
2426 3247 2675 3321 laetabor,
2738 3259 2950 3311 mente.
3009 3260 3168 3315 Tunc
3226 3264 3496 3335 respexit,
3527 3247 3763 3340 quando

368 3338 448 3407 4).
489 3361 508 3387 α
547 3344 791 3410 Propter
833 3356 1046 3396 nomen
1100 3345 1269 3396 tuum
1329 3343 1540 3399 educes
1590 3361 1704 3400 me.
1741 3368 1768 3394 »
1801 3345 1873 3401 Ut
1907 3347 2011 3401 hoc
2043 3333 2083 3397 C
2125 3346 2355 3433 οξπξιθω
2389 3339 2693 3433 εξιεοθΡίδὶ
2719 3342 2868 3433 (μήθ
2902 3333 3377 3423 contemptibilis:
3428 3360 3484 3409 et
3513 3333 3757 3433 οὲρΐίνδ,

372 3432 579 3483 notum
613 3428 820 3483 faciam
854 3429 1125 3501 gentibus
1154 3430 1483 3487 credituris.
1516 3436 1758 3504 Propter
1798 3450 2012 3490 nomen

368 3520 537 3572 tuun;
596 3517 713 3571 dux
772 3517 915 3572 mihi
973 3518 1126 3573 eris:
1163 3519 1405 3581 Quando
1463 3537 1568 3593 ego
1612 3522 1757 3578 facio
1789 3522 2010 3595 aliquid

367 3604 527 3674 boni,
587 3621 801 3661 nomen
860 3606 1090 3662 Domini
1142 3625 1211 3663 ex
1262 3608 1369 3664 hoc
1426 3610 1804 3681 glorificatur.
1855 3635 1884 3662 «
1946 3614 2014 3667 Et

367 3694 624 3749 enutries
660 3711 768 3749 me.
806 3717 833 3743 »
865 3696 1207 3767 Aggregatis
1261 3697 1547 3767 paulatim
1594 3702 1832 3769 sanctis,
1867 3702 2010 3757 edu-

366 3799 464 3838 cas
494 3783 812 3838 Ecclesiam
844 3788 1029 3850 tuam,
1093 3802 1217 3856 quae
1276 3786 1332 3841 in
1396 3804 1488 3843 me
1537 3789 1835 3845 fundatur.
1874 3814 1901 3841 «
1945 3793 2011 3847 Et

363 3871 622 3927 enutries
645 3889 757 3927 me.
793 3894 820 3922 »
851 3874 1011 3928 Tunc
1067 3875 1345 3930 enutrivit
1393 3876 1728 3949 Ecclesiam,
1774 3881 2008 3952 quando

362 3966 623 4017 nostram
668 3978 905 4017 carnem
964 3964 1240 4035 suscepit.
1276 3965 1439 4021 Unde
1469 3971 1525 4022 et
1558 3967 1807 4024 Paulus:
1841 3971 2006 4026 Nemo

360 4052 509 4105 enim
537 4067 760 4106 carnem
787 4068 945 4106 suam
971 4052 1092 4109 odio
1124 4053 1309 4125 habet,
1364 4057 1457 4112 sed
1513 4057 1693 4113 nutrit
1751 4062 1804 4113 et
1860 4061 2009 4129 fovet

362 4139 574 4211 (Ephes.
607 4157 663 4208 ν,
696 4141 807 4212 29).
842 4146 909 4195 Et
938 4142 1216 4197 enutrivit
1261 4161 1388 4212 nos,
1449 4148 1513 4200 ut
1557 4146 1736 4202 fortes
1792 4147 2001 4204 simus.

434 4253 462 4280 «
499 4231 568 4285 Et
619 4231 832 4286 educes
890 4247 983 4285 me
1040 4231 1112 4286 de
1166 4230 1373 4303 laqueo
1433 4250 1610 4305 quem
1685 4235 2004 4292 absconde-

362 4324 498 4374 runt
528 4319 695 4375 mihi.
731 4341 758 4368 ››
792 4320 1058 4391 Laqueus
1091 4320 1309 4375 dicitur
1363 4323 1592 4393 captio:
1646 4325 1784 4395 quia
1814 4342 2031 4410 quam.

361 4408 460 4463 diu
492 4408 549 4463 in
580 4408 673 4463 via
700 4425 785 4478 es,
813 4408 920 4463 hoc
980 4412 1088 4475 est,
1144 4409 1200 4462 in
1255 4409 1505 4479 Christo,
1561 4429 1677 4468 non
1736 4414 1911 4470 times
1941 4415 1999 4470 in

358 4498 636 4569 laqueum
695 4498 934 4552 cadere:
997 4496 1191 4568 laquei
1250 4516 1418 4555 secus
1475 4500 1626 4556 viam
1680 4508 1999 4573 ponuntur.

358 4587 482 4657 Via,
515 4587 779 4641 Christus
811 4591 935 4642 est:
999 4586 1150 4641 sicut
1205 4586 1331 4658 ipse
1386 4588 1504 4644 ait:
1566 4592 1684 4659 Ego
1738 4608 1862 4646 sum
1903 4594 2001 4647 via,

359 4675 688 4746 (Joan.x1v,
738 4676 815 4747 6).
876 4675 946 4729 Et
1003 4680 1064 4729 tu
1125 4675 1172 4730 si
1231 4692 1292 4730 es
1352 4677 1410 4731 in
1468 4679 1580 4745 via,
1640 4678 1749 4735 hoc
1807 4686 1896 4736 est
1938 4681 1997 4736 in
2032 4703 2077 4766 D

356 4764 606 4829 Christo,
641 4781 757 4819 non
816 4763 989 4819 times
1048 4765 1252 4821 cadere
1310 4766 1367 4820 in
1430 4766 1704 4838 laqueum
1738 4770 1998 4828 diaboli:

358 4854 496 4926 quia
525 4854 718 4909 omnis
747 4853 992 4924 laqueus
1024 4854 1094 4909 ab
1128 4854 1255 4926 ipso
1309 4860 1416 4911 est.
1451 4879 1479 4907 «
1512 4858 1799 4924 Quoniam
1842 4864 1906 4914 tu
1938 4877 2000 4917 es

354 4948 649 5015 protector
670 4943 957 4998 meuszin
992 4960 1203 4999 manus
1251 4949 1383 5000 tuas
1434 4949 1777 5003 commendo
1826 4949 1997 5021 spiri—

355 5039 480 5088 tum
506 5050 721 5088 meum.
760 5056 787 5082 »
818 5031 940 5088 Vox
969 5032 1182 5088 Christi
1206 5033 1277 5089 ad
1324 5034 1553 5091 Patrem
1613 5037 1673 5091 in
1705 5038 1997 5108 passione,

358 5123 592 5194 quando
649 5122 1077 5177 commendavit
1135 5121 1390 5178 animam
1452 5142 1643 5194 suam,
1704 5131 1760 5180 et
1814 5127 1994 5184 dixit:

354 5216 542 5279 Pater,
603 5214 662 5265 in
712 5228 912 5265 manus
963 5220 1085 5266 tuas
1140 5212 1455 5267 commendo
1510 5215 1775 5285 spiritum
1818 5232 1995 5270 meum

355 5300 505 5371 (Luc.
538 5317 699 5365 xxm,
733 5302 841 5370 46).
877 5301 1038 5365 Quod
1071 5302 1535 5369 commendatur,
1585 5301 1813 5359 salvum
1854 5305 1997 5360 reci-

353 5389 533 5461 pitur.
595 5390 662 5443 Et
714 5389 838 5459 ipse
894 5389 1073 5444 dixit:
1133 5390 1468 5446 Potestatem
1526 5390 1692 5446 habeo
1754 5394 2001 5463 ponendi

352 5481 596 5533 animum
621 5494 818 5545 meum,
868 5486 918 5532 et
959 5481 1275 5548 potestatem
1315 5478 1483 5535 habeo
1516 5482 1717 5535 iterum
1745 5483 2000 5537 sumendi

350 5585 471 5623 eam
503 5568 679 5639 (Joan.
717 5584 770 5631 Χ,
809 5566 917 5638 18).
955 5590 981 5616 ‹‹
1018 5571 1100 5621 Tu
1156 5584 1218 5622 es
1276 5575 1564 5640 protector
1593 5587 1780 5626 meus.
1817 5593 1845 5621 »
1876 5570 1999 5626 Vox

352 5657 640 5713 Ecclesiae.
679 5657 799 5711 «In
861 5672 1072 5710 manus
1131 5660 1262 5713 tuas
1321 5660 1667 5715 commendo
1710 5659 1995 5751 ppiritum

355 5763 574 5817 meum,
615 5770 635 5796 ι
670 5745 780 5802 hoc
810 5750 916 5817 est,
951 5745 1009 5800 in
1041 5749 1391 5816 potestatem
1449 5753 1612 5806 tuam
1652 5745 1995 5807 commendo

2123 3423 2179 3473 et
2209 3421 2483 3491 despecta
2507 3432 2629 3482 erat
2653 3429 2929 3487 Ecclesia.
2963 3456 2990 3483 ‹‹
3011 3435 3324 3495 Exsultabo
3345 3421 3402 3497 et
3430 3421 3669 3503 laetabor
3698 3421 3757 3505 in

2124 3507 2523 3569 misericordia
2547 3519 2669 3582 tua,
2693 3539 2720 3565 »
2751 3536 2855 3590 pro
2878 3526 3049 3577 tanta:
3072 3524 3303 3595 pietatis
3335 3535 3662 3604 commodo,
3696 3544 3762 3595 ut

2123 3612 2213 3651 me
2245 3602 2344 3654 tua
2374 3607 2561 3659 morte
2591 3606 2907 3664 redimeres
2937 3627 2949 3665 :
2978 3635 3000 3663 ι
3038 3611 3183 3676 Quia
3211 3620 3513 3690 respexisti
3564 3602 3759 3682 humi-

2120 3684 2340 3742 litatem
2374 3706 2587 3762 meam,
2620 3715 2648 3744 »
2681 3694 2738 3749 in
2773 3713 2874 3768 spe
2903 3698 3005 3755 illa
3036 3684 3326 3777 positam;
3343 3724 3445 3779 per
3488 3728 3662 3784 quam
3693 3732 3760 3773 ea

2120 3791 2245 3846 qua:
2304 3794 2419 3833 non
2476 3780 2765 3851 videntur,
2827 3786 3252 3848 desiderantur.
3297 3818 3322 3845 «
3384 3780 3630 3858 Salvasti
3689 3807 3761 3863 de

2117 3866 2564 3925 necessitatibus
2594 3872 2849 3930 animum
2902 3893 3112 3935 meam.
3146 3904 3174 3933 »
3225 3883 3608 3948 Necessitates
3633 3910 3757 3950 cor-

2117 3954 2274 4023 poris
2306 3956 2501 4012 multaa
2533 3966 2690 4028 sunt,
2724 3962 2781 4017 id
2813 3970 2921 4035 est,
2954 3970 3329 4041 manducare,
3376 3976 3592 4048 bibere,
3626 3982 3758 4038 dor-

2116 4041 2284 4109 mire,
2314 4044 2400 4100 vel
2432 4045 2590 4102 aliud
2649 4052 2804 4121 quod
2865 4059 3190 4115 necessario
3239 4068 3328 4117 est
3384 4064 3754 4133 faciendum;

2115 4131 2214 4185 sed
2249 4135 2643 4192 necessarium
2702 4140 2932 4214 animas,
2993 4148 3233 4204 omnino
3291 4168 3498 4221 unum,
3554 4157 3610 4211 id
3643 4166 3751 4229 est,

2113 4220 2229 4275 vita
2259 4227 2495 4279 aeterna.
2531 4225 2782 4283 Salvavit
2812 4229 2963 4288 Deus
2995 4234 3253 4292 animam
3301 4241 3370 4296 de
3419 4260 3526 4299 sua
3556 4262 3754 4303 neces-

2115 4309 2306 4382 sitate,
2340 4312 2479 4384 quia
2509 4316 2670 4372 dedit
2700 4318 2750 4374 ei
2782 4320 2963 4377 vitam
2996 4328 3293 4397 aeternam,
3347 4333 3501 4401 quod
3529 4344 3618 4389 est
3648 4352 3757 4392 sua

2116 4401 2450 4459 necessitas.
2520 4407 2767 4463 Proinde
2862 4411 3096 4468 salvasti
3169 4417 3238 4472 de
3304 4423 3756 4482 necessitatibus

2115 4491 2318 4545 mortis
2342 4499 2629 4565 perpetuae
2662 4497 2919 4555 animam
2954 4518 3145 4559 meam
3176 4522 3301 4577 quae
3336 4509 3442 4564 tibi
3473 4516 3597 4567 erat
3626 4513 3759 4570 cha-

2114 4576 2281 4634 ritate
2312 4580 2599 4639 devincta.

2182 4707 2210 4734 ‹‹
2244 4686 2357 4742 Nec
2388 4689 2727 4747 conclusisti
2786 4712 2879 4751 me
2929 4697 2987 4752 in
3049 4716 3262 4758 manus
3321 4704 3568 4764 inimici.
3609 4733 3630 4759 ιι
3667 4711 3754 4767 Illi

2109 4773 2537 4833 concluduntur
2567 4780 2626 4834 in
2677 4799 2888 4841 manus
2935 4786 3183 4858 inimici,
3237 4794 3337 4864 qui
3384 4806 3760 4869 perseverant

2114 4863 2167 4916 in
2236 4866 2488 4935 peccatis
2554 4869 2699 4924 suis.
2762 4872 2871 4928 Sed
2932 4892 3061 4948 ego,
3120 4863 3270 4936 dicit
3316 4863 3593 4959 Ecclesia,
3640 4906 3753 4945 non

2110 4952 2445 5026 concludar,
2506 4958 2647 5027 quia
2686 4977 2799 5015 non
2840 4964 2969 5019 volo
3018 4983 3385 5037 perseverare
3442 4976 3501 5029 in
3561 4977 3754 5033 malis.

2112 5062 2137 5088 ‹‹
2162 5040 2427 5097 Statuisti
2461 5046 2517 5099 in
2561 5045 2685 5103 loco
2716 5053 2978 5122 spatioso
3010 5058 3185 5127 pedes
3214 5076 3392 5117 meos.
3430 5085 3457 5112 ››
3491 5064 3755 5121 Dilatasti

2111 5129 2391 5186 unitatem
2423 5132 2690 5191 Ecclesiae
2723 5138 2779 5192 in
2835 5146 2956 5198 toto
2988 5147 3228 5201 mundo.
3263 5151 3560 5212 Quomodo
3592 5152 3751 5221 dicit,

2108 5220 2166 5271 in
2202 5220 2311 5274 loco
2333 5220 2360 5273 Ἰ
2388 5221 2687 5295 Numquid
2722 5225 2922 5285 localis
2979 5236 3065 5287 est
3097 5238 3250 5291 Deus
3271 5236 3300 5291 7
3342 5238 3410 5292 Et
3440 5239 3662 5306 localis,
3696 5220 3753 5298 et

2109 5325 2222 5362 non
2256 5308 2477 5366 localis.
2538 5313 2763 5371 Localis
2793 5322 2882 5373 est
2930 5321 2999 5375 ad
3035 5338 3097 5377 se
3126 5324 3514 5395 venientibus,
3550 5334 3607 5384 et
3637 5348 3751 5388 non

2107 5397 2327 5465 localis,
2385 5400 2523 5471 quia
2584 5404 2802 5477 ubique
2853 5407 2976 5475 est;
3038 5412 3138 5466 sed
3197 5414 3491 5471 invenitur
3518 5417 3578 5473 in
3626 5418 3753 5477 loco

2109 5503 2252 5556 pure
2309 5491 2726 5559 quaerentibus.
2794 5494 2862 5550 Ut
2918 5496 3095 5553 illud:
3132 5501 3197 5554 Et
3249 5512 3426 5558 motus
3482 5509 3563 5560 est
3605 5508 3753 5565 locus

2106 5578 2163 5627 in
2198 5593 2305 5645 quo
2333 5588 2491 5634 erant
2523 5581 2764 5638 sedentes
2794 5586 2929 5651 (Act.
2965 5604 3039 5654 1v,
3072 5589 3181 5660 3t).
3218 5614 3245 5641 ‹‹
3279 5592 3338 5645 In
3370 5592 3494 5649 loco
3526 5600 3750 5669 spatio-

2106 5682 2168 5719 so
2200 5667 2376 5735 pedes
2410 5685 2589 5724 meos.
2618 5692 2645 5720 »
2698 5672 2899 5739 Pedes,
2932 5678 3118 5732 sancti
3181 5667 3610 5756 praedicatores,
3650 5692 3748 5761 qui

2106 5759 2345 5823 portant
2377 5758 2616 5814 verbum
2683 5761 3119 5832 praedicationis
3184 5768 3240 5823 in
3309 5776 3428 5829 toto
3488 5758 3746 5850 mundo;
