4314 6592
588 482 707 542 96.5

2085 478 2509 541 APPENDIX.

3868 476 3986 540 964

584 614 672 669 vel
716 614 775 668 in
835 613 1173 683 Ecclesiam,
1237 631 1414 685 quam
1475 617 1575 668 tua
1633 614 2057 669 resurrectione
2088 612 2229 669 dila-
2257 618 2310 683 Α
2343 609 3987 685 apostoli;quivideruntChristumcomprehendiinpas-

586 703 723 758 tasti
755 702 814 757 in
846 703 1293 775 amplitudinem
1326 701 1634 757 libertatis.

656 791 996 848 «Miserere
1042 792 1177 859 mei,
1237 790 1501 855 Domine,
1562 791 1836 862 quoniam
1897 790 2167 847 tribulor.
2203 814 2228 841 ι)

581 878 834 935 Miserere
863 883 1010 941 mei;
1042 896 1108 934 ac
1164 879 1213 934 si
1245 879 1436 934 dicat:
1500 880 1611 934 Fac
1672 880 1728 934 in
1784 897 1874 934 me
1908 879 2231 934 misericor-

581 967 761 1033 diam,
823 970 1087 1038 quonz'am
1116 969 1378 1023 trzbulor.
1444 968 1683 1023 Illorum
1748 984 1877 1038 vox,
1916 967 2013 1039 qui
2049 970 2230 1023 tribu-

581 1054 780 1111 lantur
837 1074 870 1111 a
928 1057 1187 1129 qualibet
1239 1055 1617 1111 tribulatione
1700 1080 1726 1105 ‹‹
1786 1056 2059 1111 Miserere
2092 1057 2225 1125 mei,

582 1145 849 1214 Domine,
909 1146 1188 1217 quoniam
1250 1144 1577 1199 tribulor.»
1636 1144 1760 1198 Non
1810 1145 1936 1214 jam
1978 1150 2223 1200 mortem

580 1233 815 1300 timens,
886 1233 983 1287 sed
1061 1232 1505 1289 insectationem
1584 1237 1846 1288 metuens
1925 1232 2222 1287 vitiorum.

579 1345 606 1373 «
642 1322 1036 1379 Conturbatus
1069 1326 1157 1377 est
1188 1321 1247 1375 in
1277 1321 1365 1376 ira
1420 1320 1625 1376 oculus
1684 1337 1869 1375 meus.
1904 1342 1932 1371 ››
1964 1320 2225 1376 Ecclesia

578 1412 961 1467 conturbatur
1018 1411 1087 1465 de
1144 1409 1303 1465 vitiis
1361 1414 1415 1465 et
1476 1409 1747 1481 peccatis,
1800 1415 1920 1465 tam
1963 1412 2034 1465 de
2074 1410 2219 1478 suis,

576 1517 750 1571 quam
785 1505 841 1555 et
870 1500 940 1554 de
967 1498 1238 1555 aliorum.
1271 1500 1380 1554 Sed
1414 1499 1699 1555 orandum
1726 1506 1835 1565 est,
1895 1504 1960 1554 ut
1990 1499 2076 1553 ira
2106 1516 2219 1554 non

573 1593 832 1644 vertatur
854 1588 910 1643 in
939 1589 1160 1655 odium,
1197 1605 1384 1660 neque
1416 1590 1486 1643 dc
1518 1589 1740 1644 festuca
1770 1588 1872 1643 fiat
1904 1589 2084 1644 trabs.
2120 1588 2219 1643 Vel

574 1678 960 1733 conturbatur
989 1677 1196 1732 oculus
1252 1678 1322 1732 de
1381 1678 1577 1732 futuro
1627 1677 1871 1748 judicio.
1908 1700 1935 1726 «
1972 1677 2213 1734 Contur-

572 1768 746 1821 batus
776 1774 865 1821 est
894 1767 952 1821 in
983 1766 1071 1820 ira
1096 1766 1301 1821 oculus
1353 1783 1539 1831 meus,
1578 1788 1606 1814 »
1639 1783 1754 1836 quo
1786 1771 1842 1821 te
1875 1770 2067 1821 mente
2099 1783 2219 1821 cer-

574 1855 806 1910 nebam.
842 1876 871 1905 ‹‹
902 1853 1115 1909 Anima
1147 1870 1294 1920 mea,
1348 1877 1367 1902 υ
1429 1870 1546 1924 qua
1602 1858 1657 1907 te
1712 1852 2049 1924 diligebam.
2087 1875 2115 1902 ‹‹
2149 1854 2217 1908 Et

570 1949 771 2000 venter
801 1960 987 1999 meus.
1026 1965 1052 1992 ››
1111 1944 1233 2009 Quo
1290 1943 1374 1996 tui
1435 1942 1800 1997 recordabar.
1860 1943 1986 1996 Ilaec
2017 1943 2215 1997 omnia
2244 1983 2292 2048 B

571 2034 916 2089 conturbata
946 2038 1103 2099 sunt,
1137 2038 1373 2104 propter
1401 2032 1596 2103 priora
1625 2031 1855 2086 delicta.

643 2146 669 2173 α
706 2123 991 2186 Quoniam
1052 2122 1257 2177 defecit
1291 2122 1348 2175 in
1402 2120 1618 2176 dolore.
1652 2142 1680 2170 ι)
1716 2121 1846 2175 Ideo
1885 2120 1945 2174 in
1976 2120 2207 2177 dolore:

558 2202 709 2284 quia
737 2211 995 2267 Ecclesia
1052 2228 1166 2266 non
1221 2215 1412 2282 potest
1468 2211 1780 2265 emendare
1838 2210 2060 2277 malos;
2106 2226 2211 2265 nec

566 2317 873 2373 segregare
904 2300 1090 2356 malos
1121 2318 1154 2355 a
1186 2301 1403 2355 sanctis
1462 2316 1650 2371 usque
1710 2299 1769 2353 in
1818 2300 2014 2355 finem.
2050 2299 2211 2355 Unde

565 2390 855 2447 Dominus
887 2390 1073 2445 dixit:
1109 2390 1283 2444 Sinite
1338 2394 1577 2459 utraque
1643 2405 1882 2444 crescere
1929 2404 2097 2460 usque
2134 2390 2212 2444 ad

560 2496 812 2547 messem,
844 2484 897 2535 et
940 2482 1000 2535 in
1062 2484 1304 2547 tempore
1358 2482 1547 2535 messis
1601 2480 1785 2533 dicam
1836 2479 2207 2534 messoribus:

564 2568 821 2638 Colligz'te
844 2570 1099 2640 primum
1128 2569 1375 2633 sz‘zanz‘a,
1407 2577 1458 2623 et
1486 2568 1741 2638 cottigate
1793 2568 2084 2638 fasciculos
2140 2568 2209 2621 ad

560 2657 986 2713 comburendum
1051 2658 1267 2725 (Matth.
1332 2674 1433 2728 xu,
1500 2660 1589 2721 29,
1657 2656 1772 2727 30).
1806 2677 1836 2706 «
1902 2657 2038 2711 Vita
2080 2673 2207 2712 mea

560 2752 617 2802 et
646 2747 785 2802 anni
842 2747 957 2803 mei
1015 2748 1075 2802 in
1136 2747 1473 2818 gemitibus.
1506 2768 1534 2795 ››
1569 2746 1836 2811 Quandiu
1896 2750 1985 2801 est
2023 2746 2117 2801 hic
2145 2746 2203 2800 in

558 2836 830 2907 praesenti
852 2835 1170 2904 vita,habet
1189 2836 1474 2907 gemitum
1496 2838 1552 2890 et
1573 2835 1776 2890 fletum
1794 2835 2205 2906 unusquisque

562 2924 778 2981 homo:
820 2950 839 2974 α
872 2924 1157 2990 Quoniam
1190 2924 1399 2980 defecit
1446 2925 1505 2978 in
1561 2922 1756 2980 dolore
1810 2923 1928 2979 vita
1967 2940 2114 2993 mea,
2148 2929 2205 2978 ct

559 3015 699 3068 anni
734 3014 845 3069 mei
879 3014 937 3069 in
965 3012 1322 3085 gemitibus;
1357 3014 1537 3068 donec
1587 3013 2047 3084 persecutionem
2100 3030 2200 3084 pa-

561 3102 674 3158 tior
704 3108 939 3174 propter
969 3119 1181 3157 nomen
1237 3107 1447 3158 tuum:
1506 3106 1767 3157 Praesens
1823 3101 1941 3157 vita
1986 3100 2197 3170 deficit,

561 3190 697 3262 quia
728 3190 873 3245 mihi
904 3195 1168 3260 tempora
1215 3195 1372 3256 sunt,
1426 3190 1864 3264 perpetuitatem
1914 3190 2196 3246 confiteri.

636 3302 663 3333 α
695 3280 995 3335 Infirmata
1020 3284 1108 3336 est
1138 3280 1196 3335 in
1246 3284 1589 3352 paupertate
1619 3279 1800 3334 virtus
1835 3296 1983 3334 mea.
2017 3302 2043 3329 ››
2077 3279 2198 3334 Vox

2345 703 2526 770 sione,
2561 709 2614 757 et
2644 701 2842 757 relicto
2873 717 2938 757 eo
2970 702 3264 773 fugerunt.
3298 699 3398 755 Vel
3427 699 3608 754 Judaei
3638 700 3872 772 fugiunt
3897 719 3986 756 sa-

2342 796 2643 847 cramenta
2674 790 2933 863 mysterii
2966 788 3254 857 Ecclesiae,
3286 788 3341 843 id
3374 793 3463 844 est
3492 806 3704 862 corpus
3754 795 3809 844 et
3847 806 3985 845 san-

2338 882 2576 952 guinem
2610 879 2843 934 Christi.
2876 879 3091 933 Omnes
3124 878 3223 949 qui
3255 878 3526 933 videbant
3557 895 3668 945 me,
3703 879 3859 934 foras
3890 879 3982 934 fu-

2339 974 2550 1041 gerunt
2580 986 2612 1023 a
2652 985 2765 1036 me,
2826 985 2941 1023 non
3001 966 3394 1039 intelligentes
3450 968 3785 1023 interiorem
3817 985 3982 1041 spem

2338 1074 2528 1112 meam
2557 1074 2659 1129 pro
2691 1074 2806 1128 qua
2838 1057 3027 1129 patior
3052 1073 3065 1123 ;
3100 1054 3172 1110 ad
3202 1056 3487 1111 exteriora
3514 1055 3773 1112 visibilia
3802 1058 3980 1129 fugie-

2336 1144 2496 1199 bant.
2533 1169 2559 1194 ‹‹
2593 1143 2793 1199 Excidi
2826 1150 3106 1214 tanquam
3140 1146 3409 1198 mortuus
3436 1161 3469 1197 a
3517 1144 3707 1198 corde.
3746 1166 3766 1191 ιι
3803 1143 3979 1197 Obliti

2335 1238 2473 1287 sunt
2547 1249 2639 1287 me
2705 1233 2896 1299 corde,
2967 1236 3247 1302 tanquam
3316 1231 3365 1285 si
3434 1230 3644 1285 fuerim
3699 1231 3824 1301 jam
3886 1232 3978 1288 de-

2335 1320 2593 1376 functus.
2631 1344 2659 1372 ‹‹
2691 1321 2886 1376 Excidi
2937 1325 3220 1391 tanquam
3254 1324 3521 1375 mortuus
3551 1338 3585 1374 a
3624 1321 3814 1375 corde.
3852 1342 3879 1369 »
3915 1321 3974 1376 Id

2332 1415 2439 1477 est,
2465 1410 2547 1465 sic
2573 1411 2905 1466 habuerunt
2934 1408 3120 1465 Judaei
3150 1407 3447 1465 Christum
3472 1410 3640 1480 quasi
3675 1409 3973 1465 hominem

2334 1503 2630 1555 mortuum
2663 1518 2765 1572 pro
2800 1499 3001 1554 nihilo.

2402 1610 2429 1638 ‹‹
2459 1589 2524 1644 Et
2543 1589 2731 1645 factus
2756 1606 2888 1644 sum
2918 1590 3072 1643 sicut
3098 1603 3200 1643 vas
3232 1587 3548 1660 perditum.
3576 1609 3601 1636 υ
3629 1587 3725 1643 Sic
3756 1586 3970 1643 habue-

2327 1683 2467 1733 runt
2486 1678 2681 1733 Judzei
2710 1679 3006 1733 Christum
3040 1678 3208 1749 quasi
3240 1694 3340 1731 vas
3400 1677 3713 1748 perditum,
3763 1678 3819 1732 id
3859 1682 3967 1747 est,

2326 1766 2625 1822 hominem
2650 1773 2948 1823 mortuum
2972 1767 3029 1822 in
3074 1784 3178 1822 suo
3212 1771 3462 1839 peccato.
3498 1766 3587 1820 Sic
3620 1770 3756 1821 sunt
3788 1767 3971 1849 sancti

2325 1857 2479 1927 apud
2514 1857 2837 1926 haereticos,
2868 1856 3025 1911 velut
3058 1856 3232 1910 homo
3296 1854 3579 1925 perditus.
3616 1878 3644 1904 »
3685 1855 3970 1918 Quoniam

2325 1945 2517 1999 audivi
2548 1945 3028 2017 vituperationem
3065 1942 3409 1999 multorum.
3443 1964 3474 1995 ι
3509 1943 3569 1998 Id
3602 1948 3707 2011 est,
3758 1943 3967 1999 Christi

2325 2033 2624 2101 aJudaeis,
2657 2040 2712 2089 et
2761 2034 3022 2089 Ecclesiae
3073 2035 3145 2089 ab
3197 2033 3501 2089 hiereticis.
3539 2056 3567 2083 «
3610 2038 3671 2088 In
3720 2034 3965 2089 circuitu

2324 2122 2805 2194 inhabitantium,
2840 2124 2898 2178 id
2932 2128 3038 2192 est,
3099 2124 3158 2177 in
3218 2123 3464 2178 circuitu
3522 2122 3760 2193 Christi,
3817 2123 3964 2178 etin

2323 2214 2571 2268 circuitu
2604 2212 2867 2269 Ecclesiae
2917 2230 3065 2285 quos
3124 2211 3235 2284 ipsi
3286 2212 3605 2284 supradicti
3637 2212 3961 2268 circumde-

2322 2303 2550 2357 derunt.
2591 2322 2612 2350 ι
2646 2302 2928 2366 Quoniam
2967 2300 3164 2357 audivi
3217 2301 3704 2373 vituperationem
3750 2302 3963 2357 multo-

2321 2408 2474 2457 rum,
2506 2410 2532 2442 »
2572 2391 3061 2448 commorantium
3092 2389 3151 2445 in
3202 2391 3471 2446 circuitu.
3525 2393 3701 2446 Erant
3737 2392 3962 2462 vitupe-

2320 2485 2514 2535 rantes
2546 2497 2659 2547 me,
2692 2480 2866 2553 positi
2925 2480 2982 2535 in
3041 2480 3506 2552 peregrinatione
3561 2479 3741 2551 hujds
3771 2485 3958 2550 terrae,

2318 2574 2630 2642 sequentes
2653 2571 2962 2625 circuitum
2988 2573 3341 2642 temporum,
3362 2575 3417 2625 et
3443 2570 3511 2625 ad
3530 2569 3779 2643 patriam
3803 2573 3959 2625 aeter-

2318 2677 2453 2714 nam
2487 2658 2673 2715 redire
2705 2659 2988 2714 nolentes.

2392 2771 2412 2796 α
2452 2750 2599 2803 Dum
2627 2747 3004 2803 convenirent
3033 2746 3210 2802 simul
3243 2748 3554 2803 adversum
3586 2764 3699 2815 me,
3732 2747 3955 2819 accipe-

2315 2853 2374 2891 re
2408 2837 2663 2892 animam
2688 2854 2879 2892 meam
2905 2836 3195 2892 consiliati
3219 2842 3374 2892 sunt.
3401 2859 3429 2885 ››
3449 2837 3794 2910 Congregati
3817 2842 3957 2892 sunt

2313 2932 2737 2997 persecutores,
2772 2931 2828 2981 et
2857 2925 3118 2981 fecerunt
3146 2925 3479 2991 consilium,
3534 2931 3595 2980 ut
3627 2926 3954 2997 acciperent

2312 3014 2569 3071 animam
2594 3032 2810 3082 meam,
2832 3016 2902 3070 ad
2926 3015 3408 3069 consentiendum
3432 3014 3542 3070 sibi
3561 3014 3618 3069 in
3633 3014 3951 3070 sceleribus

2313 3104 2537 3160 mortis.
2572 3102 2645 3158 Ut
2665 3103 2993 3176 acciperent
3024 3105 3281 3160 animam
3313 3121 3525 3173 meam,
3554 3104 3610 3161 id
3633 3108 3741 3174 est,
3764 3104 3949 3160 Judaei

2308 3192 2646 3262 Christum;
2681 3198 2735 3249 et
2765 3193 3037 3263 haeretici,
3088 3193 3424 3250 Ecclesiam.
3477 3192 3775 3249 Consiliati
3816 3198 3952 3250 sunt

2308 3282 2463 3338 mala
2493 3281 2757 3350 consilia,
2789 3289 2847 3337 et
2876 3299 2991 3338 non
3015 3282 3185 3338 bona.
3210 3281 3505 3338 Consiliati
3529 3286 3685 3349 sunt,
3710 3287 3774 3337 ut
3796 3298 3950 3353 qum-

558 3368 845 3424 Ecclesize.
908 3368 1210 3424 Infirmata
1261 3376 1349 3424 est
1406 3368 1664 3424 Ecclesia
1723 3369 1874 3423 inter
1930 3368 2197 3425 homines
2232 3356 2271 3421 C
2312 3376 2505 3426 rcrent
2526 3375 2581 3426 et
2605 3375 2666 3425 ut
2686 3370 2953 3426 tollerent
2974 3371 3229 3427 animam
3254 3370 3488 3439 Christi,
3511 3369 3816 3437 Judaei;et
3835 3370 3947 3425 hae-

559 3458 766 3528 malos,
800 3458 951 3513 inter
999 3475 1145 3529 quos
1190 3458 1417 3513 habitat
1468 3457 1562 3513 hic
1614 3456 1673 3512 in
1734 3458 2001 3529 praesenti
2035 3458 2193 3527 vita;

557 3547 694 3620 quia
724 3546 919 3620 plures
951 3552 1088 3601 sunt
1118 3550 1470 3618 peccalores,
1504 3551 1560 3602 et
1590 3546 1760 3618 pauci
1816 3551 1954 3602 sunt
1985 3548 2191 3603 sancti.

553 3635 653 3691 Vel
695 3635 880 3703 aliter,
932 3658 959 3684 «
1013 3635 1306 3690 infirmata
1353 3639 1444 3690 est
1505 3635 1562 3691 in
1635 3640 1947 3707 pauperate
1998 3636 2196 3691 virtus

556 3741 703 3779 mea.
744 3747 763 3771 ιο
845 3724 1075 3778 Sanitas
1114 3722 1291 3795 hujus
1358 3723 1639 3796 corporis,
1708 3725 1861 3779 inter
1900 3725 2195 3780 cruciatus

554 3812 916 3885 passionum.
979 3834 1006 3860 «
1063 3811 1129 3866 Et
1181 3828 1316 3867 ossa
1373 3828 1501 3866 mea
1558 3812 1906 3867 conturbata
1960 3817 2121 3869 sunt.
2164 3834 2192 3861 ››

555 3901 852 3957 Fortitudo
886 3902 1086 3974 utique
1111 3918 1261 3957 mea.
1295 3899 1441 3958 Ossa
1473 3900 1646 3955 fortes
1678 3900 1865 3957 sancti
1890 3926 1903 3967 ;
1928 3901 2014 3955 vel
2038 3918 2190 3969 ossa,

551 3991 799 4047 virtutes
858 3990 1144 4062 Ecclesiae,
1201 3990 1287 4046 vel
1342 3994 1698 4046 sanctorum.
1766 4013 1786 4039 «ι
1841 3991 2192 4047 Conturbata

551 4085 709 4146 sunt,
753 4104 780 4130 ››
822 4081 893 4135 ab
952 4078 1069 4135 illo.
1131 4079 1293 4135 Unde
1345 4079 1615 4152 superius
1672 4079 1815 4134 dicit
1866 4078 2191 4147 secundum

549 4169 918 4242 apostolum:
956 4168 1165 4224 Scimus
1208 4170 1343 4241 quia
1390 4170 1566 4225 omnis
1612 4172 1873 4223 creatura
1914 4170 2189 4238 congemi-

546 4262 679 4320 scit;
710 4276 821 4314 non
849 4259 1025 4313 solum
1057 4258 1176 4326 illa,
1208 4256 1299 4316 sed
1346 4266 1396 4314 et
1444 4274 1539 4313 nos
1570 4258 1723 4313 intra
1776 4272 1875 4312 nos
1918 4274 2191 4327 gemzmus

546 4348 719 4418 (Rom.
752 4365 874 4417 vm,
908 4348 999 4415 2'2,
1029 4348 1141 4418 23).

619 4460 646 4488 ‹‹
680 4438 868 4508 Super
898 4453 1103 4492 omnes
1127 4434 1395 4491 inimicos
1423 4452 1581 4492 meos
1603 4435 1793 4491 factus
1823 4453 1956 4493 sum
1988 4454 2189 4509 oppro-

545 4525 755 4580 brium.
780 4548 806 4573 »
821 4525 928 4590 Qui
946 4542 1037 4580 me
1054 4530 1290 4596 propter
1310 4530 1475 4578 tuum
1497 4541 1706 4579 nomen
1733 4531 2187 4598 persequuntur.

544 4614 751 4669 Factus
774 4630 905 4668 sum
927 4612 1305 4685 Opprobrium
1335 4612 1537 4667 vicinis
1583 4614 1729 4669 meis
1797 4613 1913 4668 Vox
1948 4614 2188 4681 Christi,

2312 3459 2497 3527 retici,
2523 3460 2782 3516 animam
2807 3459 3094 3516 Ecclesiae.

2383 3571 2404 3601 ι
2439 3551 2555 3622 Ego
2588 3554 2783 3606 autem
2816 3550 2875 3605 in
2907 3555 2963 3605 te
2994 3550 3241 3623 speravi,
3277 3549 3557 3616 Domine;
3594 3547 3709 3605 dixi
3745 3565 3758 3603 :
3792 3549 3948 3607 Deus

2306 3655 2471 3693 meus
2494 3655 2555 3694 es
2580 3643 2664 3694 tu.
2688 3661 2716 3689 »
2741 3638 2848 3703 Qui
2873 3637 3035 3694 solus
3057 3639 3224 3694 fortis
3247 3656 3307 3693 es
3330 3639 3399 3692 ad
3425 3638 3821 3693 liberandum.
3847 3637 3947 3693 Vel

2304 3743 2412 3782 vox
2442 3725 2731 3782 Ecclesiae.
2765 3749 2793 3776 «
2828 3727 2892 3782 In
2923 3731 2978 3781 te
3001 3726 3248 3797 speravi.
3274 3748 3300 3776 »
3327 3727 3388 3779 In
3412 3729 3489 3785 te,
3513 3742 3627 3780 non
3660 3726 3718 3779 in
3742 3742 3854 3781 me.
3881 3729 3949 3781 Et

2304 3818 2634 3886 peccatores
2665 3814 2867 3869 dicunt
2895 3830 2908 3870 :
2942 3836 2971 3864 ‹‹
3005 3814 3066 3868 In
3124 3818 3179 3869 te
3238 3811 3481 3884 speravi.
3520 3834 3547 3861 ››
3578 3813 3689 3867 Sed
3731 3814 3939 3883 sancti,

2302 3906 2359 3956 et
2391 3904 2588 3971 fidem,
2618 3907 2674 3957 et
2730 3917 2906 3973 opera
2956 3902 3191 3957 habent.
3251 3903 3584 3957 Peccatores
3617 3906 3853 3973 sperant
3882 3902 3943 3956 in

2302 3991 2507 4059 Deum,
2533 3994 2590 4046 et
2606 4007 2719 4047 non
2750 3991 2958 4047 timent
2978 3990 3167 4047 illum.
3206 4013 3231 4041 «
3266 3992 3327 4047 In
3361 3990 3635 4046 manibus
3664 3991 3783 4046 tuis
3815 4008 3940 4047 sor-

2300 4085 2388 4137 tes
2411 4097 2567 4134 meae.
2601 4103 2628 4129 »
2662 4080 2724 4134 Id
2784 4084 2890 4151 est,
2921 4080 3107 4153 gratia
3135 4080 3388 4153 Spiritus
3445 4080 3652 4135 sancti.
3686 4080 3808 4135 Non
3842 4097 3943 4152 per

2303 4168 2739 4241 memetipsum,
2764 4170 2865 4225 sed
2893 4187 2927 4224 a
2956 4174 3009 4225 te
3043 4170 3192 4226 actio
3222 4170 3354 4225 vitae
3388 4170 3581 4240 hujus,
3607 4187 3731 4242 quae
3756 4169 3811 4224 in
3837 4168 3943 4225 hoc

2302 4257 2511 4314 sacculo
2542 4259 2779 4330 geritur.

2374 4371 2401 4398 ‹‹
2433 4346 2602 4418 Eripe
2636 4363 2729 4402 me
2760 4348 2830 4402 de
2862 4364 3041 4402 manu
3082 4347 3454 4402 inimicorum
3509 4363 3796 4414 meorum,
3826 4350 3881 4402 et
3909 4363 3940 4403 ει

2303 4436 2787 4509 persequentibus
2819 4453 2931 4491 me.
2962 4458 2990 4487 »
3025 4437 3106 4491 Ne
3137 4436 3280 4491 mihi
3314 4435 3683 4509 praevaleant.

2371 4549 2398 4576 ‹‹
2436 4524 2669 4581 Illustra
2700 4525 2904 4581 faciem
2952 4530 3113 4581 tuam
3172 4542 3351 4598 super
3406 4541 3638 4579 servum
3691 4530 3935 4579 tuum.»

2303 4616 2539 4683 Illustra,
2571 4614 2678 4670 hoc
2726 4619 2834 4681 est,
2867 4631 3037 4669 cerne
3067 4618 3123 4668 et
3178 4614 3441 4670 discerne
3492 4614 3827 4685 quicunque
3865 4612 3942 4668 sit

542 4708 598 4757 et
627 4719 732 4756 vox
760 4701 1041 4757 Ecclesiae.
1108 4702 1349 4757 Domino
1406 4701 1591 4757 Judaei
1648 4703 1834 4757 multa
1877 4705 2188 4775 opprobria
2222 4719 2266 4783 Ι)
2300 4704 2505 4760 melior
2530 4704 2600 4758 de
2632 4703 2852 4758 sanctis
2883 4702 3021 4757 tuis.
3061 4722 3087 4753 α
3120 4706 3186 4756 Et
3215 4704 3440 4757 salvum
3475 4719 3568 4758 me
3610 4703 3698 4757 fac
3736 4702 3792 4756 in
3826 4700 3936 4755 mi-

542 4792 836 4862 dixerunt,
870 4797 927 4846 et
957 4789 1233 4857 haeretici,
1267 4795 1322 4845 et
1381 4797 1801 4861 persecutores,
1844 4792 2047 4847 dicunt
2078 4794 2185 4848 Ec-

541 4879 749 4948 clesiae,
786 4904 811 4931 ‹‹
840 4878 915 4935 Et
951 4879 1160 4935 vicinis
1211 4882 1357 4935 meis
1403 4879 1587 4935 valde.
1624 4901 1649 4928 »ι
1703 4880 1810 4945 Qui
1852 4882 1922 4936 ad
1956 4883 2188 4937 creden-

544 4972 685 5027 dum
718 4968 1231 5042 appropinquabit.
1264 4992 1291 5019 ‹‹
1322 4968 1577 5023 Ettimor
1600 4970 1751 5025 notis
1784 4970 1948 5025 meis.
1985 4995 2006 5022 υ
2045 4971 2190 5036 Quia

544 5061 715 5116 amici
744 5046 876 5125 mei,
906 5065 1141 5131 propter
1162 5062 1384 5112 metum
1410 5057 1805 5126 inimicorum,
1839 5077 1872 5114 a
1904 5077 1995 5114 me
2019 5061 2186 5131 longe

540 5153 927 5207 recesserunt.
963 5150 1144 5205 Totus
1177 5149 1465 5222 psalinus,
1516 5154 1574 5203 et
1608 5166 1783 5221 super
1812 5148 1990 5204 David
2016 5150 2186 5219 juxta

539 5240 871 5305 historiam,
885 5243 943 5294 et
957 5256 1132 5312 super
1145 5239 1637 5310 Dominumjuxta
1649 5238 2013 5309 prophetiam
2027 5238 2188 5293 intel-

538 5328 635 5401 ligi
665 5333 917 5401 potest.“
961 5327 1241 5393 Nimium,
1273 5333 1329 5383 et
1357 5327 1535 5381 timor
1563 5326 1717 5381 notis
1748 5325 1914 5389 meis,
1948 5352 1969 5377 ι
2010 5327 2065 5381 id
2097 5338 2185 5381 est

540 5417 818 5490 apostolis
850 5415 950 5488 qui
983 5416 1308 5473 timuerunt
1338 5418 1396 5470 in
1430 5415 1718 5488 passione.
1754 5414 1854 5469 Vel
1888 5414 2179 5481 noti,mali

540 5506 871 5573 Christiani,
899 5505 997 5576 qui
1022 5506 1224 5560 dicunt
1246 5522 1307 5560 se
1328 5507 1563 5559 credere
1584 5504 1639 5556 in
1672 5507 1875 5570 Deum,
1910 5510 1967 5557 et
1997 5505 2181 5575 operi-

540 5596 648 5648 bus
674 5600 906 5666 negant,
932 5600 989 5649 et
1020 5595 1352 5666 despiciunt
1381 5594 1555 5648 vitam
1592 5598 1949 5646 sanctorum.
2000 5592 2179 5647 Vicini

538 5680 832 5747 dicuntur,
863 5698 962 5752 per
984 5683 1157 5737 fidem
1187 5701 1199 5749 ;
1223 5690 1279 5737 et
1302 5684 1419 5738 noti
1443 5687 1675 5754 propter
1696 5668 2177 5736 christianitateni

608 5793 633 5819 ‹‹
662 5768 768 5834 Qui
789 5770 1063 5825 videbant
1088 5788 1202 5838 me,
1226 5772 1380 5828 foras
1403 5770 1756 5842 t'ugiebanta
1778 5786 1887 5824 ine.
1916 5792 1942 5819 ››
1976 5772 2033 5826 id
2066 5776 2174 5841 est,

2299 4793 2613 4849 sericordia
2636 4796 2778 4859 tua;
2815 4790 3073 4860 Domine,
3127 4809 3241 4846 non
3285 4792 3634 4854 confundar,
3661 4791 3938 4862 quoniam

2299 4881 2555 4938 invocavi
2587 4885 2664 4935 te.
2710 4899 2736 4931 ι)
2775 4878 3132 4936 llluminatio
3180 4886 3477 4954 respectus
3506 4881 3591 4936 tui
3643 4897 3819 4953 super
3849 4896 3940 4935 me

2298 4970 2617 5042 refulgeat;
2680 4972 2745 5023 ut
2777 4985 2891 5024 non
2952 4969 3296 5039 confundar,
3344 4971 3440 5026 sed
3501 4969 3687 5026 salver
3717 4970 3788 5024 ab
3844 4968 3937 5024 his

2299 5057 2789 5131 persecutoribus.

2371 5171 2397 5198 ‹‹
2432 5148 2787 5204 Erubescant
2808 5147 2993 5220 impii,
3019 5153 3076 5202 et
3097 5148 3462 5204 deducantur
3482 5150 3539 5204 in
3564 5149 3877 5204 infernum.
3905 5168 3931 5197 η

2298 5269 2362 5276 -
2391 5261 2409 5285 α
2447 5238 2806 5292 Erubescant
2863 5236 3049 5308 impii,
3080 5260 3107 5287 «
3167 5239 3479 5305 daemones,
3541 5236 3815 5305 haeretici,
3850 5235 3936 5291 vel

2295 5325 2392 5397 qui
2427 5342 2539 5381 non
2574 5326 2818 5379 credunt
2847 5326 3352 5383 resurrectionem.
3386 5329 3744 5383 Erubescant
3772 5331 3934 5393 tunc,

2295 5415 2530 5485 quando
2562 5413 2691 5469 illos
2725 5418 2959 5468 sanctos
2991 5431 3137 5486 quos
3169 5416 3226 5470 in
3259 5417 3694 5489 despectionem
3725 5415 3940 5471 habue-

2297 5508 2453 5571 runt,
2486 5502 2767 5557 videbunt
2799 5507 3126 5573 coronatos,
3178 5512 3232 5560 et
3263 5523 3324 5561 se
3364 5507 3800 5561 condemnatos.
3834 5501 3937 5557 Vel

2295 5592 2394 5663 qui
2427 5592 2818 5662 relinquentes
2849 5608 3048 5647 verum
3103 5594 3307 5662 Deum,
3363 5596 3518 5667 ligna
3561 5596 3824 5653 adorant.
3870 5607 3935 5645 ac

2295 5680 2516 5753 lapides
2574 5687 2941 5737 venerantur.
3007 5706 3033 5731 ‹‹
3094 5688 3252 5739 Muta
3312 5688 3454 5739 ﬁant
3507 5684 3660 5738 labia
3708 5682 3931 5745 dolosa,

2293 5788 2420 5843 quae
2447 5770 2775 5841 loquuntur
2824 5772 3104 5830 adversus
3145 5776 3381 5846 justum
3432 5774 3842 5845 iniquitatem:
3875 5770 3935 5824 in
