4314 6614
357 491 474 552 965

1533 485 2023 550 BBEVIABIUM
2070 487 2148 549 1N
2191 487 2574 549 PSALMOS.

3644 492 3762 550 966

361 621 640 694 superbia
671 625 727 676 et
757 621 815 676 iu
845 619 1153 676 abusione.
1189 642 1216 670 «
1257 619 1612 674 Crucitixum
1675 621 2006 686 irridentes,
2038 623 2092 687 Α
2124 620 2276 675 Deus
2309 638 2410 693 per
2440 619 2712 691 angelum
2769 622 2902 675 Adae
2957 619 3307 692 loquebatur
3362 626 3416 676 et
3470 623 3764 692 quomodo

362 717 419 767 et
447 712 784 784 ignorantes
815 713 1241 783 resurgentem.
1275 709 1392 765 Ista
1417 726 1660 766 cernens
1718 710 2007 782 Propheta

361 800 643 856 exclamat
673 799 972 855 exsultans
1000 804 1058 854 et
1087 799 1228 854 dicit
1260 815 1273 853 :
1674 847 1702 881 I

438 911 465 939 ‹‹
496 888 680 952 Quam
713 905 927 961 magna
957 887 1272 943 multitudo
1313 887 1640 943 dulcedinis
1671 888 2006 957 tua-,Domi-

365 993 638 1048 ne,quam
674 977 1034 1049 abscondisti
1067 977 1413 1032 timentibus
1444 982 1498 1031 te
1533 977 1544 1030 l
1582 998 1610 1028 »
1643 976 1788 1043 Quia
1809 976 2007 1030 multi-

365 1066 506 1120 farie
538 1066 773 1138 copiosa
833 1065 1080 1121 dulcedo
1140 1071 1240 1120 tua
1294 1069 1403 1132 est,
1461 1081 1638 1136 quam
1699 1064 2008 1119 reservasti

367 1153 716 1209 timentibus
749 1171 960 1210 nomen
997 1161 1182 1209 tuum.
1215 1158 1332 1208 Nec
1363 1169 1490 1208 eam
1519 1153 1577 1207 in
1611 1153 1702 1207 his
1734 1153 2010 1207 tentatio-
2037 1181 2043 1188 -

369 1242 542 1298 nibus
573 1243 888 1298 ostendisti
922 1257 1014 1310 ne,
1049 1247 1287 1314 accepta
1333 1242 1668 1309 securitate,
1713 1242 2012 1297 excedere-

367 1347 500 1386 mus
531 1349 564 1386 a
592 1331 685 1386 via
706 1331 970 1402 justitiaa.
1005 1330 1128 1398 Vel,
1164 1356 1191 1382 ‹‹
1224 1333 1409 1396 Quam
1453 1349 1665 1403 magna
1697 1330 2012 1385 multitudo

367 1418 696 1474 dulcedinis
725 1425 860 1486 tuae,
896 1419 1139 1475 Domine
1170 1420 1181 1474 !
1216 1442 1245 1470 »
1289 1420 1346 1476 id
1408 1425 1515 1486 est,
1578 1425 1857 1491 quantam
1891 1418 2012 1492 glo-

367 1507 536 1574 riam,
570 1513 790 1579 quanta
819 1509 1060 1580 praemia
1092 1511 1432 1580 prmparasti
1466 1509 1731 1564 Ecclesia:
1787 1515 1916 1574 ture,
1955 1511 2014 1562 ut

367 1600 522 1654 esset
551 1612 784 1668 semper
812 1615 946 1652 cum
1011 1597 1232 1670 angelis
1290 1599 1416 1654 sine
1474 1599 1588 1653 {ine
1645 1599 1703 1652 in
1736 1603 2012 1652 internum

369 1702 667 1741 mansura.
719 1707 744 1738 ιι
775 1687 960 1750 Quam
993 1687 1351 1742 abscondisti
1395 1687 1743 1743 timentibus
1775 1691 1830 1741 te
1857 1705 1868 1754 ;
1898 1709 1924 1734 »
1957 1685 2016 1737 id

370 1781 458 1832 est
487 1776 640 1830 bona
669 1779 1006 1831 sanctorum
1037 1775 1095 1830 in
1131 1777 1441 1848 temetipso
1471 1775 1854 1832 abscondisti.

443 1885 471 1914 «
505 1864 800 1920 Perfocisti
833 1865 917 1920 eis
950 1867 1050 1936 qui
1102 1870 1338 1937 sperant
1395 1865 1453 1920 in
1510 1869 1586 1920 te.
1619 1885 1646 1917 ι)
1679 1865 1971 1935 I’crfecz'sti
2002 1889 2016 1928 ;

2118 710 2303 764 oculis
2337 710 2714 764 interioribus
2747 711 2928 765 Deum
2951 711 3185 765 videbat
3212 711 3363 782 (Gen.
3403 728 3483 766 III.
3530 713 3592 763 9-
3625 713 3714 778 19)
3749 728 3760 766 ε

2119 799 2354 870 quando
2385 799 2494 853 ista
2525 800 2759 870 cogitat,
2811 803 2948 853 tunc
3004 799 3064 854 in
3115 817 3352 855 excessu
3405 801 3620 855 mentis
3679 804 3767 854 est

2119 887 2395 941 Ecclesia.
2431 911 2457 937 ‹‹
2491 888 2606 958 Ego
2639 893 2832 942 autem
2866 887 2983 942 dixi
3015 889 3071 942 in
3105 905 3345 944 excessu
3378 889 3592 944 mentis
3625 905 3764 944 mea:

2121 975 2422 1046 Projectus
2455 992 2585 1030 sum
2619 992 2650 1030 a
2677 976 2818 1031 l‘acie
2849 975 3150 1031 oculorum
3184 983 3441 1032 tuorum.
3469 1001 3487 1025 υ
3509 978 3766 1050 Populus

2121 1066 2241 1118 hazc
2270 1065 2408 1119 dicit
2438 1064 2536 1119 ille
2585 1082 2898 1120 conversus
2934 1067 3004 1120 ad
3059 1065 3352 1122 Christum
3381 1084 3394 1121 :
3427 1066 3764 1122 Existimavi

2122 1170 2235 1222 me,
2269 1154 2479 1225 inquit,
2517 1155 2837 1225 projectum
2863 1170 2989 1209 esse
3020 1169 3054 1208 a
3083 1155 3572 1227 contemplatione
3598 1155 3767 1210 lumi-

2123 1260 2263 1298 num
2299 1247 2556 1308 tuorum,
2589 1247 2647 1296 et
2676 1244 2896 1312 expavi,
2931 1259 3064 1297 cum
3100 1260 3191 1298 me
3221 1249 3383 1298 tanta
3413 1249 3649 1316 propter
3670 1261 3769 1299 no-

2125 1349 2257 1386 men
2290 1337 2456 1386 tuum
2490 1331 2608 1402 pati
2640 1331 3004 1402 permitteres
3039 1349 3052 1399 ;
3086 1330 3172 1386 vel
3208 1349 3219 1385 :
3256 1355 3282 1380 α
3305 1331 3602 1403 Projectus
3633 1349 3766 1388 sum

2123 1440 2156 1476 a
2192 1420 2353 1476 vultu
2379 1421 2681 1475 oculorum
2716 1425 2972 1474 tuorum.
3010 1442 3036 1469 »
3069 1421 3276 1490 Adam,
3309 1421 3545 1492 quando
3576 1425 3768 1477 trans-

2124 1527 2366 1583 gressus
2398 1509 2506 1563 fuit
2539 1509 2877 1564 mandatum
2913 1509 3034 1576 Dei,
3067 1513 3206 1563 tunc
3265 1511 3558 1582 projectus
3615 1513 3704 1564 est
3735 1527 3770 1564 a

2127 1599 2269 1654 facie
2304 1598 2398 1653 Dei
2427 1597 2612 1664 (llud,
2646 1597 2758 1666 23),
2793 1602 2850 1651 et
2882 1598 3022 1668 ipse,
3055 1601 3108 1652 et
3142 1613 3268 1661 nos,
3326 1602 3382 1651 et
3439 1597 3634 1650 omnis
3665 1611 3766 1667 po-

2127 1688 2361 1742 steritas
2391 1704 2498 1741 sua
2529 1693 2659 1758 post
2689 1703 2844 1740 eum.

2199 1800 2226 1825 α
2264 1777 2392 1830 Ideo
2425 1774 2712 1829 cxaudisti
2745 1791 2940 1829 vocem
2974 1773 3398 1845 deprecationis
3433 1789 3592 1843 mere,
3627 1773 3768 1827 dum

2129 1864 2442 1919 clamarem
2475 1865 2547 1918 ad
2577 1868 2653 1918 te.
2692 1885 2720 1912 »
2754 1863 2908 1932 Ideo,
2952 1863 3094 1917 dicit
3151 1861 3422 1932 Ecclesia,
3481 1860 3769 1917 exaudisti

373 1970 440 2009 ac
471 1953 520 2009 si
551 1953 724 2021 dicat,
758 1954 1131 2010 Perfecturus
1189 1955 1325 2010 eris.
1393 1978 1412 2003 α
1482 1955 1548 2008 In
1607 1960 1918 2025 conspectu
1953 1954 2017 2006 fi-
2051 1993 2097 2056 B
2129 1970 2326 2010 vocem
2359 1953 2638 2008 orationis
2671 1969 2810 2007 meae
2847 1970 2858 2006 :
2895 1952 3033 2024 quia
3065 1953 3327 2023 cognovi,
3379 1951 3478 2007 ubi
3509 1957 3770 2024 poteram

370 2041 588 2098 liorum
620 2041 948 2098 hominum.
983 2066 1010 2094 »
1046 2043 1151 2108 Qui
1199 2061 1313 2099 non
1363 2044 1726 2099 erubuerunt
1756 2044 2016 2098 conﬁteri

374 2133 528 2203 quod
559 2131 823 2201 credunt,
857 2136 990 2188 ante
1021 2147 1187 2204 reges
1219 2136 1274 2187 et
1305 2137 1645 2204 potestates,
1678 2137 1742 2186 ut
1775 2133 1854 2188 ait
1879 2136 2017 2188 Pro-

373 2219 550 2290 pheta
582 2237 594 2274 :
627 2221 694 2274 Et
726 2220 986 2291 loquebar
1015 2223 1076 2275 in
1107 2224 1437 2281 testimoniis
1485 2225 1596 2276 tuis
1646 2225 1704 2276 in
1733 2231 2020 2294 conspectu

372 2324 593 2381 regum,
624 2317 676 2363 et
704 2303 819 2365 non
847 2310 1221 2380 con/nudebar
1251 2312 1624 2383 (I’sal.cxvm,
1657 2312 1808 2382 46).‹‹
1835 2311 2017 2374 Quam

374 2397 735 2453 abscondisti
768 2397 1116 2456 timentibus
1148 2405 1222 2456 te.
1263 2423 1283 2448 η
1320 2401 1466 2466 Quia
1521 2400 1614 2455 hic
1649 2417 1750 2472 per
1781 2399 2020 2454 tribula-

374 2488 594 2543 tionem
627 2487 877 2559 pleniter
905 2507 1020 2545 non
1081 2489 1375 2562 accipiunt
1435 2489 1763 2562 praemium,
1825 2490 1923 2544 sed
1961 2489 2018 2542 in

376 2577 571 2631 futuro
601 2581 956 2649 exspectant.
991 2601 1018 2628 «
1055 2584 1119 2632 ω
1149 2579 1440 2650 perfecisti
1487 2578 1570 2633 eis
1631 2578 1731 2650 qui
1785 2582 2022 2648 sperant

376 2665 436 2720 in
470 2671 544 2722 te.
583 2689 609 2715 »
641 2668 1060 2723 Consummata
1089 2685 1213 2740 spe,
1253 2669 1574 2724 retribuisti
1631 2674 1930 2740 expectata
1960 2668 2020 2722 in

382 2755 594 2826 specie.
631 2779 658 2805 ‹‹
691 2758 750 2810 In
785 2763 1098 2828 conspectu
1162 2756 1413 2812 ﬁliorum
1468 2758 1776 2812 hominum
1813 2775 1826 2823 ;
1858 2779 1886 2807 »
1922 2756 2020 2828 qui

381 2843 663 2911 humana,
697 2849 754 2899 et
808 2863 923 2900 non
973 2845 1248 2912 caalestia,
1305 2847 1680 2917 quaasierunt,
1731 2845 1828 2900 Vel
1887 2863 2020 2900 cum

378 2931 548 2987 ibunt
578 2933 636 2987 in
667 2934 1022 3006 supplicium
1057 2937 1507 3006 acternumgjusti
1541 2941 1734 2991 autem
1759 2937 1818 2990 in
1842 2937 2022 2991 vitam

379 3027 654 3076 aeternam
687 3022 895 3094 (Matth.
927 3041 1061 3090 xxv,
1095 3025 1202 3096 46).

451 3134 478 3159 ‹‹
515 3113 843 3167 Abscondes
903 3129 1002 3168 eos
1060 3113 1118 3167 in
1171 3113 1509 3168 abscondito
1567 3113 1732 3168 faciei
1789 3117 1922 3179 tum,
1992 3131 2025 3168 a

379 3200 826 3256 conturbatione
857 3199 1222 3256 hominum.»
1255 3201 1610 3257 Illuminatio
1643 3203 1797 3258 enim
1828 3201 2022 3257 vultus

379 3287 466 3343 tui
499 3291 656 3360 teget
685 3305 804 3353 eos,
839 3305 908 3344 ne
958 3289 1029 3344 ab
1087 3290 1347 3346 humana
1396 3291 1622 3346 malitia
1673 3293 2024 3346 conturben-

2129 2059 2254 2098 essc
2289 2061 2302 2110 ;
2337 2047 2393 2097 et
2423 2057 2727 2113 cognosco,
2762 2042 2861 2096 ubi
2895 2043 3065 2096 modo
3089 2041 3550 2096 sum.Exaudisti
3570 2056 3770 2097 vocem

2127 2131 2420 2186 interioris
2451 2130 2732 2195 hominis,
2765 2135 2820 2185 et
2851 2130 2908 2184 in
2943 2131 3156 2185 mentis
3187 2127 3498 2203 splendore
3527 2145 3769 2202 precan-

2127 2222 2224 2289 tis,
2258 2225 2314 2276 et
2343 2219 2611 2275 amovisti
2645 2219 2952 2275 horribiles
2982 2219 3413 2276 tribulationes.

2201 2333 2227 2360 ((
2262 2309 2496 2380 Diligite
2527 2309 2864 2380 Dominum,
2898 2325 3102 2366 omnes
3163 2309 3351 2364 sancti
3409 2309 3537 2380 ejus
3571 2335 3586 2378 ;
3622 2325 3772 2380 quo-

2131 2399 2290 2454 niam
2349 2399 2647 2454 veritatem
2700 2399 2956 2470 requiret
3003 2399 3312 2467 Dominus,
3377 2402 3434 2454 et
3491 2397 3774 2454 retribuet

2131 2489 2497 2544 abundanter
2527 2487 2870 2544 facientibus
2923 2487 3282 2560 superbiam.
3347 2511 3376 2536 »
3435 2487 3770 2544 Humiliatis

2128 2577 2244 2644 his,
2277 2581 2497 2632 statuet
2525 2583 2758 2632 sanctos
2788 2594 2926 2632 suos
2953 2577 3014 2632 in
3048 2594 3262 2648 magna
3291 2577 3621 2632 constantia
3641 2577 3770 2648 (Sep

2129 2684 2184 2730 v,
2220 2667 2282 2736 Ι).
2317 2688 2344 2715 ››
2383 2665 2607 2737 Uiligite
2639 2667 2974 2731 Dominum,
3009 2682 3214 2722 omnes
3257 2665 3441 2721 sancti
3491 2666 3638 2736 ejus.
3673 2665 3768 2719 Di-

2131 2755 2312 2826 ligite,
2341 2777 2367 2806 u
2400 2755 2456 2808 id
2479 2761 2587 2818 est,
2621 2761 2811 2810 amate
2841 2755 3031 2809 illum.
3067 2777 3095 2804 ‹‹
3133 2755 3418 2820 Quoniam
3465 2754 3770 2808 veritatem

2130 2842 2387 2914 requiret
2421 2843 2717 2911 Dominus,
2745 2866 2774 2892 υ
2807 2843 2904 2914 qui
2939 2849 3308 2914 perseverant
3361 2859 3549 2913 usque
3604 2840 3665 2895 in
3698 2841 3770 2894 ti-

2132 2949 2263 2986 nem
2297 2932 2354 2984 in
2391 2931 2668 2996 bonitate,
2699 2935 2763 2986 ut
2793 2932 3014 2987 dictum
3045 2937 3134 2987 est
3165 2949 3178 2987 ε
3213 2933 3317 3000 Qui
3339 2933 3772 3003 perseveraverit

2132 3037 2294 3093 usque
2325 3023 2380 3074 in
2408 3021 2573 3089 ﬁnem
2603 3021 2692 3074 hic
2717 3021 2901 3075 salvus
2926 3021 3031 3076 erit
3050 3021 3265 3092 (Matth.
3299 3038 3450 3086 xxxv,
3475 3022 3586 3090 13):

2203 3132 2230 3158 «
2263 3109 2518 3163 Viriliter
2565 3109 2736 3180 agite.
2773 3130 2801 3158 »
2861 3113 2973 3164 Hoc
3025 3117 3134 3176 est,
3195 3110 3594 3166 immobiliter.
3647 3131 3672 3161 α
3702 3113 3771 3164 Et

2130 3198 2492 3253 confortatur
2521 3214 2619 3252 cor
2673 3203 2952 3263 vestrum,
3009 3215 3212 3254 omnes
3270 3201 3371 3270 qui
3431 3199 3678 3270 speratis
3707 3199 3768 3253 in

2131 3288 2396 3342 Domino.
2435 3310 2454 3337 ο
2497 3289 2610 3342 Cor
2635 3287 3009 3342 vestrum/hoc
3039 3293 3148 3356 est,
3208 3289 3407 3343 anima
3463 3294 3678 3358 vestra,
3711 3289 3770 3343 in

378 3380 476 3430 tur
508 3393 521 3428 ε
555 3399 581 3424 ‹‹
619 3377 682 3430 In
715 3377 1056 3432 abscondito
1086 3377 1281 3432 vultus
1315 3379 1418 3432 tui.
1457 3400 1484 3426 »
1535 3378 2020 3448 scilicetjustitiae
2055 3363 2096 3429 C
2137 3376 2379 3430 Domino
2402 3393 2654 3447 semper.
2691 3399 2718 3426 «
2770 3375 3019 3432 Viriliter
3073 3376 3247 3448 agite,
3306 3381 3363 3430 et
3418 3378 3774 3431 confortatur

379 3468 491 3518 tuae
523 3463 739 3518 abditis
771 3481 788 3532 ',
818 3464 926 3520 hoc
955 3469 1062 3534 est,
1091 3466 1149 3520 in
1183 3470 1403 3522 secreto
1445 3469 1569 3531 tuo,
1623 3467 1778 3521 sicut
1804 3467 1938 3530 Job,
1971 3470 2028 3521 et

379 3553 530 3624 ipse,
561 3557 618 3607 et
660 3555 860 3608 omnia
909 3571 1034 3626 quae
1093 3554 1300 3609 habuit
1355 3555 1643 3610 absconsa
1701 3557 1936 3610 fuerunt
1966 3555 2025 3608 in

385 3642 586 3696 Deum.
621 3664 648 3691 «
675 3643 720 3695 A
751 3643 1192 3698 conturbatione
1235 3643 1566 3713 hominum,
1621 3667 1649 3695 »
1689 3662 1722 3700 a
1750 3660 2028 3717 persecu-

382 3731 538 3787 tione
569 3736 962 3802 peccatorum.

458 3845 482 3870 ‹‹
520 3820 788 3892 Proteges
819 3837 918 3876 eos
966 3821 1022 3876 in
1071 3823 1443 3878 tabernaculo
1489 3827 1612 3894 tuo,
1671 3839 1704 3878 a
1737 3824 2028 3878 contradi-

387 3910 578 3965 ctione
606 3908 962 3981 linguarum.
998 3933 1026 3960 »
1059 3911 1121 3968 In
1149 3913 1527 3968 tabernaculo
1562 3911 1753 3979 [idei,a
1783 3913 2028 3985 strepitu

384 3999 672 4054 malarum
704 3999 1040 4071 linguarum
1100 4001 1389 4068 velantur,
1449 4003 1545 4074 qui
1599 4001 1802 4056 dicunt
1844 4021 1856 4057 :
1891 4001 2028 4066 Quis

384 4089 542 4144 novit
571 4087 692 4143 haec
723 4088 750 4142 ‘I
781 4093 880 4144 aut
905 4089 1036 4161 quis
1067 4091 1277 4146 redivit
1306 4106 1373 4146 ex
1404 4090 1606 4146 inferis
1638 4092 1787 4162 (Sap.
1823 4109 1884 4157 II,
1920 4093 1970 4162 1)
2003 4091 2030 4146 ?

459 4198 486 4227 ‹‹
518 4177 862 4233 Benedictus
902 4179 1260 4234 Dominus.»
1322 4181 1426 4234 Cui
1487 4181 1779 4235 benedicit
1839 4181 2030 4235 omnis

385 4268 977 4332 creatura.Quomodo
1009 4268 1148 4322 dicit
1180 4284 1193 4322 :
1231 4289 1258 4318 ‹‹
1290 4268 1638 4323 Benedictus
1672 4269 2028 4324 Dominus?»

383 4354 658 4426 Nunquid
691 4355 774 4410 illi
808 4373 956 4429 opus
985 4362 1074 4412 est
1105 4361 1306 4413 nostra
1353 4357 1678 4413 benedictio
1713 4359 1740 4412 ?
1769 4357 2026 4425 Non,sed

385 4449 449 4499 ut
479 4461 586 4500 nos
609 4445 680 4500 ab
709 4446 834 4517 ipso
869 4447 1332 4502 benedictionem
1385 4446 1646 4518 accipere
1677 4463 2028 4502 mereamur.

386 4554 414 4581 ‹‹
448 4533 736 4598 Quoniam
771 4535 1100 4590 iniriﬁcavit
1133 4535 1591 4590 misericordiam
1615 4553 1784 4590 suam
1807 4535 1866 4589 in
1900 4535 2033 4589 civi-

385 4625 505 4676 tate
553 4624 802 4678 munita.
867 4646 894 4674 »
929 4624 992 4680 In
1055 4625 1288 4680 civitate
1341 4622 1689 4692 Jerusalem,
1747 4623 1802 4678 in
1837 4623 2030 4678 medio

387 4711 630 4781 mundo,
665 4735 692 4762 «
729 4713 791 4766 In
822 4713 1050 4770 civitate
1084 4713 1308 4770 munita
1338 4736 1365 4763 »
1402 4712 1637 4780 dicitur,
1669 4729 1734 4768 eo
1769 4714 1921 4784 quod
1939 4713 2032 4766 ﬁr-
2065 4737 2105 4800 Ι)

386 4803 545 4854 mata
573 4799 660 4854 vel
692 4802 936 4858 robusta
964 4803 1122 4872 sit,et
1153 4804 1211 4858 in
1243 4818 1380 4875 gyro
1402 4818 1606 4858 omnes
1637 4807 1840 4874 gentes
1869 4801 2028 4856 illam

386 4887 774 4944 circumdant.
813 4891 874 4946 In
901 4892 1148 4947 circuitu
1174 4891 1440 4947 Ecclesiae
1471 4892 1652 4946 totius
1682 4890 2035 4958 diti‘usre;iLi

387 4975 718 5032 miriﬁcavit
748 4978 1208 5036 misericordiam
1240 4997 1409 5036 suam
1443 4982 1724 5036 Dominus
1751 4998 1763 5048 ;
1789 4980 1927 5052 quia
1952 4981 2030 5035 ibi

388 5071 582 5137 natus,
617 5066 694 5122 ibi
728 5085 960 5139 passus,
995 5070 1074 5124 ibi
1106 5069 1441 5141 resurrexit,
1474 5074 1530 5124 et
1586 5070 1724 5123 inde
1768 5069 2033 5126 ascendit

388 5155 460 5209 ad
493 5156 692 5223 caelos,
724 5162 786 5210 ut
815 5157 894 5212 ait
925 5159 1209 5230 PrOpbeta
1242 5175 1255 5214 :
1291 5160 1556 5230 Operatus
1585 5161 1662 5213 est
1699 5157 1942 5213 salutem
1973 5160 2028 5213 z'n

385 5243 566 5299 medio
595 5249 754 5300 terra:
779 5246 950 5317 (Psal.
995 5265 1188 5316 Lxxm,
1223 5249 1332 5320 l2).
1392 5247 1494 5303 Vel
1553 5247 1722 5302 aliter
1753 5265 1766 5315 ;
1792 5246 2032 5302 Jerusa-

387 5331 504 5388 lem
535 5331 790 5390 caalestis
823 5335 1052 5390 munita
1091 5337 1163 5392 de
1193 5336 1638 5411 congregatione
1686 5335 2030 5409 angelorum

389 5425 446 5474 et
476 5419 804 5478 hominum.

462 5533 488 5559 ‹‹
524 5511 642 5582 Ego
673 5521 868 5568 autem
901 5513 1019 5567 dixi
1047 5513 1106 5566 in
1137 5531 1376 5569 excessu
1412 5513 1626 5569 mentis
1651 5529 1810 5568 meae.
1866 5537 1894 5562 »
1931 5515 2031 5568 Ec-

389 5597 568 5654 clesia
598 5602 833 5670 quando
893 5603 1232 5658 recordatur
1284 5604 1354 5659 de
1413 5603 1702 5675 paradiso,
1739 5607 2030 5674 quomodo

390 5687 742 5746 immortalis
775 5695 998 5763 poterat
1029 5707 1178 5758 esse,
1205 5697 1260 5746 et
1290 5691 1505 5764 cogitat
1533 5693 1784 5765 qualiter
1815 5693 2032 5750 ibidem

391 5781 618 5847 poterat
655 5797 784 5836 esse
817 5799 830 5850 ;
865 5787 922 5837 et
976 5779 1245 5836 meminit
1301 5779 1494 5852 qualis
1551 5788 1660 5854 est,
1695 5787 1752 5840 et
1782 5782 2036 5856 qualiter

2135 3481 2233 3519 cor
2261 3469 2540 3530 vestrum,
2573 3480 2776 3518 omnes
2805 3463 2905 3534 qui
2935 3465 3182 3535 speratis
3214 3464 3270 3518 in
3297 3464 3604 3519 Domino.»
3632 3463 3769 3518 For-

2137 3554 2270 3608 titer
2299 3560 2473 3624 atque
2522 3557 2858 3608 constanter
2915 3555 3208 3608 custodite
3265 3553 3649 3626 propositum,
3714 3558 3776 3606 ut

2139 3644 2394 3696 fructum
2430 3642 2658 3696 metatis
2691 3641 2749 3696 in
2784 3642 3036 3698 Christo.
3073 3645 3254 3707 Quem
3317 3641 3611 3715 supplices
3673 3641 3780 3696 de-

2138 3747 2448 3802 precamur
2481 3737 2541 3785 ut
2571 3731 2828 3786 insinuet
2861 3732 3156 3787 mentibus
3216 3732 3429 3788 nostris
3477 3748 3682 3787 curam
3716 3747 3778 3786 se

2138 3819 2435 3890 diligendi,
2473 3837 2574 3892 pro
2607 3821 2774 3875 nobis
2827 3837 3061 3890 passum
3119 3821 3340 3893 jugiter
3396 3821 3678 3886 confiteri,
3713 3824 3780 3875 ut

2141 3927 2470 3964 mereamur
2501 3915 2701 3964 contra
2731 3909 2995 3982 iniquam
3024 3911 3383 3982 superbiam,
3427 3907 3780 3966 humilitatis

2140 3998 2318 4053 armis
2349 3998 2591 4053 viriliter
2620 4015 2961 4070 repugnare.

2687 4105 3009 4161 PSALMUS
3038 4103 3224 4163 XXXI.

2138 4197 2448 4252 Intellectus
2480 4193 2673 4262 David,
2702 4193 3032 4267 Intellectus
3053 4195 3297 4267 Christi.
3332 4194 3552 4267 Duplex
3596 4192 3780 4267 intel-

2211 4267 2395 4322 lectus
2427 4271 2513 4320 est
2543 4266 2653 4320 isto
2684 4265 2876 4334 titulo,
2913 4266 3162 4322 maxime
3207 4267 3278 4322 de
3309 4266 3408 4323 illo
3430 4265 3440 4267 ἡ
3461 4265 3781 4321 Publicano

2209 4345 2266 4393 et
2298 4338 2582 4394 Pharisaeo
2614 4337 2713 4408 qui
2743 4338 2801 4392 in
2833 4337 3049 4408 templo
3080 4339 3325 4393 orabant
3346 4340 3495 4409 (Luc.
3524 4339 3778 4403 xvaO.

2211 4411 2297 4481 i-i)
2333 4429 2344 4466 :
2379 4410 2514 4482 quia
2547 4427 2699 4482 unus
2730 4427 2789 4464 se
2817 4409 3168 4476 justiticabat
3205 4428 3216 4478 ;
3245 4415 3301 4465 et
3359 4410 3508 4465 alius
3539 4427 3602 4466 se
3643 4426 3782 4464 con-

2210 4483 2544 4551 demnabat,
2603 4481 2659 4534 id
2719 4486 2828 4550 est,
2864 4484 3190 4536 accusabat.
3267 4483 3536 4536 Psalmus
3583 4497 3782 4537 vocem

2211 4554 2469 4633 continet
2519 4553 2830 4633 prophetae,
2862 4554 3251 4633 .o-stendentis
3309 4554 3608 4633 hominem
3665 4570 3782 4633 non

2213 4626 2465 4697 prepriis
2497 4623 2743 4697 meritis.
2779 4625 2877 4678 sed
2915 4623 3012 4678 Dei
3045 4627 3234 4696 gratia
3268 4643 3437 4696 posse
3470 4625 3701 4690 salvari,
3735 4624 3784 4679 si

2213 4695 2558 4751 conﬁteatur
2577 4695 2855 4750 admissa.

2211 4828 2237 4854 ‹‹
2264 4803 2420 4858 Beati
2456 4819 2704 4875 quorum
2739 4801 3000 4858 remissa:
3031 4809 3170 4859 sunt
3199 4805 3620 4876 iniquitates,et
3641 4821 3785 4876 quo-

2146 4912 2274 4950 rum
2309 4897 2458 4948 tecta
2487 4895 2626 4946 sunt
2649 4897 2903 4962 peccata.
2939 4915 2966 4940 »
3009 4895 3222 4949 Beatus
3253 4893 3627 4958 immortalis,
3660 4892 3788 4948 lan-

2145 4982 2355 5039 dabilis
2404 4982 2522 5038 sive
2569 4980 2880 5052 gloriosus.
2932 4982 3044 5036 Sed
3094 4989 3291 5039 tamen
3350 4982 3548 5038 nullus
3599 4984 3788 5054 potest

2144 5072 2298 5145 apud
2325 5089 2386 5126 se
2417 5087 2542 5126 esse
2569 5071 2794 5139 beatus,
2829 5071 2940 5126 nisi
2977 5074 3048 5126 ab
3080 5071 3180 5126 illo
3213 5073 3458 5144 accipiat
3489 5068 3786 5142 quijusti-

2145 5163 2280 5217 ficat
2307 5160 2581 5233 impium,
2614 5159 2721 5213 hoc
2755 5164 2862 5222 est,
2905 5166 3035 5214 Deo.
3071 5160 3234 5216 Unde
3266 5166 3322 5216 et
3352 5159 3565 5216 Paulus
3597 5158 3738 5213 dicit
3769 5175 3782 5212 :

2145 5249 2398 5306 Credenti
2427 5253 2615 5303 autem
2643 5249 2702 5302 in
2725 5263 2787 5302 eo
2817 5252 2912 5320 qui
2932 5249 3202 5319 justi/teat
3225 5251 3456 5320 impium
3487 5249 3790 5320 deputatur

2143 5340 2275 5411 ﬁdes
2305 5341 2425 5410 ejus
2455 5339 2528 5393 ad
2548 5337 2834 5408 justitiam
2866 5338 3042 5406 (Rom.-
3098 5355 3172 5392 ιν.
3223 5339 3298 5405 5).
3366 5361 3393 5388 ‹‹
3455 5337 3609 5392 Beati
3641 5351 3788 5408 quo-

2145 5447 2276 5483 rum
2308 5427 2565 5482 remissa:
2597 5428 2734 5480 sunt
2766 5424 3130 5496 iniquitates,
3179 5450 3198 5475 ιι
3263 5443 3513 5498 quorum
3555 5430 3790 5496 peccata

2143 5517 2566 5573 confessionem
2601 5533 2634 5570 a
2676 5515 2917 5569 Domino
2975 5516 3299 5570 diluuntur.
3335 5515 3558 5580 Quibus
3599 5515 3789 5568 modis

2144 5607 2524 5662 remittuntur
2558 5607 2789 5676 peccata
2813 5602 2840 5655 ‘?
2871 5604 3100 5658 Tribus.
3139 5605 3540 5659 Remittuntnr
3571 5620 3671 5676 per
3687 5603 3789 5658 ba-

2144 5696 2454 5768 ptismum,
2477 5697 2753 5763 teguntur
2773 5707 2872 5761 per
2919 5692 3403 5763 charitatem,non
3424 5693 3792 5764 imputantur

2144 5802 2247 5858 per
2279 5781 2648 5852 martyrium.
2683 5802 2710 5829 «
2746 5779 2812 5833 Et
2841 5796 3092 5850 quorum
3126 5787 3277 5838 tecta
3305 5786 3444 5838 sunt
3473 5791 3729 5852 peccata,
3760 5802 3786 5829 ››
