4314 6602
597 436 713 495 907

601 580 703 635 per
752 562 1116 632 charitatem,
1175 563 1496 617 secundum
1560 561 1704 617 illud
1759 563 2061 619 :Charitas
2122 579 2247 635 ape-
2277 565 2334 630 Α

600 654 677 707 rit
708 652 1123 707 multitudinem
1177 661 1521 724 peccatorum
1575 652 1623 723 (I
1676 653 1823 707 Petr.
1885 670 1956 721 IV,
2017 653 2092 723 8).
2121 652 2243 720 Vel,

602 764 630 791 ‹‹
665 743 921 806 Quorum
950 745 1103 796 tecta
1132 745 1272 796 sunt
1304 746 1560 812 peccata,
1620 762 1677 813 »g
1706 740 1813 795 hoc
1874 746 1982 811 est,
2042 746 2105 795 ut
2152 741 2246 805 hic

600 829 866 885 velentur
889 846 992 901 per
1023 828 1444 901 pmnitentiam,
1479 845 1550 883 ne
1581 828 1639 883 in
1661 828 1888 899 judicio
1920 829 2249 885 revelentur

673 942 699 968 ‹‹
733 921 944 975 Beatus
975 919 1063 973 vir
1093 917 1184 972 cui
1218 934 1335 974 non
1385 917 1706 989 imputabit
1766 918 2046 974 Dominus
2077 936 2244 990 peca-

599 1013 747 1063 tum.
786 1028 814 1057 ››
839 1006 945 1070 Qui
977 1022 1038 1062 se
1086 1006 1144 1061 in
1202 1005 1312 1061 hoc
1372 1006 1582 1060 saeculo
1640 1005 1947 1077 diligenter
1994 1007 2245 1078 potuerit

600 1113 943 1169 expurgare,
976 1095 1063 1151 vel
1096 1112 1197 1167 per
1227 1095 1591 1168 martyrium.
1649 1097 1810 1160 Quod
1830 1096 2078 1167 .tegitur,
2128 1113 2242 1151 non

597 1186 827 1241 videtur
859 1185 1034 1257 ;quod
1068 1202 1183 1239 non
1214 1184 1461 1255 videtur,
1504 1201 1618 1239 non
1678 1184 2007 1256 imputatur
2038 1205 2051 1241 :
2086 1186 2241 1256 quod

599 1292 714 1331 non
748 1275 1094 1347 imputatur,
1122 1290 1226 1329 nec
1259 1274 1554 1344 punietur.
1589 1295 1617 1323 «
1652 1273 1765 1329 Nec
1795 1279 1885 1329 est
1915 1274 1972 1327 in
1996 1291 2092 1329 ore
2113 1275 2241 1344 ejus

598 1364 787 1419 dolus.
823 1387 850 1414 ››
885 1365 998 1419 Hoc
1030 1368 1119 1419 est
1152 1363 1209 1417 in
1244 1362 1405 1418 illius
1435 1379 1533 1417 ore
1564 1363 1662 1433 ᾳλὶ
1696 1379 1758 1417 se
1787 1363 2096 1418 conﬁtetur
2115 1378 2242 1417 esse

597 1458 983 1525 peccatorem,
1016 1453 1169 1508 sicut
1199 1450 1527 1507 Nathaniel.
1565 1449 1727 1505 Unde
1758 1450 2040 1506 Dominus
2074 1450 2237 1505 dixit:

592 1546 726 1599 Ecce
754 1560 877 1598 vere
907 1542 1165 1597 Israelita
1197 1543 1257 1595 in
1281 1556 1384 1611 quo
1413 1540 1568 1596 dolus
1597 1555 1709 1594 non
1736 1544 1813 1594 est
1850 1543 2043 1611 (Joan,
2080 1539 2237 1609 1,47).

591 1633 663 1687 Et
693 1632 763 1688 de
796 1630 893 1686 illo
936 1628 1267 1701 publicano,
1332 1631 1403 1683 de
1455 1645 1570 1699 quo
1628 1627 1900 1699 superius
1958 1626 2236 1696 diximus,

593 1721 695 1793 qui
716 1736 778 1775 se
829 1719 1220 1774 conﬁtebatur
1246 1733 1373 1772 esse
1404 1721 1764 1788 peccatorem
1797 1715 1996 1771 dicens
2032 1734 2044 1771 :
2076 1717 2235 1787 Deus,

589 1811 859 1881 prapitius
887 1816 999 1863 esto
1029 1807 1171 1862 mihi
1200 1807 1642 1877 peccatori(Luc.
1678 1822 1839 1874 XVIII,
1896 1806 2003 1875 13).
2063 1829 2087 1853 ‹‹
2124 1806 2238 1860 Nec

2095 430 2352 491 APPEN
2363 430 2518 491 DIX.

3881 431 3999 492 968

2439 584 2467 617 α
2495 567 2605 618 Pro
2635 562 2745 618 hac
2775 562 3077 635 impietate
3107 561 3296 617 orabit
3325 563 3394 617 ad
3422 568 3478 617 te
3507 562 3700 617 omnis
3757 568 4000 618 sanctus

2357 651 2415 706 in
2448 657 2709 724 tempore
2730 656 3078 724 opportuno.
3114 675 3135 705 ι
3174 651 3431 723 Tempus
3466 654 3864 723 opportunum
3927 652 3999 706 ad

2357 742 2711 796 exorandum
2744 757 2847 813 pro
2879 740 3151 811 peccatis,
3183 740 3305 795 haec
3336 740 3452 795 vita
3482 746 3570 795 est
3600 757 3613 794 :
3649 740 3705 793 in
3726 755 3841 811 qua
3870 739 3997 795 ideo

2356 829 2543 885 sancti
2574 833 2763 896 orant,
2797 828 2935 901 quia
2966 844 3136 884 nemo
3178 835 3268 884 est
3296 847 3330 883 a
3379 828 3633 901 peccatis
3690 828 3994 884 immunis.

2354 919 2462 974 Pro
2493 919 2600 973 hac
2627 917 2938 989 iniquitate
2966 917 3054 972 vel
3113 934 3215 989 pro
3276 918 3383 973 hac
3438 918 3805 985 remissione,
3840 918 3997 989 quod

2354 1006 2626 1078 superius
2656 1006 2801 1061 dixit
2833 1024 2846 1061 :
2881 1029 2910 1056 «
2943 1005 3103 1061 Beati
3137 1022 3385 1077 quorum
3427 1007 3683 1062 remissae
3716 1012 3857 1062 sunt
3885 1006 3995 1060 ini-

2353 1095 2630 1167 quitates,
2664 1098 2720 1150 et
2749 1111 2998 1167 quorum
3025 1099 3180 1150 tecta
3228 1099 3368 1150 sunt
3398 1100 3630 1166 peccata
3659 1100 3819 1165 (vers.
3857 1096 3930 1165 1).
3963 1118 3992 1145 ››

2355 1184 2542 1240 Omnis
2589 1189 2810 1240 sanctus
2867 1184 2975 1240 hoc
3032 1189 3139 1252 est,
3201 1202 3305 1256 per
3362 1185 3725 1256 baptismum
3758 1202 3772 1251 ;
3805 1190 3862 1240 et
3892 1185 3992 1256 qui

2352 1279 2483 1346 post
2510 1275 2873 1346 baptismum
2905 1278 3104 1346 peccat
3144 1279 3347 1346 postea
3406 1273 3721 1328 dimittitur
3776 1272 3859 1328 illi
3891 1290 3994 1345 per

2351 1363 2772 1436 paenitentiam,
2806 1369 2908 1418 aut
2937 1379 3040 1434 per
3097 1362 3463 1434 martyrium.

2429 1474 2455 1505 ιι
2484 1452 2901 1508 Verumtamen
2932 1451 2991 1506 in
3010 1451 3227 1507 diluvio
3261 1468 3547 1523 aquarum
3571 1451 3889 1507 multarum
3915 1451 3989 1507 ad

2349 1557 2483 1596 eum
2516 1558 2631 1597 non
2663 1540 3175 1613 approximabunt.
3211 1562 3239 1591 »
3275 1541 3438 1595 Multi
3471 1540 3695 1595 fructus
3743 1539 3993 1596 diluvio-

2350 1647 2480 1697 rum
2511 1629 2570 1684 in
2592 1629 2817 1701 judicio
2848 1629 3062 1702 impios
3093 1628 3415 1698 vallabunt,
3449 1630 3549 1700 qui
3596 1629 3808 1684 sanctis
3835 1629 3989 1684 noci-

2349 1718 2466 1774 turi
2495 1736 2608 1774 non
2639 1723 2831 1774 erunt.
2868 1740 2895 1767 »
2926 1718 3343 1773 Verumtamen
3376 1719 3434 1772 in
3454 1718 3673 1773 diluvio
3704 1733 3989 1788 aquarum

2349 1807 2669 1863 multarum
2701 1807 2772 1863 ad
2814 1823 2950 1862 eum
3008 1824 3125 1863 non
3173 1807 3756 1879 aporopinquabunt.
3791 1830 3814 1859 ι
3853 1806 3990 1862 Sine

591 1903 679 1953 est
708 1898 879 1952 inore
900 1896 1029 1967 ejus
1052 1894 1282 1961 dolus,»
1300 1895 1401 1950 sed
1425 1894 1483 1948 in
1509 1893 1749 1948 veritate
1783 1895 2025 1948 credens
2056 1899 2236 1949 Deum
2265 1932 2315 1998 Β
2348 1897 2659 1969 angustiis,
2693 1897 2796 1964 ait,
2830 1914 2956 1968 quae
2983 1896 3152 1968 quasi
3184 1896 3355 1968 aquis
3387 1896 3812 1952 inundantibus
3834 1912 3986 1952 com-

588 1985 700 2041 hoc
728 1986 900 2041 corde
931 1983 1174 2039 retinuit
1205 1984 1359 2056 quod
1392 1999 1488 2038 ore
1518 1982 1921 2038 conﬁtebatur.

661 2097 689 2124 ‹‹
723 2074 1009 2139 Quoniam
1039 2072 1191 2128 tacui
1248 2072 1715 2127 inveteraverunt
1768 2071 1829 2125 in
1888 2087 1981 2126 me
2037 2070 2235 2127 omnia

588 2181 724 2221 ossa
755 2180 903 2220 mea.
931 2186 960 2215 »
993 2162 1118 2218 Non
1153 2160 1369 2235 protuli
1399 2160 1825 2216 confessionem
1856 2160 1926 2215 ad
1960 2158 2229 2229 salutem;

585 2254 716 2309 ideo
746 2253 938 2309 omnis
970 2252 1249 2308 fortitudo
1272 2268 1402 2306 mea
1432 2250 1490 2305 in
1513 2248 2061 2306 carnisinﬁrmitate
2094 2266 2230 2305 con-

587 2344 801 2399 senuit.
863 2364 891 2392 «
952 2340 1233 2409 Quoniam
1294 2339 1469 2405 tacui,
1528 2339 1995 2393 inveteraverunt
2047 2336 2108 2392 in
2139 2355 2230 2392 me

587 2431 787 2501 omnia
814 2447 947 2486 ossa
968 2447 1115 2499 mea,
1150 2430 1289 2484 dum
1326 2428 1639 2483 clamarem
1694 2431 1816 2482 tota
1844 2426 2011 2482 die.»
2046 2427 2228 2495 Tacui,

586 2522 695 2576 vox
725 2520 1014 2575 malorum
1059 2524 1166 2574 est.
1223 2519 1430 2572 Tacui:
1468 2517 1525 2571 id
1583 2520 1690 2586 est,
1741 2520 1935 2571 tacent
1990 2514 2226 2571 illorum

582 2614 839 2683 peccata,
869 2613 924 2664 et
954 2609 1011 2663 in
1044 2606 1409 2662 confessione
1440 2604 1647 2660 nolunt
1677 2606 1888 2660 dicere.
1927 2627 1955 2654 «
2004 2608 2226 2659 Invote-

581 2702 857 2754 raverunt
885 2714 1038 2763 ossa,
1076 2719 1103 2746 ››
1134 2696 1192 2750 id
1233 2699 1339 2763 est,
1400 2695 1644 2749 virtutes
1702 2710 1850 2764 quas
1904 2693 2228 2748 debuerant

578 2786 811 2857 habere,
844 2787 1314 2841 inveteraverunt
1345 2800 1444 2855 per
1474 2787 1800 2855 peccatum.
1834 2804 1860 2831 ‹‹
1926 2788 2073 2836 Dum
2103 2781 2223 2836 cla-

578 2893 825 2941 marem,
859 2898 886 2925 »
920 2874 977 2930 id
1009 2878 1117 2938 est,
1146 2871 1574 2929 clamabant.Si
1597 2870 1818 2943 aliquid
1842 2870 1977 2926 boni
2008 2870 2227 2925 habent

578 2981 682 3037 per
709 2964 1025 3019 vanitatem
1061 2963 1487 3017 demonstrant.
1522 2964 1588 3015 ut
1616 2959 1711 3014 ille
1752 2960 2080 3015 Pharisaaus
2106 2959 2223 3013 im-

576 3054 711 3124 pius
743 3053 1007 3119 faciebat,
1044 3050 1141 3122 qui
1174 3050 1403 3105 dicebat
1436 3066 1449 3102 :
1500 3046 1648 3105 Deus
1703 3051 1915 3117 gratias
1972 3049 2073 3103 tibi
2099 3065 2220 3119 ago,

576 3144 708 3212 quia
737 3157 847 3196 non
876 3158 998 3195 sum
1028 3142 1173 3194 sicut
1200 3139 1388 3195 caeteri
1410 3139 1682 3205 homines,
1740 3146 2001 3209 raptores,
2051 3136 2217 3192 adut-

573 3233 681 3285 teri
709 3230 865 3302 (lbid.
902 3231 1045 3301 11).:
1084 3229 1235 3284 Dum
1270 3227 1586 3283 clamarem
1618 3232 1740 3283 tota
1771 3227 1915 3294 die,»
1955 3227 2011 3282 in
2048 3226 2219 3282 istius

572 3320 702 3375 vitae
726 3324 1041 3375 momento.

655 3431 681 3462 α
712 3410 996 3475 Quoniam
1028 3408 1123 3462 die
1139 3424 1203 3462 ac
1227 3411 1394 3462 nocte
1419 3410 1654 3479 gravata
1675 3411 1763 3461 est
1789 3421 1966 3477 super
1986 3421 2080 3461 me
2102 3421 2219 3460 ma-

571 3517 683 3555 nus
714 3504 835 3554 tua.
874 3522 893 3547 ι»
930 3497 1195 3552 Potentia
1250 3501 1370 3551 tua.
1431 3495 1575 3550 Cum
1637 3511 1830 3551 essem
1890 3495 2131 3567 impius,
2164 3500 2221 3550 et

569 3587 952 3660 blasphemus
988 3604 1000 3642 :
1037 3608 1063 3636 «
1099 3586 1346 3640 Gravata
1376 3589 1465 3640 est
1494 3600 1669 3655 super
1699 3600 1792 3639 me
1823 3600 2034 3639 manus
2060 3588 2213 3652 tua,»

569 3677 628 3732 id
684 3681 791 3741 est,
853 3680 1111 3748 potestas
1164 3680 1307 3739 tua;
1355 3674 1493 3745 quia
1541 3672 1637 3727 hic
1694 3689 1809 3727 non
1880 3672 2216 3740 emendant,

573 3771 851 3838 gravatur
880 3780 1057 3835 super
1088 3762 1219 3818 illos
1252 3780 1463 3817 manus
1494 3762 1616 3829 Dei,
1675 3760 1732 3815 id
1793 3767 1902 3829 est,
1960 3765 2218 3833 potestas

566 3854 835 3909 vindicta:
867 3853 925 3907 in
960 3852 1051 3909 die
1071 3851 1304 3923 judicii.
1342 3873 1369 3900 «
1399 3853 1728 3907 Conversus
1757 3867 1890 3905 sum
1922 3849 1979 3904 in
2014 3867 2219 3905 aerum-

570 3962 663 4001 na.
698 3965 726 3994 »
762 3944 824 3998 In
857 3942 1093 3999 assidua
1122 3940 1497 3996 tribulatione
1553 3939 1916 4011 ﬂagellorum
1957 3944 2215 3995 tuorum.

574 4055 602 4083 «
635 4038 783 4088 Dum
816 4031 1130 4102 conﬁgitur
1160 4030 1304 4084 mihi
1336 4028 1526 4101 spina.
1559 4050 1587 4079 »
1622 4028 1908 4083 Stimulus
1928 4027 2220 4085 conscien-

572 4122 666 4176 tiae
699 4119 1054 4194 peccatricis.
1081 4142 1107 4168 «
1141 4122 1463 4175 Conversus
1516 4133 1648 4172 sum
1697 4117 1755 4171 in
1787 4134 2048 4173 aerumna
2076 4118 2218 4173 dum

574 4211 886 4283 conﬁgitur
917 4209 1063 4265 mihi
1098 4208 1267 4280 spina
1300 4225 1311 4263 :
1349 4224 1630 4277 aerumna,
1663 4227 1688 4257 η
1727 4206 1785 4262 id
1816 4211 1925 4273 est,
1958 4206 2217 4275 miseria,

573 4305 722 4355 Dum
755 4299 1065 4371 conﬁgitur
1098 4298 1239 4352 mihi
1300 4297 1489 4369 spina,
1542 4296 1599 4351 id
1634 4300 1743 4366 est,
1803 4296 1945 4351 dum
2012 4297 2221 4369 pungit

573 4406 666 4445 me
699 4389 1031 4445 consoienta
1058 4386 1300 4458 peccati.

649 4500 677 4529 «
708 4478 996 4535 Delictum
1032 4492 1227 4531 meum
1260 4475 1553 4547 cognitum
1588 4474 1695 4529 tibi
1724 4474 1851 4540 feci,
1901 4479 1957 4529 et
1986 4473 2218 4545 injusti-

574 4568 685 4623 tias
715 4583 876 4622 meas
910 4582 1025 4620 non
1058 4563 1357 4620 abscondi.
1392 4585 1418 4613 »
1454 4562 1565 4618 Sed
1615 4564 1920 4619 confessus
1979 4579 2132 4631 sum,
2165 4567 2222 4619 et

2344 1991 2648 2057 parantur,
2677 1987 2747 2041 ad
2779 1991 2961 2042 Deum
2991 1986 3175 2041 sancti
3236 1986 3704 2059 appropinquare
3736 2002 3853 2041 non
3881 2002 3984 2058 po-

2344 2080 2583 2130 tuerunt
2620 2074 2795 2147 ;quia
2821 2075 2921 2146 qui
2970 2075 3318 2131 sustinuerit
3347 2091 3535 2147 usque
3566 2076 3626 2129 in
3658 2076 3859 2145 ﬁnem,
3890 2074 3984 2131 hic

2343 2163 2540 2220 salvus
2569 2165 2678 2219 erit
2707 2166 2914 2235 (Matth.
2984 2181 3136 2231 XXIV,
3207 2165 3315 2235 12).
3346 2163 3470 2235 Vel,
3539 2183 3565 2215 ιι
3638 2163 3700 2219 in
3766 2164 3983 2221 diluvio

2342 2271 2651 2325 aquarum,
2685 2275 2712 2303 ››
2746 2253 2803 2308 id
2836 2258 2945 2319 est,
2977 2254 3254 2309 varietate
3298 2254 3699 2309 doctrinarum
3757 2254 3981 2310 haereti—

2340 2359 2579 2398 carum:
2614 2358 2717 2415 per
2745 2341 2853 2397 hoc
2893 2341 3006 2413 ipsi
3064 2343 3136 2397 ad
3196 2342 3381 2398 Deum
3441 2358 3558 2398 non
3614 2343 3979 2415 approxima-

2338 2433 2505 2487 bunt.

2409 2540 2436 2568 ‹‹
2470 2519 2557 2573 Tu
2589 2534 2651 2574 es
2681 2517 2827 2573 mihi
2857 2518 3153 2591 refugium
3187 2535 3220 2573 a
3273 2518 3649 2575 tribulatione
3706 2535 3833 2591 quae
3865 2518 3975 2574 cir-

2338 2606 2638 2662 cumdedit
2660 2611 2940 2663 me.»Vox
2965 2607 3232 2663 Ecclesiae
3265 2609 3335 2662 ad
3368 2607 3776 2664 Cbristum.De
3802 2608 3978 2678 hujus

2336 2694 2531 2751 saeculi
2562 2696 2854 2769 pressuris
2904 2697 3025 2752 haec
3075 2696 3233 2752 dicit.
3292 2687 3324 2746 ‹‹’
3383 2696 3701 2753 Exsultatio
3764 2714 3911 2754 mea.
3948 2720 3974 2748 »

2333 2784 2479 2848 Quia
2507 2785 2568 2840 in
2598 2790 2653 2840 te
2682 2786 2926 2856 gaudeo.
2973 2809 3001 2836 «
3051 2787 3201 2841 Erue
3255 2803 3347 2842 me
3390 2804 3424 2841 a
3470 2787 3970 2843 circumdantibus

2334 2891 2447 2930 me.
2478 2896 2506 2924 »
2536 2874 2636 2929 Vel
2668 2875 2739 2929 ab
2770 2874 3026 2931 inimicis
3057 2875 3330 2947 publicis,
3352 2875 3439 2931 vel
3462 2892 3496 2930 a
3517 2876 3787 2948 peccatis.
3821 2876 3969 2931 Dum

2331 2962 2496 3034 dixit,
2530 2962 2838 3019 exsultatio
2873 2979 3023 3019 mea.
3055 2987 3083 3014 «
3117 2964 3358 3019 Redime
3392 2981 3482 3020 me
3526 2982 3559 3020 a
3605 2965 3972 3020 circumdan-

2332 3052 2491 3107 tibus
2521 3068 2634 3118 me,
2671 3074 2698 3101 »
2730 3054 3024 3124 quomodo
3054 3052 3215 3123 dicit,
3249 3054 3489 3109 Redime
3547 3071 3641 3109 me
3694 3071 3829 3113 cum
3878 3053 3973 3109 ille

2330 3141 2429 3212 qui
2454 3141 2761 3196 redimitur
2786 3143 2847 3197 in
2878 3141 3208 3214 captivitate
3236 3147 3408 3207 est,et
3435 3142 3519 3197 illi
3538 3143 3634 3214 qui
3659 3142 3969 3210 exsultant,

2329 3231 2727 3302 redemptione
2756 3244 2874 3287 non
2905 3231 3170 3304 indigent
3196 3231 3224 3286 ?
3255 3231 3372 3286 Hoc
3403 3233 3475 3287 ad
3522 3250 3759 3288 sensum
3793 3232 3965 3304 perti-

2249 3298 2292 3364 C
2332 3324 2431 3374 net
2459 3298 2582 3374 Vo—x
2614 3318 2846 3376 illorum
2881 3324 2987 3391 est,
3031 3298 3132 3393 qui
3163 3337 3295 3376 cum
3342 3320 3457 3376 Deo
3488 3325 3646 3388 sunt,
3684 3326 3741 3377 et
3769 3298 3973 3393 rogant

2328 3425 2430 3479 pro
2462 3406 2578 3464 illis
2608 3408 2669 3463 in
2699 3407 2815 3464 ista
2845 3408 3180 3481 captivitate
3209 3408 3587 3464 tribulantur.

2398 3520 2427 3548 ς(
2463 3496 2829 3553 Intellectum
2861 3497 3170 3564 tibidabo,
3230 3504 3282 3553 et
3341 3498 3599 3554 instuam
3660 3504 3715 3554 te
3771 3498 3827 3553 in
3879 3498 3972 3555 via

2328 3586 2435 3643 hac
2467 3604 2585 3659 qua
2614 3587 2919 3660 gradieris.
2956 3610 2984 3637 ››
3015 3586 3253 3650 Qualem
3294 3582 3655 3643 intellectum
3690 3588 3790 3643 dat
3819 3589 3971 3643 Deus

2328 3675 2595 3732 Ecclesiae
2627 3694 2764 3732 suae.
2794 3675 2868 3731 Ut
2900 3675 3195 3748 intelligat
3225 3693 3327 3747 pro
3359 3693 3477 3747 qua
3497 3692 3675 3731 causa
3703 3678 3973 3733 anxiatur

2329 3771 2590 3831 sanctus,
2624 3769 2681 3819 et
2713 3764 2850 3820 facit
2898 3780 3246 3835 prosperare
3298 3769 3650 3834 peccatores.
3685 3787 3713 3813 «
3747 3764 3975 3821 Intelle-

2327 3858 2487 3908 ctum
2520 3853 2670 3908 dabo
2701 3852 2830 3919 tibi,
2872 3856 2929 3906 et
2978 3851 3265 3906 instruam
3310 3857 3366 3906 te
3410 3851 3468 3906 in
3522 3853 3618 3906 via
3673 3851 3796 3907 haec
3856 3870 3974 3924 qua

2326 3941 2630 4013 gradieris.
2664 3963 2692 3991 »
2726 3941 2790 3995 In
2820 3940 2930 4007 via,
2958 3939 3179 3995 scilicet
3209 3936 3592 3995 confessionis
3650 3940 3824 3996 istius
3867 3942 3970 3997 do-

2327 4046 2489 4086 ceam
2520 4034 2576 4085 te
2599 4028 2970 4100 sapientiam,
3006 4033 3072 4083 ut
3102 4046 3215 4085 non
3251 4030 3487 4085 recedas
3517 4029 3589 4085 ab
3629 4047 3715 4086 ea.
3749 4030 3965 4086 Intelli-

2327 4135 2461 4192 gere
2490 4122 2548 4174 te
2579 4118 2809 4183 faciam,
2842 4122 2899 4173 et
2929 4117 3145 4173 docebo
3195 4122 3251 4173 te
3280 4118 3339 4172 in
3398 4118 3491 4174 via
3546 4117 3657 4174 hac
3687 4136 3803 4190 qua
3849 4136 3968 4191 gra-

2327 4208 2526 4265 dieris.
2557 4208 2682 4263 Vox
2714 4207 2946 4263 Domini
2976 4207 3271 4279 loquentis
3301 4207 3622 4275 inducitur,
3674 4213 3732 4264 et
3761 4210 3971 4264 docen-

2326 4298 2424 4363 tis,
2457 4299 2750 4371 quomodo
2782 4297 2957 4354 homo
3002 4314 3177 4354 suum
3233 4304 3526 4353 mereatur
3582 4297 3887 4366 auxilium,
3921 4297 3970 4354 si

2326 4387 2426 4443 Dei
2472 4386 2740 4444 videlicet
2786 4392 3073 4460 praecepta
3117 4389 3501 4451 custodiens;
3538 4393 3695 4443 recto
3753 4388 3971 4443 feratur

2327 4476 2554 4537 itinere.
2588 4476 2794 4549 Itaque
2824 4477 2895 4532 ad
2926 4478 3249 4549 perfectum
3288 4475 3588 4531 munditiae
3613 4475 3753 4531 dicit
3781 4476 3968 4531 homi-

2328 4582 2458 4621 nem
2491 4566 2690 4622 venire
2720 4583 2837 4622 non
2867 4582 3061 4638 posse.
3085 4565 3152 4620 Et
3183 4581 3518 4637 quanquam
3551 4566 3622 4620 ad
3654 4565 3967 4637 perfectum

576 4656 820 4729 patefeci
852 4654 1068 4710 omnia.
1104 4653 1233 4709 Scio
1261 4652 1414 4708 enim
1450 4658 1507 4707 te
1537 4652 1651 4707 cito
1683 4652 1978 4708 remittere
2008 4651 2220 4708 delicta
2248 4669 2294 4734 ι)
2329 4655 2632 4711 munditiae
2661 4656 2857 4712 venire
2887 4672 3003 4711 non
3033 4654 3259 4709 valeat:
3290 4659 3482 4708 tamen
3515 4653 3574 4708 in
3623 4653 3967 4709 animalium

575 4762 707 4801 cum
741 4744 844 4799 tibi
880 4742 1094 4798 fuerint
1123 4742 1345 4814 integre
1377 4744 1649 4808 reserata,
1682 4745 1739 4795 et
1769 4740 1895 4795 ideo
1926 4740 2044 4795 dixi
2078 4757 2091 4794 :

650 4857 677 4884 ‹‹
708 4833 1038 4889 Conﬁtebor
1071 4833 1348 4887 adversus
1382 4847 1471 4885 me
1494 4829 1815 4901 injustitias
1839 4846 1999 4885 meas
2023 4829 2217 4885 Domi-

576 4940 710 4979 no.»
758 4939 875 4977 non
910 4920 1067 4977 enim
1126 4921 1408 4976 adversus
1459 4918 1795 4986 Dominum,
1854 4919 1953 4974 sed
2016 4920 2218 4975 adver-

572 5030 675 5070 sus
707 5029 799 5068 me
830 5012 937 5067 has
970 5010 1333 5082 pronuntiavi
1368 5013 1433 5063 ut
1466 5008 1841 5077 justiﬁcarer.
1902 5009 2036 5062 Dixi
2086 5024 2213 5078 pro—

569 5104 828 5159 nuntiavi
874 5101 1132 5156 adversus
1154 5116 1241 5155 me
1269 5102 1325 5153 in
1325 5099 1577 5169 justitias
1606 5114 1757 5151 meas
1787 5097 2016 5152 Domino
2048 5104 2099 5151 et
2158 5100 2217 5149 tu

570 5194 840 5249 remisisti
869 5191 1219 5262 iniquitatem
1247 5188 1453 5259 peccati
1477 5188 1606 5240 mei.
1642 5186 1705 5239 In
1741 5201 2033 5256 personna
2089 5182 2214 5239 illo-

569 5272 699 5339 rum
734 5281 873 5337 dicit
903 5279 1187 5353 propheta
1216 5279 1314 5349 qui
1355 5279 1796 5342 convertuntur,
1838 5273 1990 5330 sicut
2022 5273 2116 5329 ille
2148 5274 2214 5328 ﬁ-

568 5372 684 5427 lius
715 5370 814 5442 qui
876 5385 1115 5441 peregre
1173 5366 1465 5437 profectus
1523 5366 1631 5427 est,
1691 5367 1747 5417 et
1803 5362 1948 5417 dixit
1983 5362 2215 5417 :Iboad

572 5463 790 5516 Patrem
817 5475 1002 5513 meum
1031 5458 1183 5529 (Luc.
1245 5471 1338 5520 xv,
1394 5452 1502 5523 18).
1538 5451 1693 5506 Dixit
1747 5451 1805 5506 in
1867 5451 2057 5522 corde,
2112 5451 2211 5506 ubi

567 5551 723 5604 Deus
752 5549 982 5603 videtur
1013 5566 1025 5602 :
1063 5570 1089 5596 ‹‹
1122 5545 1191 5600 Et
1220 5548 1279 5598 tu
1306 5540 1581 5596 remisisti
1605 5540 1963 5612 impietatem
1994 5540 2211 5612 peccati

571 5639 707 5693 mei.
746 5661 767 5687 ι»
803 5637 935 5701 Quae
969 5637 1132 5708 prius
1161 5648 1482 5708 gesseram,
1540 5629 1967 5685 misericoditer
2018 5629 2213 5685 indul-

570 5725 722 5788 sisti.

2330 4745 2572 4799 modum
2621 4760 2843 4816 pronus
2891 4759 3006 4799 non
3056 4743 3274 4798 feratur
3321 4741 3379 4795 in
3431 4742 3588 4798 vitia.
3638 4765 3666 4793 ‹‹
3699 4742 3966 4798 Firmabo

2327 4848 2506 4904 super
2529 4837 2585 4886 te
2615 4831 2816 4887 oculos
2847 4846 3027 4886 meos.
3063 4852 3091 4879 »
3120 4829 3245 4885 Vox
3274 4829 3487 4885 Christi
3520 4830 3592 4885 ad
3623 4829 3962 4886 Ecclesiam:

2328 4941 2359 4969 ‹‹
2396 4919 2587 4973 Firma
2608 4935 2794 4990 super
2824 4922 2879 4974 te
2909 4917 3110 4974 oculos
3145 4935 3325 4986 meos,
3363 4944 3383 4971 ιι
3421 4919 3478 4974 id
3514 4923 3623 4985 est,
3662 4923 3962 4991 aspectum

2328 5005 2667 5063 divinitatis.
2706 5030 2727 5057 ι
2764 5006 3033 5063 Firmabo
3064 5025 3240 5080 super
3271 5018 3325 5063 te
3384 5007 3582 5063 oculos
3627 5024 3808 5076 meos,
3845 5030 3865 5057 »
3902 5012 3967 5062 ut

2327 5094 2387 5150 in
2419 5093 2726 5152 dilectione
2757 5096 2998 5152 luminis
3030 5096 3143 5153 mei
3176 5114 3539 5168 permaneas.

2397 5206 2425 5233 ‹‹
2458 5181 2646 5239 Nolite
2678 5185 2801 5240 ﬁeri
2834 5185 2985 5241 sicut
3013 5202 3220 5257 equus,
3257 5206 3284 5235 »
3315 5190 3424 5241 etc.
3457 5185 3563 5249 Qui
3594 5202 3708 5240 non
3742 5184 3838 5240 Dei
3866 5201 3962 5241 vo-

2327 5272 2572 5341 luntate,
2620 5275 2722 5330 sed
2770 5274 3004 5347 proprio
3052 5278 3213 5330 motu
3268 5292 3329 5330 se
3396 5290 3592 5346 regere
3645 5273 3866 5344 volunt,
3907 5279 3964 5329 et

2324 5361 2568 5419 eﬁ‘renes
2598 5364 2657 5418 in
2689 5363 2980 5419 luxuriam
3014 5363 3311 5429 decidunt,
3344 5363 3451 5419 bos
3498 5362 3780 5436 propheta
3809 5378 3963 5418 coer-

2323 5454 2411 5507 cet
2437 5451 2630 5509 verbis
2658 5451 3020 5508 terribilibus
3041 5452 3239 5508 dicens
3273 5470 3285 5507 :

2393 5563 2423 5590 ‹‹
2457 5539 2519 5597 In
2552 5541 2757 5597 chamo
2788 5546 2845 5596 et
2874 5541 3037 5597 freno
3060 5542 3326 5598 maxillas
3349 5558 3549 5597 eorum
3572 5541 3954 5612 constringe.»

2321 5633 2501 5686 Freno
2532 5635 2590 5685 et
2621 5630 2828 5686 chamo
2859 5631 3277 5688 moderationis
3324 5648 3464 5698 suae,
3521 5631 3676 5707 Deus
3706 5634 3960 5686 coarctat

2322 5718 2641 5792 impiorum
2671 5736 3067 5793 supervacuas
3096 5720 3512 5793 blasphemias.
3546 5720 3765 5791 Equus,
3801 5720 3960 5775 indo-
