4314 6598
343 432 462 494 969

1530 414 2032 498 BBEVIAHIUM
2075 436 2156 496 IN
2201 435 2579 498 PSALMOS.

3635 433 3754 493 970

348 563 530 620 mitus
561 582 575 633 ;
633 563 852 632 mulus,
898 564 1080 636 piger.
1136 567 1251 620 Hoc
1299 569 1465 637 rogat
1507 567 1765 622 Ecclesia
1810 573 1993 622 Deum
2023 569 2079 634 Α
2108 567 2463 646 chordarum
2495 566 2724 639 psallite
2755 565 2881 621 ei.»
2914 567 2976 620 In
3003 563 3284 635 Decalogo
3317 563 3749 619 mandatorum.

351 652 600 722 Patrem,
633 659 700 708 ut
727 671 830 725 per
857 653 1110 722 frenum,
1143 653 1201 708 id
1234 659 1344 721 est,
1378 655 1868 726 praedicationem,
1895 674 1999 728 po-

349 740 554 812 pulum
585 743 886 814 gentilem,
941 758 1088 814 quos
1132 759 1315 814 equos
1365 744 1704 816 nominavit,
1756 746 1825 799 de
1881 745 2001 800 lata

347 829 440 886 via
469 835 526 885 et
556 830 814 902 spatiosa
847 831 1044 887 smculi
1097 832 1300 902 hujus,
1335 833 1510 888 faciat
1555 835 1626 888 ad
1675 851 1736 890 se
1789 851 1996 906 appro-

348 918 657 992 pinquare,
691 925 748 976 et
779 920 1064 992 pupulum
1093 921 1434 988 Judaicum,
1465 939 1614 993 quos
1647 923 1838 978 mulos
1890 940 1996 977 no-

346 1007 610 1076 minavit,
644 1009 744 1080 qui
779 1009 942 1082 piger
971 1015 1058 1065 est
1091 1010 1162 1064 ad
1221 1011 1401 1065 Deum
1451 1011 1840 1080 credendum,
1897 1029 2000 1082 per

351 1095 650 1167 chamum,
683 1097 739 1152 id
771 1103 860 1154 est
891 1097 1300 1154 contritionem
1351 1099 1544 1155 cordis
1599 1099 1770 1155 faciat
1817 1100 1888 1154 ad
1936 1117 1999 1155 se

346 1185 616 1241 venire.»
648 1186 755 1250 Qui
807 1204 922 1242 non
963 1188 1378 1261 approximant
1431 1189 1502 1244 ad
1550 1193 1679 1245 te.»
1731 1189 1842 1244 Sed
1894 1206 1997 1260 per

349 1274 686 1346 superbiam
721 1273 1087 1348 elongantur.

419 1386 445 1411 «
481 1362 666 1418 Multa
698 1363 928 1436 ﬂagella
957 1370 1350 1436 peccatorum.
1380 1387 1408 1414 »
1469 1367 1616 1432 Quia
1645 1365 1823 1438 aliqui
1871 1383 1998 1437 pec-

345 1456 572 1508 catores
601 1457 760 1520 sunt,
793 1470 1045 1524 quorum
1078 1453 1138 1509 in
1171 1453 1285 1510 ista
1312 1455 1428 1509 vita
1458 1455 1768 1510 initiantur
1797 1454 1992 1527 flagel-

349 1539 426 1604 la,
477 1557 602 1611 quas
651 1546 852 1612 postea
895 1541 957 1596 in
1012 1541 1208 1597 futuro
1257 1543 1560 1598 habebunt
1627 1544 1758 1598 sine
1837 1546 1993 1597 line:

353 1628 591 1684 «Multa
639 1629 869 1701 ﬂagella
917 1635 1289 1702 peccatorum
1324 1647 1337 1686 :
1378 1654 1397 1680 υ
1437 1631 1537 1703 qui
1591 1631 1995 1704 paenitentiam

349 1733 520 1790 agere
546 1719 882 1774 noluerunt.
927 1743 954 1768 «
979 1719 1293 1792 Sperantes
1315 1725 1511 1776 autem
1534 1721 1593 1776 in
1616 1723 1863 1776 Domino
1886 1719 1994 1775 mi-

353 1805 672 1862 sericordia
701 1806 1108 1864 circumdabit.
1139 1831 1168 1858 »
1201 1809 1305 1865 Illa
1337 1809 1757 1876 misericordia,
1809 1814 1873 1864 ut
1915 1809 1996 1864 vi-

2111 655 2457 710 Psalterium
2491 655 2803 710 desursum
2835 653 3011 708 habet
3041 668 3318 707 cavamen
3345 669 3358 719 ;
3416 651 3751 724 praedicatio

2107 744 2194 799 vel
2229 746 2509 799 mandata
2539 743 2958 815 intelligiturin
2983 741 3223 806 sanctis,
3247 758 3374 813 quas
3392 741 3464 796 de
3481 741 3753 813 supernis

2107 833 2367 888 veniunt.
2423 833 2585 888 Unde
2631 833 2810 887 dixit:
2865 833 3032 887 Omne
3088 833 3282 885 datum
3351 831 3638 902 optimum,
3702 833 3753 884 et

2109 938 2266 976 omne
2287 923 2490 976 donum
2536 925 2854 992 perfectum,
2903 920 3188 974 desursum
3236 921 3312 973 est
3359 919 3684 974 descendens
3719 935 3754 972 a

2107 1012 2270 1065 Patre
2317 1012 2610 1080 luminum,
2653 1009 2798 1081 apud
2847 1025 3006 1080 quem
3051 1026 3166 1063 non
3211 1012 3288 1064 est
3341 1009 3750 1072 transmutatio,

2109 1100 2188 1154 vel
2218 1099 2612 1153 vicissitudinis
2671 1099 3012 1153 obumbratio
3066 1098 3198 1169 (Jac.
3256 1115 3294 1163 ι,
3347 1099 3510 1170 17).‹‹
3544 1097 3751 1152 Decem

2105 1187 2482 1253 chordarum,
2509 1211 2536 1237 ››
2562 1187 2617 1241 id
2649 1191 2760 1258 est,
2785 1188 2984 1242 decem
3014 1187 3191 1242 verba
3219 1186 3386 1259 legis.
3417 1186 3553 1241 Tria
3585 1203 3750 1241 man-

2109 1277 2244 1331 data
2273 1276 2332 1330 in
2363 1273 2732 1345 una'tabula,
2767 1293 2892 1348 quae
2925 1277 2997 1330 ad
3031 1277 3205 1331 finem
3235 1275 3538 1332 Trinitatis
3567 1275 3750 1348 perti-

2109 1370 2266 1432 nent,
2302 1365 2422 1419 haec
2460 1370 2636 1433 sunt;
2685 1365 2983 1436 primum:
3029 1365 3192 1436 Audi,
3241 1365 3431 1428 Israel,
3479 1367 3749 1420 Dominus

2105 1456 2245 1508 Deus
2275 1463 2398 1509 tuus
2427 1455 2564 1509 Deus
2593 1471 2734 1508 unus
2764 1463 2844 1509 est
2891 1455 3066 1526 (Deut.
3113 1472 3191 1521 VI,
3242 1455 3297 1522 ὦ)
3318 1471 3340 1516 ;
3389 1454 3750 1509 secundum:

2105 1547 2227 1597 Non
2259 1542 2466 1598 habetis
2494 1559 2690 1598 nomen
2725 1544 2824 1598 Dei
2850 1543 2936 1598 tui
2964 1545 3025 1598 in
3054 1560 3254 1598 vanum
3279 1542 3468 1613 (Exod.
3527 1559 3622 1608 xx,
3651 1543 3707 1614 7)
3734 1559 3747 1597 :

2108 1632 2386 1686 tertium:
2423 1631 2658 1687 Observa
2699 1632 2846 1686 diem
2899 1633 3115 1686 sabbati
3155 1631 3310 1704 (Ibid.
3366 1632 3442 1702 8).
3493 1631 3750 1703 Septem,

2106 1719 2166 1775 in
2199 1719 2380 1776 altera
2410 1719 2632 1790 tabula,
2665 1721 2736 1775 ad
2767 1720 3136 1776 dilectionem
3160 1721 3409 1792 proximi
3437 1721 3748 1790 pertinent.

2179 1833 2207 1860 «
2239 1810 2478 1865 Cantate
2505 1810 2556 1864 ei
2588 1810 2881 1865 canticum
2915 1827 3153 1870 novum.
3180 1830 3209 1858 »
3243 1810 3304 1864 Id
3363 1813 3472 1875 est,
3519 1807 3750 1880 psallite

348 1901 470 1950 tam
530 1901 866 1953 mereantur
923 1902 1218 1954 (sternam.
1281 1898 1388 1962 Qui
1445 1903 1662 1954 rectam
1721 1916 1884 1970 spem
1941 1904 1998 1954 et
2027 1937 2074 2001 Β
2107 1899 2158 1954 ei
2188 1915 2401 1954 novum
2434 1898 2726 1954 canticum
2753 1915 2766 1952 :
2796 1898 2854 1953 id
2882 1903 2990 1966 est,
3016 1915 3248 1969 novam,
3271 1896 3474 1965 vitam,
3498 1897 3638 1968 quia
3657 1914 3755 1953 no-

350 1985 527 2040 ﬁdem
559 1983 618 2040 in
651 1990 766 2040 Deo
797 1985 1051 2042 habent:
1085 1986 1246 2058 ipsos
1275 1986 1679 2042 misericordia
1735 1987 1833 2042 Dei
1885 1986 1995 2043 cir-

349 2073 676 2141 cumdabit,
710 2078 776 2128 ut
806 2073 947 2130 illud
987 2093 1000 2131 :
1035 2075 1179 2131 Misit
1211 2077 1479 2146 Angela-in
1509 2078 1774 2132 Dominus
1795 2079 1855 2131 in
1885 2078 1996 2132 cir-

343 2165 501 2220 duitu
539 2163 860 2220 timentium
915 2181 1042 2220 eum
1097 2167 1266 2237 (Psal.
1324 2183 1502 2235 xxxn,
1558 2167 1652 2238 8):
1705 2170 1762 2221 et
1817 2165 1992 2222 alibi:

341 2251 588 2308 Custodit
616 2253 890 2308 Dominus
921 2270 1105 2310 omnes
1133 2255 1430 2326 diligentes
1471 2272 1526 2312 se
1583 2256 1758 2328 (Psal.
1811 2273 1995 2325 cxmx,

352 2342 468 2411 28).

427 2453 456 2482 ‹‹
493 2431 792 2487 Lzetamini
853 2433 914 2488 in
967 2433 1234 2501 Domino,
1295 2438 1352 2490 et
1398 2433 1704 2503 exsultate,
1767 2433 1996 2506 justi.»

356 2519 647 2592 Propheta
677 2521 943 2578 hortatur
989 2522 1310 2578 Ecclesiam
1367 2521 1550 2579 laetari
1605 2525 1676 2579 de
1723 2539 1826 2595 spe
1870 2523 1999 2577 vitae

357 2613 582 2664 internae
613 2613 671 2665 et
729 2611 1185 2682 regenerationis
1221 2630 1234 2680 ;
1286 2617 1485 2668 tamen
1528 2613 1760 2668 laetatur
1805 2617 1862 2666 et
1904 2611 2000 2666 hic

357 2697 615 2753 Ecclesia
672 2697 731 2753 in
787 2698 1234 2756 tribulatione:
1295 2703 1367 2756 Et
1413 2701 1746 2772 gloriamini
1797 2716 2002 2756 omnes

357 2786 498 2841 recti
529 2787 718 2842 corde.
745 2807 772 2838 η
801 2787 874 2843 Ut
932 2788 1187 2845 Paulus:
1221 2812 1249 2840 «
1285 2791 1390 2858 Qui
1434 2789 1736 2861 gloriatur,
1791 2791 1852 2844 in
1905 2789 2002 2844 Do-

354 2877 505 2930 mino
534 2876 821 2944 glorietur.
853 2899 874 2924 ιι
909 2876 959 2944 (I
987 2877 1108 2932 Cor.
1144 2897 1182 2944 I,
1217 2878 1326 2949 31).
1363 2879 1528 2934 Recti
1577 2879 1748 2933 corde
1799 2878 2002 2932 dicun-

357 2967 476 3032 tur,
511 2964 730 3036 quibus
760 2965 962 3020 omnia
983 2966 1212 3034 judicia
1239 2967 1342 3022 Dei
1371 2967 1622 3038 placent,
1656 2973 1712 3022 et
1741 2985 1802 3022 se
1831 2984 2003 3022 accu-

358 3057 494 3108 sant
522 3053 591 3108 de
625 3053 751 3110 suis
781 3054 1058 3126 peccatis,
1107 3060 1164 3110 et
1197 3057 1397 3122 Deum,
1431 3057 1551 3111 sive
1581 3056 1638 3110 in
1685 3057 2002 3128 prosperis,

358 3141 481 3196 sive
536 3141 595 3196 in
629 3142 911 3210 adversis,
967 3159 1202 3214 semper
1251 3144 1536 3200 laudant:
1595 3145 1892 3200 Lzetamini
1943 3145 2002 3198 in

361 3229 624 3298 Domino,
659 3234 717 3285 et
743 3230 997 3286 exultate
1036 3232 1225 3302 justi;
1270 3237 1327 3287 et
1384 3233 1738 3304 gloriamini,
1799 3251 2004 3289 omnes

2109 2005 2212 2044 vus
2243 1987 2417 2043 homo
2439 1987 2598 2043 venit
2616 1987 2676 2042 in
2699 1989 2990 2042 mundum
3017 2005 3030 2044 :
3057 2004 3264 2044 novam
3289 1986 3475 2060 legem
3499 1985 3757 2042 instituit

2107 2075 2300 2143 nobis,
2333 2080 2389 2132 et
2417 2093 2628 2132 novam
2661 2075 2980 2132 Ecclesiam
3014 2093 3115 2148 per
3136 2076 3521 2148 baptismum.
3547 2098 3575 2125 «
3609 2076 3756 2131 Can-

2106 2171 2224 2222 tate
2255 2165 2308 2222 ei
2338 2165 2635 2221 canticum
2693 2182 2980 2234 novum,»
3037 2165 3178 2238 quia
3229 2166 3565 2233 resurrexit,
3615 2165 3757 2236 quia

2107 2257 2268 2310 sedet
2297 2255 2368 2310 ad
2401 2255 2697 2310 dexteram
2727 2254 2932 2334 Patris.
2955 2278 2982 2305 ‹‹
3013 2255 3164 2310 Bene
3213 2253 3442 2327 psallite
3489 2255 3558 2310 ei.
3591 2278 3613 2306 υ
3653 2253 3758 2309 Ille

2108 2345 2254 2399 bene
2285 2343 2500 2416 psallit,
2530 2343 2629 2415 qui
2661 2343 2952 2415 impletin
3001 2360 3173 2416 opere
3225 2343 3378 2415 quod
3429 2346 3646 2410 cantat,
3696 2342 3755 2397 id

2109 2439 2214 2503 est,
2252 2432 2544 2504 praedicat.
2573 2454 2600 2481 ‹‹
2640 2433 2703 2488 In
2743 2432 3114 2504 jubilatione.
3153 2455 3180 2482 »
3233 2433 3468 2488 Jubilus
3517 2432 3754 2502 dicitur,

2111 2523 2266 2594 quod
2297 2539 2402 2576 nec
2431 2522 2644 2594 verbis,
2677 2538 2783 2577 nec
2810 2522 3072 2594 syllabis,
3109 2526 3165 2577 et
3207 2538 3314 2577 nec
3369 2521 3600 2590 litteris,
3651 2537 3758 2576 nec

2108 2627 2246 2666 voce
2279 2614 2464 2682 potest
2492 2626 2821 2681 erumpere,
2873 2615 2974 2664 aut
3021 2609 3515 2681 comprehendere
3565 2626 3756 2681 quan-

2109 2705 2233 2754 tum
2268 2699 2442 2754 homo
2474 2705 2656 2754 Deum
2687 2699 2898 2754 debeat
2926 2698 3181 2754 laudare.
3211 2719 3237 2750 (ι
3267 2703 3412 2754 Bene
3447 2696 3672 2770 psallite
3703 2698 3755 2753 ei

2111 2789 2168 2843 in
2200 2787 2680 2844 vociferatione.»
2718 2786 3260 2857 Perjubilationem
3321 2787 3618 2858 quondam
3663 2803 3754 2841 sa-

2113 2878 2436 2943 cerdotum,
2475 2876 2707 2931 Jericho
2759 2875 2965 2930 mundi
3019 2875 3269 2947 ﬁguram
3320 2875 3584 2930 retinens
3637 2891 3759 2929 cor-

2114 2965 2230 3020 ruit
2259 2967 2437 3034 (Josue
2470 2983 2545 3029 v1,
2577 2966 2690 3034 28),
2740 2979 2896 3019 nunc
2945 2981 3048 3036 per
3098 2969 3359 3020 nostram
3410 2963 3754 3031 orationem,

2113 3056 2242 3125 ejus
2275 3053 2760 3125 concupiscentiae
2793 3053 3110 3108 eliduntur.

2187 3165 2216 3194 ‹‹
2245 3144 2531 3209 Quoniam
2563 3147 2756 3197 rectus
2804 3147 2893 3198 est
2935 3159 3126 3200 sermo
3179 3143 3428 3198 Domini.
3464 3165 3492 3192 ››
3538 3141 3652 3198 Nec
3699 3141 3758 3196 in

2113 3232 2309 3304 aliquo
2341 3236 2635 3298 curvatur,
2670 3232 2768 3286 sed
2803 3232 3321 3304 prosperabiturin
3370 3233 3463 3287 his
3511 3233 3582 3287 ad
3631 3248 3758 3303 quea

358 3318 502 3372 recti
533 3319 779 3374 corde.»
813 3317 1105 3389 Ut‘gloria
1160 3324 1352 3375 vestra
1381 3322 1452 3375 ad
1511 3337 1646 3376 eum
1696 3306 2075 3387 referatur,‘C
2115 3320 2313 3393 dirigit
2332 3321 2523 3375 illum.
2555 3343 2574 3368 α
2613 3323 2680 3375 Et
2709 3321 2907 3376 omnia
2937 3337 3113 3392 opera
3137 3323 3265 3391 ejus
3318 3322 3377 3376 in
3427 3322 3559 3376 ﬁde.
3586 3343 3615 3370 »
3663 3321 3755 3374 Si-

358 3405 514 3460 sicut
555 3405 637 3461 ait
690 3405 1050 3477 Apostolus:
1112 3429 1141 3456 «
1175 3410 1289 3479 Qui
1328 3410 1620 3478 gloriatur,
1671 3411 1732 3462 in
1779 3411 2004 3464 Domino

359 3496 632 3564 glorietur
677 3495 860 3566 (Ibid)
896 3517 923 3543 ››
976 3497 1158 3560 Quem
1230 3497 1526 3568 supplices
1604 3499 2002 3569 deprecemur,

361 3587 426 3639 ut
453 3584 698 3639 obtectis
729 3600 830 3655 per
883 3583 1307 3656 indulgentiam
1357 3586 1632 3656 peccatis,
1683 3602 1786 3640 nec
1835 3603 2006 3657 repu-

361 3672 502 3728 tatis
534 3671 692 3727 ultra
719 3672 970 3738 delictis,
1027 3689 1360 3729 mereamur
1415 3679 1752 3730 sanctorum
1791 3676 2008 3730 exulta«

362 3761 542 3817 tionis
571 3765 864 3834 perpetua:
897 3779 1024 3818 esse
1055 3763 1388 3835 participes.

899 3869 1228 3926 PSALMUS
1259 3870 1474 3925 XXXII.

361 3961 424 4015 In
453 3959 640 4028 ﬁnem,
671 3957 924 4012 Psalmus
955 3957 1146 4016 David.
1182 3958 1455 4015 Psalmus
1485 3959 1594 4014 iste
1640 3976 1838 4014 vocem
1870 3977 2010 4015 eon-

433 4030 582 4084 tinet
613 4028 921 4103 prophetae
940 4030 1014 4084 ad
1056 4030 1239 4086 Deum
1282 4031 1574 4086 hortantis
1622 4031 1886 4103 populos,
1927 4037 2011 4086 at-

435 4117 550 4172 que
581 4105 876 4156 monentis
899 4101 1099 4171 justos
1129 4103 1188 4157 in
1222 4119 1396 4174 quem
1430 4101 1677 4158 debeant
1697 4101 2010 4158 exsultare.

436 4229 465 4256 »
498 4205 816 4277 Exsultate,
855 4206 1024 4277 justi,
1059 4207 1119 4262 in
1147 4208 1413 4264 Domino.
1442 4231 1469 4259 »
1513 4209 1798 4280 Propheta
1822 4209 2015 4265 horta-

363 4299 465 4350 tur
497 4301 758 4362 sanctos,
790 4299 854 4350 ut
884 4295 1124 4352 laudent
1155 4298 1360 4354 Deum.
1387 4321 1415 4348 ‹‹
1447 4299 1763 4364 Exsultate,
1787 4299 1959 4370 justi.
1983 4319 2009 4350 η

367 4383 520 4440 Alibi
549 4384 727 4440 dicit:
761 4384 1022 4450 Gaudete,
1046 4386 1147 4440 sed
1195 4403 1381 4441 unum
1412 4391 1518 4442 est.
1569 4387 1674 4443 Alii
1727 4389 2021 4444 exsultant

364 4475 425 4528 in
458 4473 825 4544 rebushujus
849 4473 1066 4540 saeculi,
1100 4473 1199 4530 alii
1241 4475 1299 4530 in
1324 4475 1497 4542 circo,
1526 4476 1626 4530 alii
1653 4477 1712 4531 in
1749 4477 2014 4532 theatro:

373 4563 484 4618 Sed
509 4566 594 4630 tu,
629 4561 770 4618 dicit
800 4563 1083 4634 propheta
1113 4562 1428 4634 unicuique
1447 4570 1667 4630 sancto,
1692 4565 1750 4619 in
1773 4565 2020 4622 Domino

2115 3415 2215 3465 cut
2245 3409 2324 3463 ait
2351 3409 2410 3464 in
2435 3409 2765 3480 Evangelio.
2809 3409 2871 3463 Si
2920 3408 3218 3464 habueritis
3255 3409 3427 3479 ﬁdem
3472 3411 3756 3479 integram,

2114 3503 2164 3553 et
2192 3497 2450 3552 dixeritis
2478 3497 2594 3551 huic
2655 3499 2842 3564 monti,
2919 3499 3171 3568 Transfer
3217 3507 3269 3552 te
3298 3506 3350 3553 et
3397 3499 3551 3552 mitte
3598 3501 3649 3552 te
3700 3497 3761 3551 in

2118 3603 2306 3642 mare:
2338 3586 2429 3657 [iet
2457 3585 2676 3658 (Matth.
2726 3603 2863 3657 xvn,
2918 3586 3026 3658 19).
3081 3591 3144 3642 Et
3191 3588 3380 3642 omnia
3425 3601 3763 3657 quaecunque

2116 3676 2352 3746 ﬁdeliter
2375 3677 2668 3746 petieritis,
2698 3677 2904 3732 credite
2931 3677 3063 3747 quia
3109 3678 3406 3748 accipietis,
3455 3678 3505 3730 et
3547 3677 3766 3732 venient

2114 3767 2264 3821 vobis
2285 3765 2489 3836 (Matth.
2521 3781 2637 3836 xxr,
2667 3763 2782 3836 22).
2821 3765 2967 3830 Quia
2997 3771 3191 3820 rectus
3223 3770 3311 3821 est
3344 3780 3536 3820 sermo
3568 3763 3762 3820 Domi-

2118 3855 2200 3924 ni,
2234 3859 2291 3910 et
2319 3854 2519 3910 omnia
2547 3870 2722 3924 opera
2751 3855 2881 3924 ejus
2912 3853 2971 3908 in
3004 3855 3136 3910 fide.
3174 3855 3388 3911 Rectus
3431 3859 3520 3910 est
3566 3855 3624 3909 in
3673 3871 3762 3909 re-

2121 3945 2250 4000 ctis.
2285 3943 2471 4015 Opera
2495 3929 2710 4013 ejus‘in
2745 3943 2878 4010 fide,
2938 3943 2998 3998 in
3045 3944 3158 3998 fide
3211 3949 3574 4000 ssnctorum:
3625 3943 3766 4012 quia

2123 4033 2273 4104 quod
2310 4032 2596 4104 promittit
2627 4037 2776 4086 Deus
2805 4033 3025 4088 sanctis
3061 4033 3206 4100 suis,
3239 4049 3356 4088 non
3388 4031 3688 4088 mentitur.

2197 4144 2225 4173 ‹‹
2259 4121 2454 4192 Diligit
2487 4120 2970 4188 misericordiam,
3005 4125 3060 4176 et
3083 4120 3378 4192 judicium
3403 4120 3707 4176 Dominus.
3735 4141 3764 4168 »

2123 4213 2422 4274 Quomodo
2452 4208 2611 4276 dicit,
2642 4231 2662 4258 ε
2699 4208 3416 4281 diligit-misericordiam,
3443 4232 3470 4258 ››
3519 4225 3654 4263 cum
3704 4207 3766 4262 in

2125 4299 2238 4356 alio
2285 4299 2409 4354 loco
2469 4297 2660 4352 dicat:
2727 4297 2802 4354 Ne
2850 4299 3164 4353 miserearis
3209 4300 3468 4370 pauperis
3515 4299 3576 4352 in
3610 4295 3766 4368 judi-

2125 4391 2207 4444 cio
2237 4387 2428 4459 (Exod.
2463 4404 2622 4454 XXIII,
2656 4386 2732 4458 3),
2766 4387 2824 4441 id
2857 4392 2964 4453 est,
2997 4403 3112 4442 non
3171 4392 3406 4460 propter
3452 4401 3767 4459 pauperem

2129 4495 2235 4533 nec
2295 4481 2529 4549 propter
2578 4475 2836 4546 divitem,
2891 4493 3004 4530 non
3058 4481 3294 4548 propter
3337 4476 3665 4548 proximum
3714 4480 3772 4530 et

2129 4565 2539 4637 longinquum,
2569 4582 2684 4620 non
2718 4569 2952 4637 propter
2983 4565 3279 4638 cognitum
3303 4571 3358 4620 et
3379 4565 3769 4638 incognitum,

367 4649 685 4717 exsulta,et
714 4668 832 4707 non
866 4651 924 4706 in
951 4651 1441 4724 prosperitatibus
1487 4653 1714 4708 mundi.
1771 4674 1792 4702 α
1815 4654 2022 4710 Rectos
2049 4673 2096 4736 D
2129 4654 2386 4710 declines
2418 4670 2452 4708 a
2481 4659 2635 4708 recto
2658 4653 2920 4724 judicio:
2955 4655 3055 4709 sed
3089 4655 3250 4726 prius
3301 4655 3506 4726 judica
3548 4658 3770 4709 rectum

369 4741 534 4796 decet
563 4738 936 4796 collaudatio.
963 4763 991 4792 »
1027 4742 1237 4798 Rcctos
1286 4743 1446 4810 dicit,
1495 4743 1595 4815 qui
1649 4743 1706 4797 in
1758 4741 2022 4814 regulam
2124 4743 2440 4814 judicium,
2473 4746 2530 4796 et
2560 4747 2762 4814 postea
2785 4743 3094 4799 subveniat
3125 4743 3545 4800 misericordia.
3571 4766 3599 4794 ‹‹
3632 4741 3773 4798 Dili-

365 4829 628 4884 veritatis
662 4831 839 4886 corda
868 4830 1106 4887 illorum
1138 4831 1440 4904 dirigunt;
1476 4850 1590 4888 non
1647 4831 1904 4905 iniquos,
1939 4832 2020 4888 di:

367 4922 532 4974 cente
563 4919 851 4991 propheta
882 4937 894 4975 :
935 4921 1023 4978 Va:
1051 4921 1137 4978 his
1167 4923 1264 4993 qui
1315 4921 1505 4976 dicunt
1534 4921 1694 4978 dulce
1744 4940 2016 4990 amarum,

367 5010 418 5062 et
449 5023 711 5062 amarum
741 5008 897 5064 dulce
926 5009 1053 5081 (Isa.
1085 5028 1142 5075 v,
1173 5011 1286 5081 20).

443 5097 887 5152 «Conﬁdemini
942 5099 1190 5154 Domino
1271 5098 1330 5153 in
1403 5099 1648 5155 cithara.
1685 5123 1713 5150 ››
1785 5100 2024 5155 Cithara

373 5184 651 5240 deorsum
678 5184 856 5241 habet
911 5204 1210 5258 cavamen,
1263 5191 1320 5243 et
1369 5205 1468 5243 sex
1519 5188 1768 5244 chordas
1825 5189 2020 5244 habet.

374 5272 561 5343 Opera
593 5278 928 5330 sanctorum
962 5275 1380 5348 intelliguntur
1407 5293 1510 5346 per
1541 5277 1846 5348 citharam,
1895 5295 2024 5348 quae

376 5367 516 5416 sunt
545 5378 646 5417 sex
678 5380 852 5435 opera
901 5365 1340 5420 misericordia}.
1401 5370 1468 5419 Et
1511 5365 1581 5420 de
1629 5365 1746 5420 illis
1793 5367 2026 5422 chordis

377 5449 504 5505 aliae
540 5451 684 5507 bene
712 5459 976 5520 'cantant,
1010 5453 1135 5509 aliae
1170 5458 1564 5510 murmurant.
1598 5456 1687 5508 Sic
1719 5460 1776 5510 et
1817 5456 2039 5530 sancti,5

377 5539 477 5595 alii
509 5540 614 5608 sic,
649 5541 749 5596 alii
783 5560 915 5598 vero
947 5542 1050 5598 sic.
1091 5565 1111 5592 α
1148 5543 1515 5600 Confitemini
1546 5543 1794 5599 Domino
1838 5543 1894 5598 in
1955 5546 2032 5598 ri-

373 5628 563 5684 thara.
594 5653 620 5679 »
657 5632 718 5685 ln
751 5649 923 5687 carne
955 5631 1110 5689 vitiis
1161 5637 1219 5688 et
1267 5633 1759 5703 concupiscentiis
1793 5637 2032 5688 mortifi-

381 5722 512 5774 cata
543 5737 644 5792 per
669 5737 900 5778 crucem
930 5721 1318 5778 Dominicam.
1346 5743 1372 5775 α
1404 5723 1466 5777 In
1501 5721 1780 5778 Psalterio
1830 5723 2030 5780 decem

706 5851 962 5911 Parnm.
1011 5850 1234 5914 XXVI.

2129 4833 2213 4904 git
2241 4830 2726 4900 misericordiam,
2753 4853 2780 4882 ››
2814 4832 2952 4903 quia
2985 4851 3092 4888 nos
3123 4839 3430 4905 assumpta
3482 4849 3654 4889 carne
3687 4847 3774 4887 re-

2131 4921 2332 4990 demit,
2391 4924 2447 4975 et
2487 4919 2806 4992 judicium,
2853 4922 2954 4992 qui
3006 4922 3163 4977 inter
3205 4922 3418 4995 impios
3465 4923 3774 4992 justosquc

2131 5009 2429 5065 discernit.
2461 5029 2483 5056 «
2519 5009 2922 5066 Misericordia
2956 5012 3183 5066 Domini
3213 5011 3384 5082 plena
3414 5015 3503 5066 est
3542 5014 3712 5064 terra.
3747 5029 3775 5057 »

2132 5099 2316 5153 Totus
2347 5097 2625 5154 mundus.
2663 5097 2760 5153 Vel
2793 5103 2964 5165 terra,
2998 5105 3202 5155 sancta
3229 5098 3484 5154 Ecclesia
3502 5098 3572 5152 de
3594 5085 3771 5151 mise-

2136 5185 2386 5242 ricordia
2417 5187 2516 5241 Dei
2549 5187 2720 5259 plena
2751 5194 2878 5243 est:
2912 5189 3050 5260 quia
3079 5189 3231 5243 sicut
3259 5187 3374 5242 ille.
3395 5187 3612 5257 ubique
3665 5190 3774 5253 est,

2135 5282 2191 5331 et
2219 5293 2326 5331 sua
2356 5275 2758 5331 misericordia
2780 5293 2912 5331 cum
2938 5276 3056 5341 illo,
3079 5277 3226 5331 etab
3249 5275 3348 5330 illo
3369 5271 3778 5345 inseparabilis

2137 5370 2243 5432 est,
2276 5365 2416 5436 quia
2448 5381 2561 5420 non
2597 5370 2825 5420 tantum
2859 5370 2923 5420 ut
2947 5368 3142 5436 justos
3187 5363 3495 5432 custodiat,
3539 5349 3796 5417 dcscen-'

2138 5455 2244 5523 dit,
2279 5455 2378 5508 sed
2413 5459 2477 5508 ut
2509 5461 2838 5526 peccatores
2899 5454 3228 5522 redimeret,
3283 5458 3348 5507 ut
3396 5452 3586 5506 salvos
3638 5452 3781 5505 facc—

2139 5550 2244 5598 ret.

2213 5655 2240 5683 ‹‹
2271 5631 2456 5687 Verbo
2489 5633 2711 5686 Domini
2745 5633 2870 5686 ("mli
2903 5633 3110 5686 firmati
3148 5635 3307 5686 sunt.
3344 5653 3370 5679 »
3392 5629 3649 5684 Verbum
3683 5633 3784 5684 Pa-

2140 5723 2268 5790 tris,
2302 5721 2482 5778 Filius
2512 5727 2620 5775 est.
2644 5745 2670 5770 »
2705 5722 2840 5775 ϐωιί
2877 5722 3092 5776 firmati
3151 5725 3309 5786 sunt,
3340 5742 3366 5769 »
3419 5718 3602 5775 sancti
3651 5736 3783 5791 apo-

3389 5851 3459 5908 3i
