4314 6576
547 369 659 428 971

2042 361 2457 422 APPENDIX.

3822 358 3940 416 972

547 496 681 553 stoli
713 512 814 567 per
842 495 1034 566 ipsum
1070 494 1126 548 in
1163 496 1293 558 ﬁde,
1324 516 1351 548 α
1381 496 1568 550 Verbo
1592 494 1823 549 Domini
1854 492 1977 547 cceli
2001 494 2193 548 firma-
2220 495 2276 560 Α
2305 494 2378 548 ab
2411 494 2536 564 ipso
2564 494 2651 548 vel
2685 494 2836 548 facta
2866 496 3025 558 sunt,
3079 489 3169 545 vel
3228 496 3437 545 creata.
3481 510 3509 536 ι(
3543 488 3673 559 Ipse
3721 486 3886 541 dixit.
3909 507 3938 536 »

544 589 588 641 ti
624 590 836 641 sunt.»
883 585 945 641 In
977 585 1104 655 ipso
1154 585 1355 654 Verbo,
1404 585 1558 655 quod
1618 588 1743 638 erat
1797 583 1857 637 in
1906 582 2189 653 principio

545 675 701 747 apud
733 674 939 740 Dcum,
973 673 1094 728 sive
1123 672 1380 727 visibiles
1412 672 1559 740 cmli,
1593 672 1712 727 sive
1763 668 2004 741 apostoli
2052 676 2192 725 sunt

541 762 742 820 creati.
773 785 800 812 ‹‹
833 761 1022 816 Verbo
1054 760 1282 815 Domini
1316 759 1443 816 coeli
1476 760 1690 815 ﬁrmati
1742 765 1901 827 sunt,
1927 763 1983 812 et
2013 758 2187 829 spiri-

541 857 605 907 tu
638 852 756 907 oris
786 851 913 921 ejus
944 849 1138 904 omnis
1165 850 1349 903 virtus
1380 866 1602 903 eorum.
1628 869 1655 896 ››
1716 846 2016 900 Trinitatis
2066 864 2186 900 ma-

535 943 723 1013 jestas
755 932 1261 994 manifestissime
1300 937 1646 1003 declaratur,
1688 934 1990 999 Dominus,
2049 934 2187 989 Ver-

543 1032 706 1096 bum,
740 1027 992 1100 Spiritus
1050 1024 1300 1080 Domini.
1332 1050 1358 1072 u
1406 1029 1468 1077 Et
1518 1025 1572 1076 in
1627 1022 1833 1094 spiritu
1894 1023 2010 1077 oris
2061 1024 2187 1092 ejus

543 1118 739 1173 omnis
768 1117 954 1170 virtus
986 1131 1254 1169 eorum.»
1289 1112 1583 1167 Paracleto
1607 1112 1828 1166 scilicet
1871 1128 2185 1181 cooperan-

542 1212 618 1272 te,
652 1207 861 1261 horum
893 1204 1138 1258 virtutes
1169 1202 1445 1256 emlorum
1478 1206 1677 1255 creata:
1718 1204 1875 1255 sunt.
1929 1199 2073 1253 Nam
2129 1199 2184 1253 in

542 1295 787 1351 Domino
818 1297 1005 1359 Pater,
1055 1291 1114 1344 in
1167 1289 1358 1344 Verbo
1410 1288 1615 1358 Filius,
1670 1288 1729 1342 in
1786 1287 1997 1363 spiritu
2045 1287 2183 1355 oris,

543 1382 796 1455 Spiritus
829 1385 1067 1435 sanctus
1102 1377 1446 1432 declaratur.
1499 1378 1568 1431 Et
1615 1375 1753 1446 quia
1799 1376 2010 1442 dicit,u
2068 1376 2185 1431 oris

540 1474 691 1544 ejus,
718 1492 745 1519 »
777 1486 888 1525 non
924 1467 1241 1540 procedens
1269 1467 1436 1536 quasi
1475 1467 1663 1520 minor
1695 1465 1984 1519 credatur.
2039 1465 2182 1519 Nam

540 1560 694 1615 sicut
724 1559 908 1614 Filius
940 1574 971 1610 a
994 1557 1182 1622 Patre,
1217 1560 1273 1609 et
1304 1554 1545 1626 aequalis
1577 1553 1750 1619 Patri,
1792 1553 1873 1606 ita
1902 1559 1958 1606 et
2001 1553 2184 1622 Spiri-

541 1655 632 1704 tus
665 1653 903 1703 sanetus
960 1643 1201 1715 mqualis
1248 1644 1402 1698 Patri
1451 1643 1704 1697 habetur
1734 1659 1799 1696 ac
1858 1640 2019 1696 Filio.
2063 1642 2180 1707 Vel,

543 1761 564 1786 ι
601 1737 822 1808 Spiritu
855 1735 973 1789 oris
1003 1735 1131 1803 ejus
1161 1734 1352 1787 omnis
1402 1731 1589 1785 virtus
1638 1746 1912 1795 eorum,»
1962 1730 2018 1784 id
2072 1734 2181 1796 est,

538 1823 951 1897 perSpiritum
984 1826 1252 1877 sanctum
1282 1820 1527 1875 virtutes
1582 1818 1836 1874 illorum.
1888 1817 2033 1880 Quia
2080 1834 2183 1889 per

538 1912 824 1984 Spiritum
850 1916 1120 1966 sanctum
1168 1908 1501 1963 habuerunt
1543 1907 1803 1962 diversas
1833 1906 2073 1979 gratias,
2124 1906 2181 1961 id

539 2008 647 2069 est,
682 2001 945 2055 virtutes.
979 1999 1125 2054 Nam
1158 2015 1259 2071 per
1307 2014 1413 2053 nos
1460 1996 1606 2051 nihil
1658 1995 1794 2052 boni
1844 1996 2181 2065 habuimus,

543 2090 658 2146 nisi
690 2106 792 2161 per
822 2090 1040 2161 ipsum.

614 2203 641 2228 «
673 2181 1046 2252 Congregans
1076 2178 1305 2233 sicutin
1338 2180 1465 2232 utre
1485 2194 1668 2248 aquas
1716 2174 1915 2231 maris.
1945 2199 1965 2224 ι»
2014 2173 2179 2229 Clau-

539 2286 667 2324 sum
701 2268 998 2324 littoribus
1031 2284 1189 2322 mare
1244 2266 1517 2321 ostendit.
1545 2289 1571 2316 «
1604 2265 1977 2337 Congregans
2028 2264 2181 2318 sicut

535 2359 594 2413 in
628 2362 757 2413 utre
787 2375 971 2428 aquas
1003 2355 1204 2410 maris.
1231 2377 1260 2405 »
1291 2355 1397 2410 Per
1448 2372 1653 2425 aquas,
1694 2353 1889 2407 smculi
1939 2351 2182 2407 tribula-

535 2447 726 2503 tiones
757 2446 1068 2519 signiﬁcat,
1102 2450 1158 2498 et
1189 2443 1623 2514 persecutiones
1657 2447 2016 2507 sanctorum,
2037 2440 2178 2511 quia

536 2537 689 2591 sicut
718 2535 894 2590 homo
924 2534 981 2587 in
1016 2541 1143 2588 utre
1174 2549 1357 2601 aquas
1390 2533 1644 2603 stringit,
1679 2536 1734 2586 et
1764 2530 1995 2601 quando
2052 2529 2177 2583 vult

533 2624 775 2697 spargit,
808 2623 891 2678 sic
921 2621 1207 2677 Dominus
1238 2620 1641 2675 tribulationes
1673 2619 1961 2685 Ecclesiae,
2008 2622 2072 2671 ut
2096 2619 2177 2672 ait

531 2713 772 2779 Paulus,
810 2712 1009 2766 Fidelis
1052 2712 1193 2766 Deus
1242 2712 1338 2781 qui
1382 2727 1496 2764 non
1544 2711 1786 2780 patietur
1830 2725 1921 2763 vos
1975 2710 2176 2761 tentari

528 2819 691 2868 super
711 2802 771 2857 id
800 2800 939 2871 quod
968 2802 1184 2869 potestis
1211 2802 1376 2869 ferre,
1408 2800 1501 2853 sed
1530 2800 1694 2868 faciet
1741 2798 1910 2851 etiam
1949 2812 2176 2867 proven-

532 2896 649 2946 tum
676 2895 740 2946 ut
761 2891 980 2961 possitis
1036 2891 1309 2943 sustinere
1352 2888 1396 2957 (Ι
1429 2888 1547 2942 Cor.
1598 2904 1654 2956 x,
1707 2887 1815 2957 13).
1866 2908 1893 2935 ‹‹
1927 2885 2176 2957 Congre-

531 2995 677 3052 gans
707 2978 858 3033 sicut
911 2978 968 3031 in
1014 2982 1159 3044 utre,
1191 2998 1218 3024 ››
1272 2976 1330 3029 in
1378 2991 1523 3029 novo
1583 2973 1845 3028 Ecclesiae
1894 2973 2170 3039 homine;

536 3089 565 3117 «
593 3083 778 3138 aquas
812 3065 1010 3134 maris,
1040 3086 1066 3112 n
1129 3062 1325 3118 saeculi
1372 3062 1639 3135 p0pulos,
1690 3067 1755 3117 ut
1804 3062 1923 3117 sint
1968 3063 2172 3117 vinum

530 3172 769 3223 novum,
803 3155 954 3209 sicut
986 3151 1264 3207 Dominus
1313 3152 1414 3219 ait,
1447 3152 1505 3205 in
1539 3157 1698 3206 utres
1723 3168 1901 3206 novos
1954 3151 2168 3221 (Matth.

2300 582 2407 636 hoc
2430 587 2516 637 est
2547 599 2648 654 per
2679 582 2912 647 Filium,
2972 580 3071 651 qui
3102 579 3343 634 verbum
3376 582 3483 648 est,
3530 576 3695 639 dixit,
3716 595 3743 624 «
3778 574 3940 628 Man-

2299 671 2476 738 davit,
2515 688 2615 742 per
2642 669 2978 741 imperium,
3012 667 3121 722 hoc
3151 672 3258 738 est,
3291 663 3777 722 inenarrabiliter.

2369 782 2395 808 «
2432 758 2714 813 Dominus
2747 757 2996 827 dissipat
3043 755 3285 811 consilia
3333 754 3672 826 gentium.»
3722 752 3938 807 Secun-

2297 847 2438 900 dum
2463 846 2631 913 illud,
2690 848 2808 901 Non
2853 850 2931 900 est
2970 846 3284 909 consilium,
3334 860 3443 899 non
3485 845 3561 898 est
3612 841 3937 912 prudentia,

2295 954 2407 991 non
2430 942 2509 993 est
2526 938 2822 1008 sapientia,
2849 954 2959 992 non
2979 944 3055 991 est
3064 935 3323 1006 fortitudo
3347 938 3535 990 centra
3555 935 3720 988 Deum
3754 933 3935 997 (Prov.

2297 1042 2410 1093 xxx,
2470 1026 2581 1097 30).
2618 1048 2645 1074 ‹‹
2680 1026 2961 1080 Dominus
3012 1024 3261 1095 dissipat
3308 1022 3551 1078 consilia
3597 1021 3933 1093 gentium,»

2294 1114 2629 1169 Judaaorum
2663 1114 2904 1177 scilicet,
2939 1112 3039 1185 qui
3066 1119 3350 1184 tanquam
3402 1110 3687 1166 increduli
3737 1114 3940 1164 contra

2297 1207 2477 1256 Deum
2506 1203 2803 1258 Christum
2853 1206 3182 1258 susurrant.
3244 1200 3347 1256 Vel
3398 1199 3649 1271 dissipat
3696 1197 3940 1253 consilia

2295 1308 2518 1358 eorum,
2553 1293 2652 1363 qui
2684 1292 2890 1347 turrim
2924 1293 3208 1347 azdiﬁcare
3238 1290 3549 1345 voluerunt
3578 1306 3592 1357 ;
3626 1289 3937 1355 dextruxit,

2298 1385 2359 1433 ut
2411 1379 2595 1451 illud,‘
2640 1381 2817 1435 Venite
2875 1380 3278 1452 confundamus
3336 1378 3538 1433 ibidem
3590 1378 3809 1446 linguas
3850 1393 3938 1432 eo-

2293 1485 2438 1522 rum.
2470 1468 2620 1539 (Gen.
2682 1487 2761 1537 x1,
2828 1470 2865 1541 ).
2923 1493 2943 1517 α
2980 1470 3271 1539 Reprobat
3319 1473 3512 1523 autem
3558 1466 3938 1538 cogitationes

2294 1557 2715 1627 populorum.»
2752 1558 2868 1613 Hoc
2928 1562 3034 1625 est,
3085 1557 3447 1613 Judaeorum-
3479 1554 3741 1622 consilia,
3799 1554 3939 1625 quia

2295 1663 2407 1700 non
2441 1651 2758 1716 potuerunt
2788 1644 2889 1701 illa
2915 1647 3102 1701 facere
3130 1647 3239 1701 nisi
3269 1650 3557 1716 quantum
3589 1661 3623 1698 a
3653 1644 3767 1698 Deo
3797 1660 3937 1716 prae-

2294 1734 2527 1789 ﬁnitum
2563 1736 2689 1789 fuit.
2717 1758 2745 1785 ‹‹
2779 1736 3070 1806 Reprobat
3098 1740 3291 1789 autem
3323 1734 3706 1806 cogitationes
3754 1749 3936 1803 popu-

2297 1823 2562 1890 lorum,»
2596 1824 3020 1879 Pharisaeorum
3053 1829 3109 1879 et
3139 1824 3619 1890 Sadducaaorum,
3672 1820 3761 1876 vel
3805 1820 3934 1875 reli-

2294 1928 2546 1983 quarum
2578 1916 2935 1984 potestatum
2969 1930 3201 1984 genera.
3236 1935 3263 1961 «
3297 1916 3364 1965 Et
3393 1910 3667 1982 reprobat
3695 1908 3938 1965 consilia

2291 1999 2644 2073 principum.
2669 2020 2695 2053 ιι
2731 2005 2849 2056 Hoc
2881 2006 2988 2069 est,
3020 2003 3197 2055 Anna:
3244 2004 3301 2055 et
3332 1999 3579 2071 Caiphae,
3632 1998 3770 2070 quia
3822 1998 3938 2069 ipsi

2291 2089 2586 2162 principes
2640 2094 2807 2146 erant
2853 2090 3116 2162 ipsorum
3159 2090 3529 2145 sacerdotum
3572 2088 3675 2159 qui
3724 2087 3939 2158 prima-

2288 2184 2413 2233 tum
2446 2180 2723 2234 tenebant
2752 2178 2932 2249 hujus
2979 2178 3216 2234 sceleris
3247 2178 3421 2250 (Joan.
3473 2194 3637 2243 xvm,
3688 2177 3772 2244 13,
3819 2177 3935 2248 24).

2268 2267 2404 2345 ‘Hos
2434 2285 2639 2323 omnes
2669 2284 2804 2323 cum
2835 2268 2960 2324 suis
2981 2267 3242 2324 consiliis
3269 2267 3551 2323 Dominus
3573 2266 3932 2338 resurgendo

2287 2346 2595 2412 destruxit.
3268 2372 3273 2379 '

2362 2469 2383 2494 α
2420 2445 2740 2502 Consilium
2770 2464 2903 2502 vero
2935 2446 3168 2501 Domini
3209 2452 3408 2501 manet
3453 2445 3514 2499 in
3568 2448 3871 2500 aeternum.
3900 2465 3929 2492 ››

2285 2535 2604 2592 Consilium
2664 2536 2896 2591 Domini
2946 2535 3077 2600 fuit,
3128 2539 3194 2591 ut
3241 2538 3627 2605 resurgereta
3661 2531 3927 2601 mortuis,

2286 2624 2438 2678 sicut
2466 2629 2521 2678 et
2544 2623 2694 2679 fecit.
2722 2625 2883 2680 Istud
2917 2623 3251 2690 consilium,
3275 2622 3484 2692 Judaei,
3517 2622 3605 2676 vel
3636 2621 3928 2693 principes

2285 2712 2543 2780 illorum,
2577 2714 2877 2768 destruere
2908 2730 3023 2769 non
3082 2716 3417 2784 potuerunt.
3464 2735 3491 2762 (ι
3526 2710 3924 2783 Cogitationes

2284 2801 2478 2855 cordis
2508 2801 2635 2869 ejus
2660 2800 2717 2856 in
2749 2801 3121 2873 generatione
3150 2806 3207 2856 et
3235 2799 3687 2872 generationem.
3713 2821 3740 2849 »
3766 2796 3921 2852 Nihil

2283 2905 2351 2944 ex
2398 2889 2482 2944 eis
2530 2888 2911 2958 diminuetur,
2963 2890 3134 2961 juxta
3188 2889 3377 2944 illud:
3433 2889 3640 2944 Cwlum
3677 2895 3730 2942 et
3777 2892 3927 2941 terra

2283 2980 2629 3033 transibunt:
2688 2979 2853 3033 verba
2909 2988 3102 3035 autem
3181 2995 3307 3033 mea
3385 2993 3493 3033 non
3566 2976 3927 3050 prateribunt

2280 3066 2500 3135 (Matth.
2530 3084 2680 3133 xxw,
2711 3067 2822 3135 35).

2354 3178 2381 3204 «
2417 3156 2591 3210 Beata
2621 3171 2785 3227 gens,
2819 3156 2989 3226 cujus
3027 3159 3117 3210 est
3171 3154 3453 3210 Dominus
3513 3155 3668 3210 Deus
3717 3155 3864 3225 ejus.
3894 3175 3922 3204 »

532 3261 608 3311 Ix,
642 3245 750 3315 17),
783 3243 839 3297 id
874 3247 980 3313 est,
1029 3240 1428 3312 evangelicum
1481 3246 1856 3311 praeceptum,
1910 3240 2169 3296 recondi-
2202 3230 2246 3297 C
2282 3242 2400 3298 Hoc
2429 3249 2518 3299 est
2546 3244 2645 3314 qui
2706 3245 2953 3299 credunt
2994 3244 3149 3315 quod
3209 3242 3491 3298 Dominus
3538 3242 3754 3297 creavit
3794 3241 3924 3297 illas

528 3339 655 3388 tum
688 3332 746 3387 in
778 3332 1051 3387 cordibus
1073 3329 1454 3385 credentium.
1486 3351 1512 3382 α
1536 3330 1766 3385 Ponens
1815 3328 1872 3383 in
1933 3330 2170 3386 thesau-

528 3422 609 3478 ris
639 3422 899 3495 abyssos.
927 3443 952 3470 ιι
989 3420 1032 3475 Ο
1065 3435 1281 3491 magna
1333 3418 1623 3474 Creatoris
1653 3418 1931 3489 potentia,
1965 3435 2169 3473 recon-

526 3513 670 3567 dens
700 3511 759 3565 in
782 3508 1078 3565 thesauris
1107 3508 1385 3579 abyssos;
1421 3508 1740 3579 procedens
1772 3507 1842 3562 de
1876 3507 2171 3563 thesauris

523 3598 762 3655 ventosi
798 3599 1018 3653 Tamen
1074 3597 1168 3651 hic
1224 3596 1488 3668 abyssos,
1540 3595 1951 3668 mysteriorum
2002 3596 2168 3651 caele-

526 3688 708 3743 stium
734 3686 1102 3741 altitudinem
1127 3684 1703 3757 intelligimus,juxta
1723 3684 1862 3738 iliud
1887 3684 2166 3755 Apostoli,

528 3776 567 3832 0
589 3774 821 3830 altitudo
840 3774 1166 3829 divitiarum
1186 3776 1497 3844 sapimitiae,
1517 3777 1565 3827 et
1584 3774 1830 3828 scientiae
1851 3776 1947 3829 Dei
1994 3775 2164 3845 (Rom.

526 3882 604 3933 XI,
629 3865 719 3936 33)
745 3863 757 3917 l
793 3862 915 3933 Vel,
938 3863 998 3917 in
1027 3864 1321 3929 thesauris,
1356 3863 1410 3916 id
1441 3868 1548 3927 est,
1582 3862 1639 3916 in
1662 3863 2021 3919 absconditis
2043 3863 2165 3918 Dei.

527 3954 884 4019 Thesaurus,
910 3952 965 4006 id
990 3955 1078 4007 est
1098 3950 1359 4023 largitas,
1380 3950 1487 4007 hoc
1509 3955 1616 4017 est,
1640 3951 1998 4023 profundum
2022 3952 2169 4007 Scri-

529 4048 859 4115 pturarum.
893 4040 1057 4096 Unde
1089 4039 1345 4095 alioloco
1387 4040 1546 4108 dicit,
1605 4042 1711 4108 Qui
1754 4041 2004 4112 producit
2045 4058 2170 4097 ven-

466 4160 485 4175 κ
524 4142 644 4187 tum
672 4131 740 4187 de
768 4130 1041 4186 thesauris
1070 4132 1183 4184 suis
1214 4130 1394 4198 (Psal.
1430 4147 1654 4199 cxxxrv,
1686 4130 1763 4201 7).
1798 4130 1941 4184 Nam
1977 4148 2167 4202 quan-

518 4225 646 4276 tum
698 4219 878 4276 voluit
937 4236 1037 4291 per
1084 4236 1279 4274 servos
1338 4236 1478 4273 suos
1523 4220 1692 4274 nobis
1743 4219 2162 4287 demonstrare,

518 4316 750 4365 tantum
775 4327 879 4381 per
900 4327 1006 4364 nos
1031 4307 1350 4379 intelligere
1366 4307 1685 4378 potuimus,
1709 4307 1900 4379 ipsam
1928 4310 2162 4379 profun-

516 4398 759 4454 ditatem
782 4398 1219 4469 Scripturarum
1248 4412 1616 4467 nequaquam
1642 4414 1978 4468 possumus.

586 4507 614 4538 α
642 4487 872 4543 Timent
903 4485 1216 4542 Dominum
1250 4485 1441 4539 omnis
1492 4489 1666 4539 terra.
1695 4507 1722 4533 »
1773 4485 1880 4548 Qui
1929 4490 2160 4541 terrena

2282 3338 2596 3399 creaturas,
2648 3334 2802 3388 unde
2842 3333 3114 3405 superius
3161 3332 3516 3389 mentionem
3577 3332 3748 3387 fecit:
3808 3348 3920 3386 non

2282 3422 2434 3492 quod
2468 3428 2703 3494 tempus
2750 3421 2882 3477 illas
2931 3423 3207 3478 adducat.
3262 3421 3386 3492 Vel,
3421 3444 3448 3471 «
3483 3422 3652 3477 beata
3701 3436 3863 3493 gens.
3896 3443 3917 3469 ο

2280 3509 2815 3580 Christianorum”:
2852 3511 3022 3582 cujus
3055 3509 3336 3567 Dominus
3366 3516 3517 3565 Deus
3547 3511 3695 3580 ejus.
3719 3532 3747 3560 ››
3812 3514 3922 3564 Do-

2280 3599 2507 3654 minum
2540 3600 2695 3655 enim
2731 3599 2904 3672 elegit
2933 3599 3145 3656 habere
3176 3604 3380 3667 Deum,
3410 3597 3583 3654 idolis
3605 3598 3920 3669 derelictis,

2285 3709 2306 3739 ι
2336 3687 2592 3760 Populus
2637 3706 2810 3761 quem
2850 3687 3024 3762 elegit
3079 3689 3363 3744 Dominus
3412 3687 3470 3742 in
3521 3686 3918 3741 hereditatem

2278 3777 2411 3832 sibi.
2438 3799 2466 3826 »
2498 3777 2612 3850 Ipsi
2660 3777 2943 3850 pepulum
2974 3777 3367 3833 Christianum
3418 3774 3476 3829 in
3516 3773 3918 3830 haereditatem

2278 3866 2411 3941 sibi,
2444 3873 2507 3921 ut
2532 3866 2676 3921 dixit
2712 3867 2768 3920 in
2804 3866 2915 3921 alio
2964 3864 3228 3939 psalmo:
3281 3864 3427 3920 Dabo
3476 3864 3574 3919 (ibi
3619 3872 3801 3933 gentes
3857 3866 3920 3919 in

2277 3955 2653 4011 ha’redilatem
2703 3959 2875 4021 tuam,
2932 3958 2983 4009 et
3023 3956 3419 4026 possessionem
3459 3956 3611 4008 tuam
3660 3954 3919 4007 terminos

2276 4053 2440 4102 terra:
2468 4046 2637 4117 (Psal.
2673 4063 2734 4109 II,
2766 4046 2853 4112 8);
2886 4048 2945 4098 et
2973 4042 3140 4100 alibi:
3196 4044 3464 4098 Dominus
3510 4059 3639 4113 pars
3685 4041 3913 4097 haeredi-

2276 4136 2402 4189 tatis
2429 4150 2571 4191 meae
2601 4135 2771 4205 (Psal.
2832 4151 2925 4200 xv,
2955 4134 3048 4201 5);
3109 4137 3166 4188 et
3208 4133 3380 4188 item:
3431 4134 3614 4188 Portio
3645 4148 3765 4186 mea
3812 4133 3914 4186 Do-

2271 4225 2457 4277 miuus
2492 4224 2664 4291 (Psal.
2711 4240 2903 4293 cxvm,
2953 4223 3066 4291 57).
3099 4245 3128 4272 «
3160 4223 3223 4277 In
3273 4222 3669 4278 haereditatem
3726 4220 3858 4276 sibi.
3886 4242 3915 4271 »

2272 4312 2544 4384 Repulsis
2571 4312 2812 4379 Judaeis,
2845 4329 2953 4367 nos
2983 4328 3192 4367 sumus
3221 4311 3282 4366 in
3305 4310 3700 4367 hzereditatem
3724 4308 3910 4365 asciti.

2342 4424 2369 4451 rx
2404 4402 2484 4456 De
2509 4402 2647 4457 cmlo
2675 4402 2927 4472 respexit
2955 4401 3276 4456 Dominus:
3308 4400 3454 4455 vidit
3510 4415 3713 4455 omnes
3762 4397 3913 4454 ﬁlios

2270 4488 2652 4546 hominum.»
2694 4491 2765 4546 Ut
2813 4490 3087 4546 omnibus
3140 4490 3523 4545 misereatur:
3570 4489 3707 4560 quia
3757 4505 3905 4542 nun-

509 4575 749 4647 sapiunt
777 4575 970 4647 ipsum
1005 4574 1222 4645 potius,
1256 4578 1312 4628 et
1343 4591 1457 4629 non
1489 4578 1838 4643 creaturam,
1891 4575 2154 4632 adorent.
2185 4599 2235 4664 D
2269 4596 2443 4651 quam
2478 4584 2775 4651 respectus
2805 4581 2934 4650 ejus
2987 4578 3111 4634 sine
3168 4576 3570 4633 misericordia
3626 4576 3755 4633 fuit.
3806 4575 3907 4631 Vel

510 4686 539 4713 «
569 4663 658 4718 Ab
689 4679 754 4719 eo
786 4668 980 4718 autem
1013 4668 1490 4718 commoveantur
1522 4680 1727 4718 omnes
1758 4664 2152 4720 inhabitantes

505 4753 726 4808 orbem.
754 4774 783 4802 »
813 4755 942 4807 Haec
974 4752 1214 4823 quidam
1248 4754 1318 4807 de
1352 4754 1547 4808 futuro
1578 4753 1941 4809 arbitrantur
1987 4755 2148 4823 judi-

504 4843 614 4913 cio,
647 4842 748 4897 sed
782 4843 851 4897 ad
885 4847 1224 4911 sequentem
1256 4843 1677 4914 expositionem
1726 4844 1914 4915 magis
1962 4845 2146 4916 respi-

501 4932 682 4987 ciunt.
746 4932 823 4986 Ab
883 4931 1007 5001 ipso
1055 4934 1252 4986 autem
1312 4937 1791 4988 commoveantur
1864 4933 2143 4989 universi.

502 5037 706 5078 omnes
738 5020 834 5093 qui
873 5020 1207 5075 inhabitant
1235 5022 1456 5076 orbem.
1489 5022 1573 5077 Ab
1607 5022 1734 5093 ipso
1766 5021 1880 5077 Deo
1896 5039 2148 5079 commo-

500 5114 746 5166 veantur
776 5108 1051 5179 universi,
1078 5108 1135 5163 id
1169 5112 1276 5176 est,
1309 5110 1379 5164 de
1421 5108 1766 5165 inﬁdelitate
1824 5111 1895 5165 ad
1944 5111 2140 5166 ﬁdem.

499 5199 604 5256 Vel
634 5198 911 5266 universi,
945 5215 1148 5254 omnes
1188 5203 1462 5254 creaturae
1496 5200 1568 5254 ab
1597 5198 1724 5270 ipso
1771 5200 2031 5269 veniunt,
2089 5205 2146 5255 et

499 5306 615 5344 non
659 5288 812 5344 sicut
863 5294 1194 5360 peccatores
1243 5287 1466 5355 dicunt,
1518 5287 1673 5359 quod
1732 5291 1966 5358 tempus
2011 5287 2142 5343 illas

497 5377 753 5448 adducit,
786 5381 987 5432 etnon
1020 5375 1195 5443 Deus,
1250 5376 1390 5448 quia
1435 5381 1492 5430 et
1529 5381 1817 5446 tempora,
1878 5381 1937 5430 et
1992 5377 2137 5444 dies,

497 5472 551 5520 et
577 5483 780 5533 annos,
812 5465 900 5521 vel
933 5465 1107 5521 etiam
1144 5471 1440 5520 momenta
1467 5464 1620 5520 Deus
1649 5463 1974 5519 constituit.

568 5578 595 5604 ι(
618 5541 904 5624 Quiaipse
926 5555 1094 5623 dixit,
1126 5562 1182 5610 et
1214 5556 1365 5609 facta
1415 5559 1588 5621 sunt;
1650 5552 1773 5624 ipse
1818 5555 2138 5623 mandavit,

491 5646 549 5700 et
578 5646 768 5698 creata
796 5648 956 5698 sunt.
978 5666 1008 5693 »
1031 5644 1165 5700 Ideo
1198 5644 1393 5715 ipsum
1427 5647 1637 5697 cuncta
1685 5642 1952 5712 timeant,
2000 5645 2138 5716 quia

2266 4668 2550 4724 Dominus
2581 4670 2650 4724 de
2689 4668 2831 4723 c0310
2864 4665 3181 4740 prospexit,
3212 4665 3323 4721 hoc
3361 4671 3450 4720 est
3494 4666 3772 4722 misertus
3819 4671 3909 4724 est

2259 4758 2448 4813 nobis.
2478 4782 2505 4808 «
2539 4758 2728 4829 Super
2756 4757 2911 4812 filios
2961 4754 3344 4811 hominum.»
3398 4754 3524 4810 Filii
3574 4755 3901 4823 hominum,

2258 4846 2361 4900 ﬁlii
2394 4848 2603 4900 Adam.
2639 4844 2739 4900 Vel
2774 4845 2876 4899 lilii
2910 4844 3237 4909 hominum,
3271 4860 3638 4900 successores
3670 4849 3901 4915 aposto-

2257 4933 2469 4989 lorum.

2328 5024 2407 5077 De
2467 5026 2784 5094 praaparato
2844 5020 3174 5078 habitaculo
3223 5038 3330 5077 suo
3400 5023 3651 5094 respexit
3728 5039 3904 5095 super

2256 5129 2459 5168 omnes
2486 5113 2584 5183 qui
2618 5111 2949 5167 inhabitant
2984 5117 3223 5167 terram.
3257 5110 3367 5175 Qui
3401 5111 3569 5166 ﬁnxit
3600 5110 3899 5184 sigillatim

2255 5202 2434 5256 corda
2473 5218 2696 5255 eorum.
2724 5222 2748 5249 ›;
2789 5198 2849 5255 Ut
2897 5198 2997 5256 alii
3028 5200 3200 5255 detur
3245 5216 3438 5255 sermo
3479 5200 3752 5266 scientiae,
3802 5200 3898 5256 alii

2254 5289 2654 5362 interpretatio
2687 5306 3049 5357 sermonum,
3073 5287 3170 5344 alii
3201 5305 3415 5362 genera
3455 5288 3813 5361 linguarum,
3844 5295 3901 5344 et

2252 5379 2517 5451 reliqua:
2552 5398 2677 5451 qua:
2709 5386 2981 5451 speratur
3009 5395 3169 5433 unus
3214 5384 3391 5450 atque
3440 5378 3597 5433 idem
3643 5378 3897 5450 Spiritus

2250 5469 2294 5540 (Ι
2327 5471 2445 5523 Cor.
2474 5486 2578 5536 x11,
2609 5469 2786 5539 8-11).
2819 5468 2922 5523 Vel
2953 5466 3055 5540 qui
3086 5466 3253 5522 ﬁnxit
3282 5484 3385 5539 per
3413 5466 3676 5539 singulos
3720 5468 3896 5522 corda

2250 5573 2471 5612 eorum.
2506 5557 2750 5620 Quidam
2786 5557 2941 5611 hunc
2987 5556 3182 5612 locum
3230 5556 3588 5611 mendaciter
3633 5556 3704 5610 ad
3748 5555 3890 5611 illud

2247 5648 2525 5719 relerunt,
2559 5646 2714 5718 quod
2746 5646 3005 5703 animam
3038 5663 3107 5703 ex
3138 5648 3337 5703 anima
3374 5644 3712 5701 existiment
3762 5661 3889 5701 esse
