4314 6580
415 444 533 504 973

1590 430 2088 495 BREVIAHIUM
2134 428 2212 487 ΙΝ
2258 428 2643 488 PSALMOS.

3701 426 3820 484 9'74

416 576 778 646 generatam,
801 572 858 624 et
878 569 936 625 in
961 570 1146 624 Adam
1174 567 1436 623 omnium
1458 566 1684 621 animas
1732 562 2013 619 contineri
2040 580 2052 617 :
2086 563 2139 628 Α
2170 563 2460 631 protector
2480 562 2676 613 noster
2695 561 2810 612 est-
2840 577 2861 604 ι
2896 556 3012 611 Hoc
3043 560 3150 627 est,
3182 555 3322 627 quia
3348 555 3474 628 ipse
3499 558 3587 646 est
3615 559 3674 646 et
3710 556 3825 646 ad-

419 663 555 734 quia
580 661 635 715 id
658 660 813 731 quod
839 659 1030 714 Graace
1070 658 1282 713 dicitur
1323 654 1652 727 καταμόνας,
1700 670 1816 710 non
1855 668 2064 717 unum,

420 751 517 806 sed
550 767 653 821 per
687 748 906 804 multos
933 764 1227 820 quemque
1258 747 1573 816 signiﬁcat.

492 897 519 923 ‹‹
554 873 662 937 Qui
694 872 860 927 ﬁnxit
889 870 1191 943 sigillatim
1232 870 1406 925 corda
1426 886 1648 924 eorum.
1681 888 1709 918 »
1746 868 1854 935 Qui
1880 865 2064 933 ﬁnxit,

423 964 477 1018 id
508 966 613 1031 est,
640 962 773 1017 fecit
797 980 810 1028 ;
838 960 1156 1030 sigillatim,
1189 976 1291 1030 per
1344 957 1606 1029 singulos
1656 972 1859 1011 omnes
1900 953 2067 1008 intel-

422 1052 570 1122 ligit,
598 1056 660 1123 vet
689 1048 931 1104 insimul
989 1065 1193 1103 omnes
1250 1046 1585 1119 cognoscit:
1644 1046 1805 1099 corda
1861 1060 2067 1108 eorum,

424 1157 601 1211 Opera
621 1139 917 1193 illorum.«
950 1138 1054 1200 Qui
1075 1135 1350 1207 intelligit
1372 1136 1568 1190 omnia
1590 1150 1763 1204 opera
1793 1148 2017 1186 eorum.
2039 1152 2066 1180 »

432 1231 557 1299 [pse
609 1232 700 1282 est
748 1226 905 1281 enim
953 1223 1285 1296 speculator
1342 1222 1703 1295 prospiciens
1756 1222 1825 1276 de
1876 1221 1969 1275 die
2010 1220 2068 1273 in

425 1318 580 1373 diem
612 1320 775 1370 actus
805 1315 1116 1369 humanos.
1158 1335 1183 1365 α
1213 1312 1320 1377 Qui
1351 1311 1625 1382 intelligit
1672 1311 1870 1364 omnia
1898 1325 2073 1380 opera

426 1423 651 1471 eorum,
685 1429 706 1457 ι
744 1405 852 1459 hoc
883 1407 992 1470 est,
1020 1401 1274 1473 qualiter
1304 1402 1524 1456 donum
1564 1398 1659 1454 Dei
1707 1413 2072 1469 unaquaeque

428 1494 626 1547 anima
654 1492 887 1561 habeat,
921 1490 1046 1562 ipse
1076 1490 1397 1560 dispensat.

499 1640 527 1667 «
559 1617 684 1672 Non
716 1614 1038 1670 salvabitur
1088 1630 1187 1669 rex
1229 1630 1331 1685 per
1384 1612 1629 1667 multam
1689 1612 1986 1672 virtutem,
2018 1620 2074 1663 et

427 1708 593 1779 gigas
623 1722 736 1759 non
765 1703 1085 1759 salvabitur
1115 1705 1173 1756 in
1207 1701 1583 1757 multitudine
1612 1701 1845 1756 virtutis
1866 1716 2004 1754 sua).
2040 1717 2065 1747 io

430 1797 540 1850 Sed
566 1810 667 1866 per
691 1792 1002 1865 justitiam,
1035 1796 1091 1847 et
1115 1792 1397 1847 auxilium
1451 1792 1569 1846 Dei.
1620 1791 1764 1845 Nam
1813 1793 1868 1843 et
1899 1786 2072 1843 Goliae

429 1884 833 1939 fortitudinem
857 1882 1119 1936 confudit
1139 1886 1291 1935 Deus
1316 1896 1417 1951 per
1438 1896 1680 1934 manum
1709 1877 1882 1933 David
1908 1874 2071 1949 pueri

431 1974 521 2029 sui
554 1974 598 2042 (ι
621 1974 743 2043 Reg.
769 1987 907 2037 xvu,
931 1970 1043 2039 49).
1072 1970 1193 2024 Non
1230 1970 1293 2022 ﬁt
1343 1968 1541 2023 salvus
1590 1984 1686 2022 rex
1739 1983 1839 2038 per
1878 1964 2076 2020 multi-

428 2061 697 2117 tudinem
725 2059 957 2115 virtutis
989 2075 1127 2113 suae.
1164 2058 1350 2121 Quare
1371 2057 1398 2111 ?
1429 2056 1566 2128 quia
1597 2055 1735 2111 alibi
1757 2054 1936 2110 dicit:
1970 2059 2076 2109 Do-

429 2152 615 2205 minus
644 2157 721 2203 est
750 2149 899 2203 salus
928 2149 1101 2217 (Psal.
1140 2165 1223 2215 III,
1255 2147 1330 2217 0).
1382 2147 1495 2201 Nec
1527 2146 1693 2217 gigas
1742 2144 1937 2199 salvus
1968 2144 2079 2199 erit

431 2240 490 2294 in
515 2237 897 2293 multitudine
922 2236 1282 2292 fortitudinis
1315 2253 1455 2291 suae.
1488 2235 1665 2307 Gigas
1695 2251 1798 2305 pro
1832 2250 1939 2289 sua
1970 2234 2081 2288 for-

430 2326 681 2381 titudine
712 2324 947 2380 dicitur.
971 2325 1085 2380 Nec
1106 2325 1231 2396 ipse
1256 2324 1453 2379 salvus
1487 2340 1614 2379 esse
1636 2327 1827 2394 potest
1850 2338 1950 2393 per
1973 2323 2081 2377 for-

429 2414 741 2470 titudinem
775 2430 967 2483 suam,
997 2414 1149 2470 sicut
1178 2414 1449 2486 superius
1480 2414 1551 2468 de
1581 2411 1746 2467 Golia
1777 2417 1835 2467 et
1873 2411 2074 2466 David.

506 2581 534 2609 «
569 2556 764 2613 Fallax
794 2572 983 2628 equus
1016 2557 1088 2611 ad
1112 2554 1382 2622 salutem,
1416 2554 1476 2609 in
1499 2555 1861 2610 abundantia
1882 2558 2078 2609 autem

433 2645 667 2701 virtutis
699 2662 816 2699 suae
849 2661 965 2699 non
998 2643 1337 2700 salvabitur.
1365 2666 1393 2692 ››
1426 2643 1547 2697 Nisi
1580 2643 1733 2697 Deus
1784 2643 1956 2697 fuerit
1986 2659 2076 2697 as-

438 2752 643 2790 censor
672 2734 818 2805 ejus.
853 2756 881 2783 «
917 2732 1109 2788 Fallax
1138 2750 1325 2804 equus
1369 2734 1440 2787 ad
1494 2732 1764 2787 salutem.
1806 2755 1823 2779 n
1861 2732 2081 2802 Equus,

440 2840 652 2895 corpus
684 2823 1033 2887 humanum,
1065 2823 1397 2891 jumentum
1430 2826 1518 2875 est
1547 2821 1774 2888 animae,
1820 2821 1946 2874 ideo
1980 2820 2081 2875 t'al-

440 2911 554 2966 lax.
590 2932 617 2960 ‹‹
652 2911 713 2965 In
748 2911 1111 2965 abundantia
1141 2917 1335 2965 autem
1365 2911 1596 2965 virtutis
1621 2927 1759 2977 suae,
1791 2931 1819 2958 »
1843 2926 1956 2965 non
1978 2910 2087 2964 erit

442 3000 639 3056 salvus
670 3000 726 3055 id
751 3005 861 3067 est,
889 3017 993 3055 nec
1012 3001 1198 3072 gigas,
1234 3017 1338 3055 nec
1370 3016 1484 3054 rex.

513 3148 540 3173 ‹‹
569 3125 711 3179 Ecce
737 3122 889 3179 oculi
922 3124 1154 3179 Domini
1182 3141 1357 3195 super
1386 3124 1660 3179 timentes
1682 3140 1837 3177 eum.
1872 3141 1893 3169 ι
1921 3120 2083 3177 Oculi

442 3213 563 3277 Dei,
598 3218 871 3283 aspectus
900 3212 1242 3268 divinitatis.
1279 3234 1306 3262 ‹‹
1340 3213 1527 3283 Super
1556 3212 1831 3266 timentes
1861 3227 2019 3279 eum,
2056 3232 2084 3258 ››

443 3302 543 3373 qui
571 3318 704 3357 cum
734 3301 946 3355 timent
974 3300 1183 3356 timore
1204 3306 1424 3356 sancto.
1479 3303 1625 3355 Deus
1657 3300 1810 3355 enim
1844 3317 2082 3371 speran-
2114 3294 2157 3359 C

444 3397 531 3445 tes
560 3389 616 3443 in
649 3406 711 3444 se
739 3389 1101 3460 inspectione
1134 3390 1350 3444 cmlesti
1399 3388 1652 3460 protegit
1699 3407 1763 3444 ac
1804 3388 2081 3443 defendit.

449 3503 469 3529 ι
505 3483 571 3531 Et
601 3478 661 3532 in
720 3478 804 3532 eis
861 3477 961 3548 qui
994 3483 1235 3550 sperant
1289 3478 1349 3532 in
1383 3478 1782 3533 misericordia
1838 3480 1983 3548 ejus.
2017 3478 2089 3533 Ut

444 3571 611 3621 eruat
640 3584 672 3621 a
704 3571 889 3621 morte
922 3566 1148 3621 animas
1178 3584 1399 3622 eorum.
1437 3590 1465 3616 »
1499 3568 1554 3621 1d
1591 3573 1698 3635 est,
1732 3567 1790 3621 in
1821 3568 1927 3623 hoc
1959 3584 2088 3639 spe-

448 3661 579 3709 rant
608 3655 667 3709 in
700 3655 1100 3711 misericordia
1129 3657 1275 3726 ejus,
1309 3656 1365 3709 id
1412 3662 1519 3721 est,
1571 3656 1692 3723 Dei,
1726 3662 1790 3710 ut
1842 3674 1875 3710 a
1906 3661 2091 3710 morte

449 3750 729 3815 perpetua
750 3750 914 3799 eruat
933 3745 1160 3800 animas
1191 3762 1412 3800 eorum.
1446 3745 1548 3800 Vel
1582 3764 1615 3800 a
1641 3752 1846 3813 morte,
1871 3746 1979 3801 hoc
2006 3750 2094 3801 est

450 3850 483 3887 a
511 3833 761 3889 diabolo.

522 3979 551 4007 «
579 3962 654 4012 Ut
683 3962 849 4013 eruat
878 3976 911 4013 a
942 3963 1129 4015 morte
1159 3959 1386 4015 animas
1435 3976 1633 4015 eorum
1663 3978 1675 4015 :
1728 3965 1784 4015 et
1835 3959 1953 4015 alat
1996 3976 2093 4015 eos

448 4046 508 4100 in
533 4047 705 4101 fame.
734 4068 758 4097 ι
784 4047 927 4101 Cum
953 4048 1050 4102 alii
1079 4049 1238 4103 verbi
1268 4049 1369 4104 Dei
1402 4049 1709 4120 penuriam
1742 4050 2047 4119 patiuntur
2078 4066 2090 4103 :

450 4134 546 4189 isti
580 4135 651 4189 ab
683 4152 748 4189 eo
775 4134 1161 4191 viviﬁcantur.

528 4277 550 4304 ε
580 4257 792 4311 Anima
818 4262 1013 4313 autem
1056 4264 1259 4314 nostra
1306 4261 1556 4315 sustinet
1602 4262 1936 4316 Dominum.
1973 4282 2001 4308 »
2034 4262 2095 4315 Id

452 4350 558 4410 est,
591 4345 819 4415 patiens
849 4351 937 4401 est
968 4346 1026 4400 in
1057 4348 1320 4401 Domino.
1360 4348 1652 4418 Quidquid
1705 4350 2016 4404 accesserit
2046 4350 2096 4403 ei

453 4435 572 4489 sive
593 4434 835 4501 bonum,
860 4435 981 4489 sive
1006 4434 1253 4499 malum,
1277 4436 1528 4490 sustinet
1549 4443 1785 4507 propter
1806 4444 2011 4503 Deum,
2036 4443 2098 4491 ut

454 4523 535 4578 ait
564 4522 813 4578 Paulus:
878 4522 1071 4578 Omnia
1131 4525 1272 4577 mihi
1325 4524 1539 4594 placent
1596 4526 1641 4595 (Ι
1684 4528 1811 4581 Cor.
1872 4544 1928 4591 x,
1984 4527 2094 4596 33).

453 4611 555 4667 Vel
583 4634 611 4662 «
643 4612 753 4666 Alit
784 4628 881 4666 eos
913 4613 969 4666 in
999 4612 1173 4678 fame,
1211 4635 1230 4661 η
1284 4612 1341 4666 id
1391 4618 1499 4683 est,
1552 4614 1736 4685 pascit
1778 4631 1895 4669 eos.
1937 4613 2099 4669 Unde

457 4699 628 4754 dixit:
687 4702 752 4754 Et
808 4701 949 4754 aluit
1003 4717 1093 4755 eos
1151 4700 1519 4771 quadraginta
1572 4703 1735 4756 (minis
1792 4705 1851 4756 in
1893 4703 2101 4758 deserto

456 4788 658 4857 (Exod.
693 4806 805 4859 xw,
840 4789 951 4856 32).
986 4789 1132 4854 Quia
1174 4791 1634 4862 quotiescunque
1683 4791 1951 4847 homines
1997 4790 2099 4847 ha—

458 4876 595 4931 bent
625 4877 859 4948 tamem,
892 4878 1048 4933 Deus
1078 4878 1265 4951 pascit
1295 4896 1491 4935 servos
1515 4898 1653 4935 suos
1683 4897 1695 4935 :
1729 4880 1862 4936 licet
1882 4882 1953 4936 de
1975 4882 2102 4936 cibo

458 4970 709 5036 terreno,
735 4968 837 5022 sed
868 4972 1064 5024 tamen
1096 4967 1231 5040 plus
1261 4974 1369 5039 est,
1402 4970 1556 5024 unde
1590 4972 1776 5041 pascit
1804 4988 1901 5026 eos
1932 4972 2003 5026 de
2032 4972 2105 5025 ci-

462 5055 533 5109 bo
565 5055 882 5127 spirituali,
914 5056 972 5111 id
1003 5061 1114 5127 est,
1145 5060 1217 5113 de
1246 5074 1354 5113 sua
1382 5058 1647 5113 doctrina
1675 5063 1731 5113 et
1758 5076 1865 5114 suo
1890 5060 2061 5115 verbo
2088 5076 2100 5113 :

464 5166 491 5192 ‹‹
522 5144 737 5199 Anima
785 5150 981 5201 autem
1030 5150 1232 5203 nostra
1276 5147 1528 5202 sustinet
1575 5148 1924 5202 Dominum:
1962 5165 2104 5218 quo-

464 5229 621 5286 niam
654 5233 887 5305 adjutor
935 5239 991 5290 et
1037 5240 1328 5307 protector
1378 5241 1575 5290 noster
1611 5241 1719 5291 est.
1770 5238 1838 5291 Et
1887 5236 1946 5291 in
1981 5239 2105 5308 ipso

463 5319 755 5378 laetabitur
785 5340 885 5379 cor
910 5330 1204 5391 nostrum,
1238 5330 1295 5381 et
1342 5324 1402 5379 in
1454 5325 1689 5379 nomine
1735 5332 1935 5381 saneto
1978 5328 2106 5396 ejus

466 5412 851 5480 speravimus.
888 5437 907 5463 υ
937 5414 1168 5470 Scimus
1192 5417 1347 5470 enim
1375 5415 1529 5486 quod
1555 5412 1752 5468 nullus
1770 5416 2021 5485 speravit
2046 5415 2106 5470 in

465 5516 621 5568 eum,
652 5506 710 5556 et
740 5502 1024 5560 confusus
1055 5503 1358 5561 abscessit.
1392 5526 1420 5553 «
1453 5502 1734 5569 Quoniam
1785 5504 2016 5573 adjutor
2054 5510 2110 5559 et

539 5627 555 5660 ¹
590 5625 820 5684 Scilicet
847 5646 1060 5686 nomen
1083 5629 1445 5699 Abimelech,
1471 5628 1623 5700 quod
1656 5629 1879 5700 Patrem
1913 5646 2105 5699 regem

468 5703 658 5775 sonat,
681 5716 992 5757 commune
1016 5719 1262 5775 regnum
1296 5688 1609 5775 Baltast‘ina;
1639 5700 1760 5775 fuit,
1791 5699 1933 5754 illud
1970 5688 2108 5775 P’haj
2142 5710 2147 5715 ’

467 5769 686 5853 raonis,
722 5788 966 5853 regnum
997 5769 1123 5853 erat
1149 5773 1360 5853 ngyti.
1470 5789 1549 5853 .ex
1586 5771 1699 5853 hoc
1748 5774 1872 5843 ipso
1903 5773 2112 5853 psalmi

468 5838 638 5895 titulo
678 5838 925 5916 constat,
967 5846 1068 5901 ubi
1132 5838 1307 5901 Achis
1373 5842 1708 5899 Abimelech
1767 5838 2111 5916 appellatur.

2170 649 2335 719 jutor
2360 651 2415 701 et
2447 648 2716 701 defensor
2760 646 3046 701 Ecclesiaz.
3081 668 3108 695 ‹‹
3144 650 3210 699 Et
3252 645 3310 699 in
3358 646 3485 716 ipso
3530 643 3825 699 laetabitur

2177 754 2275 792 cor
2306 742 2591 790 nostrum.
2627 757 2656 783 »
2689 735 2748 789 Id
2781 740 2888 804 est,
2921 735 3119 789 anima
3166 747 3365 789 nostra
3411 733 3709 788 lietabitur
3752 734 3824 787 de

2178 841 2279 893 spe
2304 828 2507 877 futurae
2532 823 3044 893 remunerationis,
3075 828 3130 878 et
3160 821 3453 877 laetabitur
3474 820 3730 876 Ecclesia
3757 820 3817 875 in

2175 912 2572 967 tribulatione.
2608 932 2635 960 ‹‹
2666 911 2735 965 Et
2767 910 2822 964 in
2874 912 3110 965 nomine
3156 916 3355 965 sancto
3401 910 3531 981 ejus
3561 910 3815 980 speravi-

2178 1019 2329 1056 mus.
2363 1022 2390 1048 »
2423 1000 2642 1054 Nomen
2680 1000 2860 1055 Patris
2892 998 3050 1053 ﬁlius
3077 1004 3184 1054 est.

2255 1112 2275 1137 ι
2313 1088 2435 1141 Fiat
2460 1087 2861 1142 misericordia
2890 1091 3010 1151 tua,
3044 1088 3306 1155 Domine,
3361 1104 3539 1160 super
3578 1105 3705 1155 nos,
3738 1086 3822 1141 si-

2179 1183 2277 1232 cut
2303 1176 2668 1249 speravimus
2692 1176 2751 1229 in
2783 1180 2859 1230 te.
2899 1198 2919 1222 »
2955 1176 3147 1231 Oratio
3178 1176 3443 1231 Ecclesia:
3466 1182 3590 1232 est:
3625 1182 3821 1231 tamen

2178 1266 2359 1321 istum
2382 1263 2736 1319 versiculum
2761 1264 3016 1335 cogitare
3035 1265 3205 1319 debet
3227 1266 3630 1336 unusquique
3660 1270 3822 1321 ante-

2181 1371 2356 1425 quam
2381 1352 2628 1423 legatur,
2666 1357 2732 1406 ut
2762 1352 3008 1406 ﬁdeliter
3036 1351 3210 1419 dicat,
3241 1375 3266 1403 α
3287 1353 3438 1407 sicut
3459 1352 3823 1423 speravimus

2180 1443 2241 1496 in
2273 1447 2347 1507 te,
2384 1464 2410 1489 ››
2444 1457 2516 1495 ne
2546 1440 2684 1494 alibi
2714 1445 2878 1495 vacet
2908 1456 3073 1495 mens
3123 1457 3250 1494 sua.
3289 1463 3309 1487 σι
3367 1440 3511 1511 Fiat,
3556 1440 3821 1507 Domine,

2181 1529 2580 1585 misericordia
2610 1534 2711 1583 tua
2761 1545 2937 1600 super
2982 1545 3108 1593 nos,
3157 1529 3310 1583 sicut
3359 1528 3722 1599 speravimus
3765 1528 3825 1583 in

2182 1624 2258 1674 te.
2298 1641 2323 1666 ››
2356 1618 2428 1672 Ut
2460 1618 2557 1688 qui
2592 1634 2694 1671 nos
2729 1634 2827 1687 per
2857 1617 3210 1688 baptismum
3263 1616 3524 1684 abluisti,
3573 1617 3827 1689 Spiritus

2183 1707 2369 1763 sancti
2400 1706 2693 1761 infusione
2724 1706 3055 1772 conﬁrmes,
3084 1706 3236 1760 sicut
3272 1705 3331 1759 in
3381 1706 3619 1762 Actibus
3650 1722 3826 1776 apos-

2184 1796 2436 1851 tolorum
2486 1794 2784 1849 cernimus
2832 1809 2961 1849 esse
3010 1795 3232 1849 factum
3282 1796 3418 1865 (Act.
3473 1812 3536 1862 II,
3588 1795 3662 1865 4).
3721 1794 3829 1859 Qui

2188 1901 2343 1939 nunc
2375 1885 2434 1938 in
2469 1882 2639 1938 nobis
2668 1882 2866 1937 venire
2894 1882 3188 1955 dignetur,
3223 1888 3288 1937 ut
3316 1901 3417 1955 per
3463 1884 3591 1955 ejus
3630 1882 3830 1939 lumen

2185 1973 2338 2029 efﬁci
2365 1989 2695 2028 mereamur
2710 1971 2968 2027 haeredes
2990 1971 3186 2044 gloriae
3209 1972 3596 2045 sempiternm.
3623 1976 3827 2029 Amen.

2706 2077 3029 2133 PSALMUS
3060 2079 3300 2134 λΧΧΙΙΙ.

2190 2170 2435 2224 Psalmus
2464 2167 2637 2223 David
2660 2183 2783 2221 cum
2813 2169 3046 2221 mutavit
3071 2169 3273 2238 faciem
3301 2184 3461 2223 suam
3487 2185 3674 2224 coram
3703 2169 3829 2224 Abi-

2256 2239 2483 2307 melech,
2516 2249 2566 2293 et
2617 2240 2833 2293 dimisit
2880 2254 3028 2303 eum,
3077 2246 3130 2293 et
3177 2239 3332 2294 abiit.
3391 2241 3630 2295 Mutatio
3664 2239 3829 2295 faciei

2260 2312 2319 2365 in
2350 2312 2659 2384 verborum
2703 2310 3056 2384 mutatione_
3083 2315 3477 2384 monstratur:
3533 2313 3766 2384 quando
3798 2329 3831 2365 a

2258 2383 2393 2437 Saul
2426 2400 2488 2437 se
2536 2381 2789 2436 missum
2838 2397 2967 2435 esse
3012 2380 3334 2437 simulavit.
3386 2386 3504 2437 Aut
3551 2380 3603 2438 si
3632 2399 3826 2437 veram

2260 2456 2643 2507 mutationem
2675 2451 2871 2525 vultus
2902 2451 3176 2507 volumus
3204 2453 3547 2525 intelligere.
3592 2455 3829 2509 Abime-

2260 2525 2387 2579 lech
2420 2524 2676 2579 sciamus
2705 2524 2925 2577 dictum
2956 2540 3084 2578 esse
3114 2541 3217 2594 pro
3237 2524 3475 2579 Achis‘.
3500 2525 3615 2580 Nec
3637 2526 3697 2580 in
3726 2541 3836 2579 no-

2263 2597 2421 2649 mine
2452 2612 2612 2649 error
2636 2599 2744 2663 est,
2785 2610 2917 2666 cum
2968 2611 3036 2648 ex
3063 2600 3246 2666 parte
3294 2601 3625 2666 generatus,
3658 2596 3834 2661 etiam

2263 2612 2421 2649 mine
2452 2612 2612 2649 error
2636 2612 2744 2663 est,
2785 2612 2917 2648 cum
2968 2612 3036 2648 ex
3124 2612 3246 2649 arte
3294 2612 3625 2666 generatus,
3658 2612 3834 2661 etiam

2263 2666 2595 2721 Abimelech
2632 2665 2881 2736 potuerit
2911 2612 3209 2736 appellari.
3245 2666 3579 2721 Abimelech
3622 2666 3836 2737 quippe

2264 2738 2679 2808 interpretatur
2724 2745 2885 2808 pater
2934 2752 3087 2791 meus
3136 2753 3257 2791 rex.
3309 2737 3608 2799 Quomodo
3662 2738 3833 2808 dicit,

2266 2806 2651 2863 commutavit
2705 2806 2929 2861 vultum
2979 2824 3156 2862 suum
3209 2824 3402 2863 coram
3452 2806 3835 2862 Abimelech?

2266 2880 2485 2945 Quiain
2512 2880 2773 2949 Regnum
2798 2880 2881 2932 sic
2904 2878 3172 2950 legimus,
3200 2881 3353 2950 quod
3382 2879 3439 2932 in
3464 2879 3609 2933 Geth
3633 2880 3834 2933 civita-

2265 2959 2381 3006 tem
2415 2952 2484 3005 ad
2520 2967 2711 3022 regem
2745 2950 2919 3004 Achis
2960 2950 3108 3022 fugit
3155 2950 3214 3005 in
3265 2950 3577 3022 Philistiim
3626 2950 3673 3019 (Ι
3708 2952 3831 3021 Reg.

2262 3040 2375 3088 xxx,
2411 3024 2518 3092 10).
2579 3021 2677 3075 Vel
2739 3021 3046 3091 quomodo
3091 3038 3269 3077 ausus
3330 3023 3439 3076 fuit
3467 3021 3685 3077 ibidem
3717 3038 3836 3076 am-

2267 3094 2489 3165 bulare,
2515 3093 2652 3164 quia
2681 3092 2954 3165 inimicus
2981 3092 3218 3147 illorum
3252 3100 3393 3165 erat,
3421 3100 3478 3148 et
3505 3094 3631 3165 ipse
3661 3093 3836 3147 inter-

2266 3164 2402 3237 fecit
2422 3170 2592 3237 antea
2615 3164 2838 3237 Goliam
2865 3164 3188 3237 principem
3212 3164 3496 3237 illorum?
3529 3164 3836 3237 Propterea

2265 3236 2404 3291 illuc
2452 3235 2792 3301 ambulavit,
2846 3252 2948 3307 pro
3000 3235 3108 3290 hoc
3153 3237 3305 3307 quod
3358 3235 3835 3291 mulieresfdixe«

2267 3312 2438 3361 runt:
2476 3308 2749 3361 Percussit
2778 3306 2913 3360 Saul
2959 3308 3131 3370 mille,
3178 3306 3234 3361 et
3280 3307 3451 3361 David
3496 3308 3679 3362 decem
3708 3309 3834 3362 mil-

2268 3380 2345 3433 lia
2382 3379 2431 3444 (I
2479 3380 2599 3447 Reg.
2650 3394 2812 3442 xvm,
2858 3378 2935 3445 7).
2970 3378 3038 3431 Et
3071 3383 3268 3447 postea
3298 3378 3535 3431 intravit
3566 3379 3834 3433 diabolus

2265 3450 2324 3503 in
2357 3448 2493 3505 Saul
2526 3465 2627 3519 per
2648 3448 2944 3514 invidiam,
2978 3455 3033 3503 et
3060 3448 3238 3503 dixit:
3292 3450 3442 3516 Quid
3489 3454 3731 3520 superest
3760 3451 3833 3518 ei,

2266 3522 2380 3575 nisi
2410 3529 2619 3574 tantum
2649 3524 2710 3573 ut
2740 3536 2970 3587 regnum
3017 3520 3209 3574 habeat
3249 3522 3440 3586 (Ibid.,
3471 3521 3525 3588 8)
3548 3523 3575 3573 ‘l
3605 3521 3671 3574 Et
3702 3537 3836 3591 per—

2268 3591 2429 3646 venit
2460 3592 2638 3647 David
2673 3591 2743 3645 ad
2777 3607 2969 3663 regem
3018 3591 3214 3663 Achis.
3268 3592 3376 3646 Sed
3424 3596 3623 3662 postea
3663 3592 3838 3646 Achis

2271 3663 2435 3717 misit
2453 3663 2664 3716 missos
2687 3680 2825 3716 suos
2851 3662 2912 3716 ut
2930 3662 3101 3716 David
3129 3662 3198 3716 ad
3225 3679 3286 3717 se
3309 3663 3603 3730 ducerent,
3621 3668 3685 3717 ut
3704 3679 3838 3719 eum

2274 3736 2682 3806 interﬁcerent.
2717 3734 2946 3806 Etcum
2980 3734 3296 3806 invenisset
3326 3750 3459 3789 eum
3510 3735 3581 3789 ad
3615 3740 3841 3806 portam

2275 3805 2545 3868 civitatis,
2578 3805 2843 3877 cognovit
2876 3805 3052 3859 David
3084 3806 3235 3877 quod
3278 3805 3477 3877 ipsum
3521 3805 3846 3862 interﬁcere

2273 3878 2564 3937 volebant,
2596 3876 2941 3931 necessitate
2974 3876 3316 3947 compulsus
3348 3878 3419 3932 ad
3451 3894 3643 3933 arcem
3675 3878 3846 3933 decli-

2276 3949 2452 4003 navit.
2487 3946 2881 4002 Misericordia
2911 3947 3009 4002 Dei
3058 3946 3415 4019 providente,
3469 3950 3677 4019 cecidit
3716 3948 3844 4019 Spi-

2277 4020 2424 4073 ritus
2457 4025 2697 4073 sanctus
2726 4035 2902 4088 super
2932 4018 3147 4090 ipsum,
3180 4024 3235 4073 et
3273 4019 3446 4090 ccepit
3492 4018 3628 4086 labi,
3665 4024 3722 4074 et
3750 4018 3843 4074 sa-

2277 4090 2449 4143 livam
2474 4090 2739 4143 mittebat.
2760 4105 2936 4158 super
2974 4106 3142 4145 suam
3186 4090 3448 4144 barbam.
3484 4094 3549 4145 Et
3579 4107 3710 4144 cum
3740 4091 3842 4145 ad-

2276 4161 2580 4233 duxissent
2606 4176 2739 4233 eum
2756 4161 2835 4233 ad
2860 4176 3075 4233 regem,
3100 4160 3245 4233 dixit
3265 4160 3382 4215 illis
3415 4177 3513 4215 rex
3538 4179 3549 4215 :
3592 4161 3699 4217 Pro
3729 4177 3844 4233 qua

2276 4248 2453 4285 causa
2476 4230 2798 4285 adduxistis
2822 4231 2999 4284 istum
3031 4230 3329 4285 hominem
3380 4230 3762 4303 arreptivuui,
3786 4236 3844 4287 et

2277 4303 2659 4375 furibundum
2692 4318 2868 4371 super
2901 4319 2991 4357 me
3021 4307 3073 4369 (Ι
3093 4303 3227 4374 Reg.
3261 4320 3375 4366 xxx,
3401 4303 3638 4375 1045)?
3665 4304 3842 4358 David

2278 4372 2520 4445 pulcher
2552 4372 2896 4446 honiogerat,
2929 4378 2985 4428 et
3013 4372 3247 4446 quando
3280 4391 3411 4429 eum
3444 4372 3843 4446 apprehende-

2277 4444 2432 4516 runt,
2482 4444 2919 4516 tympanizabat
2962 4445 3031 4499 ad
3092 4451 3317 4516 portam
3363 4444 3631 4511 civitatis,
3676 4455 3732 4501 et
3781 4446 3842 4499 in

2280 4515 2555 4569 manibus
2586 4514 2709 4568 suis
2751 4516 3056 4571 ferebatur.
3092 4514 3175 4569 Et
3223 4534 3356 4571 cum
3412 4534 3543 4572 eum
3586 4517 3844 4572 dimisis-

2280 4592 2428 4645 sent.
2460 4586 2809 4659 ettugisset,
2842 4586 3020 4641 istum
3071 4587 3362 4658 psalmum
3413 4590 3698 4644 cantavit:
3748 4590 3847 4659 qui

2280 4662 2437 4732 totus
2486 4656 2637 4711 circa
2688 4658 2985 4732 pietatem,
3038 4656 3198 4714 totus
3242 4660 3395 4715 circa
3424 4656 3846 4732 inspectiouem

2281 4728 2558 4802 divinam.
2610 4732 2767 4783 totus
2816 4728 2968 4784 circa
3008 4732 3463 4802 compescendas
3512 4728 3849 4787 sanctorum

2279 4798 2685 4876 tribulationes
2759 4798 3289 4876 commemora—tur.
3339 4803 3525 4876 David
3603 4806 3851 4876 ﬁguram

2282 4869 2492 4943 Christi
2526 4874 2720 4924 tenet:
2752 4870 2888 4925 Saul
2939 4874 3188 4943 ﬁguram
3234 4874 3470 4929 diaboli.
3516 4869 3852 4929 Abimelech

2284 4942 3189 5015 interpretatur,regnum’palris
3216 4948 3346 5000 mei.
3380 4947 3554 5001 Achis
3578 4947 3857 5015 interpre-

2284 5017 2459 5087 tatur,
2510 5012 2771 5087 quomodo
2809 5019 2907 5087 est,
2967 5012 3077 5084 vel,
3118 5018 3454 5087 ignorantia,
3512 5016 3623 5079 vel,
3671 5012 3852 5084 niger.

2284 5056 2916 5169 δέξίάμξεῖίίῑξῑινοξῖίι
2949 5056 3469 5169 mea;
3496 5056 3855 5169 εῑῖιδόιέξῖιῑςέ

2283 5157 2441 5209 venit
2470 5157 2528 5209 in
2557 5171 2801 5226 regnum
2835 5157 3020 5213 Patris
3051 5157 3180 5213 sui:
3214 5158 3322 5214 hoc
3354 5168 3460 5225 est,
3504 5161 3575 5213 ad
3609 5174 3853 5226 regnum

2283 5226 2637 5281 Judmorum.
2673 5227 2915 5282 Mutavit
2943 5233 3169 5284 vultum
3196 5246 3370 5284 suum
3394 5246 3610 5285 coram.
3638 5226 3859 5284 Abime-

2285 5297 2452 5351 lech:
2509 5297 2615 5353 hoc
2661 5304 2768 5372 est,
2820 5316 3013 5372 coram
3075 5316 3252 5371 regno
3300 5302 3483 5372 patris
3530 5301 3641 5356 sui.
3694 5300 3857 5355 Unde

2288 5374 2526 5423 sanctus
2556 5369 2773 5424 Paulus
2802 5370 2948 5425 dixit
2976 5389 2988 5427 :
3023 5369 3281 5439 Qui—eum
3302 5369 3367 5427 in
3416 5373 3597 5443 forma
3646 5372 3744 5426 Dei
3768 5388 3858 5427 es-

2286 5444 2384 5515 set,
2416 5457 2533 5515 non
2580 5443 2838 5515 rapinam
2894 5443 3195 5498 arbitratus
3248 5452 3324 5498 est
3370 5459 3482 5498 esse
3510 5459 3566 5497 se
3593 5444 3860 5515 aqualem

2287 5514 2410 5578 Deo,
2445 5511 2535 5567 sed
2560 5513 2798 5582 formam
2842 5516 2986 5569 servi
3038 5516 3281 5586 accepit:
3334 5516 3393 5568 in
3440 5511 3861 5571 similitudinem

2218 5635 2278 5711 _S.
2310 5635 2562 5711 Basilius
2592 5635 2838 5711 in_hunp
2867 5636 3059 5711 locum
3094 5638 3145 5689 oi
3189 5635 3433 5711 βᾳσιλεξς
3481 5642 3586 5711 τῷν
3623 5638 3864 5711 ἀλλοφύ-

2222 5703 2332 5785 λων
2379 5706 2556 5759 κοινὸν
2622 5706 2923 5785 μὲν-*εἶχον
2983 5703 3155 5780 ὄνομα
3189 5698 3263 5762 ’τὸ
3319 5698 3643 5785 ’Δϐγιμέλεῃ
3702 5698 3867 5781 Rei/es

2224 5774 3063 5859 Αιίεῃίῃεηατιιὶηιαξαιὲςδιξηω,
3083 5774 3208 5836 sive
3232 5774 3695 5859 Pbilistinorriin)
3723 5774 3867 5841 covm-

2227 5851 2385 5904 muni
2416 5852 2633 5905 nomine
2664 5850 2966 5906 Abimelech
2998 5858 3348 5911 voratantur.
