4314 6586
489 436 607 495 975

1979 429 2400 491 APPENDIX.

3774 435 3893 494 976

562 566 845 620 hominum
874 567 1049 638 factus
1080 572 1129 617 et
1158 564 1348 618 habitu
1395 565 1648 638 inventus
1693 570 1753 617 ut
1800 563 1995 638 homo:
2026 560 2132 613 hu-
2162 563 2216 628 Α
2246 563 2349 627 vit,
2382 585 2410 614 »
2444 566 2678 636 quando
2708 566 2889 621 dixit:
2921 567 3149 621 Domine
3173 567 3334 633 Deus,
3365 581 3576 621 vanum
3628 565 3722 638 fac
3765 581 3892 621 con-

559 639 802 691 miliavit
830 637 1177 704 semetipsum
1204 638 1383 705 [actus
1414 635 1671 689 obediens
1702 650 1869 704 usque
1896 633 1965 686 ad
1985 648 2134 705 mor-

561 718 667 763 tem
696 708 959 778 (Philipp.
999 702 1062 771 ll,
1092 702 1234 773 6-8).
1264 706 1602 778 Velaliter:
1636 702 1877 758 Mutavit
1903 702 2132 778 vultum

562 775 759 843 suum,
785 780 840 833 id
865 775 975 842 est,
1011 778 1069 831 in
1100 776 1513 837 sacerdotium.
1544 778 1707 831 Tunc
1730 775 2133 838 commutavit,

562 852 799 922 quando
830 849 1247 922 Melchisedech
1307 848 1542 922 obtulit_
1582 864 1790 917 panem
1840 851 1897 922 et
1937 846 2133 898 vinum

564 917 720 993 (Gen.
756 939 871 987 xiv,
910 922 1013 991 18).
1065 920 1401 993 Immutavit
1449 917 1678 993 vultum
1707 936 1743 993 :_
1770 918 1903 989 quia
1948 933 2131 987 quan-

563 990 690 1047 tum
740 994 1022 1047 adventus
1068 990 1278 1044 Christi
1320 990 1851 1061 appropinquabat,
1901 992 2132 1061 tantum

562 1065 672 1119 Illa.)
707 1068 901 1134 ﬁgurae
936 1068 1148 1133 apertae
1179 1058 1381 1134 erant}
1400 1058 1547 1134 quia
1575 1058 1748 1134 antea
1797 1058 2017 1134 hostias
2048 1058 2135 1134 of-

564 1129 807 1204 ferebat,
842 1135 939 1187 sed
974 1129 1173 1203 postea
1204 1129 2050 1204 spiritualiterimpletumfuit
2076 1129 2132 1183 in

566 1225 709 1261 novo
741 1200 1112 1261 Testamento
1145 1200 1468 1258 secundum
1518 1200 1781 1257 ordinem
1834 1200 2135 1254 Melchise-

566 1279 707 1333 dech
738 1295 748 1332 :
788 1295 898 1331 non
932 1276 1075 1330 dixit
1103 1276 1426 1329 secundum
1460 1274 1722 1328 ordinem
1776 1276 1986 1336 Aaron,
2034 1272 2134 1324 sed

568 1350 888 1405 secundum
932 1349 1195 1407 ordinem
1232 1345 1652 1400 Melchisedech
1704 1346 1876 1414 (Paul.
1910 1359 2021 1406 01x,
2057 1344 2131 1411 4).

567 1420 1024 1492 'l‘ynipunizubat
1054 1419 1121 1492 ad
1176 1422 1403 1492 portam
1450 1416 1720 1492 civitatis.
1768 1416 2136 1492 Tympanum

565 1488 636 1547 de
669 1488 822 1547 corio
851 1490 1198 1546 extenditur.
1234 1490 1301 1542 Et
1333 1488 1615 1541 Dominus
1645 1488 1901 1540 extendit
1926 1501 2137 1539 manus

566 1582 703 1619 suas
735 1564 792 1617 in
824 1578 1011 1616 cruce.
1048 1562 1246 1615 Portas
1277 1559 1548 1619 civitatis,
1580 1558 1807 1611 initium
1842 1557 1974 1610 fidei
2004 1572 2135 1609 nos-

566 1640 669 1689 trae
722 1633 1088 1701 intelligitur,
1148 1632 1382 1701 quando
1441 1629 1733 1701 credimus
1788 1628 2135 1701 incarnatio-

564 1723 697 1760 nem
729 1698 961 1760 Cbristi.
1006 1707 1115 1757 Per
1167 1698 1434 1765 salivam,
1493 1700 1894 1754 infirmitatem
1946 1698 2138 1752 carnis

565 1793 743 1847 quam
775 1776 1050 1845 dignatus
1081 1778 1169 1828 est
1194 1774 1533 1847 suscipere.
1578 1771 1683 1825 Illa
1738 1770 2135 1847 b:_i_rl)a,_forti-

566 1840 708 1901 t-udo
753 1840 1092 1901 divinitatis.
1147 1840 1553 1897 Dimisit'eum
1604 1851 1657 1895 et
1705 1841 1865 1895 abiit.
1908 1840 2137 1894 Dimisit

2241 654 2433 707 silium
2464 655 2778 725 Achitophel
2808 655 2882 725 (ll
2912 656 3039 723 Reg.
3085 671 3176 725 xv,
3209 655 3300 720 3i)
3348 655 3416 709 Et
3471 653 3729 709 Ecclesia
3775 654 3891 709 cla-

2244 746 2368 795 mat
2396 744 2587 798 modo.
2652 767 2671 792 α
2736 744 2805 797 Et
2860 743 3145 798 Dominus
3188 734 3495 799 exaudivit
3549 760 3706 811 eum,
3742 747 3799 797 et
3826 760 3895 797 ex

2242 832 2518 886 omnibus
2542 832 3021 889 tribulationibus
3050 834 3179 903 ejus
3224 832 3491 888 liberavit
3519 849 3674 888 eum.
3722 854 3751 881 η
3785 833 3891 887 Re-

2244 918 2538 975 suscitans
2570 920 2738 975 illum
2770 938 2804 975 a
2836 922 3101 976 mortuis.
3138 946 3159 974 ι
3198 921 3427 977 Emittit
3472 921 3746 995 angelum
3783 923 3888 977 Do-

2246 1007 2443 1063 minus
2472 1007 2531 1062 in
2564 1008 2812 1063 circuitu
2843 1010 3179 1065 timentium
3214 1027 3369 1082 eum,
3407 1016 3464 1066 et
3487 1011 3838 1089 eripiet‘eos.
3865 1030 3895 1062 α

2246 1094 2361 1150 Hoc
2394 1101 2503 1162 est,
2539 1097 2812 1165 angelum
2846 1100 3045 1170 magni
3078 1098 3308 1155 consilii
3351 1100 3511 1155 dedit
3555 1098 3693 1154 illis.
3727 1099 3893 1155 Haud

2245 1185 2491 1241 dubium
2524 1193 2632 1251 est,
2665 1187 2941 1244 timentes
2971 1188 3309 1253 Dominum,
3338 1189 3408 1244 ab
3434 1189 3656 1262 angelis
3700 1193 3894 1244 custo-

2246 1272 2394 1326 diri:
2431 1272 2583 1326 sicut
2614 1273 2738 1345 ipse
2769 1276 3055 1331 Dominus
3108 1293 3210 1347 per
3258 1276 3635 1348 Evangelium
3686 1278 3891 1332 docet:

2247 1362 2435 1431 Amen,
2467 1378 2625 1416 amen
2658 1363 2778 1419 dico
2808 1365 2995 1421 vobis:
3025 1367 3156 1436 quia
3204 1366 3392 1435 angeli
3435 1382 3626 1421 eorum
3655 1365 3897 1437 quotidie

2251 1450 2432 1504 rident
2458 1453 2655 1521 [aciem
2705 1454 2888 1508 Patris
2939 1457 3071 1520 mei,
3120 1457 3219 1526 qui
3257 1464 3335 1510 est
3378 1456 3439 1510 in
3483 1456 3634 1510 castis
3685 1455 3892 1526 (Matth.

2253 1556 2409 1610 xvm,
2443 1540 2552 1608 10).
2585 1540 2892 1597 Vallantur
2921 1560 3054 1614 ergo
3085 1544 3357 1615 priesidio
3388 1545 3671 1617 angelico,
3693 1544 3794 1616 qui
3824 1545 3896 1600 de

2255 1629 2444 1683 cordis
2477 1630 2733 1701 puritate
2760 1632 3065 1687 timuerint
3097 1635 3297 1689 Deum.

2326 1734 2566 1807 Gustate,
2598 1741 2708 1792 etc.
2755 1738 2975 1794 Gustus
3022 1756 3124 1811 per
3176 1740 3371 1796 fauces
3419 1740 3705 1797 discitur:
3737 1740 3897 1798 visus

2255 1841 2356 1895 per
2388 1826 2608 1896 oculos,
2642 1828 2781 1897 quia
2812 1844 2914 1899 per
2943 1829 3141 1885 oculos
3188 1830 3437 1885 videtur.
3490 1831 3779 1902 Propheta
3808 1832 3893 1885 di-

568 1918 837 1972 Christus
865 1918 1118 1993 Judzeos,
1142 1920 1200 1993 e_t_
1223 1915 1380 1968 venit
1412 1914 1468 1967 in
1502 1914 1794 1993 gentibus.
1828 1911 1989 1993 [lude
2023 1913 2134 1993 (110-
2171 1931 2215 1993 B
2252 1914 2348 1984 cit,
2378 1915 2635 1970 Gustavi.
2669 1917 2737 1971 Et
2768 1918 3059 1988 quomodo
3113 1920 3382 1991 gustavi:
3433 1919 3517 1975 sic
3564 1920 3757 1976 inveni
3797 1937 3898 1993 per

570 1996 695 2043 tum
723 1996 810 2043 est
835 2006 847 2043 :
911 1989 1051 2055 Quia
1081 1987 1336 2053 indignos
1381 2002 1471 2038 vos
1511 1986 1792 2051 iudicastis
1820 1986 1952 2038 vitae
1979 1988 2137 2037 (vter-

567 2076 661 2116 nw
681 2078 699 2114 :
731 2076 828 2115 nos
855 2077 925 2114 ea:
953 2061 1051 2115 hoc
1080 2060 1282 2113 ibimus
1312 2056 1380 2111 ad
1408 2067 1589 2125 gentes
1620 2056 1754 2127 (Aet.
1789 2072 1909 2121 VIII,
1945 2056 2053 2125 46).

565 2209 594 2236 ‹‹
626 2184 970 2242 Bcnedicam
1004 2182 1316 2238 Dominum
1346 2180 1407 2235 in
1440 2180 1599 2236 omni
1647 2184 1929 2250 tempore,
1967 2200 1995 2228 »
2026 2182 2135 2233 etc.

495 2277 638 2330 Cum
671 2275 786 2330 ait:
820 2274 971 2329 omni
1001 2275 1235 2343 tempore
1263 2274 1321 2325 et
1367 2286 1618 2341 semper,
1672 2269 1839 2323 docet
1872 2285 1998 2337 nos,
2034 2283 2137 2321 nec

494 2366 552 2418 in
585 2352 843 2419 adversis
892 2361 1271 2417 succumbere
1321 2359 1550 2422 debere,
1601 2374 1705 2412 nec
1762 2357 1820 2411 in
1863 2356 2138 2412 secundis

492 2452 709 2523 extolli,
743 2452 843 2507 sed
873 2457 991 2507 tam
1024 2466 1302 2522 prospera
1332 2465 1508 2519 quam
1558 2446 1848 2501 contraria
1880 2444 2137 2517 aequani-

493 2544 665 2597 miter
696 2543 879 2596 ferre:
914 2558 979 2596 ac
1012 2541 1249 2595 beatum
1294 2543 1427 2593 ante
1476 2536 1673 2591 oculos
1724 2540 2136 2607 proponentes,

491 2632 549 2686 in
584 2631 856 2686 omnibus
887 2648 1014 2702 qua:
1046 2628 1384 2694 acciderint,
1407 2626 1507 2681 Dei
1541 2625 1881 2681 benedicere
1899 2640 2134 2679 nomen.

494 2743 519 2769 ‹‹
553 2720 897 2776 Benedicam
931 2706 1244 2775 Dominum
1278 2717 1338 2771 in
1369 2715 1529 2771 omni
1560 2719 1822 2785 tempore
1853 2736 1880 2764 »
1914 2713 2141 2768 Benedi-

490 2828 633 2880 cum,
668 2811 722 2864 id
759 2814 866 2874 est,
897 2808 1146 2863 laudabo
1194 2806 1527 2860 Dominum.
1588 2827 1607 2852 α
1664 2804 1728 2858 In
1776 2802 1935 2858 omni
1988 2806 2135 2856 tem-

493 2917 668 2970 pore;
703 2920 730 2947 »
761 2897 820 2952 in
849 2896 1141 2969 prosperis
1172 2900 1227 2950 et
1258 2893 1534 2949 adversis.
1594 2895 1744 2946 l’ecit
1789 2892 1894 2946 hoc
1937 2890 2135 2957 David,

494 2992 551 3041 et
582 2988 753 3041 modo
778 2984 1053 3041 Ecclesia.
1080 2984 1373 3053 «Semper
1403 2980 1531 3035 laus
1563 2981 1691 3051 ejus
1722 2981 1780 3034 in
1813 2996 1911 3035 ore
1934 2996 2081 3034 meo.
2109 3000 2136 3025 ››

496 3076 555 3129 In
587 3091 686 3130 ore
715 3078 771 3130 et
804 3073 995 3142 corde,
1031 3072 1252 3126 intenta
1285 3074 1475 3124 mente
1506 3069 1689 3124 Deum
1738 3085 1969 3139 semper
2012 3066 2134 3121 lau-

494 3165 651 3219 dare.

564 3276 592 3303 ‹‹
626 3254 689 3307 In
713 3250 959 3307 Domino
1007 3249 1345 3305 laudabitur
1392 3249 1588 3304 anima
1639 3264 1787 3302 mea.
1820 3270 1847 3296 ››
1903 3251 2019 3301 1100
2050 3250 2137 3301 est

492 3342 612 3397 vita
645 3359 794 3396 mea.
827 3341 969 3395 Cum
1006 3339 1140 3394 huic
1188 3338 1384 3393 studio
1436 3338 1629 3391 anima
1682 3337 1896 3401 dedita,
1932 3353 2138 3407 uepera

493 3431 697 3487 mundi
730 3446 893 3501 aequo
925 3430 1121 3483 animo
1170 3427 1555 3483 sustinuerit:
1603 3426 1675 3481 ab
1727 3426 1818 3481 bis
1866 3425 1966 3495 qui
1999 3430 2137 3479 sunt

492 3521 743 3587 Domini,
776 3518 1163 3575 collaudatur.
1205 3537 1227 3565 ι
1260 3517 1518 3571 Audiant
1542 3514 1850 3570 mansueti.
1877 3538 1902 3564 ››
1940 3516 1996 3570 Id
2026 3520 2133 3581 est,

493 3610 699 3666 sancti.
734 3631 761 3659 «
793 3609 859 3662 Et
903 3607 1191 3662 laetentur.
1232 3629 1258 3655 ››
1305 3606 1431 3661 Non
1491 3606 1562 3660 de
1621 3605 1887 3673 terrenis,
1931 3605 2029 3659 sed
2065 3605 2135 3658 de

493 3699 865 3755 cmlestibus:
901 3696 1001 3767 qui
1034 3714 1147 3750 non
1192 3695 1411 3749 habent
1454 3711 1711 3765 pugnam
1761 3693 2031 3748 vitiorum
2072 3694 2133 3747 in

492 3805 575 3853 se,
610 3786 693 3841 illi
752 3786 851 3858 qui
910 3785 1139 3857 glebam
1189 3784 1446 3854 corporis
1498 3782 1588 3838 sui
1641 3782 1739 3837 tali
1786 3787 2133 3838 testamento

491 3880 775 3931 coercent.
802 3874 957 3929 Beati
992 3874 1146 3929 enim
1181 3872 1468 3927 mansueti
1498 3890 1509 3927 :
1546 3872 1821 3943 quoniam
1856 3871 1965 3943 ipsi
1998 3888 2135 3942 pos-

495 3967 769 4022 sidebunt
799 3970 1013 4019 terram
1047 3963 1255 4030 (Matth.
1286 3979 1338 4027 v,
1390 3962 1465 4032 4).

565 4098 592 4125 ‹‹
627 4072 990 4145 Magnificate
1024 4070 1331 4125 Dominum
1384 4085 1633 4124 mecum.
1667 4089 1693 4119 ι)
1751 4068 1977 4122 Patrem
2023 4068 2129 4122 Do-

493 4164 719 4217 minum
766 4160 1020 4216 laudate.
1072 4183 1099 4208 ‹‹
1154 4160 1222 4213 Et
1266 4158 1586 4213 exaltemus
1635 4175 1845 4212 nomen
1891 4158 2018 4227 ejus
2072 4156 2130 4211 in

491 4253 772 4325 idipsum.
811 4271 831 4298 α
893 4257 975 4305 Ac
1027 4248 1073 4303 si
1120 4249 1276 4302 dicat
1324 4247 1642 4318 propheta:
1698 4247 1998 4310 Quomodo
2030 4263 2133 4317 ego

492 4359 645 4407 amo,
705 4344 761 4395 et
814 4356 915 4394 vos
976 4338 1058 4393 sic
1117 4337 1304 4404 facite,
1338 4336 1458 4403 Vel,
1496 4360 1523 4384 ‹‹
1558 4336 1879 4391 exaltemus
1921 4352 2133 4391 nomen

490 4433 616 4503 ejus
647 4430 705 4484 in
738 4429 1031 4499 idipsum;
1071 4449 1096 4475 »
1130 4426 1340 4480 Filium
1374 4424 1466 4479 cui
1499 4429 1666 4479 Pater
1695 4426 1853 4479 dedit
1898 4442 2130 4493 nomen,

490 4522 644 4594 quod
676 4525 763 4575 est
794 4535 969 4588 super
998 4533 1167 4571 omne
1202 4531 1407 4568 nomen
1441 4514 1700 4585 (Philipp.
1737 4532 1796 4581 ιι,
1829 4517 1904 4585 9).

562 4650 589 4676 ‹‹
627 4624 908 4697 lnquisivi
938 4622 1274 4678 Dominum.
1313 4642 1340 4669 ››
1372 4620 1650 4691 Spiritum
1685 4625 1972 4676 sanctum.
2008 4643 2033 4669 «
2064 4621 2134 4675 Et

489 4715 784 4773 exaudivit
811 4730 924 4783 me,
957 4717 1013 4767 et
1044 4729 1110 4765 ex
1140 4709 1414 4767 omnibus
1464 4709 1940 4764 tribulationibus
1987 4715 2132 4764 meis

489 4806 703 4877 eriputt
732 4820 845 4858 me.
882 4825 908 4851 ››
941 4806 1303 4856 Consumens
1336 4798 1723 4869 corruptelam
1752 4798 1943 4853 carnis
1967 4816 1979 4853 :
2002 4816 2131 4870 quae

487 4896 633 4952 mihi
666 4892 1071 4949 tribulationes
1105 4890 1507 4961 peccaminum
1536 4888 1855 4960 ingerebat,
1893 4905 1963 4943 ne
1991 4905 2127 4943 eum

486 4984 769 5040 attentius
799 4983 1157 5053 deprecarer.

564 5096 585 5123 ε
628 5073 899 5129 Accedite
951 5071 1020 5126 ad
1082 5067 1417 5123 Dominum.
1480 5089 1507 5115 ››
1569 5068 1792 5121 Credite
1850 5066 1907 5120 in
1968 5084 2123 5122 eum.

485 5188 513 5214 ‹‹
547 5162 814 5219 Accedite
842 5162 909 5217 ad
958 5158 1295 5222 Dominum,
1333 5178 1361 5205 »
1412 5172 1526 5210 non
1576 5155 1722 5223 loco,
1756 5157 1854 5210 sed
1908 5157 2037 5222 tide,
2071 5161 2128 5211 et

482 5271 672 5324 opere.
709 5275 738 5302 «
770 5253 840 5307 Et
869 5246 1308 5304 illumiuamini.
1350 5267 1370 5292 ιι
1410 5244 1466 5298 ld
1490 5249 1597 5312 est,
1635 5244 1694 5297 in
1731 5250 1923 5299 mente
1952 5244 2125 5299 intel-

480 5342 643 5413 ligite
673 5366 687 5409 ;
721 5340 859 5413 quia
885 5338 999 5393 nisi
1031 5333 1416 5399 credideritis,
1452 5349 1565 5387 non
1608 5332 1965 5403 intelligetis.
2005 5357 2025 5381 α
2061 5338 2129 5387 Et

481 5431 658 5487 facies
690 5435 889 5485 vestra:
923 5444 1035 5483 non
1068 5422 1518 5481 cont'undcntur.
1553 5442 1576 5471 η
1633 5421 1692 5476 In
1736 5422 1959 5492 judicio
2009 5439 2123 5494 quo

479 5519 646 5589 impii
678 5518 1111 5574 confundantur
1140 5513 1197 5567 in
1233 5510 1796 5577 condci‘nnationcm,
1830 5510 1886 5565 in
1921 5511 2123 5582 dieju-

480 5607 636 5661 dicii.

551 5720 575 5745 υ
609 5695 720 5750 Iste
751 5712 971 5767 pauper
999 5691 1287 5749 clamavit.
1327 5713 1346 5737 υ
1383 5688 1647 5743 Christus
1696 5688 1979 5743 Dominus
2019 5691 2119 5761 qui

479 5802 582 5857 pro
616 5784 784 5839 nobis
814 5801 1033 5855 pauper
1055 5784 1242 5837 factus
1262 5785 1370 5847 est,
1400 5778 1469 5833 ad
1504 5782 1733 5832 Patrem
1757 5778 1816 5832 in
1850 5778 2119 5849 passione

478 5873 769 5932 clamavit.
802 5873 925 5944 Vel,
958 5874 1056 5927 iste
1081 5887 1309 5942 pauper,
1343 5869 1395 5922 id
1444 5874 1553 5931 est,
1610 5866 1804 5932 David,
1836 5890 1861 5916 ‹‹
1900 5868 2117 5923 clama-

2252 2004 2447 2072 ﬁdem,
2483 2021 2584 2075 per
2613 2022 2799 2077 spem,
2834 2011 2891 2061 et
2931 2024 3034 2079 per
3063 2025 3238 2079 opera
3283 2010 3456 2064 bona.
3490 2031 3520 2060 ‹‹
3572 2012 3784 2065 Beatus
3812 2010 3898 2065 vir

2250 2092 2351 2163 qui
2383 2097 2580 2164 sperat
2612 2093 2670 2147 in
2703 2110 2859 2149 eum.
2898 2117 2919 2143 ι
2956 2095 3142 2158 Quare
3170 2096 3585 2161 beatus?Quia
3607 2095 3775 2153 illum
3798 2096 3899 2153 ha-

2248 2180 2347 2235 bet
2377 2181 2475 2252 qui
2524 2182 2723 2236 omnia
2765 2181 2969 2238 habet:
3033 2183 3142 2240 hoc
3200 2190 3311 2251 est,
3364 2186 3569 2242 Deum.
3617 2187 3766 2258 Ergo
3801 2186 3896 2242 hic

2249 2269 2464 2325 dicitur
2492 2275 2723 2343 gustus,
2757 2276 2822 2326 ut
2852 2289 2986 2328 cum
3020 2273 3153 2345 quis
3203 2274 3536 2347 cognoverit
3581 2274 3791 2346 Deum,
3824 2275 3897 2331 ti-

2250 2365 2405 2414 meat
2437 2359 2640 2416 illum:
2679 2360 2817 2432 quia
2845 2366 3127 2434 tanquam
3172 2364 3243 2419 de
3290 2368 3468 2437 gustu
3519 2365 3601 2421 ita
3646 2364 3786 2423 alibi
3817 2363 3900 2420 di-

2247 2448 2364 2503 xit:
2395 2450 2627 2504 lnitium
2675 2452 2968 2521 sapientiae
3017 2454 3181 2509 timor
3220 2454 3444 2509 Domini
3489 2455 3660 2526 (Psal.
3693 2470 3784 2525 cx,
3812 2455 3888 2521 9).

2248 2537 2393 2592 Cum
2424 2543 2619 2593 autem
2641 2540 2846 2596 timere
2872 2542 3128 2613 cmperit,
3180 2547 3322 2598 tunc
3374 2548 3661 2616 praecepta
3698 2549 3894 2599 custo-

2248 2627 2351 2694 dit,
2386 2630 2442 2681 et
2472 2633 2611 2682 tunc
2644 2627 2787 2683 sciet
2817 2628 2955 2701 quia
2982 2631 3178 2686 suavis
3234 2637 3323 2687 est
3366 2632 3652 2688 Dominus
3679 2648 3692 2688 :
3756 2632 3896 2703 quia

2248 2715 2373 2787 ipse
2399 2722 2487 2771 est
2517 2718 2683 2788 panis
2713 2718 2880 2774 vivus
2907 2720 3007 2790 qui
3041 2721 3371 2777 satietatem
3402 2721 3504 2777 dat
3554 2721 3690 2777 huic
3723 2738 3894 2776 mun-

2252 2806 2341 2859 do.
2369 2806 2575 2861 Beatus
2599 2806 2685 2860 vir
2704 2806 2804 2876 qui
2826 2813 3024 2878 sperat
3046 2808 3105 2863 in
3147 2826 3305 2877 eum,
3337 2813 3395 2866 et
3426 2826 3542 2866 non
3581 2810 3641 2865 in
3674 2810 3895 2866 incerto

2248 2893 2581 2950 divitiarum
2616 2896 2818 2966 (ITim.
2848 2914 2925 2964 VI,
2964 2899 3072 2968 19).

2320 3002 2604 3057 «Timete
2652 3002 2988 3074 Dominum,
3039 3021 3243 3061 omnes
3293 3007 3481 3063 sancti
3528 3007 3676 3078 ejus.
3711 3027 3739 3056 »
3786 3006 3892 3069 Qui

2249 3089 2402 3143 firmi
2433 3090 2602 3145 statis
2634 3088 2692 3144 in
2740 3092 3048 3161 promissis
3096 3093 3226 3163 ejus
3275 3093 3495 3161 timete,
3557 3111 3629 3149 ne
3659 3098 3895 3164 accepta

2249 3177 2557 3233 securitate
2588 3178 2980 3249 decipiamini.
3022 3202 3044 3231 ι
3096 3182 3383 3246 Quoniam
3433 3182 3580 3238 nihil
3627 3183 3791 3238 deest
3819 3182 3893 3235 ti-

2249 3266 2545 3323 mentibus
2574 3284 2730 3322 cum.
2765 3290 2794 3318 »
2828 3269 3086 3331 Quorum
3117 3271 3271 3327 Deus
3306 3277 3394 3327 est
3442 3272 3710 3327 Christus
3741 3270 3888 3326 nihil

2247 3357 2409 3410 deest
2440 3356 2542 3422 eis,
2599 3357 2655 3411 id
2714 3363 2821 3428 est,
2882 3358 3026 3412 nihil
3083 3360 3219 3415 boni
3276 3361 3439 3417 deest
3482 3360 3588 3417 eis.
3643 3360 3890 3430 Quazrite

2248 3462 2474 3513 regnum
2498 3447 2616 3511 Dei,
2639 3451 2694 3501 et
2732 3448 3017 3517 justitiam
3044 3450 3183 3519 ejus,
3210 3458 3262 3507 el
3289 3454 3492 3506 extera
3538 3452 3894 3521 apponuntur

2245 3535 2623 3606 nobis.(Mutli,
2664 3537 2883 3606 xxxm).
2916 3538 3161 3594 Justitia
3199 3541 3357 3595 enim
3392 3538 3488 3595 Dei
3523 3539 3722 3595 omnia
3749 3556 3891 3611 prte-

2246 3629 2380 3678 stat.

2320 3753 2347 3779 «
2383 3730 2593 3785 Divites
2648 3738 2936 3803 eguerunt
2993 3738 3049 3789 et
3102 3733 3471 3789 esurierunt:
3530 3733 3893 3805 inquirentes

2248 3825 2444 3874 autem
2469 3820 2782 3875 Dominum
2812 3838 2926 3877 non
2950 3821 3291 3877 minuentur
3311 3822 3469 3877 omni
3490 3822 3664 3877 bono.
3695 3844 3724 3871 n
3748 3822 3895 3878 Mul-

2247 3909 2287 3964 ti
2323 3913 2463 3964 sunt
2493 3909 2696 3965 mundi
2737 3909 3076 3982 locupletes,
3117 3915 3175 3966 et
3222 3914 3392 3983 egent
3433 3910 3619 3985 gloria
3668 3912 3789 3979 Dei,
3820 3913 3894 3968 de

2246 4000 2461 4071 quibus
2495 4000 2603 4055 fuit
2633 4004 2689 4054 et
2714 3999 2871 4054 dives
2903 3999 3017 4066 ille,
3051 4004 3183 4055 ante
3215 4001 3385 4070 cujus
3434 4001 3682 4072 januam
3716 4000 3895 4056 Laza-

2247 4106 2347 4143 rus
2394 4088 2815 4143 decumbebat:
2869 4088 2967 4159 qui
3018 4088 3223 4145 sitiens
3272 4089 3330 4145 in
3383 4090 3718 4155 tormentis,
3752 4089 3891 4162 quia

2249 4195 2359 4231 non
2415 4179 2625 4233 fecerat
2673 4178 3155 4246 misericordiam,
3203 4196 3318 4234 non
3370 4179 3584 4243 meruit
3631 4180 3890 4251 accipere

2245 4272 2492 4339 guttam.
2531 4266 2837 4338 Inquirens
2886 4273 3080 4324 autem
3125 4269 3380 4325 Lazarus
3430 4286 3545 4325 non
3574 4286 3887 4341 purpuras.

2245 4357 2346 4410 sed
2378 4355 2633 4410 coelestia
2663 4372 2861 4425 regna,
2895 4357 3110 4412 meruit
3152 4362 3210 4412 in
3262 4359 3397 4413 sinu
3448 4358 3692 4413 Abrahae
3723 4357 3891 4413 bonis

2244 4445 2520 4499 omnibus
2542 4444 2845 4517 adimpleri
2884 4446 3018 4517 (Luc
3046 4462 3161 4513 xv1,
3193 4448 3280 4515 19,
3312 4447 3426 4519 31.)
3460 4468 3489 4493 ‹‹
3513 4447 3737 4512 Venite,
3760 4446 3888 4512 ﬁlii,

2245 4535 2441 4588 audite
2465 4550 2591 4588 me:
2626 4534 2897 4589 timorem
2933 4535 3162 4590 Domini
3192 4536 3410 4591 docebo
3442 4552 3563 4590 vos.
3588 4556 3616 4584 »
3651 4536 3771 4591 Mos
3801 4538 3891 4591 est

2246 4623 2643 4695 prepheticus,
2694 4628 2758 4678 ut
2807 4623 3124 4695 discipulos
3170 4623 3324 4679 ﬁlios
3382 4630 3703 4695 nuncupet,
3742 4623 3892 4679 sicut

2244 4713 2493 4767 Paulus:
2538 4712 2731 4767 Filioli
2760 4729 2891 4783 quos
2946 4714 3144 4767 iterum
3193 4714 3446 4783 parturio
3496 4712 3663 4768 donec
3688 4715 3888 4781 forme-

2240 4806 2332 4857 tur
2362 4801 2609 4855 Christus
2636 4803 2696 4854 in
2726 4801 2873 4856 vobis
2904 4800 3110 4871 (Galat.
3146 4818 3221 4871 1v,
3278 4801 3391 4872 19.)
3452 4802 3569 4857 Hos
3620 4802 3786 4857 docet
3823 4807 3891 4857 ut

2242 4890 2428 4961 primo
2459 4888 2722 4944 omnium
2765 4890 3091 4961 sapientia:
3149 4889 3209 4944 id
3267 4895 3359 4945 est
3421 4890 3631 4945 timore
3663 4890 3888 4946 Domini

2240 4978 2600 5032 imbuuntur.
2642 4979 2843 5043 Venite,
2877 4978 3006 5047 ﬁlii,
3039 4979 3231 5034 audite
3259 4995 3369 5034 me.
3399 4979 3581 5034 Vocat
3622 4978 3888 5035 Christus

2238 5066 2554 5121 Ecclesiam
2585 5068 2657 5120 ad
2690 5084 2751 5122 se
2795 5068 3011 5135 venire,
3045 5066 3104 5121 id
3165 5074 3273 5134 est,
3307 5084 3410 5140 per
3464 5068 3662 5135 ﬁdem,
3686 5054 3886 5123 sancti

2239 5156 2341 5210 lilii
2374 5156 2471 5211 Dei
2498 5155 2772 5210 dicuntur
2796 5181 2809 5223 ;
2831 5156 3003 5226 juxta
3031 5157 3187 5227 quod
3218 5157 3439 5212 dictum
3471 5162 3560 5212 est
3611 5158 3670 5212 in
3701 5162 3887 5212 Evan-

2236 5244 2384 5317 gelio
2410 5262 2422 5299 :
2458 5247 2721 5316 Quotquot
2751 5251 2936 5300 autem
2967 5251 3287 5318 receperunt
3317 5264 3465 5314 eum,
3501 5246 3657 5301 dedit
3687 5250 3763 5302 eis
3789 5263 3884 5318 p0—

2236 5339 2479 5389 testatem
2528 5335 2670 5403 ﬁlios
2724 5336 2822 5389 Dei
2876 5335 3005 5403 ﬁeri
3062 5336 3314 5407 (Joan.1,
3366 5336 3479 5407 12.)
3532 5336 3602 5390 Et
3630 5335 3885 5391 Joannes

2237 5425 2379 5478 dicit
2410 5424 2465 5477 in
2498 5424 2759 5495 Epistola
2789 5441 2931 5478 sua:
2967 5430 3127 5481 Nunc
3154 5426 3261 5495 ﬁlii
3292 5426 3392 5480 Dei
3430 5440 3621 5479 sumus
3650 5426 3701 5492 (Ι
3725 5426 3883 5489 Joan,

2238 5530 2321 5582 In,
2359 5514 2429 5582 1).
2466 5513 2742 5567 Timorem
2797 5514 3015 5569 Domini
3049 5515 3240 5570 docebo
3269 5531 3379 5571 vos.
3441 5512 3514 5568 Ut
3542 5511 3725 5567 illud:
3772 5513 3886 5567 lni-

2234 5604 2374 5656 tium
2398 5602 2684 5671 sapientiae
2736 5603 2900 5657 timor
2929 5604 3150 5660 Domini
3177 5605 3366 5676 (Eccli.
3428 5620 3470 5669 1,
3501 5602 3614 5671 46.)
3645 5602 3715 5656 Et
3744 5600 3885 5656 alibi

2235 5688 2412 5743 dicit:
2447 5689 2521 5742 De
2551 5688 2743 5743 timore
2771 5693 3020 5746 nascitur
3047 5693 3392 5764 eompunclio
3441 5690 3657 5745 salutis.
3691 5690 3875 5761 (Prov.

2231 5795 2346 5847 xiv,
2378 5778 2493 5846 26.)
2523 5777 2605 5830 Ad
2630 5776 2738 5833 hoc
2762 5778 2930 5835 debet
2955 5781 3367 5855 unusquisque
3395 5779 3589 5837 venire
3620 5783 3685 5834 ut
3714 5778 3855 5834 timo

2233 5884 2352 5923 rem
2389 5864 2611 5920 Domini
2646 5866 2855 5923 debeat
2888 5869 3122 5927 habere.
