4314 6588
432 489 551 546 977

1610 489 1762 548 BRE
1778 487 2107 551 \"IABIUM
2149 489 2229 549 IN
2280 488 2638 549 PSALMOS
2652 533 2665 546 .

3725 482 3847 543 978

507 618 686 685 «Quis
717 621 806 674 est
830 617 1005 674 homo
1023 621 1124 690 qui
1144 619 1266 674 vult
1283 619 1517 676 vitam.»
1541 621 1832 677 Eternam
1852 623 2075 693 utique.
2110 622 2165 689 Α
2192 627 2420 677 verunt.
2451 620 2553 676 Vel
2583 624 2702 676 tres
2730 619 2893 692 pueri
2924 620 3074 673 inter
3102 619 3373 674 ﬂammas
3424 617 3841 685 clamavierunt,

434 694 546 764 .«Et
562 710 712 779 cupit
724 707 837 762 dies
858 708 1040 764 videre
1060 710 1346 764 bonos.»In
1370 710 1585 781 quibus
1608 728 1737 765 cum
1754 712 2088 782 sanctisju-

436 796 797 852 cundeturin
814 813 990 869 regno
1006 797 1124 852 Dei.
1146 797 1270 868 Vel,
1288 815 1392 853 vox
1416 798 2085 871 prophetaeinterrogan-

439 887 596 952 do,et
621 885 776 941 alius
798 886 967 941 dicit:
992 886 1107 958 Ego
1126 885 1340 955 volo,et
1361 885 1456 941 ille
1479 887 1699 942 dicit:Si
1724 888 1927 955 vis,fac
1950 906 2085 960 ergo

434 974 590 1045 quod
623 974 912 1045 sequitur,
942 978 1000 1030 et
1026 974 1251 1030 videbis
1280 976 1593 1045 vitam,hoc
1616 982 1724 1041 est,
1746 976 1989 1033 habebis
2008 979 2087 1032 vi-

440 1071 558 1118 tam
594 1066 955 1131 aiternam,et
984 1063 1109 1120 dies
1138 1065 1347 1131 bonos,
1369 1064 1477 1120 hoc
1517 1070 1626 1131 est,
1666 1066 1791 1121 dies
1814 1072 2079 1123 aeternos.

436 1173 464 1201 ι(
499 1150 748 1207 Prohibe
780 1152 1046 1224 linguam
1077 1158 1243 1209 tuam
1271 1170 1306 1209 a
1330 1152 1565 1223 malo,et
1595 1153 1753 1209 labia
1782 1160 1883 1209 tua
1904 1172 1975 1210 ne
1999 1155 2082 1210 lo-

435 1248 692 1311 quantur
721 1239 1085 1296 dolum.»—«
1110 1240 1360 1297 Prohibe
1384 1240 1645 1314 linguam
1668 1247 1889 1297 tuam.»
1913 1243 1969 1297 id
1994 1249 2084 1298 est

430 1346 464 1384 a
494 1329 961 1401 detractione,vel
993 1330 1066 1385 ab
1098 1330 1489 1385 amaritudine
1517 1348 1529 1385 :
1558 1331 1697 1402 quia
1726 1332 1945 1387 dictum
1972 1336 2078 1387 est:

433 1417 573 1472 Mors
603 1425 655 1472 et
681 1420 801 1473 vita
850 1420 911 1473 in
941 1419 1195 1473 manibus
1249 1419 1460 1487 lingua:
1514 1419 1698 1490 (Prov.
1756 1438 1914 1489 xvm,
1964 1422 2075 1492 2i).

435 1506 581 1570 Quia
612 1506 711 1577 qui
743 1507 999 1562 custodit
1027 1506 1291 1580 linguam
1324 1523 1512 1573 suam,
1536 1507 1791 1563 custodit
1822 1509 2079 1564 animam

431 1596 700 1649 suam.Et
729 1595 866 1651 alibi
899 1595 1039 1651 dicit
1069 1597 1564 1668 :Custosjustitiae,
1596 1598 1881 1653 silentium
1900 1601 1953 1652 et
1965 1615 2081 1669 pax

432 1683 558 1753 (Isa.
590 1700 763 1739 xxvu.
794 1685 903 1759 17.)
935 1686 997 1740 Si
1024 1686 1147 1757 quis
1170 1692 1337 1757 putat
1364 1702 1421 1741 se
1449 1702 1564 1741 esse
1588 1687 1938 1755 religiosum,
1969 1704 2081 1744 non

431 1774 719 1843 refrenans
779 1772 1041 1846 linguam
1094 1791 1273 1843 suam,
1322 1774 1488 1834 huius
1546 1777 1655 1830 erit
1706 1792 1849 1831 vana
1878 1777 2080 1847 religio

431 1860 567 1931 (Jac.
605 1878 641 1932 ι,
674 1861 788 1931 26.)
823 1884 852 1912 (ε
884 1862 955 1916 Et
983 1861 1139 1917 labia
1165 1865 1267 1917 tua
1318 1878 1390 1917 ne
1419 1861 1741 1933 loquantur
1769 1862 1969 1918 dolum
1997 1882 2011 1921 :
2050 1885 2071 1914 ι

431 1966 504 2005 ne
532 1948 687 2004 aliud
724 1966 821 2006 ore
853 1950 1168 2019 assimiles,
1203 1950 1362 2006 aliud
1393 1951 1565 2006 corde
1602 1951 1871 2007 retineas.

499 2058 529 2087 α
575 2037 861 2093 Divertea
916 2038 1092 2106 malo,
1153 2044 1210 2094 et
1262 2039 1351 2094 fac
1405 2039 1646 2096 bonum.
1708 2061 1738 2090 »
1798 2041 1915 2095 Hoc
1965 2047 2071 2108 est,

427 2125 665 2181 destrue
720 2126 863 2182 vitia
909 2131 966 2182 et
995 2127 1216 2183 aedifica
1245 2128 1513 2183 virtutes.
1547 2128 1703 2184 Nihil
1733 2130 1991 2201 prodest,
2024 2131 2074 2185 si

424 2213 678 2269 destruis
708 2218 764 2269 et
786 2232 902 2270 non
933 2216 1207 2272 aediﬁcas.
1253 2220 1373 2273 Hoc
1405 2221 1513 2287 est,
1547 2218 1596 2273 si
1629 2219 1882 2274 destruis
1910 2219 2070 2288 vitia,

425 2305 483 2358 et
511 2319 627 2358 non
653 2302 906 2359 aediﬁcas
936 2304 1203 2360 virtutes.
1237 2311 1317 2360 Ac
1349 2305 1398 2361 si
1430 2306 1586 2361 dicat
1619 2325 1632 2363 :
1675 2307 1813 2373 Quis
1845 2312 1934 2363 est
1963 2308 2071 2364 ho-

423 2408 540 2462 mo,
574 2391 675 2463 qui
709 2393 835 2447 sine
865 2391 959 2447 his
997 2392 1136 2467 velit
1172 2394 1353 2449 vitam
1397 2394 1424 2449 ?
1476 2394 1705 2450 Nullus.
1740 2397 1886 2461 Quia
1914 2397 1973 2451 in
2007 2414 2072 2452 eo

424 2478 656 2535 nullum
691 2479 911 2535 bonum
942 2481 1073 2549 fuit,
1133 2482 1232 2554 qui
1286 2482 1515 2539 nullum
1548 2484 1765 2539 malum
1801 2486 2068 2543 destruit.

425 2589 454 2617 ‹‹
486 2566 714 2624 Diverte
735 2586 769 2624 a
799 2569 953 2625 malo
977 2574 1033 2626 et
1058 2571 1147 2625 fac
1181 2572 1424 2627 bonum.
1450 2595 1476 2622 »
1502 2572 1652 2628 Mala
1675 2574 1873 2630 omnia
1903 2592 1937 2630 a
1957 2576 2074 2631 dia-

428 2655 547 2711 boli
579 2656 864 2713 instinctu
907 2660 1251 2730 procedunt,
1280 2660 1433 2716 sicut
1464 2663 1615 2716 bona
1643 2679 1675 2716 a
1706 2662 1842 2718 Deo.
1876 2664 2070 2720 Relin-

431 2761 548 2815 que
577 2762 713 2817 ergo
761 2762 888 2817 quae
918 2748 1164 2821 instigat
1217 2749 1508 2819 diabolus,
1543 2756 1600 2807 et
1629 2769 1865 2824 operare
1921 2771 2067 2824 quae,

425 2833 688 2905 praicipit
710 2834 999 2891 Christus.
1017 2837 1251 2908 lnquire
1265 2855 1464 2909 pacem
1487 2845 1543 2895 et
1556 2858 1904 2913 persequere
1915 2859 2067 2900 eam.

418 2921 753 2978 Secundum
786 2925 1130 2995 Apostolum
1184 2944 1385 2998 pacem
1419 2930 1735 3000 sequimini
1769 2936 1824 2985 et
1852 2933 2066 2987 sancti-

419 3010 677 3066 moniam
705 3030 718 3079 ;
753 3012 880 3068 sine
911 3031 1027 3085 qua
1055 3032 1226 3070 nemo
1257 3016 1410 3072 videt
1460 3034 1704 3090 regnum
1736 3020 1837 3075 Dei
1868 3022 2064 3093 (Hebr.

415 3115 518 3169 XII,
576 3101 686 3167 14).
745 3101 846 3156 Vel
905 3102 1092 3159 Judaei
1152 3105 1506 3176 quaesierunt
1556 3125 1779 3179 pacem,
1841 3111 1898 3164 id
1955 3116 2063 3176 est,

412 3187 712 3243 Christum
744 3189 815 3244 ad
853 3191 1260 3260 occidendum,
1293 3211 1407 3250 non
1441 3196 1512 3251 ad
1541 3196 1894 3253 imitandum
1928 3200 2065 3271 quia

411 3274 824 3346 sequi,imitari
855 3278 1087 3337 dicitur.
1126 3303 1155 3331 «
1214 3282 1448 3354 Inquire
1479 3303 1682 3357 pacem
1713 3292 1770 3342 et
1819 3305 2061 3359 sequere

410 3379 561 3432 eam,
596 3385 625 3413 »
647 3365 704 3419 id
731 3370 841 3434 est,
870 3368 1195 3426 Christum:
1243 3372 1383 3442 quia
1427 3354 1554 3445 ipse
1583 3379 1671 3429 est
1695 3393 1806 3447 pax
1836 3354 2054 3434 nostra.
2090 3354 2132 3420 C

412 3452 515 3506 Vel
543 3454 1050 3524 sequere,imitare.
1075 3458 1240 3515 Unde
1271 3458 1331 3514 in
1363 3462 1670 3534 Evangelio
1704 3465 1921 3519 dictum
1950 3473 2055 3521 est:

407 3541 518 3608 Qui
542 3542 659 3596 vult
688 3552 804 3612 post
832 3560 919 3599 me
950 3548 1158 3615 venire,
1218 3549 1447 3618 abneget
1474 3555 1845 3624 semetipsum,
1876 3563 1929 3610 et
1958 3556 2061 3610 tol-

413 3629 494 3683 lat
520 3645 739 3685 crucem
756 3648 935 3702 suam,
967 3642 1018 3689 et
1045 3641 1308 3706 sequatur
1333 3654 1421 3693 me
1455 3639 1600 3711 (Luc.
1638 3659 1712 3707 IX,
1738 3643 1855 3711 23.)
1880 3646 2065 3715 Inqui-

413 3733 479 3772 re
500 3734 691 3789 pacem
720 3724 773 3774 et
800 3737 1022 3792 sequere
1042 3730 1312 3781 eam.Non
1339 3728 1557 3783 sufficit
1586 3729 1806 3785 malum
1840 3731 2060 3803 fugere,

418 3807 531 3862 nisi
567 3808 784 3864 bonum
818 3828 1050 3883 quoque
1080 3814 1303 3870 feceris.

491 3914 513 3943 ι
547 3896 712 3952 Oculi
766 3899 998 3955 Domini
1032 3918 1209 3975 super
1248 3905 1464 3974 justos.
1534 3928 1556 3954 α
1618 3908 1853 3965 Pietatis
1904 3912 2061 3967 enim

414 3983 774 4056 inspectione
807 4004 904 4043 eos
928 3991 1153 4062 jugiter
1207 3994 1652 4067 contemplatur.
1715 4022 1742 4047 ‹‹
1791 4000 1861 4053 Et
1891 4017 2061 4055 aures

414 4073 542 4141 ejus
572 4074 631 4127 in
665 4091 866 4146 preces
888 4093 1113 4134 eorum.
1144 4102 1172 4128 ››
1204 4081 1346 4146 Quia
1369 4099 1495 4153 qua
1518 4085 1685 4155 justa
1706 4092 1844 4142 sunt
1866 4094 2061 4159 postu-

412 4160 556 4214 lant.
594 4182 623 4211 «
655 4162 817 4218 Oculi
850 4165 1103 4232 Domini,
1131 4189 1151 4215 »
1186 4169 1241 4224 id
1275 4174 1381 4237 cst,
1413 4177 1686 4243 aspectus
1714 4176 2056 4246 divinitatis,

420 4270 441 4297 α
477 4264 655 4320 super
675 4251 891 4320 justos.
927 4253 994 4307 Et
1045 4269 1215 4310 aures
1247 4257 1373 4326 ejus
1422 4260 1494 4313 ad
1522 4278 1739 4332 ,preces
1770 4280 1994 4319 eorum.
2029 4288 2057 4316 »

415 4336 712 4408 Quidquid
744 4343 951 4412 rogant
978 4342 1165 4396 sancti
1195 4343 1265 4399 de
1294 4345 1857 4413 bono,exauditillos
1882 4369 1894 4407 :
1921 4353 2061 4424 quia

419 4424 574 4480 Deus
604 4430 661 4481 et
681 4427 861 4495 audit,
887 4432 946 4483 et
965 4429 1119 4485 videt
1148 4439 1603 4506 noszpropterea
1634 4454 1740 4493 nos
1770 4439 2057 4497 faciamus

411 4513 773 4570 voluntatem
803 4516 981 4573 illius.

481 4625 511 4652 «
545 4603 747 4660 Vultus
779 4611 971 4661 autem
1005 4608 1234 4664 Domini
1264 4627 1441 4683 super
1478 4612 1757 4670 facientes
1815 4616 1990 4672 mala.
2026 4640 2054 4667 »

2200 715 2256 765 et
2286 709 2568 765 Dominus
2598 709 2891 764 exaudivit
2920 725 3016 762 eos
3049 709 3207 779 (Dan.
3244 724 3327 760 m.
3372 708 3462 773 26,
3516 711 3682 777 seqq.)
3713 707 3840 761 Filii

2198 800 2686 865 Machabazorum,
2717 798 2801 853 vel
2836 799 3009 852 modo
3040 795 3445 868 unusquisque
3477 801 3714 851 sanctus
3744 813 3757 864 ;
3786 800 3842 850 et

2196 888 2348 959 illos,
2382 888 2635 943 etmodo
2664 903 3145 957 unumquemque
3172 901 3240 940 ex
3291 883 3564 939 omnibus
3593 883 3837 939 tribula-

2198 978 2455 1032 tionibus
2483 977 2710 1031 liberat.

2269 1088 2297 1116 ‹‹
2343 1066 2520 1121 Juxta
2575 1070 2664 1120 est
2738 1063 3019 1119 Dominus
3075 1063 3167 1117 his
3222 1063 3322 1134 qui
3373 1049 3652 1117 tribulato
3701 1065 3839 1116 sunt

2194 1156 2384 1211 corde.
2420 1177 2447 1203 »
2479 1155 2810 1225 Numquam
2843 1154 3149 1224 elongatur
3166 1152 3236 1206 ab
3269 1150 3353 1206 eis
3383 1151 3483 1222 qui
3515 1155 3750 1223 propter
3772 1149 3838 1204 il-

2192 1244 2314 1300 lum
2349 1244 2659 1300 sustinent.
2685 1244 2827 1298 Cum
2878 1241 3022 1312 ipsis
3054 1245 3141 1295 est
3171 1240 3229 1293 in
3258 1239 3635 1294 tribulatione
3671 1257 3684 1293 :
3718 1255 3833 1292 non

2190 1322 2335 1401 loco,
2369 1333 2471 1388 sed
2503 1331 2738 1398 auxilio,
2775 1330 2914 1400 quia
2945 1329 3098 1383 Deus
3157 1344 3271 1382 non
3322 1331 3412 1381 est
3451 1325 3675 1381 localis.
3712 1345 3734 1374 ι
3768 1327 3834 1380 Et

2191 1422 2443 1478 humiles
2494 1420 2703 1492 spiritu
2763 1418 3033 1473 salvabit.
3070 1438 3097 1466 »
3130 1415 3202 1469 Ut
3259 1415 3342 1469 eis
3375 1430 3551 1485 regna
3579 1414 3835 1469 crelestia

2190 1511 2491 1583 largiatur.
2525 1508 2788 1563 Humiles
2820 1505 3051 1577 spiritu,
3111 1504 3169 1559 id
3200 1507 3287 1558 est
3318 1502 3508 1569 mites,
3543 1508 3607 1556 ut
3635 1502 3777 1556 illud
3816 1520 3829 1557 :

2187 1601 2389 1656 Discite
2417 1616 2451 1653 a
2480 1615 2567 1654 me
2596 1599 2728 1667 quia
2757 1597 2906 1651 mitis
2933 1611 3053 1649 sum
3082 1602 3132 1649 et
3165 1592 3392 1647 Immitis
3435 1591 3591 1645 corde
3619 1590 3828 1661 (Matth.

2186 1707 2263 1758 x1,
2294 1689 2410 1760 29.)
2442 1686 2544 1742 Vel
2571 1685 2715 1741 illud
2751 1702 2762 1741 :
2798 1685 2950 1739 Beati
2978 1685 3125 1739 enim
3153 1697 3415 1753 pauperes
3444 1681 3666 1751 spiritu,
3698 1695 3828 1751 quo-

2186 1780 2339 1835 niam
2366 1779 2612 1849 ipsorum
2641 1779 2718 1831 est
2743 1791 2972 1846 regnum
2999 1774 3277 1839 caelorum,
3317 1769 3525 1840 (Matth.
3557 1786 3612 1839 v,
3646 1770 3719 1840 3.)

2263 1890 2285 1918 α
2342 1865 2531 1922 Multae
2588 1863 2994 1920 tribulationes
3063 1863 3382 1933 justorum.
3440 1880 3468 1908 »
3521 1859 3666 1930 Ergo
3726 1857 3827 1929 qui

2184 1955 2626 2013 tribulationem
2683 1970 2799 2009 non
2858 1951 3094 2025 patitur,
3145 1951 3349 2022 justus
3378 1964 3494 2004 non
3531 1952 3637 2003 est.
3673 1948 3825 2002 Mors

2184 2052 2555 2119 peccatorum
2587 2042 2847 2115 pessima
2867 2043 3281 2097 eleustorum
3304 2036 3607 2093 tribulatio
3640 2040 3827 2091 morte

2184 2136 2406 2204 finitur,
2439 2137 2806 2207 peccatorum
2864 2147 2997 2186 vero
3054 2127 3342 2200 supplicia
3392 2131 3525 2199 post
3573 2129 3819 2180 mortem

2182 2225 2492 2296 incipiunt.
2524 2222 2646 2289 Vel,
2675 2244 2704 2271 «
2739 2219 2933 2275 multae
2992 2217 3399 2273 tribulationes
3439 2216 3761 2286 justorum,
3799 2234 3827 2262 »

2183 2320 2240 2372 et
2270 2315 2339 2369 de
2370 2313 2644 2367 omnibus
2675 2310 2768 2366 his
2810 2306 3076 2364 liberavit
3105 2322 3204 2362 eos
3234 2305 3540 2360 Dominus.
3573 2305 3825 2358 Tentan-

2182 2408 2278 2459 tur
2329 2402 2506 2467 enim,
2540 2405 2605 2455 ut
2631 2397 2854 2470 probati
2890 2395 3183 2452 manifesti
3228 2395 3389 2448 fiant.
3425 2393 3535 2448 Sed
3567 2392 3627 2447 in
3677 2397 3826 2446 tem~

2182 2510 2319 2564 pore
2370 2493 2479 2547 erit
2536 2494 2833 2561 respectus
2903 2487 3190 2558 ipsorum,
3247 2500 3381 2540 cum
3436 2483 3828 2555 judicaverint

2180 2581 2469 2645 nationes,
2505 2584 2561 2633 et
2592 2576 2875 2633 dominati
2908 2574 3124 2628 fuerint
3152 2572 3404 2644 populis.

2253 2694 2278 2721 ‹‹
2304 2670 2589 2725 Dominds
2620 2665 2876 2721 custodit
2904 2663 3105 2718 omnia
3130 2678 3263 2717 ossa
3292 2676 3516 2715 eorum.
3552 2682 3579 2708 »
3614 2661 3674 2714 Id
3711 2662 3822 2724 est,

2179 2761 2422 2814 virtutes
2452 2772 2673 2813 eorum.
2708 2777 2737 2804 «
2772 2753 2963 2808 Unum
2998 2768 3064 2805 ex
3094 2750 3188 2805 his
3242 2766 3353 2803 non
3405 2752 3758 2803 conteretur.
3794 2768 3822 2795 ››

2177 2850 2257 2905 De
2286 2847 2505 2903 sanctis
2538 2844 2660 2901 suis
2706 2844 2766 2897 in
2799 2843 2992 2896 futuro
3019 2838 3262 2909 judicio,
3314 2837 3607 2909 quomodo
3659 2836 3819 2901 dicit,

2176 2956 2360 2994 unum
2393 2954 2462 2992 ex
2516 2935 2610 2990 his
2668 2951 2782 2988 non
2828 2934 3176 2999 conteretur,
3209 2927 3348 2998 quia
3402 2924 3572 2980 multi
3605 2925 3824 2979 habent

2176 3046 2311 3084 ossa
2341 3028 2541 3091 fracta,
2576 3026 2729 3080 sicut
2759 3022 3012 3094 legimus
3041 3020 3112 3074 de
3152 3017 3372 3072 sanctis
3416 3015 3773 3086 martyribus
3794 3013 3823 3068 ‘?

2176 3119 2285 3173 Sed
2319 3116 2413 3171 hic
2441 3132 2595 3185 ossa,
2630 3106 3184 3177 ﬁrmamentum,vel
3214 3106 3457 3160 virtutes
3488 3103 3699 3158 animae
3730 3103 3821 3156 in-

2175 3206 2543 3278 telliguntur.
2582 3201 2858 3257 Dominus
2917 3197 3175 3253 custodit
3203 3193 3400 3249 omnia
3431 3210 3564 3249 ossa
3594 3208 3816 3259 eorum,

2173 3312 2357 3351 unum
2384 3311 2452 3349 ex
2482 3293 2575 3348 his
2604 3308 2719 3347 non
2762 3291 3112 3344 conteretur.
3157 3284 3556 3339 [Eternitatem
3615 3297 3819 3353 perpe-

2171 3390 2286 3440 tua:
2314 3384 2442 3437 vita:
2473 3381 2636 3447 dicit,
2696 3395 2872 3450 quam
2904 3393 3005 3447 per
3062 3389 3225 3445 spem
3269 3371 3401 3426 ﬁdei
3434 3375 3663 3442 gerunt,
3699 3369 3820 3424 sive

2173 3472 2571 3529 fortitudinem
2606 3484 2783 3540 quam
2835 3466 2895 3520 in
2925 3467 3050 3536 ipso
3082 3463 3300 3517 habent
3332 3466 3444 3515 Deo
3476 3458 3768 3514 custodire
3803 3472 3816 3512 :

2173 3580 2245 3619 ne
2275 3562 2332 3616 in
2368 3561 2459 3615 his
2486 3554 2963 3613 tribulationibus
3018 3554 3339 3624 tepescant,
3372 3552 3475 3603 aut
3508 3551 3817 3602 conteran-

2171 3657 2269 3706 tur
2297 3650 2357 3705 in
2389 3649 2604 3719 aliquo.

2243 3763 2271 3789 κ
2307 3740 2463 3794 Mors
2520 3740 2888 3808 peccatorum
2925 3731 3183 3805 pessima
3208 3732 3317 3783 est.
3382 3749 3404 3776 ιι
3462 3725 3609 3790 Quia
3636 3730 3692 3779 et
3721 3723 3817 3778 hic

2172 3829 2499 3891 initiantur,
2558 3830 2615 3881 et
2644 3826 2702 3879 in
2731 3825 2926 3879 futuro
2971 3822 3096 3876 sine
3128 3820 3241 3873 fine
3271 3820 3636 3887 torquentur.
3683 3836 3711 3863 ‹‹
3748 3817 3816 3866 Et

2172 3918 2273 3990 qui
2305 3918 2553 3972 oderunt
2574 3915 2827 3985 justum,
2854 3910 3253 3981 delinquant.»
3285 3905 3583 3961 Christum
3612 3901 3698 3958 vel
3730 3903 3812 3956 te-

2172 4010 2528 4063 stamentum
2553 4004 2680 4074 ejus
2699 4000 2881 4056 Judaei
2910 4000 3210 4053 oderunl.«
3242 3996 3502 4049 Oderunt
3520 3993 3812 4061 justum.»

2171 4098 2228 4150 id
2260 4099 2368 4162 est,
2400 4092 2718 4154 Christum,
2781 4093 2838 4142 et
2871 4086 2996 4141 sine
3053 4101 3249 4139 causa.
3300 4083 3647 4150 Delinquenr,
3704 4078 3813 4132 hoc

2168 4189 2277 4249 est,
2313 4181 2650 4254 peccabunt.
2673 4176 2773 4232 Vel
2803 4177 2900 4248 qui
2933 4175 3057 4229 odit
3087 4171 3532 4240 modojustum,
3566 4167 3674 4222 hoc
3700 4171 3808 4235 est,

2168 4284 2654 4340 unumquemque
2684 4270 2977 4330 sanctum,
3009 4264 3225 4334 peccat.

2241 4380 2269 4407 «
2302 4355 2569 4411 Redemit
2599 4352 2882 4408 Dominus
2915 4350 3143 4404 animas
3177 4362 3478 4402 servorum
3511 4361 3812 4399 suorum.»

2167 4444 2437 4500 Redemit
2491 4458 2597 4498 nos
2657 4440 2924 4496 Christus
2974 4437 3260 4508 sanguine
3291 4451 3397 4490 suo
3448 4433 3722 4506 pretioso,
3755 4437 3813 4487 et

2168 4533 2340 4589 modo
2397 4548 2501 4603 per
2559 4528 2826 4602 singulos
2879 4528 3004 4582 dies
3061 4525 3313 4581 redimit.
3345 4523 3531 4590 Vel,‘«
3566 4521 3815 4577 redemit

2164 4622 2450 4678 Dominus
2479 4620 2705 4675 animas
2735 4632 3032 4673 servorum
3058 4630 3332 4680 suorum,
3362 4636 3389 4664 »
3423 4613 3495 4668 de
3524 4615 3811 4684 potestate

410 4690 524 4746 Iste
554 4692 819 4763 psalmus
863 4694 923 4749 in
954 4711 1206 4767 persona
1262 4698 1549 4756 bonorum
1592 4706 1649 4757 et
1692 4704 1751 4759 in
1810 4722 2059 4777 persona
2090 4716 2136 4780 D
2167 4710 2437 4766 secundm
2490 4708 2718 4762 mortis.
2752 4729 2779 4755 «
2814 4710 2883 4760 Et
2932 4722 3048 4759 non
3080 4703 3445 4775 derelinquet
3472 4716 3677 4757 omnes
3708 4699 3807 4771 qui

415 4778 705 4835 malorum
737 4782 935 4838 currit.
971 4787 1211 4857 Propter
1240 4786 1380 4858 quid
1405 4788 1599 4845 vultus
1628 4791 1729 4847 Dei
1760 4811 1935 4865 super
1954 4812 2052 4853 eos

412 4866 512 4939 qui
545 4868 701 4924 mala
731 4870 1087 4929 faciunt?«Ut
1116 4874 1416 4946 disperdat
1436 4879 1506 4933 de
1527 4883 1680 4935 terra
1710 4885 2052 4941 memoriam

413 4972 634 5013 eorum.
670 4980 699 5008 »
761 4960 881 5016 Hoc
937 4967 1027 5018 est
1057 4964 1126 5018 de
1155 4968 1308 5019 terra
1338 4965 1674 5035 viventium,
1712 4976 1778 5026 ut
1802 4973 1884 5028 ait
1914 4992 2050 5046 pro-

409 5044 586 5117 pheta
616 5064 629 5102 :
662 5049 958 5106 Deleantur
994 5051 1058 5107 de
1106 5053 1250 5107 libro
1304 5054 1608 5111 viventium
1636 5058 1805 5130 (Psal.
1858 5044 2048 5131 mimi,

408 5133 523 5206 29.)
553 5134 794 5192 Vultum
828 5138 921 5195 hic
956 5140 1210 5197 furorem
1241 5141 1751 5219 intelligimus,qui
1784 5150 2049 5208 mirando

408 5221 580 5291 iram,
614 5228 957 5284 memoriam
980 5231 1200 5301 peccati
1231 5247 1266 5286 a
1294 5237 1446 5287 terra
1476 5232 1780 5305 disperdit,
1810 5243 1874 5292 ut
1895 5241 2047 5296 radi-

408 5327 502 5367 ces
533 5314 913 5388 benignitatis
938 5334 1057 5374 suae
1090 5320 1268 5392 (unde
1298 5337 1426 5376 eam
1458 5322 1769 5397 exciderat)
1801 5329 2044 5398 plantet.

405 5402 538 5463 Quae
570 5403 642 5459 de
666 5406 928 5477 auribus,
961 5407 1169 5478 oculis,
1218 5425 1284 5465 ac
1315 5410 1384 5466 de
1411 5410 1573 5466 vultu
1601 5413 1897 5484 dicuntur,
1932 5436 2047 5475 non

405 5490 477 5545 ad
510 5495 976 5565 corporationem
1006 5499 1269 5568 Deitatis,
1331 5500 1430 5555 sed
1471 5501 1543 5556 ad
1591 5504 1915 5574 majestatis
1946 5524 2046 5580 p0-

404 5580 649 5636 tentiam
682 5586 984 5643 referenda
1012 5593 1173 5644 sunt.

417 5709 425 5721 .
477 5690 507 5719 «
567 5670 976 5731 Clamaverunt
1023 5678 1199 5748 justi,
1274 5681 1330 5733 et
1416 5680 1693 5737 Dominus
1759 5684 2050 5740 exaudivit

406 5773 528 5823 eos,
564 5780 592 5807 «
624 5764 733 5818 etc.
767 5765 915 5829 Quia
944 5766 1015 5822 de
1042 5766 1299 5839 puritate
1325 5769 1516 5826 cordis
1565 5770 1789 5845 integra
1827 5772 2048 5829 clama-

2162 4803 2402 4871 sperant
2429 4798 2488 4851 in
2521 4812 2676 4851 eum.
2712 4818 2739 4844 ››

2236 4887 2344 4951 Qui
2374 4887 2433 4941 in
2463 4887 2578 4941 Deo
2610 4888 2871 4957 sperant,
2924 4901 3040 4939 non
3072 4882 3438 4954 derelinquet
3467 4897 3588 4947 eos,
3620 4893 3807 4949 neque

2160 4976 2274 5046 hic,
2309 4991 2498 5045 neque
2528 4975 2586 5028 in
2620 4976 2854 5029 tuturo:
2890 4974 2989 5031 sed
3022 4989 3155 5028 cum
3188 4972 3335 5043 ipsis
3364 4968 3805 5038 est,secundum

2159 5064 2609 5136 promissionem
2662 5080 2853 5128 suam,
2916 5079 3105 5134 usque
3136 5062 3203 5115 ad
3238 5055 3805 5115 consummationem

2159 5152 2374 5207 szeculi.
2401 5152 2541 5217 Quis
2570 5153 2742 5208 nobis
2767 5158 3041 5224 praestare
3071 5150 3363 5221 dignetur,
3392 5150 3457 5200 ut
3487 5145 3564 5198 sit
3584 5143 3808 5214 jugiter

2158 5240 2287 5297 laus
2344 5244 2471 5312 ejus
2530 5242 2590 5297 in
2622 5258 2721 5299 ore
2768 5245 2986 5308 nostro,
3020 5241 3264 5311 ejusque
3290 5235 3555 5291 doctrina
3585 5230 3804 5286 medio-

2161 5332 2335 5386 criter
2348 5335 2709 5396 utentes,nec
2722 5330 2994 5386 extollere
3007 5341 3417 5401 prospera,nec
3433 5319 3809 5377 incommoda

2156 5419 2389 5477 valeant
2417 5420 2717 5476 inclinare.

2679 5544 3003 5601 PSALMUS
3042 5540 3276 5598 XXXIV.

2158 5638 2255 5707 In,
2274 5635 2459 5704 ﬁnem,
2496 5636 2748 5707 Psalmus
2779 5636 2888 5704 ipsi
2942 5630 3132 5707 Dauid.
3190 5627 3484 5707 inﬁtinem,
3516 5624 3571 5679 id
3603 5627 3711 5707 est,

2230 5697 2547 5773 Christum,
2596 5713 2662 5762 ut
2693 5697 2885 5761 illud:
2920 5706 3070 5757 Finis
3094 5703 3225 5771 legis
3249 5700 3523 5773 Christum
3553 5697 3619 5773 ad
3644 5698 3807 5767 justi-

2230 5779 2373 5832 tiam
2402 5770 2557 5833 οηιηί
2611 5780 2860 5834 credenti
2917 5777 3089 5847 (Rom.
3123 5770 3178 5841 κ,
3236 5773 3311 5841 li).
3346 5770 3444 5826 Vel
3482 5770 3637 5835 finis,
3671 5783 3802 5839 per-
