4314 6602
440 484 557 544 9'19

1931 477 2350 539 APPENDIX.

3731 473 3851 533 980

517 614 686 669 fectio
716 613 944 669 Christi.
980 614 1142 669 Unde
1172 619 1227 668 et
1273 612 1519 685 apostoli
1579 613 1852 685 dixerunt
1905 613 2089 667 Domi-
2119 612 2172 676 Α
2200 609 2433 679 taveris,
2487 613 2625 664 tunc
2684 608 2743 662 hi
2775 607 3237 663 confundantur.
3276 628 3304 655 ‹‹
3365 605 3715 659 Avertantur
3770 620 3854 658 re-

512 703 601 755 ne,
635 686 858 740 ostende
906 686 1061 739 nobis
1092 688 1331 752 Patrem,
1364 689 1413 739 et
1469 684 1680 755 sufﬁcit
1704 686 1858 739 nobis
1899 685 2084 753 (Joan.

515 774 630 825 xxv,
663 758 740 828 8).
773 756 839 811 Et
868 756 1152 811 Dominus
1204 773 1216 812 :
1273 758 1378 824 Qui
1407 772 1490 810 me
1518 757 1683 827 videt,
1716 758 1861 810 videt
1897 764 1948 809 et
1982 759 2089 809 Pa-

519 833 657 883 trem
686 844 866 883 meum
886 845 905 887 ;
946 829 1076 899 quia
1131 843 1223 896 ego
1279 830 1341 881 in
1395 832 1582 899 Patre,
1642 832 1690 881 et
1727 831 1895 899 Pater
1919 828 2094 899 inhme

517 900 795 967 est(lbid.
854 897 1030 955 91.111
1064 900 1171 952 hoc
1230 906 1317 953 est
1357 898 1632 969 perfectio
1685 898 1919 952 Christi.
1982 897 2094 969 Da-

517 970 838 1041 vid,fortis
870 988 1046 1025 manu
1103 967 1543 1041 interpretatur,
1593 969 1712 1041 sive
1746 967 2096 1041 desiderabi-

521 1039 718 1097 lis.‘Et
774 1043 1055 1096 Dominus
1086 1039 1272 1094 manu
1308 1040 1491 1103 fortis,
1527 1039 1662 1110 quia
1718 1040 1907 1109 tetigit
1939 1039 2097 1092 locu-

519 1114 664 1178 lum,
728 1119 784 1167 et
840 1113 1092 1167 surrexit
1142 1112 1378 1181 juvenis
1417 1112 1574 1164 filius
1603 1111 1787 1164 viduae
1817 1112 1964 1181 (Luc.
1998 1126 2095 1171 v11,

523 1184 624 1239 Vel
658 1185 843 1247 fortis,
876 1201 975 1253 per
1005 1200 1177 1253 quem
1238 1184 1389 1237 facta
1446 1186 1585 1236 sunt
1617 1183 1814 1236 omnia
1843 1183 2022 1252 (Joan.
2057 1198 2097 1245 1,

525 1257 602 1327 3).
638 1255 1066 1320 Desiderabilis,
1101 1254 1240 1325 quia
1272 1254 1565 1327 intantum
1598 1253 1934 1307 desiderant
1965 1269 2100 1306 san-

529 1325 605 1381 cti
633 1328 829 1381 videre
860 1327 1180 1391 Christum,
1214 1331 1279 1380 ut
1334 1325 1511 1379 etiam
1572 1341 1814 1393 corpora
1861 1340 1969 1378 sua
1998 1339 2101 1392 pro

530 1399 660 1469 ipso
691 1398 926 1469 tradant
955 1399 1012 1452 in
1064 1396 1426 1467 martyrium.
1460 1394 1559 1449 Vel
1589 1395 1879 1469 passionis
1914 1394 2102 1448 Domi-

535 1467 675 1524 nicse
707 1468 969 1541 psalmus
996 1469 1253 1523 continet
1281 1473 1735 1541 sacramentum.
1772 1467 1833 1520 In
1864 1482 1979 1541 quo
2011 1482 2107 1519 no-

535 1537 780 1596 tandum
811 1545 917 1605 est,
949 1541 1104 1610 quod
1135 1556 1203 1594 ea
1240 1557 1365 1611 qua:
1397 1539 1456 1593 in
1487 1537 1839 1611 humilitate,
1873 1537 2007 1611 ﬂetu
2042 1553 2107 1591 ac

535 1612 889 1667 lamentione
965 1608 1275 1679 dicuntur,
1315 1627 1432 1665 non
1486 1608 1795 1675 divinitati,
1856 1609 1957 1662 sed
2016 1624 2108 1662 as-

538 1689 786 1755 sumpta;
839 1683 999 1737 carni
1052 1681 1424 1737 conveniunt.
1458 1681 1597 1735 Orat
1625 1696 1761 1752 ergo
1792 1680 2107 1735 Dominum

539 1754 792 1817 Patrem,
822 1754 1023 1808 dicens
1058 1769 1071 1808 ε

541 1865 569 1892 ‹‹
600 1843 831 1909 Judica,
852 1842 1111 1901 Domine.
1147 1845 1420 1897 nocentes
1453 1858 1545 1897 me
1578 1857 1591 1895 :
1625 1857 1894 1913 expugna
1923 1841 2110 1912 impu-

468 1936 716 2004 gnantes
748 1948 860 1987 me.
886 1954 914 1982 ››
935 1931 1169 1986 Judaeos
1199 1935 1256 1986 et
1286 1930 1581 2003 principes
1610 1928 2109 2001 sacerdotum,qui

469 2021 529 2075 in
544 2036 713 2075 carne
727 2019 1301 2092 positumDominum
1335 2035 1485 2091 saepe
1506 2018 2114 2091 impugnantes,noce-

470 2126 531 2165 re
555 2109 928 2165 voluerunt.«
956 2108 1456 2175 Judica,Domine.
1490 2113 1762 2164 nocentes
1787 2124 1898 2163 me.
1939 2130 1959 2158 ι
1995 2108 2119 2162 Vox

470 2199 681 2254 Christi
737 2199 797 2253 in
854 2199 1145 2271 passione,
1199 2203 1256 2254 et
1310 2216 1420 2254 vox
1466 2198 1731 2253 Ecclesia:
1779 2199 1837 2251 in
1868 2196 2119 2253 tribula-

474 2288 652 2343 tione.
684 2288 878 2344 Judica
931 2306 950 2343 :
1000 2288 1109 2343 hoc
1167 2292 1274 2353 est,
1322 2287 1547 2358 judicio
1594 2286 1983 2342 discretionis.
2015 2285 2119 2341 Vel

474 2376 679 2447 iudica,
714 2376 772 2431 id
802 2380 909 2444 est,
967 2377 1231 2431 discerne
1282 2377 1432 2431 inter
1462 2393 1555 2432 me
1587 2380 1643 2431 et
1669 2376 1904 2431 Judmos
1929 2394 1941 2442 ;
1970 2375 2124 2430 inter

480 2465 798 2520 Ecclesiam
821 2470 879 2520 et
910 2469 1327 2536 persecutores.
1357 2489 1377 2514 ι
1406 2466 1684 2536 Expugna
1704 2465 2121 2536 impugnantes

481 2571 593 2609 me.
631 2577 659 2604 »
689 2559 771 2609 Ac
801 2554 850 2609 si
882 2554 1055 2620 dicat,
1086 2556 1173 2608 Tu
1208 2554 1295 2609 fac
1345 2554 1659 2608 vindictam
1693 2570 1794 2624 pro
1826 2570 1939 2618 me,
1973 2554 2124 2607 sicut

479 2644 697 2700 dicitur
726 2660 828 2715 per
856 2648 1125 2699 sanctum
1184 2643 1428 2698 Paulum
1482 2660 1494 2697 :
1555 2644 1689 2697 Mihi
1718 2644 2040 2711 vindictam,
2074 2644 2123 2697 et

479 2750 571 2804 ego
600 2735 903 2788 retribuam
936 2734 1106 2803 (Rom.
1162 2750 1263 2803 x11,
1301 2733 1407 2804 19).
1469 2734 1538 2787 Et
1566 2732 1727 2802 item,
1758 2731 1819 2786 Si
1850 2736 1997 2786 Deus
2024 2747 2122 2803 pro

476 2823 652 2893 nobis,
685 2824 807 2893 quis
834 2830 1028 2877 contra
1056 2837 1151 2876 nos
1182 2824 1355 2888 (Rom.
1392 2839 1516 2892 N111,
1549 2822 1639 2891 31}
1669 2821 1697 2875 ?

548 2934 577 2962 ‹‹
604 2912 985 2984 Apprehende
1016 2928 1179 2967 arma
1208 2915 1264 2965 et
1290 2915 1474 2977 scuta,
1509 2915 1566 2966 et
1609 2926 1853 2982 exsurge
1900 2909 1961 2963 in
2023 2908 2123 2964 ad-

473 3001 758 3075 Jutorium
790 3000 956 3055 mihi.
994 3022 1023 3049 »
1056 3002 1118 3054 In
1150 3000 1352 3071 armis,
1405 2998 1663 3054 coelestia
1692 2998 1985 3069 adjutoria
2016 3013 2028 3051 :
2064 2997 2122 3051 in

476 3092 641 3146 scuto
690 3088 950 3143 divinam
1007 3087 1423 3160 protectioncm
1477 3087 1765 3160 designat,
1826 3104 2002 3159 quam
2033 3103 2124 3141 se-

477 3178 739 3235 cundum
770 3176 1179 3231 infirmitatem
1204 3176 1395 3231 carnis
1419 3175 1528 3231 sibi
1551 3175 1810 3247 postulat
1830 3176 2125 3230 ministra-

476 3268 545 3322 ri.
600 3266 713 3321 Sed
770 3269 827 3321 et
882 3282 987 3321 nos
1049 3264 1455 3336 spiritualibus
1510 3264 1769 3321 defendit
1822 3263 2001 3319 armis
2059 3280 2125 3318 ac

480 3356 692 3423 munit,
726 3355 1048 3410 secundum
1079 3354 1421 3426 Apostolum
1487 3371 1499 3409 :

479 3447 585 3501 Dei
614 3445 823 3516 (Ephes.
858 3462 933 3512 v1,
983 3444 1091 3511 11).
1150 3446 1328 3497 Arma
1380 3443 1613 3498 Domini
1672 3443 1952 3515 profectio
1985 3443 2123 3497 divi-

480 3534 702 3590 nitatis.
735 3533 885 3599 Quid
940 3532 1166 3595 fortius,
1202 3532 1343 3603 quid
1374 3532 1677 3605 pulchrius
1731 3550 1908 3604 quam
1961 3532 2123 3587 Chri-

481 3629 638 3678 stum
671 3627 963 3678 armatum
990 3626 1144 3677 stare
1176 3638 1278 3692 pro
1308 3622 1431 3677 suis
1464 3622 1683 3677 sanctis
1718 3622 1746 3676 ?
1776 3622 1927 3677 sicut
1956 3638 2124 3677 sanc-

478 3714 577 3766 tus
606 3710 938 3781 Stephanus
968 3709 1371 3780 vidit,quando
1401 3709 1547 3765 dixit
1580 3726 1592 3764 :
1626 3712 1758 3765 Ecce
1788 3710 1939 3765 video
1968 3711 2127 3765 cirlos

480 3807 713 3871 apertos,
745 3802 798 3853 et
851 3799 1055 3853 Filium
1110 3798 1345 3852 hominis
1393 3803 1633 3853 stantem
1689 3816 1723 3853 a
1775 3798 1983 3854 dextris
2029 3801 2130 3855 Dei

480 3889 666 3944 Patris
695 3888 831 3957 (Act.
862 3904 963 3956 vn,
991 3888 1102 3957 55).
1163 3888 1345 3953 Stare,
1406 3887 1722 3960 pugnantis
1780 3888 1869 3943 vel
1927 3888 2127 3943 adver-

484 3978 672 4035 santis
703 3980 835 4032 est..
873 3977 960 4031 Tu
1006 3992 1120 4031 non
1154 3981 1318 4047 potes
1350 3982 1580 4031 mutare
1628 3980 1731 4031 tua
1780 3994 1945 4031 arma
1978 3995 1990 4031 :
2024 3977 2131 4032 Do-

484 4067 679 4121 minus
735 4065 1017 4121 accedens
1075 4066 1146 4119 de
1198 4064 1375 4120 armis
1447 4066 1585 4119 iacit
1641 4070 1895 4120 scutum.
1930 4066 1996 4119 Et
2024 4082 2129 4121 nos

485 4156 767 4211 debemus
796 4171 962 4210 arma
990 4154 1273 4225 accipere,
1326 4159 1391 4208 ut
1422 4153 1717 4227 possimus
1769 4154 2036 4209 resistere
2068 4154 2128 4208 in

486 4245 579 4300 die
630 4243 807 4313 mulo,
866 4249 924 4299 et
980 4243 1040 4298 in
1099 4244 1375 4298 omnibus
1432 4244 1668 4315 perfecti
1728 4248 1882 4299 stare
1913 4244 2126 4315 (Ephes.

484 4351 562 4403 v1,
598 4334 706 4405 13).

559 4446 588 4473 ‹‹
621 4422 864 4478 Eﬂ‘unde
915 4421 1217 4489 frameam,
1253 4425 1310 4476 et
1362 4420 1643 4476 conclude
1700 4422 1979 4477 adversus
2034 4438 2133 4477 eos

488 4513 590 4585 qui
622 4515 1053 4584 persequuntur
1082 4527 1194 4567 me.
1221 4532 1249 4560 ››
1274 4510 1345 4565 Ut
1374 4498 1596 4566 effusus
1628 4509 1729 4566 irae
1758 4515 1869 4566 tua:
1900 4511 2134 4583 gladius

489 4616 667 4672 super
695 4616 794 4656 eos
824 4599 1074 4667 decidat,
1135 4614 1351 4670 eosque
1403 4597 1713 4654 concludat
1746 4616 1758 4653 :
1793 4617 1862 4655 ne
1909 4601 1979 4654 ad
2032 4616 2133 4655 no-

2199 702 2457 753 trorsum
2489 704 2547 752 et
2576 698 2922 751 erubescant
2952 695 3053 765 qui
3083 694 3290 749 volunt
3347 693 3494 747 mihi
3526 691 3700 747 mala.
3734 713 3786 746 ».
3822 714 3850 740 »

2200 787 2324 841 Non
2358 791 2422 840 ut
2451 786 2757 857 proficiant
2787 784 2846 837 in
2905 788 3038 838 ante
3075 783 3176 837 sed
3234 787 3556 837 retrorsum
3614 797 3852 835 conver-

2201 880 2420 941 tantur,
2453 881 2517 928 ut
2546 878 2803 945 pereant,
2862 872 2919 926 in
2978 876 3087 937 est,
3143 872 3459 940 daemones,
3518 869 3727 940 Judaei,
3761 868 3851 924 vel

2206 968 2605 1033 persecutores
2638 960 3267 1027 Ecclesiae,avertantur
3296 960 3355 1013 in
3389 958 3846 1028 futurojudicio.

2207 1052 2649 1107 Confundantur
2705 1054 2761 1104 et
2813 1053 3185 1104 revereantur
3237 1047 3483 1119 gentiles
3522 1049 3593 1103 de
3629 1048 3849 1102 idolis:

2210 1142 2644 1195 confundantur
2672 1140 2742 1194 de
2781 1138 3134 1193 infidelitate
3164 1138 3236 1192 ad
3272 1138 3445 1192 ﬁdem
3476 1136 3711 1191 Christi.
3747 1138 3856 1193 Un-

2210 1230 2281 1284 de
2339 1229 2555 1283 Paulus
2599 1229 2785 1283 dicit:
2820 1228 3047 1296 Qualem
3103 1243 3235 1297 ergo
3290 1229 3534 1296 fructum
3587 1226 3857 1279 habuistis

2210 1323 2342 1374 tunc
2367 1321 2427 1373 in
2457 1320 2566 1385 his,
2599 1320 2661 1373 in
2693 1318 2887 1388 quibus
2914 1334 3063 1371 nunc
3086 1316 3401 1371 erubescitis
3432 1318 3685 1381 (Rom.v1,
3716 1316 3805 1385 21)
3840 1314 3853 1367 l

2213 1408 2333 1471 Vel,
2367 1412 2729 1462 revertantur
2760 1410 3099 1471 retrorsum,
3132 1405 3189 1460 id
3223 1409 3331 1469 est,
3383 1403 3466 1458 illi
3498 1403 3599 1475 qui
3633 1402 3852 1458 malum

2216 1513 2454 1552 cursum
2481 1494 2849 1560 habuerunt;
2886 1496 3041 1550 sicut
3064 1494 3350 1550 Dominus
3381 1494 3462 1547 ait
3492 1494 3563 1548 ad
3596 1497 3855 1548 Petrum:

2222 1586 2356 1642 Vade
2381 1589 2502 1658 post
2525 1603 2608 1641 me
2639 1587 2851 1641 Salana
2881 1585 3088 1655 (Matth.
3123 1602 3239 1652 xv1,
3265 1586 3379 1656 23).

2290 1693 2494 1747 «Fiant
2551 1697 2832 1765 tanquam
2891 1692 3080 1764 pulvis
3126 1696 3259 1747 ante
3311 1691 3520 1747 faciem
3567 1691 3745 1759 venti,
3806 1698 3864 1748 et

2219 1781 2461 1854 angelus
2497 1782 2724 1837 Domini
2757 1799 3113 1854 persequens
3145 1798 3262 1837 eos.
3323 1804 3351 1833 »
3401 1782 3462 1836 Id
3517 1784 3627 1847 est,
3659 1780 3861 1853 angelo

2219 1877 2625 1943 persequente,
2656 1872 3089 1943 disperdantur,
3122 1876 3187 1925 ut
3216 1870 3362 1926 nihil
3394 1887 3634 1942 prorsus
3666 1887 3734 1925 ex
3770 1869 3864 1925 his

2140 1980 2190 2045 B
2220 1961 2308 2015 vel
2340 1961 2613 2032 exiguum
2674 1961 3058 2033 relinquatur.
3119 1960 3334 2027 Pulvis,
3389 1960 3545 2015 leves
3590 1964 3647 2015 et
3678 1960 3864 2015 infru-

2226 2051 2412 2105 ctuosi
2447 2050 2714 2105 homines
2744 2050 2882 2105 dicti
2923 2054 3078 2118 sunt,
3114 2050 3251 2121 quia
3307 2050 3461 2103 sicut
3515 2048 3703 2121 pulvis
3734 2054 3867 2105 ante

2225 2145 2484 2210 ventum,
2517 2140 2597 2194 sic
2653 2144 2983 2211 peccatores
3039 2144 3173 2193 ante
3204 2139 3553 2193 sententiam
3610 2137 3868 2194 divinam

2227 2230 2288 2284 in
2319 2228 2660 2299 diejudicii.
2711 2230 2781 2283 Et
2837 2251 2865 2277 ‹‹
2923 2226 3169 2299 angelus
3226 2226 3457 2282 Domini
3511 2244 3872 2298 persequens

2230 2335 2347 2373 cos.
2381 2338 2406 2366 »
2446 2316 2701 2388 Angelus
2755 2316 3001 2383 Domini,
3058 2316 3116 2369 id
3150 2320 3255 2386 est,
3289 2314 3532 2387 spiritus
3566 2315 3779 2372 malus.
3813 2317 3873 2371 Si

2230 2406 2445 2477 malus,
2495 2423 2597 2461 cur
2654 2405 2933 2461 Domini?
2964 2406 3022 2461 Si
3082 2404 3335 2472 Domini,
3369 2422 3473 2459 cur
3499 2404 3737 2459 malus?
3770 2410 3874 2459 ι)οο

2234 2496 2424 2551 mini:
2461 2496 2601 2567 quia
2657 2496 2943 2550 Dominus
2986 2493 3154 2549 illum
3209 2494 3440 2559 creavit,
3492 2499 3547 2549 et
3592 2494 3876 2550 Dominus
3970 2514 3975 2517 ν

2232 2585 2398 2640 illum
2431 2585 2684 2639 habetin
2718 2589 3024 2655 potestate.
3060 2582 3370 2655 Malignus,
3391 2600 3506 2638 non
3539 2584 3875 2654 natura,sed

2234 2692 2342 2730 sua
2382 2674 2807 2729 adinventione.
2841 2673 3120 2728 Diabolus
3150 2672 3325 2727 habet
3377 2671 3733 2728 voluntatem
3776 2689 3877 2727 no-

2234 2764 2422 2835 cendi,
2455 2764 2554 2819 sed
2588 2780 2703 2818 non
2734 2762 2909 2816 habet
2960 2766 3306 2830 potestatem
3366 2760 3636 2825 faciendi,
3688 2766 3752 2815 ut
3798 2762 3878 2816 ait

2234 2854 2518 2926 prepheta
2567 2871 2579 2908 :
2645 2853 3012 2907 Immissiones
3053 2846 3424 2922 per'migelos
3470 2852 3642 2905 malos
3701 2850 3875 2919 (Psat.

2235 2960 2440 3005 Lxxvu,
2474 2944 2585 3010 49),
2615 2941 2671 2996 id
2700 2945 2807 3009 est,
2842 2944 3065 2995 tantam
3089 2940 3265 2995 habet
3296 2944 3660 3011 potestatem,
3694 2957 3879 3011 quan-

2233 3038 2359 3087 tum
2392 3032 2678 3087 Dominus
2709 3032 2758 3085 ei
2792 3029 3094 3101 permittit.

2311 3162 2331 3187 α
2367 3139 2534 3194 Fiant
2564 3138 2665 3191 viae
2701 3136 2934 3192 illorum
2968 3137 3218 3191 tenebra:
3270 3141 3327 3191 et
3382 3135 3696 3192 lubricum.
3732 3160 3759 3187 »
3793 3139 3882 3193 Te-

2232 3230 2444 3295 nebrm,
2476 3227 2836 3299 ignorantiae.
2872 3227 3195 3293 Lubricum,
3230 3225 3287 3280 id
3339 3230 3427 3281 est
3455 3225 3705 3282 luxuria.
3740 3227 3885 3292 Quia

1562 3314 1774 3409 me
1823 3314 2123 3409 me;
2154 3348 2196 3415 α
2236 3320 2335 3415 qui
2369 3318 2839 3415 ίειίεέηςηιεεει
2869 3316 3140 3415 diem
3173 3314 3443 3371 ἀίεθοωε
3493 3315 3658 3415 ί¹¹⁰ῖ¹¹
3691 3334 3881 3415 9”?”

2235 3410 2455 3481 quitur.
2502 3406 2606 3461 Vel
2666 3405 2878 3460 aliter:
2913 3405 3041 3461 Non
3099 3409 3454 3476 cognoscant
3497 3406 3761 3461 veritatis
3791 3405 3881 3460 lu-

2233 3515 2388 3561 men,
2422 3513 2525 3551 nec
2586 3496 2757 3549 ﬁrma
2813 3495 3060 3550 statione
3121 3494 3464 3562 consistant,
3530 3496 3631 3550 sed
3672 3494 3883 3551 lubrici

2234 3589 2376 3642 fiant
2406 3602 2642 3659 gressus
2673 3601 2895 3647 eorum,
2931 3583 3031 3656 qui
3064 3583 3122 3637 in
3155 3584 3264 3639 hac
3297 3584 3570 3656 passione
3602 3599 3883 3655 grassan-

2233 3683 2350 3745 tur,
2384 3680 2560 3747 atque
2590 3675 2661 3729 ab
2687 3673 2894 3745 angelo
2932 3671 3213 3728 claritatis
3278 3672 3587 3728 Dominicaa
3618 3672 3882 3745 afﬂigan-

2234 3772 2352 3820 tur.

2312 3875 2338 3902 ιι
2371 3852 2657 3918 Quoniam
2689 3852 2870 3923 gratis
2931 3851 3364 3905 absconderunt
3404 3848 3549 3903 mihi
3582 3848 3888 3904 interitum

2237 3942 2432 4014 laquei
2464 3941 2575 3996 sui.
2614 3965 2635 3992 ι
2675 3939 3109 4011 Bene,sui,quia
3140 3956 3309 4011 quem
3344 3937 3632 4010 putabant
3664 3940 3891 3994 Domini

2239 4032 2563 4094 interitum,
2597 4046 2799 4084 eorum
2834 4030 3073 4083 eil'ectus
3105 4034 3194 4083 est
3241 4028 3508 4099 laqueus.
3543 4051 3569 4076 ‹‹
3606 4027 3891 4093 Quoniam

2238 4120 2419 4192 gratis
2450 4119 2883 4175 absconderunt
2941 4118 3088 4172 mihi
3149 4118 3470 4172 interitum.
3527 4141 3548 4168 ››
3589 4117 3802 4183 Gratis,
3834 4117 3890 4171 id

2238 4216 2347 4275 est,
2381 4210 2505 4265 sine
2538 4225 2732 4274 causa,
2757 4213 2874 4262 tam
2909 4207 3099 4263 Judaei
3131 4207 3452 4276 Christum,
3486 4223 3664 4279 quam
3696 4224 3887 4278 perse-

2240 4303 2469 4353 cutores
2500 4296 2840 4352 Ecclesiam.
2904 4295 3017 4367 Ipsi
3080 4296 3427 4367 semetipsos
3474 4294 3893 4366 laqueaverunt

2241 4388 2300 4442 in
2332 4385 2669 4441 vindictam.
2709 4405 2737 4435 α
2764 4388 3129 4456 Supervacua
3184 4385 3710 4457 exprobraveerunt
3767 4383 3891 4438 ani-

2242 4493 2399 4532 mam
2433 4491 2644 4530 meam.
2680 4499 2701 4525 κ
2739 4474 2892 4528 Nihil
2928 4474 3084 4529 enim
3118 4474 3259 4530 utile
3288 4472 3495 4528 habuit
3523 4472 3889 4545 exprobratio

2243 4582 2465 4622 eorum.

489 4649 657 4672 -wr-—
698 4649 792 4656 vv-
829 4649 1074 4667 -“”’-“”’1
1142 4649 1346 4670 VV—v‘w'
1408 4649 1711 4654 ""'—“-—-'
1747 4649 1757 4653 -
1793 4649 1860 4655 --ν
1911 4649 1979 4654 ..ν-
2032 4649 2101 4655 '_v
2507 4653 2517 4664 ο
2637 4652 2648 4663 Ι
2706 4652 2716 4663 Ι
3345 4649 3356 4661 ο
3849 4650 3860 4661 Ο

489 4690 740 4744 cendum
770 4687 1002 4743 valeant
1030 4688 1278 4761 evagari.
1312 4688 1420 4743 Per
1449 4688 1729 4743 frameam
1788 4687 2137 4760 intelligitur
2167 4721 2213 4785 Β
2246 4677 2346 4799 ἀ,“
2375 4653 2585 4796 νίῗῖῗδὲ
2634 4651 2751 4753 “Ps
2805 4652 3053 4724 laqueus
3112 4667 3285 4721 quem
3342 4655 3633 4749 lgnomnt‘
3671 4674 3699 4701 ”
3730 4652 3893 4751 Εἶίθιῖ

495 4778 683 4799 μμ-
724 4776 1011 4799 n-_..'..:--
1071 4794 1171 4799 μ,
1235 4793 1399 4799 ﬂ-”
1442 4777 1573 4799 p__:L
1637 4782 1783 4799 ιη---
1818 4781 1985 4799 ..-ιη
2051 4779 2108 4799 ε--
2288 4760 2457 4799 ιυωι
2512 4760 2544 4796 u
2618 4746 2898 4799 minatur.
2960 4741 3116 4799 quod
3152 4740 3518 4799 temporibus
3551 4739 3893 4799 Vesnamam

492 4778 692 4833 anima
724 4776 1037 4847 Dominica,
1071 4794 1173 4849 per
1230 4793 1406 4849 quam
1439 4777 1576 4832 facit
1634 4782 1786 4833 Deus
1818 4781 1987 4833 Pater
2043 4779 2137 4847 ju-

494 4872 646 4923 stam
704 4864 1041 4921 vindictam.
1103 4866 1205 4922 Vel
1254 4866 1476 4922 framea
1535 4866 1885 4940 intelligitur
1942 4868 2139 4923 anima

494 4956 965 5027 uniuscujusque
996 4957 1185 5011 sancti
1221 4974 1233 5013 :
1269 4956 1588 5035 quia-Deus
1612 4972 1715 5028 per
1744 4956 1971 5011 animas
2004 4975 2138 5012 san-

496 5051 619 5103 ctas
678 5046 816 5101 facit
870 5045 1190 5100 vindictam
1225 5061 1238 5099 :
1273 5046 1429 5101 sicut
1480 5062 1583 5117 per
1638 5046 1871 5101 Petrum
1903 5046 2037 5101 fecit
2069 5047 2139 5101 de

496 5135 723 5192 Anania
753 5140 810 5191 et
839 5134 1086 5206 Saphira
1116 5136 1250 5207 (Act.
1282 5153 1339 5203 v,
1396 5134 1577 5206 5-10),
1610 5139 1666 5190 et
1696 5152 1799 5206 per
1849 5134 2034 5190 Eliam
2068 5136 2139 5191 de

497 5225 1016 5298 quinquagenariis
1067 5223 1208 5279 viris
1268 5224 1362 5295 (IV
1416 5225 1542 5293 Reg.
1580 5241 1617 5294 1,
1677 5224 1784 5294 10).
1815 5246 1843 5273 »
1874 5223 2139 5293 Domine,

498 5316 590 5371 dic
621 5315 828 5371 animae
860 5330 1000 5369 mea
1036 5330 1048 5369 :
1082 5311 1253 5369 Salus
1286 5317 1387 5369 tua
1416 5330 1521 5385 ego
1553 5329 1707 5369 sum.
1743 5335 1770 5362 »
1794 5316 1916 5367 Vox
1946 5313 2139 5368 Eccle-

497 5403 616 5459 siae.
650 5426 678 5454 «
713 5403 817 5459 Dic
847 5403 1053 5459 animae
1088 5419 1247 5471 meae,
1285 5425 1307 5453 ι
1342 5407 1409 5458 ut
1439 5407 1492 5457 te
1549 5400 1859 5473 intelligat,
1891 5402 2046 5472 quod
2077 5406 2140 5456 tu

498 5509 560 5548 es
590 5498 743 5549 Deus
774 5509 941 5549 meus
974 5510 986 5547 :
1020 5497 1082 5548 tu
1111 5510 1174 5548 es
1205 5491 1366 5548 salus
1396 5492 1603 5547 animze
1631 5506 1791 5545 mea}.
1828 5512 1856 5539 «
1885 5490 1986 5545 Dic
2016 5490 2141 5545 ani-

497 5595 604 5633 mae
637 5595 775 5633 mea:
812 5596 825 5633 :
862 5578 1032 5635 Salus
1063 5584 1164 5633 tua
1192 5595 1297 5651 ego
1330 5587 1484 5634 sum.
1516 5600 1543 5627 »
1565 5579 1611 5631 A
1641 5591 1734 5631 me
1764 5576 1893 5647 erit,
1925 5576 2135 5649 inquit,

499 5669 631 5737 post
657 5670 903 5722 mortem
932 5668 1295 5723 viviﬁcanda.

574 5776 603 5804 ‹‹
634 5755 1078 5813 Bonfundantur
1134 5762 1190 5813 et
1244 5750 1615 5813 revereantur
1664 5757 1987 5827 querentes
2016 5753 2141 5810 ani-

500 5861 661 5902 mam
706 5861 920 5914 meam,
954 5852 1019 5902 ut
1047 5848 1314 5903 auferant
1343 5863 1491 5902 eam.
1526 5867 1555 5895 »
1587 5845 1730 5900 Cum
1763 5862 1854 5901 me
1886 5845 2135 5901 resusci-

2288 4744 2408 4799 ium
2441 4740 2585 4796 illud
2618 4741 2898 4811 minatur,
2960 4741 3116 4811 quod
3152 4740 3518 4810 temporibus
3551 4739 3894 4812 Vespasiani

2248 4849 2423 4904 super
2453 4848 2550 4886 eos
2589 4829 2839 4885 advenit.
2877 4828 2976 4883 Vel
3009 4829 3419 4899 unusquisque
3450 4833 3715 4901 peccator
3742 4827 3894 4882 funi-

2249 4921 2396 4975 culis
2428 4920 2703 4973 vitiorum
2738 4934 2981 4973 suorum
3027 4917 3449 4989 constringitur
3479 4917 3539 4971 in
3567 4918 3661 4973 die
3685 4916 3895 4989 judicii

2320 5028 2499 5099 (Prov.
2531 5042 2585 5093 v,
2617 5024 2731 5096 22.)
2773 5048 2799 5073 ‹‹
2833 5026 2901 5080 Et
2933 5024 3122 5097 captio
3155 5033 3331 5096 quam
3362 5024 3665 5081 abscondit
3692 5041 3896 5096 appre-

2248 5116 2468 5171 hendat
2497 5131 2594 5170 eos
2620 5131 2632 5168 :
2659 5116 2718 5169 in
2751 5113 3027 5185 laqueum
3055 5114 3268 5169 cadant
3305 5114 3364 5168 in
3397 5114 3546 5184 ipso.
3580 5135 3607 5166 ι)
3645 5114 3706 5169 In
3741 5130 3893 5169 mor-

2249 5211 2367 5260 tem
2399 5204 2602 5277 utique
2630 5203 3017 5276 repentinam,
3050 5219 3226 5274 quam
3260 5201 3482 5257 occulte
3510 5202 3621 5273 ipsi
3646 5201 3893 5257 Domino

2251 5299 2450 5349 nostro
2482 5293 2889 5363 moliebantur,
2927 5297 2989 5347 ut
3016 5291 3185 5346 illud.
3238 5292 3523 5349 Foderunt
3543 5300 3667 5346 ante
3694 5292 3896 5361 faciem

2248 5401 2426 5439 meam
2453 5391 2684 5454 foveam,
2716 5387 2766 5436 et
2795 5384 2903 5452 ipsi
2932 5382 3248 5437 inciderunt
3299 5382 3357 5435 in
3416 5398 3538 5435 eam
3578 5380 3747 5452 (Psal.
3782 5397 3893 5443 1.v1,

2249 5473 2327 5543 7).
2359 5477 2425 5527 Et
2455 5472 2594 5527 item
2626 5470 2769 5526 dicit
2803 5488 2815 5526 :
2847 5472 3075 5525 Fovcam
3104 5487 3272 5540 quam
3298 5471 3471 5541 fratri
3521 5472 3611 5525 tuo
3663 5483 3893 5539 parave-

2248 5579 2361 5632 ras,
2392 5564 2453 5616 in
2481 5579 2601 5616 eam
2628 5559 2782 5615 cades
2812 5561 2996 5631 (Prov.
3028 5576 3183 5628 xxv1,
3208 5560 3324 5632 27).

2322 5690 2349 5716 «
2383 5668 2594 5723 Anima
2624 5671 2819 5723 autem
2854 5684 2981 5721 mea
3011 5666 3327 5723 exsultabit
3354 5666 3415 5721 in
3448 5664 3711 5720 Domino.
3747 5685 3777 5713 ››
3823 5664 3892 5718 Et

2248 5756 2516 5813 Christus
2548 5757 2608 5812 in
2640 5757 2829 5823 Patre,
2872 5761 2928 5812 et
2956 5756 3213 5813 Ecclesia
3242 5756 3302 5811 in
3360 5753 3605 5809 Christo.
3635 5754 3894 5809 Delecta-

2251 5845 2400 5901 bitur
2422 5862 2587 5917 super
2614 5845 2857 5901 salutari
2913 5848 3051 5918 ejus.
3102 5848 3249 5903 Cum
3298 5846 3369 5900 ab
3410 5861 3476 5900 eo
3507 5842 3887 5900 resuscitatus
