4314 6584
353 508 465 568 981

1587 514 2085 577 BREVIARIUM
2132 516 2210 576 IN
2256 517 2643 580 PSALMOS.

3648 519 3768 580 982

354 642 549 697 tuerit.
581 643 707 710 Vel,
740 643 1118 709 delectabitur,
1151 643 1260 699 hoc
1317 649 1426 713 est,
1487 645 1779 702 laetabitur
1833 665 2009 720 super
2040 649 2093 714 Α
2122 649 2341 705 duritia
2372 650 2569 723 populi
2616 667 2729 706 non
2763 650 3050 706 credentis
3085 668 3097 705 :
3132 648 3441 705 celebravit
3460 650 3759 720 jejunium

354 731 599 787 salutari
639 732 785 800 ejus.
821 731 1107 787 Salutaris
1165 737 1361 788 noster
1415 734 1681 790 Christus
1724 741 1832 806 est,
1867 737 2004 807 quia

355 818 414 874 in
444 819 572 891 ipso
603 819 922 876 delectatur
952 820 1223 888 Ecclesia,
1262 825 1324 877 ut
1384 823 1464 877 ait
1518 823 1791 879 Salomon
1826 844 1839 881 :
1871 826 2005 893 Qua:

353 912 429 964 est
460 912 567 964 ista
597 925 716 980 qua:
744 910 986 965 ascendit
1029 910 1304 979 dealbata,
1355 920 1407 968 et
1449 914 1648 967 innixa
1685 931 1853 985 super
1879 916 1983 985 fra-

356 999 584 1053 truelem
614 1014 780 1053 suum
809 999 987 1069 (Cant.
1021 1016 1147 1071 vm,
1179 1000 1285 1070 5)?

427 1108 455 1135 «
490 1087 699 1142 Omnia
730 1104 866 1142 ossa
897 1104 1025 1143 mea
1055 1088 1247 1143 dicent
1280 1106 1293 1145 :
1323 1088 1588 1159 Domine,
1622 1091 1756 1161 quis
1789 1091 2003 1147 similis

351 1176 509 1230 tibi?
536 1197 565 1227 »
599 1176 662 1231 In
694 1177 949 1245 ossibus,
975 1178 1297 1245 zeternitas,
1328 1177 1447 1234 sive
1479 1179 1758 1235 fortitudo
1785 1179 1998 1235 intelli-

349 1264 525 1336 gitur,
560 1265 713 1336 quod
748 1266 820 1320 ad
872 1266 1168 1337 apostolos
1200 1268 1447 1322 refertur
1479 1286 1490 1323 :
1527 1273 1592 1323 ut
1626 1269 1843 1335 quibus
1874 1269 1997 1324 visa

348 1354 522 1408 fuerit
578 1352 834 1425 primum
890 1356 1065 1410 verba
1094 1356 1543 1413 resurrectionis
1586 1358 1755 1428 quasi
1788 1358 1997 1412 delira-

348 1447 565 1511 menta,
599 1459 756 1497 nunc
786 1442 1119 1499 collaudent
1148 1449 1205 1499 et
1261 1445 1461 1499 dicant
1493 1463 1505 1500 :
1544 1467 1569 1493 ‹‹
1602 1446 1740 1511 Quis
1788 1446 2001 1501 similis

346 1531 501 1586 tibi?
528 1554 556 1579 ››
587 1531 697 1587 hoc
729 1532 979 1604 est,quis
1004 1537 1068 1587 ut
1084 1535 1146 1587 tu
1180 1533 1373 1605 potuit
1403 1534 1473 1588 de
1507 1542 1689 1589 morte
1708 1534 2001 1589 revocare?

346 1619 443 1674 Vel
479 1637 635 1685 ossa,
668 1620 935 1675 fortiores
995 1620 1205 1690 sancti,
1237 1620 1325 1676 vel
1357 1622 1600 1678 virtutes
1635 1628 1994 1680 sanctorum.

348 1730 375 1757 ‹‹
411 1708 550 1772 Quis
583 1707 795 1763 similis
824 1709 1024 1763 tibi?»
1056 1714 1137 1763 Ac
1170 1710 1220 1764 si
1251 1709 1406 1765 dicat
1438 1726 1451 1765 :
1484 1711 1684 1767 Nemo.
1719 1711 1844 1767 Alio
1872 1711 1997 1769 loco

347 1796 491 1852 dicit
537 1815 550 1853 :
584 1798 725 1853 Deus
754 1800 880 1869 quis
908 1800 1112 1854 similis
1142 1798 1245 1854 tibi
1277 1799 1448 1871 (Psal.
1484 1817 1607 1868 Lxx,
1636 1800 1768 1873 19)?
1796 1800 1853 1856 id
1885 1807 1993 1869 est,

346 1885 568 1942 nullus.

418 1997 446 2025 «
476 1974 739 2046 Eripiens
772 1976 1004 2047 inopem
1039 1977 1110 2031 de
1172 1994 1347 2033 manu
1410 1979 1715 2035 fortiorum
1772 1982 1917 2052 ejus.
1961 2004 1990 2031 »

343 2064 517 2136 Inops
549 2064 813 2120 Christus
843 2082 946 2137 pro
978 2066 1168 2133 nobis,
1198 2072 1263 2122 ut
1290 2066 1451 2123 illius
1480 2068 1680 2141 inopia
1710 2087 1818 2125 nos
1849 2070 1990 2125 divi-

342 2156 431 2208 tes
469 2153 707 2209 faceret.‘
734 2158 810 2209 De
840 2171 1018 2209 manu
1052 2156 1357 2211 fortiorum
1392 2174 1405 2212 :
1439 2158 1496 2212 id
1524 2162 1631 2224 est,
1692 2160 1763 2214 de
1811 2176 1989 2215 manu

343 2241 678 2298 Judaeorum
708 2242 975 2298 liberavit
1005 2260 1140 2299 eum
1173 2249 1324 2301 Deus
1356 2245 1539 2301 Pater.
1573 2248 1746 2320 In0ps
1795 2248 1990 2305 Chris-

342 2335 463 2400 tus,
523 2348 591 2386 ex
646 2348 896 2403 persona
942 2334 1339 2390 membrorum
1400 2352 1642 2391 suorum
1706 2336 1993 2409 loquitur.-

342 2442 371 2469 ‹‹
404 2421 665 2491 Egenum
701 2426 756 2476 et
786 2438 1099 2493 pauperem
1157 2440 1191 2477 a
1229 2424 1639 2496 diripientibus
1687 2408 1847 2481 eum.l
1880 2450 1908 2476 »
1940 2435 1989 2482 A

345 2510 736 2579 potestatibus
796 2512 1191 2567 tenebrarum.
1226 2514 1483 2578 Quorum
1524 2514 1779 2570 maxima
1802 2517 1988 2573 virtus

347 2600 454 2668 est,
488 2602 555 2652 ut
583 2601 813 2670 possint
842 2599 1092 2672 diripere
1126 2618 1413 2673 pauperes
1442 2607 1597 2657 tuos.

413 2709 440 2735 «
478 2687 869 2760 Exsurgentes
900 2694 1082 2744 testes
1112 2689 1321 2762 iniqui,
1363 2708 1489 2762 quae
1524 2692 1872 2765 ignorabant
1900 2696 1988 2750 in-

340 2776 719 2847 terrogabant
749 2793 861 2831 me.
898 2800 926 2827 »
958 2779 1335 2851 Evangelium
1376 2780 1556 2835 falsos
1588 2787 1766 2837 testes
1798 2784 1938 2838 dicit
1972 2802 1984 2839 :

346 2864 651 2935 Propheta,
686 2865 946 2938 iniquos.
974 2868 1041 2921 Et
1073 2867 1204 2922 falsi
1233 2885 1381 2939 quos
1401 2870 1772 2942 Evangelium
1802 2877 1986 2944 vocat,

341 2952 820 3025 interrogantur;
854 2956 925 3010 de
955 2957 1172 3028 quibus
1203 2973 1336 3012 vero
1395 2959 1678 3030 propheta
1709 2960 1986 3031 loquitur,

340 3041 721 3113 interrogant.
745 3043 906 3098 Unde
925 3044 1371 3117 intelligendum
1403 3052 1491 3103 est
1513 3050 1666 3119 quod
1699 3051 1989 3121 principes

338 3131 707 3186 sacerdotum
774 3138 915 3188 sunt
974 3133 1164 3205 iniqui
1195 3138 1395 3203 testes,
1447 3137 1547 3207 qui
1599 3137 1989 3211 interrogave-

338 3224 478 3274 runt
507 3236 633 3290 quas
666 3222 1019 3292 nesciebant,
1082 3223 1341 3279 dicentes
1373 3242 1385 3280 :
1430 3226 1761 3296 Adjuramus
1818 3237 1868 3284 te
1891 3247 1992 3300 per

342 3313 541 3376 Deum,
599 3312 660 3363 ut
718 3311 878 3365 dicas
935 3310 1088 3366 nobis
1142 3313 1194 3366 si
1231 3316 1290 3366 tu
1328 3329 1383 3368 es
1421 3316 1597 3369 Filius
1633 3316 1733 3370 Dei
1772 3316 1985 3387 (Matth.

336 3414 490 3465 xxvx,
521 3399 634 3465 63).
666 3398 905 3455 Dicente
946 3403 1143 3455 autem
1175 3400 1294 3465 illo,
1354 3403 1473 3474 Ego
1505 3420 1659 3470 sum,
1694 3405 1994 3462 sciderunt
2025 3387 2067 3454 Ο
2104 3405 2316 3474 (Matth.
2374 3421 2525 3475 xxvx,
2591 3404 2702 3473 38).
2774 3425 2801 3451 «

334 3484 695 3541 vestimenta
726 3503 853 3557 sua,
887 3491 944 3542 et
1002 3489 1171 3559 quasi
1229 3489 1288 3544 in
1339 3490 1740 3546 testimonium
1772 3493 1987 3549 clama-

333 3579 546 3629 verunt
578 3591 591 3629 :
624 3577 740 3647 Ipsi
766 3576 999 3631 audistis
1032 3576 1607 3650 blasphemiam;quid
1636 3580 1813 3635 adhuc
1840 3599 1985 3653 quae-

328 3666 502 3719 rimus
532 3668 689 3720 testes
718 3664 882 3735 (Ibid.
915 3666 1006 3731 64,
1036 3667 1173 3737 65)?
1210 3667 1440 3723 Falsum
1466 3670 1624 3725 enim
1655 3676 1780 3725 erat
1809 3672 1948 3726 testi
1968 3704 1989 3713 -

329 3753 619 3820 monium,
648 3758 715 3808 ut
742 3753 1002 3809 dicerent
1034 3771 1168 3811 eum
1200 3755 1658 3828 blasphemassc,
1695 3759 1797 3830 qui
1827 3760 1984 3815 dixe-

332 3845 418 3896 rat
444 3841 768 3897 veritatem.

405 3951 427 3977 ι
460 3931 526 3985 Et
554 3931 956 3987 retribuebant
1012 3934 1156 3989 mihi
1194 3935 1348 3991 mala
1380 3953 1483 4007 pro
1514 3937 1682 3992 nobis
1719 3954 1732 3992 :
1767 3938 1984 3994 sterili-

328 4024 507 4075 tatem
541 4021 748 4075 animae
781 4038 941 4077 mem.
982 4046 1001 4070 ι
1036 4024 1315 4081 Exibentc
1347 4042 1439 4080 me
1468 4027 1671 4093 vitam,
1705 4030 1983 4084 condem-

326 4114 614 4188 naverunt
674 4126 766 4164 me
824 4111 1020 4180 morti,
1082 4117 1139 4167 et
1182 4114 1601 4171 fecunditatem
1689 4118 1979 4173 bonorum

326 4196 653 4251 cmlestium
686 4198 1069 4270 promittenti,
1102 4201 1229 4256 vitae
1285 4203 1595 4273 penuriam
1631 4204 1980 4260 intulerunt.

325 4285 419 4340 Sic
451 4286 711 4340 fecerunt
738 4286 919 4341 Judaei
970 4287 1197 4344 Christo
1232 4306 1245 4343 :
1281 4308 1383 4361 pro
1431 4294 1599 4348 nobis
1663 4294 1815 4349 mala
1847 4297 1981 4350 red-

324 4375 619 4429 diderunt.
656 4398 682 4425 «
716 4375 1094 4432 Sterilitatem
1130 4377 1339 4434 animas
1374 4397 1513 4435 mea:
1542 4401 1553 4450 ;
1606 4383 1664 4437 id
1696 4388 1803 4449 est,
1837 4401 1979 4456 quo-

338 4464 511 4519 modo
542 4463 780 4519 illorum
845 4464 1053 4520 animm
1110 4467 1338 4523 steriles
1393 4475 1561 4525 erant
1602 4472 1673 4526 de
1704 4472 1875 4538 bono,
1925 4478 1983 4529 et

333 4551 516 4623 plenae
547 4553 618 4608 de
648 4559 883 4626 peccato
921 4571 934 4608 :
968 4555 1052 4610 sic
1083 4555 1395 4613 voluerunt
1451 4564 1515 4614 ut
1544 4560 1741 4616 anima
1765 4561 1979 4618 Christi

327 4641 555 4697 fuisset.

2018 2018 2067 2083 B

2114 755 2299 810 usque
2332 742 2400 794 ad
2428 757 2748 812 vesperam,
2779 757 2912 796 cum
2942 740 3000 794 in
3032 755 3269 810 vespera
3290 738 3494 793 mundi
3526 738 3759 794 oblatus

2113 834 2222 897 est,
2259 846 2360 900 pro
2392 829 2597 884 mundi
2627 834 2835 885 salute.
2869 830 3155 885 Conversa
3205 831 3295 883 est
3321 827 3506 883 oratio
3539 828 3666 899 ejus
3696 827 3757 883 in

2114 918 2309 972 sinum
2344 918 2692 984 Patris,cum
2727 918 2782 972 in
2817 916 2999 972 nihilo
3034 921 3123 971 est
3156 918 3473 971 frustratus
3502 932 3536 971 a
3566 916 3754 984 Patre,

2114 1010 2171 1059 et
2202 1009 2371 1059 Pater
2401 1022 2514 1060 non
2547 1006 2717 1077 quasi
2744 1005 2954 1061 minori
2988 1003 3274 1077 praestitit,
3300 1005 3399 1059 sed
3432 1009 3498 1058 ut
3520 1021 3753 1061 assum-

2113 1098 2279 1165 ptum
2309 1094 2606 1150 hominem
2640 1092 3253 1150 declararet.Christus
3286 1110 3401 1148 non
3422 1092 3753 1149 carnaliter.

2113 1183 2210 1237 sed
2236 1182 2618 1254 spiritualiter
2638 1183 2943 1253 jejunavit.
2980 1182 3256 1237 Esuriens
3288 1181 3445 1236 venit
3473 1182 3545 1236 ad
3579 1182 3755 1238 arbo-

2112 1287 2234 1325 rem
2295 1272 2387 1325 fici
2445 1272 2651 1343 (Matth.
2707 1289 2821 1339 xxx,
2878 1274 2964 1338 18,
3028 1272 3114 1339 19)
3176 1286 3188 1324 :
3235 1269 3439 1325 sitiens
3493 1270 3653 1325 venit
3681 1270 3752 1325 ad

2111 1361 2327 1415 fontem
2358 1361 2571 1431 (Joann.
2609 1378 2682 1429 ιν,
2716 1362 2792 1429 7).
2842 1359 3146 1414 Esuriebat
3201 1358 3451 1414 salutem
3508 1358 3755 1413 humani

2109 1449 2340 1520 generis
2406 1466 2418 1502 :
2502 1449 2735 1503 sitiebat
2809 1449 2983 1503 fidem
3082 1447 3365 1503 Ecclesiae.
3442 1448 3753 1503 Esuriebat

2109 1537 2167 1591 in
2202 1538 2489 1608 passione,
2526 1539 2757 1609 quando
2780 1554 3003 1607 omnes,
3030 1537 3279 1591 maxime
3310 1535 3753 1607 apostoli,nega-

2107 1631 2315 1681 verunt
2336 1627 2542 1694 (Matth.
2575 1644 2723 1693 xxw,
2756 1628 2869 1695 56),
2906 1626 3018 1681 nisi
3052 1632 3279 1680 tantum
3309 1624 3456 1679 latro
3486 1624 3544 1680 in
3578 1641 3748 1680 cruce

2106 1715 2408 1771 confessus
2438 1720 2528 1771 est
2556 1717 2710 1785 (Luc.
2744 1732 2906 1782 xxm,
2958 1716 3067 1783 42).
3128 1738 3156 1764 ‹‹
3188 1716 3256 1769 Et
3312 1713 3497 1769 oratio
3527 1728 3658 1769 mea
3686 1714 3747 1768 in

2106 1804 2240 1860 sinu
2298 1821 2427 1861 meo
2485 1808 2870 1861 convertetur.
2930 1806 3046 1859 Hoc
3102 1808 3210 1870 est,
3260 1803 3321 1858 in
3371 1807 3589 1859 secreto
3648 1802 3745 1859 Dei

2103 1894 2293 1950 Patris
2323 1894 2549 1967 agebat.
2585 1895 2651 1949 Et
2681 1894 2868 1949 sancti
2918 1897 3087 1949 orant
3129 1892 3188 1947 in
3244 1896 3465 1948 secreto
3501 1907 3513 1946 :
3545 1890 3604 1945 id
3635 1896 3744 1957 est,

2104 1983 2163 2038 in
2196 1985 2387 2052 corde,
2420 1984 2519 2039 ubi
2550 1983 2706 2039 Deus
2743 1982 2972 2037 videtur
3003 1985 3071 2037 ut
3115 1981 3174 2036 in
3224 1978 3533 2052 Evangelio
3566 1995 3578 2034 :
3616 1978 3750 2033 Cum

2098 2089 2243 2142 oras,
2274 2073 2425 2128 intra
2449 2074 2510 2127 in
2541 2072 2856 2128 cubiculum
2884 2076 3060 2143 tuum,
3102 2078 3152 2126 et
3179 2085 3275 2125 ora
3320 2074 3545 2124 Patrem
3592 2072 3750 2122 tuum

2098 2164 2159 2216 in
2206 2160 2513 2217 abscondito
2556 2161 2765 2231 (Matth.
2813 2177 2889 2225 vx,
2939 2160 3016 2227 6).
3084 2160 3154 2214 Et
3220 2160 3388 2213 Anna
3436 2157 3639 2213 orabat
3687 2157 3748 2212 in

2096 2251 2313 2323 templo
2343 2252 2397 2324 (Ι
2420 2253 2546 2320 Reg.
2579 2268 2620 2321 ι,
2648 2250 2757 2321 13).

2169 2364 2196 2390 ‹‹
2249 2340 2425 2406 Quasi
2474 2339 2826 2411 proximum,
2876 2338 3046 2411 quasi
3097 2338 3333 2393 fratrem
3384 2338 3672 2392 nostrum.
3719 2356 3748 2385 »

2096 2429 2152 2483 Si
2185 2446 2252 2483 ex
2302 2445 2552 2501 persona
2620 2428 2799 2483 David
2833 2427 3127 2500 psalmum
3173 2425 3516 2497 accipimus,
3547 2424 3743 2495 proxi-

2100 2535 2257 2572 mum
2310 2518 2631 2588 accipimus
2681 2516 2934 2572 Saulem.
2984 2517 3041 2570 Si
3108 2533 3177 2571 ex
3222 2514 3460 2579 Christi,
3524 2513 3737 2568 Judam

2099 2607 2451 2678 proditorem
2512 2606 2843 2678 proximum
2908 2609 3095 2659 vocat.
3157 2603 3252 2659 Vel
3306 2603 3627 2674 proximus,
3682 2606 3789 2656 et‘

2097 2698 2274 2752 frater
2320 2696 2584 2751 Christus
2621 2696 2840 2751 Judznis
2892 2712 2905 2749 :
2958 2694 3098 2765 quia
3126 2694 3197 2748 de
3227 2693 3373 2764 ipsis
3405 2692 3740 2746 humanita-

2097 2793 2213 2841 tem
2268 2785 2520 2840 attraxit.
2572 2807 2599 2834 ‹‹
2648 2790 2733 2838 Ita
2771 2782 3227 2855 complacebam.
3282 2802 3309 2831 ››
3360 2781 3420 2835 Id
3491 2787 3567 2847 et,
3629 2781 3739 2834 Deo

2097 2874 2249 2929 Patri
2305 2874 2527 2930 :frater
2585 2890 2651 2928 ac
2683 2872 2984 2944 proximus
3043 2875 3167 2925 erat
3214 2872 3449 2942 propter
3500 2884 3741 2940 genera-

2096 2964 2316 3019 tionem
2348 2978 2705 3034 corpoream.
2739 2983 2767 3009 «
2802 2960 2977 3026 Quasi
3003 2958 3227 3029 lugens,
3251 2962 3307 3012 et
3337 2955 3739 3026 contristatus,

2099 3053 2182 3108 sic
2214 3050 2587 3106 humiliabar.
2625 3072 2653 3099 »
2684 3050 2945 3120 Lugebat
2974 3048 3152 3114 enim,
3194 3062 3350 3115 cum,
3384 3045 3744 3101 confortante

2100 3141 2324 3213 angelo,
2392 3145 2568 3213 guttai
2645 3138 2876 3195 sudoris
2953 3138 3081 3206 ejus
3138 3141 3421 3207 tanquam
3499 3134 3744 3205 sanguis

2098 3231 2433 3286 deﬂuebant
2477 3229 2547 3283 ad
2597 3233 2831 3283 terram.
2888 3228 2957 3281 Et
3021 3225 3397 3281 contristatus
3463 3227 3552 3279 est
3612 3239 3744 3277 cum

2104 3320 2362 3374 diceret:
2417 3319 2603 3373 Tristis
2651 3319 2727 3371 est
2763 3317 2953 3371 anima
3004 3331 3128 3369 mea
3173 3329 3343 3383 usque
3392 3312 3462 3366 ad
3509 3315 3749 3367 mortem

2865 3403 3170 3471 Tanquam
3222 3401 3430 3472 lugens
3483 3404 3540 3454 et
3605 3415 3746 3453 con-

2096 3495 2385 3549 tristatus.
2447 3517 2474 3543 ››
2528 3493 2787 3564 Lugebat
2835 3490 3101 3545 Christus
3150 3505 3251 3560 pro
3302 3492 3463 3559 parte
3521 3491 3743 3553 nostra,

2106 3587 2170 3637 ut
2200 3582 2342 3636 illud
2378 3600 2391 3637 :
2433 3582 2643 3646 Videris,
2676 3580 2887 3651 inquit,
2920 3581 3217 3649 civitatem,
3251 3579 3400 3648 ﬂevit
3429 3592 3594 3649 super
3618 3594 3745 3631 eam

2096 3673 2245 3742 (Luc.
2300 3688 2420 3737 xm,
2453 3672 2563 3738 41).
2608 3691 2635 3718 ‹‹
2684 3672 2767 3724 Ita
2824 3668 3177 3723 humiliabar
3218 3686 3231 3735 ;
3283 3667 3421 3738 quia
3477 3666 3743 3721 Christus

2095 3760 2443 3815 humiliatus
2476 3768 2562 3814 est
2618 3760 2677 3813 in
2737 3759 3028 3831 passione.
3083 3757 3207 3823 Vel,
3247 3779 3269 3805 α
3304 3757 3386 3812 sic
3417 3756 3743 3829 complace-

2096 3850 2229 3905 bam
2256 3868 2269 3917 ;
2304 3872 2331 3898 »
2364 3848 2503 3921 quia
2532 3848 2931 3920 complacebat
2966 3847 3115 3901 Patri
3146 3864 3247 3918 per
3266 3847 3442 3901 ﬁdem
3473 3850 3530 3901 et
3556 3862 3741 3917 spem.

2172 3962 2191 3987 ιι
2230 3940 2297 3993 Et
2327 3939 2635 3993 adversum
2662 3955 2752 3992 me
2782 3936 2956 3991 lcetati
2992 3940 3149 3991 sunt.
3184 3959 3212 3984 »
3245 3935 3445 3990 Laetati
3476 3940 3615 3989 sunt
3642 3935 3742 3989 Ju-

2094 4028 2463 4099 daei,quaudo
2496 4027 2792 4083 Christum
2826 4025 3429 4095 apprehenderunt,ut
3460 4040 3595 4079 eum
3618 4040 3745 4079 cru-

2092 4117 2412 4188 cifigerent.
2446 4137 2474 4165 ‹‹
2506 4115 2572 4169 Et
2625 4119 3018 4168 convenerunt
3075 4116 3134 4167 in
3167 4130 3373 4167 unum.
3438 4134 3465 4162 ››
3499 4113 3585 4166 Ad
3633 4112 3743 4166 hoc

2092 4208 2509 4270 convenerunt,
2558 4208 2623 4256 ut
2683 4202 2976 4257 Christum
3039 4200 3446 4273 criciﬁgerent,
3503 4218 3618 4256 non
3679 4205 3742 4254 ut

2093 4294 2412 4349 crederent.
2462 4291 2564 4347 Vel
2616 4292 2894 4345 adversus
2949 4307 3038 4345 me
3084 4291 3418 4362 congregati
3467 4294 3627 4356 sunt,
3686 4294 3743 4345 et

2091 4387 2503 4443 convenerunt,
2555 4398 2687 4435 cum
2747 4380 3084 4434 traditionis
3112 4396 3249 4434 mea:
3281 4379 3736 4449 promissionem

2090 4472 2427 4526 haberent.«
2461 4470 2820 4543 Congregata
2852 4475 2989 4525 sunt
3017 4470 3075 4523 in
3110 4486 3201 4523 me
3233 4468 3482 4541 ﬂagella.
3517 4468 3738 4541 Flagel-

2087 4560 2353 4616 l'averunt
2375 4560 2693 4624 Christum,
2727 4558 2879 4613 sicut
2916 4558 3059 4612 dixit
3095 4559 3269 4613 :Cum
3296 4558 3500 4629 gladiis
3530 4562 3580 4613 et
3615 4561 3736 4629 fus-

2088 4651 2235 4705 tibus
2264 4649 2333 4704 ad
2364 4666 2447 4705 me
2483 4650 2686 4703 venisti
2744 4648 2952 4718 (Matth.
3002 4665 3154 4717 xxw,
3212 4649 3326 4719 55).
3387 4648 3457 4702 Et
3514 4646 3744 4703 Pilatus

407 4751 433 4819 (ι
463 4731 580 4819 Ego
612 4734 809 4787 autem
841 4748 975 4787 cum
1008 4733 1154 4788 mihi
1184 4734 1413 4790 molesti
1446 4742 1658 4805 essent,
1694 4739 1982 4795 induebar
2010 4754 2059 4819 Ι)
2093 4739 2242 4794 dixit
2269 4755 2280 4793 :
2318 4739 2605 4793 Dimittam
2635 4753 2759 4791 cum
2789 4736 3140 4791 emendatum
3197 4738 3349 4806 (Luc.
3398 4753 3561 4807 χχιιι,
3598 4738 3685 4809 16)
3720 4756 3732 4793 :

336 4818 545 4873 cilicio.
583 4841 610 4867 »
643 4821 770 4876 Haec
802 4828 941 4877 sunt
983 4839 1148 4879 arma
1178 4829 1539 4881 sanctorum.
1573 4829 1751 4884 Totus
1782 4834 1978 4884 autem

337 4907 603 4979 psalmus
634 4925 701 4963 ex
731 4927 981 4982 persona
1010 4912 1225 4968 Christi
1284 4918 1394 4981 est,
1426 4920 1483 4971 et
1534 4932 1637 4989 per
1683 4918 1981 4975 Christum

327 4997 398 5051 ad
431 5014 634 5053 omnes
666 5004 902 5056 sanctos
924 5001 1124 5057 referri
1151 5008 1363 5075 potest.
1393 5027 1419 5053 ‹‹
1450 5006 1737 5061 lnduebar
1766 5008 1974 5063 cilicio.

327 5086 397 5140 Et
426 5085 808 5143 humiliabam
853 5089 912 5144 in
955 5090 1184 5162 jejunio
1216 5092 1473 5147 animam
1508 5111 1722 5150 meam.
1756 5119 1776 5145 ιι
1813 5096 1978 5167 Legi-

327 5190 460 5229 mus
492 5173 648 5230 illius
699 5177 1019 5248 jejunium,
1080 5197 1196 5235 non
1254 5180 1507 5254 legimus
1554 5183 1829 5240 cilicium.
1865 5186 1976 5240 Sed

326 5280 428 5334 per
460 5262 718 5319 cilicium
766 5272 1119 5337 peccatores,
1155 5270 1295 5341 quia
1351 5272 1597 5327 vestitus
1628 5273 1978 5344 pmnitentim

332 5357 439 5407 est.
480 5375 501 5402 ι
539 5354 829 5411 lnduebar
884 5357 1093 5416 cilicio.
1121 5380 1149 5411 io
1208 5364 1290 5414 Ac
1350 5360 1400 5415 si
1432 5360 1589 5415 dicat
1621 5378 1633 5415 :
1670 5363 1863 5418 Induit
1918 5381 1981 5419 se

329 5441 605 5498 divinitas
636 5460 827 5513 carne,
860 5452 916 5502 et
948 5449 1019 5503 de
1053 5453 1285 5518 peccato
1329 5449 1624 5505 damnavit
1654 5456 1978 5523 peccatum.

340 5550 361 5579 κ
392 5530 510 5604 Ego
556 5537 751 5590 autem
783 5551 916 5591 cum
969 5537 1114 5592 mihi
1174 5537 1405 5595 molesti
1450 5545 1662 5609 essent,
1697 5541 1984 5597 induebar

336 5620 545 5692 cilicio,
577 5626 634 5677 et
662 5623 1049 5681 humiliabam
1083 5626 1385 5698 injejunio
1416 5630 1673 5686 animam
1707 5636 1985 5702 meam,et

338 5710 522 5766 oratio
556 5728 686 5767 mea
712 5713 771 5767 in
798 5714 930 5769 sinu
964 5731 1091 5771 meo
1114 5721 1503 5774 convertetur.
1540 5742 1567 5768 »
1600 5720 1798 5775 Induit
1827 5721 1983 5776 enim

339 5797 621 5857 Dominus
688 5802 1061 5875 asperitatem
1128 5805 1441 5879 passionis,
1510 5814 1568 5865 et
1632 5807 1854 5867 luctum
1916 5810 1987 5867 de

2090 4827 2148 4882 id
2182 4833 2288 4893 est,
2322 4825 2678 4899 flagellatam
2712 4825 3024 4881 dimittam.
3072 4827 3135 4880 Et
3171 4842 3281 4881 non
3310 4829 3553 4897 cognovi.
3585 4825 3732 4889 Quid

2094 4934 2209 4971 non
2241 4915 2594 4988 cognoverit,
2630 4914 2930 4986 quaeritur.
2962 4914 3202 4977 Quidam
3239 4919 3447 4987 putant
3474 4914 3735 4971 dolorem

2090 5005 2400 5060 vulnerum
2435 5021 2563 5075 quae
2588 5004 2918 5075 patiebatur
2948 5003 3004 5058 in
3037 5021 3225 5059 cruce.
3282 5005 3391 5059 Sed
3425 5003 3636 5059 melius
3663 5004 3733 5058 ad

2088 5099 2323 5167 peccata
2356 5094 2621 5165 refertur,
2656 5095 2808 5165 quod
2862 5110 2974 5148 non
3010 5093 3279 5148 habuerit
3318 5091 3734 5148 conscientiam

2090 5189 2483 5257 peccatorum,
2516 5199 2697 5254 quare
2727 5183 3038 5237 crucifixus
3083 5182 3177 5237 sit.
3210 5182 3278 5235 Et
3308 5180 3589 5253 ignoravi,
3621 5199 3736 5236 non

2092 5274 2246 5345 quod
2278 5273 2505 5344 ignoret
2538 5271 2805 5327 Christus
2839 5270 3057 5341 aliquid
3093 5287 3105 5324 :
3141 5271 3238 5325 sed
3274 5270 3553 5341 ignoravi,
3600 5271 3741 5340 quia

2093 5369 2331 5435 prepter
2361 5363 2516 5433 quod
2548 5360 2704 5416 istud
2739 5360 2881 5414 mihi
2914 5358 3145 5429 accidit,
3179 5376 3292 5414 non
3316 5358 3605 5414 commisi.
3641 5358 3738 5414 Vel

2091 5454 2527 5525 ignoraverunt,
2579 5450 2732 5522 quod
2784 5454 2933 5503 Deus
2980 5449 3089 5503 sub
3148 5448 3339 5503 carnis
3414 5446 3739 5505 velamento

2092 5542 2315 5598 lateret.

2167 5654 2194 5681 «
2229 5630 2504 5704 Dissipati
2563 5634 2722 5685 sunt.
2759 5653 2787 5678 ››
2836 5630 2880 5683 Α
2932 5625 3165 5682 vinculo
3214 5626 3536 5682 charitatis.
3566 5648 3594 5677 «
3626 5626 3741 5684 Nec

2095 5721 2450 5793 compuncti.
2489 5743 2516 5768 ››
2548 5719 2621 5774 Ut
2650 5722 2888 5791 agerent
2945 5715 3368 5789 paenitentiam.
3408 5736 3430 5764 ι
3462 5717 3739 5772 Tentave-

2100 5814 2238 5866 runt
2267 5826 2381 5866 me.
2420 5830 2446 5859 ››
2479 5807 2677 5865 Multis
2710 5807 2899 5864 modis
2941 5810 3307 5862 tentaverunt
3362 5805 3546 5865 Judaei
3578 5805 3741 5865 Chriv
