4314 6580
549 482 665 541 983

550 618 729 683 stum,
764 612 917 668 sicut
946 612 1091 668 dixit
1119 630 1274 669 unus
1311 631 1379 669 ex
1434 614 1579 685 ipsis

544 704 790 773 primum
818 702 1141 758 mandatum
1171 703 1380 771 (Matth.
1415 721 1552 767 xxu,
1602 703 1713 773 36).
1768 725 1795 752 ‹‹
1853 704 2188 758 Subsanna—

547 794 757 845 verunt
803 806 896 846 me
947 792 1423 849 subsannatione.
1457 812 1483 843 ω
1520 790 1870 846 Deludentes
1902 795 2075 862 atque
2105 791 2192 845 di-

550 883 746 937 centes
780 898 793 938 :
825 881 933 935 Ave
962 898 1063 935 rex
1090 880 1408 937 Iudaeorum
1466 881 1639 951 (Joan.
1680 898 1796 947 xxx,
1853 880 1929 951 3).
1967 904 1993 927 ‹‹
2028 881 2197 935 Fren-

554 970 816 1024 duerunt
873 987 1050 1042 super
1108 987 1201 1024 me
1259 970 1531 1024 dentibus
1592 968 1737 1024 suis.
1774 991 1799 1017 ›ι
1841 968 2194 1023 Clamantcs.

556 1058 824 1129 Cruciﬁge
879 1075 1002 1114 eum
1061 1060 1223 1128 (Ibid.
1284 1060 1482 1127 6,15).
1516 1059 1623 1113 Per
1680 1063 1874 1113 motus
1915 1058 2195 1128 corporis,

558 1148 887 1203 ostenditur
942 1152 1137 1203 motus
1196 1148 1422 1202 animae.
1486 1149 1589 1202 Per
1618 1148 1820 1202 dentes
1852 1146 2199 1217 intelligitur

558 1235 783 1291 malitia
816 1255 829 1293 :
865 1236 1003 1308 quia
1032 1254 1133 1307 per
1167 1237 1452 1291 malitiam
1484 1237 1679 1308 ipsum
1710 1235 2201 1302 cruciﬂxerunt,et

557 1326 619 1381 in
650 1326 804 1380 hunc
835 1326 1107 1382 dentibus
1139 1326 1479 1381 striderunt.

625 1437 654 1464 «
688 1414 951 1479 Domine,
976 1416 1209 1486 quando
1240 1415 1540 1485 respicies.
1574 1436 1600 1466 »
1638 1414 1929 1485 Propheta
1977 1432 2045 1469 ex
2073 1431 2202 1485 per-

553 1521 697 1559 sona
727 1503 992 1559 Ecclesiae
1050 1503 1209 1558 dicit.
1270 1511 1351 1559 Ac
1405 1504 1454 1559 si
1512 1504 1708 1559 dicat:
1746 1503 1985 1574 Respice
2020 1503 2201 1559 malo-

551 1610 684 1648 rum
743 1592 1141 1664 iniquitatem,
1194 1597 1250 1649 et
1310 1609 1501 1648 meam
1556 1592 1855 1663 justitiam
1919 1592 1989 1646 ab
2057 1592 2203 1663 ipsis

550 1683 945 1738 discernet-Et
968 1682 1242 1737 restitues
1271 1683 1525 1737 animam
1553 1698 1742 1735 meam
1775 1699 1808 1737 a
1839 1682 2204 1753 malignitate

549 1788 775 1837 eorum,
807 1789 841 1825 a
871 1771 1139 1826 leonibus
1172 1772 1404 1826 unicam
1466 1787 1677 1827 meam.
1718 1791 1745 1822 α
1791 1771 2009 1826 Leones
2041 1771 2201 1842 ipsos

550 1865 952 1931 persecutores
983 1860 1146 1929 dicit,
1178 1860 1280 1931 qui
1311 1859 1570 1915 animam
1603 1861 1729 1930 ejus
1770 1859 2058 1930 deglutire
2104 1877 2201 1915 ore

552 1949 888 2005 nitebantur
919 1967 931 2004 :
976 1951 1075 2005 sed
1136 1951 1264 2019 ejus
1297 1950 1720 2005 resurrectione
1778 1949 2004 2004 confusi
2037 1954 2195 2004 sunt.

552 2038 697 2093 Ecce
729 2055 1006 2095 conversa
1034 2043 1123 2095 est
1152 2039 1338 2094 oratio
1371 2040 1500 2109 ejus
1546 2039 1606 2093 in
1654 2039 1849 2093 sinum
1883 2040 2029 2109 ejus,
2063 2056 2198 2094 cum

555 2127 749 2192 unica,
782 2128 840 2182 id
872 2133 959 2184 est
990 2129 1116 2200 ipsa
1146 2129 1342 2184 anima
1371 2128 1598 2200 integra
1655 2129 1880 2200 corpori
1932 2129 2203 2183 restituta

560 2220 666 2272 est.
702 2218 769 2272 Et
795 2218 948 2288 quis,
982 2218 1201 2291 inquis,
1234 2235 1361 2274 eam
1410 2217 1710 2274 restituit?
1744 2220 1869 2289 Ipse
1917 2234 2050 2273 cum
2110 2236 2206 2290 pa-

557 2310 728 2361 terna
754 2306 1069 2375 voluntate,
1094 2309 1194 2379 qui
1225 2308 1370 2362 dixit
1403 2324 1415 2363 :
1448 2310 1781 2367 Potestatem
1809 2307 1977 2361 habeo
2002 2308 2201 2362 tollen-

557 2397 621 2450 di
648 2398 895 2450 animam
950 2413 1123 2452 meam
1176 2406 1227 2453 et
1276 2402 1602 2469 potestatem
1631 2398 1794 2452 habeo
1852 2399 2053 2451 iterum
2106 2414 2200 2451 su-

555 2485 745 2539 mendi
771 2501 897 2539 eam
925 2487 1104 2553 (Joan.
1138 2505 1192 2555 x,
1229 2488 1338 2555 18).
1379 2509 1405 2539 α
1437 2488 1503 2541 Et
1553 2504 1586 2541 a
1642 2485 1909 2541 leonibus
1967 2486 2201 2541 unicam

556 2589 768 2627 meam.
804 2597 826 2625 »
866 2579 972 2629 Leo
1006 2574 1129 2644 ipse
1160 2574 1416 2645 populus
1439 2574 1744 2645 Judaicus,
1779 2582 2014 2646 propter
2045 2575 2203 2629 forti-

552 2662 816 2717 tudinem
870 2663 1109 2718 malitia
1154 2681 1295 2719 suze.
1351 2686 1379 2713 «
1412 2662 1654 2718 Unicum
1708 2680 1923 2730 meam,
1987 2687 2014 2713 ››
2063 2665 2203 2734 quia

553 2751 726 2806 unica
756 2752 867 2806 fuit
922 2752 1120 2807 anima
1150 2753 1366 2808 Christi
1427 2754 1550 2807 sine
1582 2758 1840 2824 peccato,
1876 2755 2201 2807 secundum

551 2841 896 2912 prophetam
933 2858 945 2896 :
980 2843 1088 2908 Qui
1121 2850 1407 2913 peccatum
1462 2859 1572 2898 non
1627 2844 1776 2912 fecit,
1807 2858 1903 2896 nec
1933 2842 2089 2896 dotus
2113 2844 2200 2897 in-

549 2939 741 2986 uentus
771 2937 849 2984 est
877 2932 938 2985 in
968 2946 1062 2985 ore
1090 2932 1207 2998 eius
1238 2933 1287 3001 (Ι
1310 2934 1458 2986 Petr.
1495 2948 1559 2997 ιι,
1590 2932 1702 3002 22).

552 3042 579 3068 ‹‹
616 3017 943 3074 Confitebor
973 3019 1102 3087 tibi,
1160 3020 1425 3084 Domine,
1476 3020 1535 3075 in
1591 3020 1845 3075 Ecclesia
1902 3038 2134 3091 magna.
2166 3040 2193 3072 η

555 3107 618 3161 Id
650 3111 758 3175 est,
792 3106 850 3161 in
881 3111 1001 3162 toto
1034 3108 1255 3164 mundo
1307 3108 1541 3164 diffusa.
1604 3132 1631 3158 «
1692 3109 1755 3163 In
1796 3109 2011 3180 populo
2042 3110 2201 3180 gravi

553 3195 810 3250 laudabo
860 3198 936 3252 te.
988 3218 1015 3245 »
1066 3198 1126 3251 Id
1160 3202 1266 3264 est,
1299 3197 1358 3252 in
1392 3196 1606 3269 populo
1638 3198 1985 3267 Christiano,
2020 3199 2097 3252 ibi
2146 3204 2201 3254 te

555 3283 826 3339 laudabo.
888 3284 1090 3341 Gravis
1150 3285 1381 3342 dicitur.
1441 3287 1585 3351 Quia
1643 3304 1756 3343 non
1814 3292 1901 3341 est
1956 3287 2095 3341 levis
2129 3289 2199 3342 ad

2042 480 2457 542 APPENDIX.

1635 631 1649 669 :
1707 616 1995 685 Magister,
2056 615 2195 685 quod
2222 616 2280 681 Α
2308 613 2612 670 dicentes:
2646 615 2707 671 Si
2734 615 2907 669 Filius
2938 616 3035 670 Dei
3064 616 3166 681 est,
3220 614 3509 668 descendat
3562 613 3627 668 de
3675 629 3859 681 cruce,
3907 621 3959 673 et

3840 485 3961 546 984

2298 702 2567 757 credimus
2597 706 2651 758 ei
2678 704 2886 774 (Matth.
2921 721 3095 770 xxvn,
3151 703 3261 773 42).
3326 724 3354 751 ‹‹
3416 702 3696 758 Dixerunt
3729 720 3742 759 :
3775 709 3955 778 Euge,

2302 808 2466 862 euge.
2505 815 2531 839 η
2558 793 2717 846 Sicut
2747 792 2887 845 dicit
2917 792 2975 845 in
3003 790 3315 863 Evangelio
3348 807 3361 845 :
3413 795 3564 861 Euge
3620 808 3773 848 serve
3804 794 3958 865 bene,

2301 883 2351 933 et
2379 880 2576 951 ﬁdelis
2606 882 2782 950 (Luc.,
2813 898 2929 943 xxx,
2964 880 3074 950 17).
3122 879 3224 934 Vel
3278 896 3386 934 vox
3438 880 3784 936 Judaaorum
3815 887 3906 937 est
3937 901 3952 939 :

2307 984 2371 1022 ac
2393 968 2441 1021 si
2472 969 2630 1022 dicat
2661 985 2673 1021 :
2707 969 2879 1031 Bene,
2913 970 3058 1024 bene
3086 968 3358 1023 videmus
3410 969 3564 1039 quod
3596 971 3958 1040 exspectavi-

2307 1054 2465 1120 mus,
2494 1056 2603 1110 illa:
2635 1056 2889 1111 virtutes
2920 1074 3067 1127 quas
3099 1056 3375 1123 faciebas,
3398 1059 3551 1128 quod
3585 1058 3733 1114 nihil
3762 1065 3952 1127 erant,

2305 1145 2429 1211 Vel,
2463 1146 2733 1201 dixerunt
2786 1148 2931 1201 bene
2995 1162 3007 1199 :
3069 1146 3173 1202 sed
3222 1145 3442 1201 dolose.
3497 1147 3757 1203 Viderunt
3801 1150 3950 1205 oculi

2306 1237 2502 1289 nostri.
2537 1236 2684 1300 Quia
2702 1252 2811 1291 non
2868 1236 3070 1306 accipis
3112 1252 3404 1307 personam
3434 1235 3692 1308 hominis,
3722 1255 3824 1293 nec
3859 1245 3947 1294 est

2312 1325 2413 1400 tibi
2438 1340 2573 1379 cura
2601 1324 2666 1380 de
2717 1326 2865 1395 ligno
2896 1325 3121 1395 (Matth.
3152 1342 3291 1395 xxu,
3335 1326 3443 1396 16).

2383 1412 2669 1481 «Vidisti,
2704 1414 2961 1468 Domine.
2996 1436 3025 1462 »
3056 1415 3245 1483 Pater,
3286 1412 3591 1470 illusiones
3618 1432 3841 1472 eorum.
3872 1419 3952 1473 Ac

2313 1504 2361 1559 si
2395 1503 2548 1557 dicat
2582 1520 2594 1557 :
2622 1501 2833 1557 Vidisti
2866 1502 2997 1558 illos
3024 1503 3095 1557 ad
3120 1502 3533 1573 judicandum.
3586 1526 3609 1555 ι
3645 1503 3726 1562 Ne
3756 1505 3953 1563 sileas.

2310 1592 2572 1655 Domine,
2612 1614 2631 1639 υ
2662 1591 2744 1645 Ne
2775 1596 2987 1647 taceas.
3018 1592 3193 1646 Tacet
3242 1593 3437 1660 modo,
3496 1596 3554 1648 et
3610 1610 3726 1649 non
3756 1597 3909 1650 tacet
3940 1610 3954 1650 :

2309 1680 2367 1734 id
2399 1684 2505 1747 est,
2541 1696 2657 1735 non
2689 1684 2843 1735 tacet
2873 1682 3238 1750 mandatum,
3270 1685 3423 1737 tacet
3443 1682 3759 1753 judicium.
3793 1688 3867 1740 Te
3894 1684 3955 1739 in

2310 1770 2715 1825 testimonium
2775 1771 3011 1839 advoco,
3070 1787 3204 1824 cum
3253 1771 3593 1840 judicavero
3642 1774 3955 1830 mundum.

2314 1881 2336 1907 ι
2372 1859 2453 1912 Ne
2485 1859 2752 1914 discedas
2805 1877 2839 1914 a
2868 1876 2980 1913 me.
3020 1881 3048 1908 »
3081 1860 3228 1923 Quia
3258 1860 3426 1915 Pater
3454 1876 3487 1914 a
3520 1860 3659 1917 Filio
3691 1879 3807 1918 non
3838 1862 3957 1919 dis-

2306 1947 2575 2003 cessitin
2626 1948 2918 2019 passione.
2981 1950 3092 2003 Sed
3152 1953 3264 2003 tua:
3311 1949 3640 2006 adhaeream
3688 1952 3956 2020 dexteras,

2310 2038 2491 2092 donec
2523 2037 2699 2109 digna
2729 2037 2951 2093 ultione
2980 2038 3326 2109 puniantur.

2384 2148 2412 2177 ‹‹
2446 2128 2721 2197 Exsurge,
2780 2126 3046 2195 Domine,
3104 2143 3368 2200 exsurge.
3401 2128 3520 2184 Hoc
3559 2133 3667 2197 est,
3699 2130 3760 2187 in
3791 2131 3958 2203 adju-

2298 2217 2582 2270 ‘torium.«
2615 2216 2853 2272 Intende
2878 2216 3172 2287 judicium
3205 2233 3464 2272 meum.»
3495 2219 3558 2273 Id
3580 2219 3958 2287 est,discerne

2306 2304 2465 2359 inter
2494 2321 2587 2360 me
2617 2309 2674 2360 et
2701 2306 2953 2361 Judzeos.
3018 2328 3039 2354 ‹‹
3075 2306 3317 2361 Intende
3354 2307 3643 2376 judicium
3674 2325 3892 2365 meum.
3928 2332 3952 2359 ι

2311 2394 2451 2465 quia
2482 2412 2586 2466 par
2616 2400 2705 2449 est
2747 2412 2938 2466 poena,
2991 2399 3047 2450 et
3102 2396 3303 2466 dispar
3356 2402 3446 2452 est
3501 2397 3693 2470 culpa.
3754 2399 3816 2455 Id
3847 2404 3955 2465 est,

2310 2485 2543 2554 quando
2575 2500 2715 2549 cum
2759 2483 2875 2539 illis
2930 2484 3262 2540 latronibus
3294 2487 3604 2557 pendebat,
3664 2487 3805 2559 quia
3832 2489 3957 2560 ipse

2310 2573 2591 2627 innocens
2624 2574 2933 2644 pendebat.
2967 2596 2993 2623 «
3030 2574 3374 2644 Exsurge,et
3403 2574 3641 2631 intende
3662 2577 3953 2647 judicium

2312 2677 2530 2727 meum,
2564 2684 2593 2710 »
2654 2662 2906 2732 qualiter
2928 2663 3264 2733 judicantes
3304 2664 3839 2721 condemnaverunt
3863 2682 3956 2721 me

2312 2750 2506 2804 morti.
2542 2773 2569 2800 ‹‹
2603 2751 2757 2805 Deus
2787 2768 2975 2814 meus,
3007 2756 3066 2806 et
3096 2751 3380 2807 Dominus
3439 2769 3605 2809 meus
3662 2754 3722 2809 in
3779 2771 3958 2811 causa

2311 2856 2461 2894 mea.
2520 2839 2641 2893 Vox
2696 2839 3081 2896 humanitatis
3139 2841 3211 2895 ad
3245 2841 3629 2908 divinitatem,
3662 2860 3765 2915 pro
3792 2849 3956 2915 parte

2311 2927 2504 2982 carnis
2535 2928 3031 2999 loquitur.Judica
3062 2945 3154 2983 me
3184 2931 3510 2986 secundum
3541 2948 3814 3003 magnam
3844 2932 3954 2987 mi-

2312 3017 2687 3072 sericordiam
2718 3022 2902 3073 tuam.
2937 3018 3099 3072 Unde
3130 3018 3296 3086 dixit,
3335 3041 3357 3069 α
3404 3020 3642 3076 intende
3666 3021 3956 3090 judicium

2313 3122 2531 3169 meum,
2592 3128 2619 3154 ››
2678 3105 2736 3159 id
2795 3111 2905 3173 est,
2964 3107 3051 3161 fac
3110 3107 3520 3164 discretionem
3577 3108 3729 3165 inter
3778 3114 3958 3166 meet

2310 3193 2462 3249 illos.

2385 3305 2413 3332 «
2443 3282 2652 3338 Judica
2685 3299 2777 3338 me
2808 3286 3133 3339 secundum
3156 3285 3455 3355 justitiam
3495 3290 3682 3352 tuam,
3717 3288 3957 3344 Domine

555 3374 917 3445 peccandum
952 3392 964 3430 :
1001 3375 1126 3430 Non
1158 3374 1480 3447 levi,quem
1512 3381 1721 3431 ventus
1755 3382 1819 3431 ut
1850 3376 2144 3448 pulverem
2170 3394 2203 3431 a
2233 3358 2276 3424 Ο
2314 3372 2467 3427 Deus
2499 3390 2686 3428 meus.
2720 3397 2742 3424 ι
2776 3373 3041 3429 Judicavi
3076 3391 3181 3446 ego
3208 3376 3555 3445 adulteram,
3580 3382 3647 3432 ut
3676 3395 3790 3432 non
3822 3393 3959 3433 con-

552 3461 697 3516 facie
729 3465 892 3516 terras
922 3463 1186 3533 projiciet
1218 3479 1230 3517 :
1268 3464 1367 3518 sed
1398 3464 1454 3518 in
1488 3463 1670 3535 gravi,
1693 3468 1750 3518 et
1772 3480 1950 3534 supra
1975 3469 2194 3533 petram

554 3550 819 3619 fundato,
868 3552 1232 3623 ﬁrmitcrque
1297 3556 1585 3623 praecepta
1628 3552 2009 3607 custodiente.
2056 3551 2198 3606 Hinc

551 3638 765 3694 iterum
812 3641 1153 3695 recordatur
1209 3641 1499 3712 passionis
1555 3658 1693 3708 suae,
1743 3658 1858 3712 quo
1891 3640 2087 3712 potius
2114 3641 2197 3695 eis

543 3729 834 3797 judicium
868 3730 1073 3783 mortis
1104 3730 1411 3785 annuntiet
1439 3730 1661 3785 dicens.

622 3840 650 3866 «
684 3821 807 3871 Non
840 3819 1312 3889 supergaudeant
1331 3818 1477 3873 mihi
1503 3818 1603 3889 qui
1637 3818 2197 3885 adversanturmihi

546 3904 766 3975 inique.
804 3928 831 3954 ››
862 3906 1048 3961 Judaei
1079 3906 1329 3975 Christo,
1368 3910 1424 3960 et
1474 3912 1872 3977 persecutores
1902 3906 2191 3961 Ecclesiae.

552 4016 577 4045 α
629 3994 736 4058 Qui
795 3995 1043 4050 oderunt
1092 4012 1185 4050 me
1232 3996 1437 4067 gratis,
1482 4002 1536 4050 et
1586 4000 1856 4050 annuunt
1899 3994 2105 4050 oculis.
2165 4016 2193 4045 »

543 4084 674 4139 Haec
707 4085 849 4139 dicit
878 4088 943 4139 ut
970 4102 1083 4140 non
1117 4086 1197 4139 sit
1226 4085 1432 4140 iterata
1462 4085 1658 4157 passio
1721 4100 1734 4139 :
1794 4084 1932 4156 quia
1971 4101 2073 4138 nec
2105 4102 2191 4139 re-

544 4175 802 4246 demptio
828 4174 1022 4229 veniet
1050 4175 1275 4229 iterata.
1312 4176 1378 4229 Et
1411 4178 1745 4229 annucrunt
1794 4172 1978 4229 oculis
2010 4190 2023 4227 :
2059 4172 2197 4243 quia

547 4263 693 4319 nihil
724 4263 862 4319 boni
892 4265 950 4319 in
984 4279 1158 4335 Opere
1193 4265 1597 4319 ostenderunt.

618 4377 647 4403 ‹‹
684 4353 971 4416 Quoniam
1004 4352 1147 4407 mihi
1181 4352 1417 4424 quidem
1452 4352 1689 4424 paciﬁca
1721 4351 2127 4424 loquebantur.
2164 4373 2192 4399 »

547 4448 603 4499 et
643 4449 733 4498 est
762 4442 906 4498 illud
944 4459 956 4498 :
989 4443 1262 4513 Magister,
1321 4442 1447 4496 licet
1476 4442 1747 4496 tributum
1800 4443 1925 4496 dari
1957 4442 2193 4507 Ctesari,

546 4550 619 4587 an
651 4548 765 4587 non
786 4532 994 4603 (Matth.
1026 4549 1166 4601 χχιι,
1218 4531 1358 4602 I7)?
1410 4531 1507 4585 Vel
1568 4531 1803 4601 quando
1845 4531 2117 4585 dixerunt
2178 4542 2190 4584 :

542 4622 815 4692 Magister,
848 4623 1054 4675 scimus
1083 4622 1212 4690 quia
1266 4637 1433 4675 verax
1487 4637 1562 4689 es,
1595 4624 1650 4674 rt
1702 4622 1760 4674 in.
1793 4622 2018 4674 veritate
2046 4621 2194 4673 riam

2310 3462 2685 3516 damnaretur
2714 3463 2894 3532 (Joan.
2927 3480 3049 3531 VIII,
3082 3465 3239 3533 3-11)
3268 3482 3281 3531 ;
3322 3465 3735 3536 judicaverunt
3776 3469 3832 3522 et
3861 3466 3957 3522 isti

2309 3567 2402 3605 me
2432 3551 2825 3621 innocentem,
2857 3551 3103 3625 dignum
3136 3558 3321 3609 morte
3377 3554 3587 3624 (Matth.
3630 3573 3783 3623 χχχι,
3814 3556 3906 3626 66)
3939 3573 3954 3623 ;

2308 3639 2437 3694 ideo
2489 3640 2895 3710 unusquisque
2944 3642 3267 3696 secundum
3326 3658 3472 3712 opus
3502 3645 3807 3715 proprium
3853 3646 3956 3715 ju-

2308 3728 2524 3782 dicium
2556 3732 2869 3784 mereatur.
2908 3752 2929 3776 α
2966 3730 3091 3784 Non
3124 3732 3596 3801 supergaudeant
3647 3731 3791 3786 mihi
3843 3733 3960 3789 ini-

2307 3818 2443 3872 mici
2476 3818 2609 3883 mei,
2642 3835 2714 3872 ne
2743 3818 2939 3873 dicant
2996 3818 3053 3871 in
3087 3818 3361 3873 cordibus
3418 3818 3566 3875 suis.
3598 3823 3778 3891 Euge,
3809 3837 3959 3893 euge
4063 3865 4072 3873 .

2307 3906 2512 3960 anima:
2546 3912 2796 3972 nostrae;
2855 3922 2927 3959 ne
2984 3904 3200 3973 dicant,
3255 3906 3674 3962 Devorabimus
3705 3924 3863 3963 eum.
3924 3931 3952 3961 »

2306 3995 2428 4049 Non
2464 3996 2700 4065 pateﬁat
2731 3993 2883 4048 ultra
2914 4011 2978 4047 os
3035 4011 3235 4049 eorum
3286 3995 3356 4050 ad
3391 4013 3484 4051 me
3533 3998 3956 4067 devorandum,

2308 4101 2378 4138 ne
2409 4085 2625 4155 dicant,
2659 4083 3073 4139 devorabimus
3105 4101 3263 4140 eum.
3324 4085 3569 4141 Devorat
3594 4086 3769 4142 homo
3800 4088 3955 4159 quod

2304 4172 2363 4227 in
2396 4191 2460 4227 os
2492 4173 2691 4228 mittit.
2723 4173 2831 4228 Sed
2862 4172 2922 4227 in
2951 4172 3059 4228 hoc
3108 4173 3249 4228 dicit
3278 4174 3574 4243 devorare,
3631 4176 3768 4248 quia
3825 4193 3954 4247 pec-

2305 4267 2526 4327 catores
2557 4260 2759 4317 volunt
2810 4261 2942 4316 illos
2974 4267 3208 4319 sanctos
3239 4264 3513 4320 devorare
3574 4282 3586 4319 :
3647 4265 3705 4320 id
3747 4269 3854 4336 est,
3890 4271 3956 4320 ut

2304 4367 2488 4405 unum
2521 4367 2734 4422 corpus
2767 4350 3119 4415 efﬁciantur.

2380 4463 2399 4488 α
2437 4441 2795 4494 Erubescant
2822 4444 2879 4495 et
2908 4446 3283 4497 revereantur
3313 4441 3491 4497 simul
3528 4444 3629 4513 qui
3664 4441 3953 4515 gratulan-

2302 4533 2398 4583 tur
2420 4529 2591 4583 malis
2625 4530 2787 4583 meis.
2826 4551 2854 4578 »
2882 4530 2942 4583 Id
2975 4535 3086 4595 est,
3122 4532 3438 4595 daemones,
3460 4531 3954 4597 Judaei,baeretici,

2304 4623 2359 4672 et
2391 4622 2793 4689 persecutores
2824 4634 2837 4670 :
2879 4640 2904 4665 ι(
2939 4618 3047 4682 Qui
3109 4618 3480 4690 gratulantur
3522 4620 3693 4674 malis
3724 4620 3890 4687 meis,
3929 4641 3956 4672 σι

544 4711 638 4764 Dei
666 4710 827 4764 doces
857 4709 1017 4780 (Ibid.
1052 4710 1165 4777 16).
1207 4709 1315 4763 Sed
1348 4710 1468 4764 hzec
1528 4693 1767 4780 paciﬁca
1829 4707 2001 4779 plena
2030 4712 2194 4762 erant
2222 4728 2270 4792 D
2304 4704 2413 4761 hoc
2444 4711 2555 4772 est,
2592 4722 2704 4761 non
2738 4705 2926 4761 solum
2956 4707 3057 4777 qui
3078 4706 3319 4775 faciunt,
3348 4708 3449 4762 sed
3483 4708 3661 4763 etiam
3691 4710 3791 4780 qui
3812 4726 3955 4764 con-

538 4799 671 4854 dolo
702 4802 759 4853 et
787 4797 893 4852 ira.
928 4820 955 4847 ‹‹
986 4798 1057 4873 Et
1086 4797 1145 4851 in
1194 4797 1500 4853 iracundia
1542 4798 1706 4854 dolos
1748 4798 2099 4869 cogitabant.
2159 4819 2187 4847 ››

539 4888 632 4945 Sic
672 4886 1086 4959 loquebantur,
1134 4887 1231 4942 sed
1286 4888 1639 4959 cogitabant,
1695 4891 1759 4941 ut
1796 4887 2194 4958 apprehende-

515 4978 666 5034 'rent
696 4995 854 5047 eum,
906 4981 964 5031 et
990 4976 1239 5049 ligarant
1269 4992 1426 5043 eum,
1489 4977 1643 5032 sicut
1682 4982 1883 5049 postea
1912 4978 2194 5041 fecerunt,

539 5069 602 5123 In
632 5067 719 5123 ira
750 5066 859 5122 hoc
890 5066 1171 5131 fecerunt,
1217 5065 1370 5119 sicut
1422 5067 1671 5121 Jacobus
1732 5066 1812 5120 ait
1871 5083 1883 5119 :
1942 5066 2033 5119 Ira
2091 5065 2198 5118 viri

471 5141 478 5153 ’
528 5157 812 5225 justitiam
855 5156 954 5210 Dei
1000 5171 1111 5207 non
1152 5159 1411 5224 operatur
1441 5155 1642 5221 (Iacob.
1697 5172 1737 5217 ι,
1788 5154 1900 5224 20).
1948 5154 2014 5207 Et
2047 5152 2198 5207 sicut

543 5245 681 5300 alibi
713 5242 854 5299 dicit
887 5260 899 5297 :
933 5244 1252 5298 lraseimini
1276 5251 1327 5297 et
1347 5244 1516 5296 nolite
1541 5259 1762 5312 peccare
1788 5243 1959 5307 (Psal.
1984 5258 2060 5311 1v,
2114 5242 2190 5311 5).

546 5335 639 5391 Sol
736 5350 848 5390 non
941 5331 1145 5387 occidat
1244 5347 1409 5403 super
1509 5332 1861 5385 iracundiam
1962 5337 2201 5384 vestram

550 5423 764 5495 (Ephes.
798 5440 874 5488 1v,
915 5421 1026 5492 26).

627 5535 654 5562 ‹‹
712 5511 1115 5567 Dilataverunt
1176 5526 1353 5581 super
1383 5526 1477 5564 me
1516 5527 1579 5563 os
1620 5526 1815 5563 suum.
1862 5530 1889 5557 ›)
1930 5510 2200 5564 Dilatave-

554 5606 706 5671 runt,
766 5600 1001 5671 quando
1055 5604 1476 5655 accusaverunt
1533 5599 1592 5652 in
1651 5598 2062 5670 blasphemiis.‘
2111 5599 2199 5662 Et,

556 5712 587 5738 ‹‹
620 5689 1007 5744 dilataverunt
1036 5706 1212 5759 super
1241 5705 1335 5743 me
1384 5705 1448 5743 os
1481 5705 1654 5742 suum
1681 5706 1693 5756 ;
1728 5711 1755 5738 ι)
1790 5688 1929 5759 quia
1962 5704 2074 5742 non
2108 5703 2201 5742 so-

554 5778 683 5832 lum
713 5781 1097 5848 peccaverunt
1127 5777 1186 5831 in
1218 5794 1311 5832 me
1346 5795 1358 5832 :
1388 5778 1487 5833 sed
1522 5777 1695 5831 etiam
1750 5776 2201 5843 insultaverunt,

2303 4796 2568 4851 sentiunt
2614 4795 2985 4849 facientibus.
3051 4818 3079 4845 «
3136 4795 3466 4851 Induantur
3521 4797 3860 4854 confusione
3899 4802 3959 4854 et

2307 4884 2629 4938 reverentia
2659 4884 2759 4954 qui
2794 4882 3049 4954 maligna
3081 4883 3411 4955 loquuntur
3440 4886 3752 4942 adversum
3779 4903 3891 4943 me.
3924 4909 3954 4939 ››

2308 4974 2409 5026 lsti
2459 4972 2778 5043 supradicti
2838 4972 3184 5028 confusione
3260 4977 3493 5029 aeterna.
3550 4975 3714 5031 Unde
3768 4976 3955 5032 dicit:

2308 5062 2575 5116 Discedite
2605 5080 2638 5116 α
2670 5079 2771 5129 me,
2804 5063 3109 5128 maledicti,
3134 5064 3191 5117 in
3226 5065 3411 5129 ignem
3438 5068 3711 5120 aeternum
3736 5064 3957 5134 (Matth.

2307 5168 2437 5219 xxv,
2477 5151 2585 5219 44).
2623 5151 2696 5205 Ut
2724 5152 2825 5222 qui
2858 5169 2950 5205 me
2981 5151 3151 5222 quasi
3183 5151 3482 5207 hominem
3523 5154 3957 5225 judicaverunt,

2310 5244 2375 5295 ut
2405 5240 2593 5295 Deum
2626 5240 2865 5296 videant
2904 5240 3290 5311 judicantem.
3349 5242 3495 5297 Hinc
3550 5243 3833 5314 propheta
3888 5243 3958 5298 ad

2309 5330 2537 5386 Patrem
2569 5330 2847 5401 loquitur.

2389 5440 2409 5466 α
2460 5419 2764 5475 Exsultent
2817 5425 2874 5474 et
2930 5418 3197 5474 laetentur
3255 5421 3355 5492 qui
3413 5421 3614 5478 volunt
3661 5422 3954 5493 justitiam

2311 5525 2525 5565 meam.
2560 5532 2587 5560 »
2621 5509 2919 5563 Christum
2978 5514 3378 5580 expectantes,
3438 5510 3539 5582 qui
3592 5516 3680 5567 est
3727 5511 3961 5584 justitia

2311 5600 2525 5654 Patris.
2566 5598 2690 5667 Vel,
2726 5620 2753 5647 ι(
2789 5596 3091 5653 Exsultent
3120 5603 3177 5653 et
3212 5598 3480 5655 lmtentur
3512 5600 3610 5671 qui
3640 5601 3961 5671 voluntju-

2314 5689 2535 5743 stitiam
2569 5704 2781 5756 meam,
2814 5708 2844 5738 »
2878 5687 2932 5741 id
2969 5693 3076 5753 est,
3095 5688 3282 5744 sancti
3315 5689 3415 5759 qui
3446 5688 3958 5761 voluntjustitiam

2311 5776 2412 5831 Dei
2443 5775 2703 5847 implere,
2738 5776 2848 5846 ipsi
2879 5776 3171 5833 exsultent
3199 5782 3255 5831 et
3285 5776 3552 5833 laetentur
3594 5779 3655 5834 in
3685 5794 3957 5834 remune-
