4314 6614
440 494 554 553 985

1634 496 2133 559 BREVIARIUM
2177 499 2256 560 IN
2302 500 2686 563 PSALMOS.

3730 504 3850 567 986

441 627 665 683 ratione
693 627 819 682 vitaa
850 631 1094 683 aeternae.
1128 650 1156 678 ‹‹
1191 629 1258 682 Et
1286 628 1503 696 dicant,
1537 643 1770 701 semper
1807 629 2079 701 magnifi-
2110 632 2164 698 Α
2197 648 2350 687 mus.
2383 656 2411 683 «
2448 635 2508 688 ln
2539 635 2740 701 cubili,
2775 657 2804 683 »
2856 634 2914 690 id
2947 639 3036 691 est
3066 635 3124 689 in
3158 637 3330 691 corde
3375 649 3601 691 eorum.
3639 656 3665 687 «
3695 637 3848 691 Asti-

441 721 603 772 cetur
661 715 958 787 Dominus,
1017 717 1118 788 qui
1166 717 1366 772 volunt
1423 734 1627 789 pacem
1685 719 1838 774 servi
1867 721 2017 790 ejus.
2058 743 2086 768 ››

421 807 568 877 ,1000
626 805 908 861 Dominus
956 811 1045 861 est
1107 824 1216 878 pax
1263 811 1481 874 nostra,
1526 808 1696 879 juxta
1739 807 2085 879 Apostolum

440 895 654 966 (Ep/tes.
719 912 780 959 ιι,
842 894 949 963 14).
1011 918 1040 944 ‹‹
1097 895 1256 951 Servi
1310 897 1458 964 ejus,
1512 918 1540 946 ››
1599 897 1658 951 id
1713 901 1801 953 est
1850 897 2083 964 Christi,

436 983 538 1053 qui
571 988 658 1037 est
687 999 889 1038 servus
920 983 1020 1038 Dei
1063 984 1268 1040 Patris.
1299 984 1478 1040 ~Unde
1536 985 1695 1054 dicit,
1729 986 1981 1057 Magnum
2010 995 2090 1041 est

435 1073 540 1125 tibi
567 1074 754 1126 vocari
783 1088 1002 1127 servum
1039 1089 1221 1127 meum
1275 1074 1400 1146 (Isa.
1459 1091 1610 1142 XLIX,
1641 1074 1718 1146 6),
1761 1091 1864 1147 pro
1921 1079 2084 1147 parte

437 1160 652 1214 carnis.

507 1271 535 1298 ‹‹
593 1251 703 1305 Sed
777 1254 834 1305 et
888 1250 1091 1322 lingua
1157 1267 1286 1307 mea
1357 1252 1736 1308 meditabitur
1783 1253 2078 1324 justitiam

433 1343 619 1393 tuam.
653 1361 681 1390 »
715 1341 927 1409 Lingua
954 1358 1097 1407 mea,
1140 1342 1325 1396 sancti
1372 1347 1529 1412 sunt,
1564 1343 1662 1414 qui
1720 1343 2082 1398 meditantur

435 1429 710 1483 mandata
736 1428 968 1483 Christi.
1007 1449 1033 1480 α
1063 1431 1204 1485 Tota
1235 1431 1348 1497 die,
1407 1429 1641 1485 laudem
1675 1436 1859 1487 tuam.
1895 1453 1922 1480 »
1957 1433 2080 1486 Tota

436 1517 543 1587 die,
577 1521 697 1572 toto
740 1523 1002 1589 tempore
1030 1518 1269 1573 laudare
1293 1525 1496 1575 Deum.
1537 1539 1558 1568 ι
1602 1521 1712 1576 Sed
1760 1525 1819 1576 et
1874 1520 2079 1592 lingua

431 1622 560 1660 mea
591 1607 970 1661 meditabitur
1018 1608 1314 1678 justitiam
1368 1612 1550 1676 tuam,
1595 1631 1622 1659 ››
1655 1610 1794 1681 quia
1826 1627 1928 1682 pro
1958 1611 2076 1665 vita

429 1694 629 1767 populi
662 1699 952 1762 mortuus,
978 1712 1092 1751 non
1126 1713 1187 1752 es
1213 1698 1272 1752 in
1306 1702 1524 1753 tartaro
1554 1698 1886 1754 derelictus.
1924 1724 1944 1748 α
1969 1700 2074 1754 T0-

427 1787 486 1838 ta
515 1783 608 1838 die
659 1783 893 1840 laudem
951 1789 1138 1853 tuam,
1174 1807 1202 1836 »
1236 1787 1374 1858 quia
1431 1787 1659 1844 devicta
1699 1787 2072 1860 triumphans

429 1878 633 1940 morte,
681 1874 739 1927 in
771 1873 933 1930 ccelis
988 1891 1049 1929 es
1081 1881 1390 1947 susceptus
1412 1894 1441 1932 a
1472 1877 1660 1943 Patre,
1693 1894 1822 1932 cum
1857 1895 1969 1948 quo
2001 1877 2070 1933 ti-

428 1960 486 2015 bi
520 1965 576 2015 et
607 1961 852 2033 Spiritui
883 1967 1084 2020 sancto
1117 1968 1206 2020 est
1235 1965 1423 2021 honor
1452 1971 1508 2021 et
1535 1966 1741 2037 gloria.
1773 1968 1979 2022 Amen.

963 2071 1278 2127 PSALMUS
1316 2072 1524 2128 XXXV.

423 2159 488 2213 In
515 2159 700 2226 ﬁnem,
755 2176 929 2230 puero
962 2162 1183 2216 Domini
1227 2163 1483 2216 Psalmus
1510 2163 1702 2217 David.
1738 2163 1851 2218 lste
1904 2163 2070 2218 Psal-

496 2246 628 2283 mus
680 2247 928 2305 persona
982 2231 1667 2305 peccatorisdesignat,
1730 2235 2066 2305 superbiam

494 2305 676 2372 notat,
709 2302 928 2358 fontem
962 2302 1158 2359 aeterni
1192 2303 1433 2360 luminis
1465 2302 1769 2360 monstrat.

499 2427 525 2457 «ι
556 2406 711 2462 Dixit
740 2408 1019 2479 injustus,
1053 2415 1119 2464 ut
1149 2411 1451 2482 delinquat
1494 2411 1627 2466 sibi.
1664 2437 1687 2464 ι
1726 2412 1787 2466 Id
1820 2416 1927 2484 est,
1988 2413 2064 2468 si-

420 2495 734 2567 bimetipsi.
770 2500 1034 2568 injustas?
1063 2499 1170 2554 hoc
1201 2504 1306 2570 est,
1349 2499 1620 2555 diabolus
1650 2517 1784 2556 cum
1816 2502 1941 2556 suis
1973 2518 2064 2556 sa-

417 2583 723 2642 tellitibus.
784 2587 844 2640 Id
903 2593 1008 2657 est,
1049 2588 1281 2659 populis
1312 2588 1671 2657 Judaaorum,
1703 2589 1789 2644 vel
1822 2591 2065 2662 reliquis

418 2673 542 2728 suis
575 2675 856 2732 membris
887 2677 996 2731 sibi
1029 2676 1294 2748 deliquit.
1327 2678 1442 2732 Nec
1467 2677 1617 2732 alius
1639 2679 1932 2750 quispiam
1964 2696 2067 2752 per

417 2762 766 2832 injustitiam
799 2766 883 2820 sic
913 2765 1174 2837 loquitur
1197 2772 1261 2822 ut
1293 2771 1506 2837 peccet,
1540 2767 1692 2822 sicut
1722 2767 1820 2822 ille
1851 2769 1948 2839 qui
1982 2769 2065 2824 di-

416 2852 520 2918 xit,
555 2859 766 2908 Ponam
792 2856 993 2910 solium
1033 2872 1214 2910 meum
1261 2872 1423 2926 super
1450 2855 1651 2910 sidera.
1684 2861 1735 2911 et
1762 2873 1853 2912 ero
1899 2859 2062 2912 simi-

417 2942 488 2994 lis
518 2941 800 2998 Altissimo
857 2944 978 3014 (Isa.
1025 2961 1135 2998 xxv.
1176 2945 1283 3014 14).
1317 2944 1561 3016 Semper
1598 2944 1754 3000 enim
1784 2944 2064 3017 iniquitas

415 3030 650 3102 preprio
711 3048 772 3086 se
829 3034 1087 3088 confodit
1133 3033 1373 3103 jaculo;
1399 3034 1571 3104 juxta
1626 3033 1794 3100 illud,
1839 3036 1967 3102 Fili,
2013 3038 2065 3090 si

413 3121 595 3174 malus
651 3125 906 3187 evaseris,
939 3123 1088 3177 solus
1127 3122 1347 3178 hauries
1378 3123 1525 3177 mala
1573 3122 1766 3194 (Prov.
1815 3142 1917 3190 x11,
1953 3126 2060 3197 13).

415 3210 518 3262 Vel
577 3209 778 3263 aliter:
833 3211 974 3264 dixit
1030 3211 1270 3281 iniquus
1319 3215 1385 3265 ut
1405 3210 1770 3283 delinqueret
1816 3213 1949 3284 sibi,
2002 3213 2060 3269 id

413 3302 521 3363 est,
554 3297 806 3353 decrevit
863 3315 924 3353 se
969 3313 1208 3370 peccare
1263 3300 1490 3354 debere.
1538 3301 1720 3356 «Non
1751 3305 1840 3356 est
1884 3303 2064 3358 timor

2196 721 2266 775 tit
2293 723 2452 777 omni
2487 721 2586 777 vias
2620 741 2735 779 non
2765 724 2954 780 bonae.
2991 748 3012 775 ι
3053 724 3199 788 Quia
3255 724 3334 778 ibi
3370 723 3572 792 astitit,
3607 724 3736 779 ideo
3767 725 3840 780 ad

2198 808 2427 865 nullum
2459 812 2703 881 justitiae
2736 813 2992 868 fructum
3037 813 3226 885 potuit
3255 812 3577 884 pervenire.
3619 835 3646 862 «
3679 812 3838 868 Mali-

2194 898 2333 954 tiam
2363 905 2557 956 autem
2598 902 2935 957 non'odivit.
2971 924 2999 953 »
3034 903 3145 957 Sed
3175 900 3397 970 dilexit,
3431 903 3573 973 quia
3602 919 3717 958 non
3749 918 3837 957 ειοο

2193 985 2316 1042 lum
2351 1004 2465 1044 non
2515 991 2785 1055 oderunt,
2819 991 2918 1045 sed
2950 989 3261 1062 amplexati
3316 994 3477 1046 sunt.

2266 1097 2293 1126 «
2332 1077 2594 1146 Domine,
2628 1079 2686 1134 in
2728 1079 2868 1135 coelo
2902 1078 3301 1135 misericordia
3329 1083 3450 1135 tua.
3488 1101 3514 1128 »
3563 1079 3622 1134 Id
3654 1084 3743 1135 est
3772 1081 3832 1135 in

2192 1167 2410 1221 sanctis
2441 1167 2699 1247 angelis,
2720 1169 2818 1240 qui
2849 1168 3066 1223 ibidem
3097 1168 3313 1223 ﬁrmati
3346 1168 3600 1238 fuerunt,
3633 1171 3690 1223 et
3720 1185 3834 1224 non

2191 1255 2542 1311 ceciderunt.
2604 1257 2726 1324 Vel,
2791 1259 2919 1312 «In
2978 1256 3119 1312 ccelo
3171 1256 3573 1312 misericordia
3629 1261 3752 1324 tua,
3807 1280 3828 1306 ι

2187 1343 2242 1397 id
2277 1349 2388 1409 est,
2418 1344 2476 1398 in
2510 1349 2712 1400 sancta
2747 1345 3022 1401 Ecclesia.
3077 1366 3104 1394 «
3134 1344 3399 1410 Domine,
3456 1345 3516 1399 in
3550 1343 3690 1400 ccelo
3722 1345 3832 1399 mi-

2187 1432 2501 1488 sericordia
2529 1438 2651 1488 tua.
2685 1455 2713 1484 »
2748 1434 3013 1490 Christus
3065 1434 3364 1503 Dominus,
3397 1433 3499 1504 qui
3532 1433 3829 1489 humanos

2187 1520 2502 1577 miseratus
2540 1521 2768 1578 labores
2798 1522 3098 1579 descendit
3128 1524 3184 1577 in
3218 1521 3380 1593 ccclo,
3442 1525 3506 1577 ut
3535 1519 3832 1595 colligaret

2186 1608 2425 1665 vulnera
2454 1615 2674 1666 nostra.
2708 1634 2736 1660 «
2770 1612 2838 1666 Et
2867 1612 3078 1667 veritas
3109 1615 3209 1667 tua
3231 1627 3416 1681 usque
3447 1611 3517 1665 ad
3550 1610 3756 1666 nubes.
3793 1630 3823 1660 »

2188 1701 2420 1765 Veritas,
2451 1699 2718 1756 Christus
2747 1705 2854 1768 est,
2890 1705 2956 1756 ut
2985 1699 3153 1755 illud.
3186 1702 3296 1769 Ego
3329 1717 3452 1755 sum
3480 1701 3589 1767 via,
3638 1707 3686 1755 et
3731 1715 3828 1756 ve-

2182 1789 2319 1842 ritas
2373 1788 2560 1860 (Joan.
2613 1807 2730 1857 xlv,
2788 1790 2864 1861 6).
2919 1788 3137 1858 Nubes,
3177 1789 3368 1845 sancti
3399 1788 3826 1860 praedicatores.

2182 1876 2345 1932 Unde
2409 1878 2664 1935 dicitur:
2741 1878 3010 1934 Mandabo
3073 1879 3312 1934 nubibus
3360 1879 3535 1944 meis,
3600 1881 3662 1933 ut
3716 1893 3827 1934 non

2100 2002 2150 2067 Β
2177 1967 2384 2036 pluunt
2413 1968 2642 2024 imbrem
2667 1984 2829 2040 super
2857 1983 2977 2024 eam
3004 1970 3131 2067 (Isa.
3163 1984 3218 2036 ν,
3251 1967 3328 2040 6).
3360 1967 3506 2034 Quia
3534 1966 3688 2064 sicut
3717 1983 3824 2067 nu:

2181 2055 2283 2110 bes
2314 2055 2573 2127 pluviam
2623 2060 2878 2130 portant,
2939 2061 2997 2113 et
3050 2056 3294 2129 irrigant
3331 2061 3571 2124 terram,
3625 2054 3710 2110 sic
3769 2058 3826 2112 et

2176 2145 2364 2200 sancti
2422 2145 2826 2217 praedicatores
2883 2145 3164 2218 pluviam,
3218 2146 3274 2201 id
3329 2149 3439 2210 est,
3495 2144 3822 2202 doctrinam

2177 2232 2469 2304 Evangelii
2499 2238 2754 2308 portant,
2816 2239 2873 2291 et
2918 2235 3165 2306 irrigant
3210 2235 3386 2290 corda
3415 2233 3658 2290 arentia.
3698 2255 3719 2281 α
3755 2237 3823 2290 Et

2173 2321 2384 2377 veritas
2443 2326 2546 2378 tua
2585 2340 2772 2396 usque
2822 2325 2893 2380 ad
2945 2325 3216 2379 nubes.»
3273 2323 3379 2388 Qui
3437 2321 3822 2393 spiritualiter

2173 2410 2504 2482 Scripturas
2545 2412 2753 2468 nolunt
2803 2412 3162 2485 intelligere:
3210 2413 3593 2483 quaerendum
3624 2415 3713 2468 est
3742 2411 3814 2466 ab

2173 2499 2257 2554 eis
2288 2503 2579 2570 quomodo
2608 2502 2820 2557 veritas
2851 2503 2949 2558 Dei
2991 2503 3067 2556 sit
3099 2518 3283 2573 usque
3312 2503 3382 2556 ad
3447 2501 3652 2556 nubes.

2246 2610 2273 2636 «
2316 2588 2555 2644 Justitia
2586 2594 2686 2645 tua
2735 2591 2887 2646 sicut
2917 2595 3146 2646 montes
3179 2591 3296 2646 Dei.
3333 2612 3362 2640 ››
3394 2591 3558 2646 Mons
3589 2589 3687 2646 Dei
3722 2606 3815 2645 sa—

2174 2679 2416 2749 pientia,
2450 2696 2619 2736 mons
2649 2680 2750 2737 Dei
2775 2680 3090 2750 judicium,
3147 2696 3316 2735 mons
3348 2677 3447 2734 Dei
3477 2678 3809 2734 sanctifica-

2178 2769 2258 2822 tio
2290 2773 2399 2823 est.
2433 2772 2582 2824 Sunt
2609 2775 2666 2825 et
2722 2769 3128 2840 hujuscemodi
3163 2773 3391 2823 montes
3437 2766 3700 2838 plurimi,
3756 2765 3816 2822 in

2175 2857 2390 2929 quibus
2433 2859 2828 2914 reconduntur
2879 2875 3089 2914 arcana
3119 2859 3237 2924 Dei,
3281 2873 3406 2928 quas
3435 2855 3673 2910 difﬁcile
3703 2855 3815 2911 hu-

2172 2948 2434 3004 manitus
2493 2953 2682 3020 potest
2755 2948 3147 3020 investigare,
3198 2948 3371 3018 juxta
3424 2943 3812 3016 Apostolum:

2173 3037 2348 3105 Quam
2378 3038 2760 3094 inscrutabilia
2778 3043 2906 3093 sunt
2938 3037 3146 3107 judicia
3173 3036 3311 3107 eius,
3331 3039 3383 3091 et
3407 3034 3816 3104 investigabiles

2171 3129 2280 3184 viae
2307 3128 2430 3198 ejus
2479 3129 2665 3195 (Rom.
2730 3145 2810 3195 x1,
2869 3127 2980 3197 33)!
3025 3127 3127 3181 Vel
3158 3125 3352 3180 aliter:
3392 3146 3418 3174 «
3448 3121 3686 3180 Justitia
3715 3127 3819 3178 tua

2173 3215 2326 3271 sicut
2383 3221 2612 3272 montes
2668 3217 2792 3272 Dei.
2827 3238 2857 3267 »
2918 3217 3146 3272 Justitia
3196 3217 3314 3279 tua,
3370 3212 3649 3269 mandata
3693 3216 3816 3267 tua.

2173 3303 2372 3361 Montes
2434 3306 2555 3373 Dei,
2610 3306 2798 3361 sancti
2855 3304 3096 3375 majoris
3147 3302 3360 3368 meriti,
3395 3302 3548 3357 sicut
3577 3305 3817 3356 sanctus

413 3384 513 3439 Dei
546 3391 679 3440 ante
709 3387 908 3441 oculos
963 3389 1113 3458 ejus.
1148 3410 1178 3437 ››
1209 3387 1265 3441 Si
1305 3387 1460 3442 enim
1494 3388 1766 3444 timorem
1797 3390 1897 3445 Dei
1931 3395 2064 3446 ante
2093 3371 2135 3435 Ο
2173 3393 2451 3458 Joannes,
2481 3393 2568 3448 vel
2625 3393 2810 3448 caieri
2841 3391 3107 3464 apostoli.
3168 3391 3393 3446 Montes
3442 3388 3604 3462 prius
3635 3406 3668 3445 a
3696 3388 3818 3446 sole

413 3473 612 3528 oculos
629 3474 888 3542 haberet,
912 3493 1215 3547 nunquam
1239 3475 1617 3532 exsecrabilia
1639 3482 1695 3532 et
1714 3478 2059 3534 abominan-

412 3563 490 3617 da
521 3564 938 3619 committeret.
965 3588 992 3614 «
1034 3565 1158 3619 Non
1189 3569 1280 3620 est
1307 3564 1485 3618 timor
1539 3565 1641 3619 Dei
1698 3570 1832 3621 ante
1861 3567 2060 3622 oculos

410 3653 558 3721 ejus.
595 3675 623 3701 »
661 3654 717 3708 ld
751 3658 859 3720 est,
893 3658 1024 3709 ante
1058 3653 1337 3725 populum
1369 3653 1703 3721 Judaicum,
1738 3656 1876 3725 quia
1907 3655 1952 3710 si
1987 3656 2056 3711 ti-

409 3757 632 3796 morem
665 3742 891 3797 Domini
914 3743 1259 3798 habuissent
1285 3747 1416 3798 ante
1439 3741 1637 3798 oculos
1668 3743 1878 3811 cordis,
1914 3763 2059 3800 nun-

409 3846 587 3900 quam
618 3835 786 3885 tanta
818 3831 972 3886 mala
1002 3832 1300 3887 fecissent.

481 3941 508 3968 «
541 3918 826 3981 Quoniam
859 3921 1057 3976 dolose
1087 3921 1204 3992 egit
1245 3921 1304 3975 in
1337 3926 1650 3993 conspectu
1684 3923 1831 3993 ejus.
1869 3946 1890 3974 ιο
1928 3923 2055 3980 Dia-

407 4007 598 4073 bolus,
632 4012 688 4063 et
707 4009 891 4064 Judaei
922 4016 1057 4066 ante
1089 4015 1466 4083 conspectum
1501 4011 1618 4067 Dei.
1651 4011 1773 4081 Vel,
1806 4011 2054 4070 «dolose

406 4097 524 4167 egit
571 4097 629 4152 in
678 4104 993 4168 conspectu
1038 4100 1249 4169 ejus,»
1305 4099 1519 4170 iniquae
1568 4101 2052 4172 concupiscentia:

407 4185 644 4241 ﬂamma
675 4185 1033 4241 stimulatus.
1071 4209 1099 4235 «
1129 4187 1201 4242 Ut
1230 4187 1560 4242 inveniatur
1611 4188 1893 4260 iniquitas
1923 4192 2052 4261 ejus

405 4277 462 4326 et
490 4273 710 4328 odium.
743 4293 769 4324 ››
807 4279 956 4328 Dum
1015 4276 1453 4346 concupisceret
1507 4279 1711 4330 contra
1750 4277 2049 4348 justitiam

403 4361 792 4433 iniquitatem,
825 4364 967 4416 dum
1003 4363 1228 4418 auferre
1258 4380 1374 4418 non
1425 4369 1634 4436 potest,
1687 4367 1884 4422 odium
1915 4384 2048 4438 pos-

403 4451 572 4505 sedit.
609 4452 718 4507 Sed
770 4456 826 4506 et
855 4453 926 4507 ad
957 4452 988 4508 J
997 4453 1169 4507 udam
1205 4452 1557 4524 proditorem
1615 4453 1738 4510 haec
1763 4456 2050 4526 pertinere

404 4541 710 4611 sequentia
742 4542 968 4596 docent.

477 4649 504 4676 ‹‹
534 4627 724 4683 Verba
760 4629 876 4683 oris
909 4631 1036 4699 ejus
1065 4629 1347 4700 iniquitas
1386 4633 1442 4684 et
1479 4629 1669 4685 dolus.
1704 4652 1732 4679 »
1765 4631 1920 4687 Dixit
1949 4650 2047 4688 au-

2170 3479 2611 3548 illuminantur,’
2632 3488 2687 3536 et
2734 3486 2937 3553 postea
2978 3479 3179 3536 valles.
3215 3480 3324 3534 Sed
3358 3482 3605 3544 montes,
3638 3477 3696 3532 id
3727 3482 3816 3532 est

2169 3571 2379 3636 sancti,
2401 3587 2516 3625 non
2548 3587 2581 3624 a
2605 3569 2960 3642 semetipsis,
2993 3569 3105 3624 nisi
3133 3587 3166 3624 a
3198 3567 3340 3632 sole,
3373 3567 3429 3622 id
3463 3571 3552 3622 est
3589 3583 3624 3622 θ.
3652 3566 3812 3622 Chri-

2168 3664 2280 3714 sto.
2315 3660 2475 3715 Unde
2505 3659 2689 3715 dixit:
2743 3659 2969 3715 Orietur
2997 3659 3144 3714 vobis
3181 3658 3259 3713 sol
3281 3657 3522 3728 justitiaz
3551 3655 3808 3726 (Malach.

2169 3766 2246 3819 1v,
2276 3749 2352 3820 2).
2414 3750 2543 3803 «Et
2592 3748 2819 3819 judicia
2877 3753 2979 3804 tua
3027 3747 3186 3803 velut
3242 3748 3492 3819 abyssus
3540 3743 3746 3804 multa.
3783 3768 3804 3792 ι

2165 3839 2403 3909 Abyssus
2439 3839 2635 3905 multa,
2695 3837 2913 3907 iudicia
2968 3837 3070 3893 Dei
3125 3835 3372 3907 occulta,
3430 3835 3570 3906 quia
3625 3851 3808 3890 unum

2165 3927 2454 3998 reprobat,
2479 3933 2536 3982 et
2556 3927 2735 3983 alium
2759 3926 3027 3991 assumit,
3051 3926 3204 3982 sicut
3231 3925 3402 3981 dixit:
3421 3925 3581 3981 Jacob
3611 3924 3808 3990 dilexi,

2163 4017 2307 4071 Esau
2335 4017 2456 4072 odio
2485 4018 2656 4072 habui
2675 4015 2932 4088 (Malae/1.
2955 4033 2995 4082 1,
3026 4017 3100 4087 3).
3125 4013 3465 4084 Veljudicia
3489 4015 3647 4081 sunt,
3679 4012 3807 4082 qui-

2164 4105 2275 4160 bus
2306 4105 2391 4160 vel
2415 4105 2597 4176 justis
2628 4105 2948 4169 beatitudo,
2991 4103 3073 4158 vel
3108 4103 3308 4174 impiis
3339 4119 3506 4174 pcena
3537 4101 3803 4156 infertur.

2163 4196 2296 4259 Quae
2317 4194 2446 4249 ideo
2477 4194 2687 4266 abysso
2718 4196 3156 4264 comparantur,
3191 4191 3332 4263 quia
3369 4190 3429 4244 in
3462 4190 3603 4247 Novi
3634 4189 3803 4244 Vete-

2160 4282 2359 4353 risque
2386 4281 2742 4338 Testamenti
2784 4279 3279 4354 profunditatibus
3309 4278 3801 4350 contemplantur.

2163 4393 2192 4422 «
2229 4371 2528 4440 Homines,
2561 4377 2617 4426 et
2655 4373 2929 4441 jumenta
2984 4368 3174 4424 salvos
3234 4367 3428 4435 facies,
3472 4367 3738 4432 Domine,
3771 4389 3794 4418 ι

2157 4461 2553 4516 Rationabiles
2582 4458 3127 4530 irrationabilesque
3158 4474 3436 4530 personas
3457 4457 3629 4528 juxta
3658 4455 3801 4510 illud

2155 4549 2446 4620 Apostoli:
2484 4550 2834 4619 Sapientibus
2877 4556 2928 4603 et
2974 4548 3370 4618 insipientibus
3422 4545 3632 4600 debitor
3678 4561 3802 4600 sum

2156 4640 2399 4711 (Rom..1,
2436 4640 2541 4708 14).
2578 4663 2605 4687 ‹‹
2637 4637 3143 4702 Quemodmodum
3193 4633 3594 4708 multiplicasti
3627 4633 3802 4688 mise-

401 4720 539 4784 tem,
575 4722 698 4786 Ave,
732 4719 902 4772 Rabbi
945 4719 1153 4785 (Matth.
1201 4736 1354 4789 xxvx,
1389 4720 1496 4786 49),
1544 4724 1599 4774 et
1630 4719 1828 4776 osculo
1861 4723 2046 4794 magi-
2077 4739 2123 4802 D
2158 4727 2469 4782 ricordiam
2493 4732 2678 4793 tuam,
2710 4727 2884 4782 Deus.
2925 4749 2944 4773 η
2989 4727 3074 4779 Ab
3107 4725 3274 4780 initio
3306 4725 3545 4796 quidem
3577 4722 3802 4797 proﬂua

401 4809 589 4859 strum
623 4807 865 4860 tradidit
895 4807 1150 4862 inimicis
1183 4809 1331 4879 (Luc.
1364 4827 1503 4880 xxn,
1535 4809 1644 4880 48).
1679 4809 1820 4864 Ecce
1867 4811 2041 4866 verba

401 4894 538 4965 oris,
571 4893 740 4964 plena
769 4895 898 4950 dolo
931 4901 1106 4967 atque
1135 4897 1464 4969 iniquitate.
1499 4898 1739 4953 «Verba
1767 4899 1884 4954 oris
1916 4901 2044 4971 ejus

398 4982 699 5054 iniquitas,
757 4991 813 5038 et
841 4985 1032 5056 dolus,
1068 5009 1096 5035 »
1157 4991 1212 5041 et
1270 4987 1327 5040 in
1361 4987 1612 5058 diabolo,
1649 4993 1706 5043 et
1735 4989 1790 5042 in
1825 4988 2039 5061 populo

396 5071 755 5127 Judmorum.
802 5095 829 5124 ‹‹
860 5074 1058 5129 Noluit
1089 5075 1407 5146 intelligere
1466 5081 1530 5129 ut
1572 5077 1716 5132 bene
1749 5082 1968 5149 ageret.
2011 5100 2039 5127 »

398 5160 458 5214 1d
493 5166 602 5229 est,
627 5161 893 5218 diabolus
923 5167 980 5218 et
998 5163 1088 5218 sui
1123 5164 1422 5231 satellites,
1458 5165 1596 5235 quia
1619 5166 1777 5220 aliud
1808 5171 1896 5220 est
1927 5183 2039 5221 non

398 5265 592 5320 posse,
642 5252 799 5306 aliud
839 5261 928 5306 est
960 5253 1129 5308 nolle.
1165 5254 1233 5308 Et
1284 5255 1469 5310 Judas
1513 5254 1747 5310 videbat
1777 5256 2039 5327 quotidie

400 5355 533 5393 cum
566 5339 846 5410 apostolis
885 5341 1180 5397 Christum
1231 5343 1418 5399 multa
1465 5343 1754 5399 mirabilia
1797 5360 2039 5416 operan-

397 5432 537 5495 tem,
572 5430 672 5484 sed
707 5447 823 5485 non
856 5431 1234 5503 intelligebat.
1268 5433 1332 5487 In
1363 5431 1694 5488 malivolam
1726 5432 1882 5488 enim
1915 5433 2038 5488 ani-

397 5534 552 5572 mam
582 5536 694 5572 non
720 5519 1044 5591 ingreditur
1075 5521 1362 5592 sapientia
1391 5523 1542 5593 (.S'ap.
1577 5539 1616 5586 ι,
1651 5523 1725 5588 4).

471 5629 492 5657 α
530 5607 900 5679 Iniquitatem
950 5609 1265 5664 meditatus
1323 5615 1412 5666 est
1440 5611 1500 5666 in
1534 5611 1711 5667 cubili
1763 5629 1890 5668 suo.
1914 5633 1942 5661 »
1977 5613 2039 5668 In

394 5697 585 5751 cordis
615 5704 856 5768 secreto,
881 5699 940 5752 in
967 5714 1082 5770 quo
1105 5700 1419 5773 compungi
1449 5701 1650 5756 debuit
1669 5701 2038 5772 iniquitatem

394 5787 709 5841 meditatus
741 5793 852 5853 est,
881 5790 1035 5842 unde
1058 5789 1184 5856 jam
1216 5789 1488 5860 superius
1519 5790 1873 5847 mentionem
1905 5790 2038 5845 feci-

2154 4816 2264 4871 fuit
2296 4816 2698 4871 misericordia
2742 4820 2883 4883 tua;
2945 4816 3045 4870 sed
3080 4819 3219 4870 tunc
3261 4813 3650 4886 multiplicata
3687 4819 3796 4878 est,

2153 4920 2285 4959 eum
2321 4921 2426 4960 nos
2458 4920 2661 4958 cruore
2701 4902 2932 4975 proprio
2966 4902 3287 4957 redemisti.

2226 5015 2252 5042 ‹‹
2287 4993 2416 5048 Filii
2446 4998 2642 5048 autem
2695 4993 3003 5048 hominum
3036 4992 3094 5045 in
3123 4991 3378 5063 tegmine
3409 4989 3632 5046 alarum
3664 4993 3799 5044 tua-

2154 5099 2284 5136 rum
2319 5083 2654 5154 sperabunt.
2693 5103 2719 5130 ››
2749 5082 2870 5136 Non
2944 5081 3250 5153 progenies
3281 5081 3635 5152 viperarum,
3695 5077 3797 5133 sed

2154 5169 2238 5224 illi
2261 5172 2357 5242 qui
2391 5171 2461 5225 ad
2494 5170 2811 5241 imaginem
2854 5170 2955 5226 Dei
2985 5174 3178 5224 mente
3211 5167 3444 5240 perfecti
3476 5171 3634 5235 sunt,
3665 5182 3796 5236 spe-

2154 5263 2285 5314 rant
2314 5260 2424 5314 sub
2458 5260 2648 5314 crucis
2672 5264 2782 5314 tuae
2816 5259 3153 5314 defensione
3185 5256 3424 5312 muniri.
3457 5254 3582 5322 Vel,
3611 5278 3639 5304 «
3669 5254 3795 5309 Filii

2152 5347 2484 5415 hominum,
2520 5370 2541 5397 »
2578 5348 2636 5402 id
2687 5353 2776 5403 est
2806 5347 2907 5402 filii
2942 5346 3176 5415 Christi,
3215 5345 3352 5418 quia
3382 5345 3506 5418 ipse
3537 5343 3794 5399 hominis

2153 5436 2332 5492 Filius
2386 5441 2494 5504 est,
2548 5444 2605 5493 et
2655 5437 2841 5492 sancti
2901 5437 3005 5490 ﬁlii
3065 5435 3390 5492 hominum.
3449 5434 3513 5488 In
3563 5437 3794 5504 protec-

2153 5527 2307 5582 tione
2368 5526 2590 5582 alarum
2657 5532 2913 5594 tuarum,
2953 5523 3061 5591 vel,
3097 5548 3124 5573 ‹‹
3181 5525 3240 5578 in
3288 5523 3564 5594 tegmine.
3601 5544 3628 5571 »
3661 5527 3790 5577 Duae

2156 5615 2280 5682 alae,
2314 5617 2429 5671 duo
2459 5618 2852 5681 Testamenta,
2883 5615 3024 5686 quia
3053 5613 3187 5669 inde
3218 5617 3496 5684 teguntur
3540 5612 3724 5667 sancti
3759 5629 3793 5667 a

2148 5703 2392 5760 Christo.
2455 5726 2483 5754 «
2514 5706 2581 5759 Et
2635 5704 3098 5760 inebriabuntur.
3143 5724 3170 5752 ››
3221 5703 3284 5756 Id
3328 5707 3436 5772 est,
3493 5702 3601 5773 ipsi
3661 5700 3790 5768 lilii,

2147 5794 2574 5848 inebriabuntur
2631 5794 2868 5865 quidem
2914 5816 2942 5843 ‹‹
2971 5793 3044 5846 ab
3071 5792 3334 5847 ubertate
3361 5791 3570 5848 domus
3600 5795 3736 5858 tuas,
3760 5815 3781 5841 ι
