4314 6612
483 501 602 561 987

487 649 520 686 a
577 631 931 703 pinguedine
990 630 1188 703 gratiae
1244 630 1496 702 Spiritus
1553 633 1760 689 sancti.
1824 654 1853 683 ‹‹

488 724 623 786 tuae,
664 742 691 769 ››
720 721 940 775 Sancta:
962 720 1250 775 Ecclesiae.
1311 721 1436 787 Vel,
1462 724 1901 789 inebrzabuntur,
1927 726 2011 787 ut,
2040 722 2134 776 oh-

487 807 607 864 litis
637 809 896 881 flagitiis,
929 809 1245 865 virtutibus
1276 811 1640 882 copulentur.
1683 836 1702 860 ιι
1739 813 1825 867 Ab
1869 812 2130 867 ubertate

487 897 700 953 domus
730 901 864 954 tuae.
901 920 927 946 ››
959 898 1042 952 Ab
1084 898 1376 954 intellectu
1413 899 1756 971 dogmatum
1785 898 2133 955 ecclesiasti-

489 1003 712 1042 corum.
748 1010 776 1037 «
808 989 877 1042 Et
907 992 1164 1043 torrente
1192 987 1507 1060 voluptatis
1547 993 1659 1043 tua:
1692 989 1920 1061 potabis
1951 1005 2067 1043 eos.
2103 1011 2126 1039 ι

486 1076 739 1131 Torrens
767 1076 1082 1148 voluptatis
1135 1077 1256 1145 Dei,
1299 1077 1551 1149 Spiritus
1604 1084 1844 1133 sanctus
1890 1081 1996 1144 est,
2033 1076 2133 1148 qui

489 1164 693 1238 irrigat
739 1182 974 1221 omnem
1013 1166 1270 1221 animam
1322 1165 1729 1238 spiritualibus
1781 1167 2035 1235 fluentis,
2068 1170 2135 1221 ut

488 1253 743 1308 fructum
776 1253 1042 1309 exhibeat
1074 1254 1421 1310 sanctitatis.

564 1363 595 1394 α
626 1344 914 1408 Quoniam
946 1344 1101 1415 apud
1136 1349 1213 1410 te,
1247 1344 1510 1409 Domine,
1544 1348 1632 1400 est
1654 1344 1781 1400 fons
1810 1344 1958 1399 vitae.
2002 1365 2029 1395 ι)
2063 1344 2133 1398 Et

488 1436 551 1487 tu
584 1449 665 1499 es,
699 1437 756 1487 et
784 1433 937 1504 apud
971 1437 1029 1488 te
1060 1437 1150 1487 est
1173 1433 1333 1505 origo
1366 1434 1629 1488 omnium
1650 1434 1959 1505 bonorum,
1984 1438 2040 1488 et
2069 1437 2132 1488 tu

489 1526 730 1594 praestas
761 1521 1126 1593 baptismum
1152 1540 1166 1577 :
1198 1538 1299 1595 per
1329 1524 1481 1594 quod
1511 1522 1727 1578 ablutis
1754 1522 2131 1594 facinoribus,

487 1610 640 1666 viam
696 1610 967 1682 largiaris
1023 1616 1321 1666 aeternam.
1353 1611 1453 1666 Vel
1500 1633 1528 1662 «
1563 1612 1692 1667 fons
1720 1612 1871 1680 vita,
1915 1633 1943 1662 »
1993 1612 2134 1683 quia

489 1700 753 1756 doctrina
780 1700 902 1766 Dei,
936 1700 1146 1755 animae
1175 1701 1295 1756 vita
1322 1704 1430 1756 est.
1459 1723 1487 1750 «
1513 1701 1577 1756 In
1596 1701 1821 1757 lumine
1842 1706 1943 1757 tuo
1973 1701 2130 1757 vide-

485 1788 685 1844 bimus
738 1787 959 1844 lumen.
994 1810 1024 1837 »
1068 1789 1292 1844 Lumen
1344 1790 1535 1846 Patris
1589 1789 1857 1846 Christus
1907 1794 2015 1847 est.
2064 1795 2131 1846 In

487 1877 716 1932 Christo
756 1877 947 1932 Patris
976 1875 1220 1946 lumine,
1271 1877 1470 1933 lumen
1522 1878 1803 1951 Spiritum
1861 1883 2129 1935 sanctum

483 1965 834 2021 videbimus.
869 1965 1091 2021 Lumen
1126 1971 1295 2022 tuum
1327 1968 1495 2022 Pater
1517 1972 1632 2024 est:
1667 1969 1835 2039 cujus
1863 1968 2130 2024 volunta-

484 2058 607 2109 tem
639 2054 879 2121 faciens,
912 2054 1120 2110 venisti
1145 2053 1479 2112 illuminare
1507 2056 1733 2112 occulta
1755 2058 2128 2113 tenebrarum

484 2147 550 2198 ut
578 2143 639 2197 in
660 2146 735 2211 te,
769 2144 870 2215 qui
903 2160 965 2199 es
996 2143 1095 2198 lux
1128 2144 1352 2213 mundi,
1386 2145 1907 2201 mereremurillud
1930 2146 2129 2202 lumen

475 2247 718 2288 cernere
762 2232 823 2288 in
856 2232 1045 2305 gratia
1090 2233 1304 2289 mentis
1333 2251 1523 2306 purse:
1575 2234 1668 2291 Sic
1699 2236 1854 2291 enim
1914 2235 1997 2290 ait
2056 2237 2127 2291 ad

473 2321 859 2394 Philippum:
896 2324 1001 2391 Qui
1050 2323 1196 2378 videt
1248 2340 1356 2394 me,
1434 2325 1572 2381 videt
1620 2333 1671 2380 et
1698 2326 1919 2381 Patrem
1951 2342 2131 2381 meum

471 2411 650 2483 (Joan.
677 2428 795 2476 XIV,
820 2412 894 2483 9).
938 2433 960 2463 ι
998 2412 1058 2466 Ιιι
1092 2411 1314 2467 lumine
1344 2413 1492 2484 ejus,
1530 2436 1557 2463 ››
1590 2415 1649 2469 id
1680 2418 1768 2470 est
1790 2415 1849 2469 in
1874 2413 2121 2485 Christo,

477 2522 506 2549 «
546 2499 878 2555 videbimus
936 2499 1179 2568 lumen;
1217 2523 1245 2550 ››
1287 2501 1344 2555 id
1376 2508 1464 2557 est
1512 2502 1795 2574 Spiritum
1835 2508 2126 2573 sanctum,

476 2587 578 2660 qui
604 2605 780 2660 super
810 2589 1105 2659 apostolos
1136 2590 1194 2644 in
1229 2590 1422 2662 specie
1455 2592 1607 2662 ignis
1632 2590 2003 2647 illiminantis
2034 2610 2131 2663 ap-

473 2677 669 2750 paruit
697 2678 831 2749 (Αεί.
865 2695 929 2745 ιι,
960 2679 1036 2749 3).
1093 2701 1121 2727 (ι
1156 2680 1226 2734 Et
1263 2680 1321 2734 in
1378 2679 1602 2736 lumine
1649 2686 1750 2737 tuo
1800 2682 2128 2737 videbimus

475 2764 696 2833 lumen,
735 2764 823 2820 nid
856 2770 965 2830 est,
996 2782 1031 2820 a
1059 2765 1289 2822 Christo
1322 2766 1817 2835 illuminabimur,
1864 2774 1929 2823 ut
1958 2768 2040 2823 ait
2067 2768 2127 2823 in

476 2853 782 2926 Evangelio
804 2872 816 2909 :
842 2856 977 2910 Erat
1009 2855 1191 2910 lumen
1228 2871 1420 2911 verum
1448 2858 1588 2929 quod
1609 2858 1893 2913 illuminat
1912 2874 2130 2913 omnem

475 2943 752 2997 hominem
779 2944 1085 2997 venientem
1112 2944 1169 2997 in
1197 2942 1343 2997 hunc
1368 2945 1635 2999 mundum
1665 2946 1841 3017 (Joan.
1876 2962 1913 3009 ι,
1941 2945 2018 3012 9).

554 3053 583 3080 ‹‹
624 3030 922 3086 Ρνωιειιᾶθ
950 3030 1411 3088 misericordiam
1442 3038 1605 3089 tuam
1638 3034 1959 3089 scientibus
1988 3038 2063 3088 te.
2099 3055 2127 3082 »

483 3119 592 3184 Qui
626 3123 681 3174 te
714 3124 1025 3176 venturum
1048 3121 1105 3175 in
1141 3122 1429 3177 mundum
1470 3128 1773 3178 noverunt.
1806 3127 1884 3178 De
1914 3123 2130 3194 quibus

440 3230 445 3235 '
484 3208 863 3281 postmodum
902 3208 961 3263 in
996 3209 1307 3283 Evangelio
1340 3212 1523 3267 dicis:
1556 3211 1725 3267 Multi
1742 3214 1883 3285 justi
1924 3216 1975 3266 et
2000 3229 2127 3284 pro-

481 3297 660 3370 phetae
705 3299 996 3369 cupierunt
1027 3301 1216 3356 videre
1246 3316 1374 3372 qua?
1408 3301 1622 3367 videtis,
1657 3306 1707 3357 et
1735 3318 1843 3357 non
1873 3301 2128 3358 viderunt

1979 499 2376 560 APPENDIX
2388 540 2404 556 .

1910 633 2130 688 Domus
2161 634 2214 698 Α

3771 493 3893 552 988

2316 653 2344 680 ‹‹
2386 628 2514 685 Noli
2536 626 2798 685 aemulari
2820 626 2879 682 in
2912 624 3394 697 malignantibus.
3426 644 3455 673 »
3480 622 3692 693 Multas
3714 622 3891 679 habet

2243 719 2533 774 mmulatio
2563 715 3089 789 interpretationes,
3110 713 3380 785 quazloco
3413 728 3519 767 suo
3561 711 3775 767 debent
3801 711 3888 768 vel

2240 808 2509 881 intelligi,
2537 806 2624 862 vel
2652 805 2881 878 exponi.
2914 808 3063 858 Nam
3093 802 3186 857 hic
3230 802 3390 872 dicit,
3423 800 3551 857 Noli
3598 802 3888 874 particeps

2243 914 2372 954 esse
2423 896 2735 968 malignis:
2772 909 2961 964 neque
3007 892 3080 947 ad
3109 891 3319 957 zelum,
3381 907 3570 955 neque
3619 892 3690 946 ad
3743 892 3892 946 invi-

2242 986 2421 1052 diam,
2455 986 2595 1057 quia
2622 982 2813 1039 zelum
2838 983 2927 1037 ira
2946 985 3057 1051 est,
3080 981 3404 1037 secundum
3426 979 3572 1034 illud
3603 981 3757 1052 quod
3786 997 3890 1053 per

2241 1074 2581 1145 prophetam
2612 1071 2893 1128 Dominus
2922 1070 3039 1126 ait:
3072 1072 3136 1125 In
3158 1069 3540 1140 indignatione
3566 1086 3771 1140 magna
3797 1087 3887 1125 ze-

2243 1164 2389 1217 lulus
2416 1178 2541 1217 sum
2568 1161 2701 1216 Sion
2748 1161 2927 1232 (Zach.
2961 1176 3086 1224 VIII,
3132 1159 3211 1225 2).
3248 1158 3467 1212 Invidia
3495 1163 3693 1214 autem
3737 1159 3885 1215 livor

2241 1257 2357 1307 est:
2386 1252 2555 1321 juxta
2594 1249 2775 1305 illud:
2841 1248 3025 1306 Occidi
3080 1246 3547 1303 adolescentulum
3594 1249 3659 1303 in
3710 1249 3889 1305 livore

2239 1358 2355 1397 meo
2384 1340 2539 1412 (Gen.
2574 1357 2647 1410 Iv,
2677 1340 2766 1394 33.
2794 1361 2822 1388 ι(
2856 1338 3055 1410 Neque
3111 1336 3388 1391 zelaveris
3447 1337 3723 1392 facientes
3773 1338 3886 1393 ini-

2242 1430 2546 1502 quitatem.
2578 1448 2605 1481 n
2643 1428 2768 1486 Non
2799 1427 3046 1482 imiteris
3076 1442 3174 1481 eos
3201 1426 3299 1497 qui
3332 1442 3433 1497 per
3463 1424 3697 1496 iniquas
3730 1427 3887 1481 frau-

2242 1522 2344 1575 des
2400 1519 2631 1574 divitias
2692 1520 3066 1590 congregant,
3099 1515 3497 1587 honoremque
3548 1516 3886 1587 requirunt:

2241 1610 2341 1664 sed
2368 1613 2549 1663 Deum
2574 1608 2900 1674 attendens,
2925 1605 3247 1661 bonitatem
3273 1604 3649 1676 apostolicam
3673 1621 3887 1676 quaere.

2313 1719 2341 1747 ‹‹
2383 1697 2669 1762 Quoniam
2726 1700 3010 1766 tanquam
3044 1695 3242 1749 fenum
3291 1692 3567 1749 velociter
3596 1699 3886 1763 arescent,

2238 1791 2294 1843 et
2323 1786 2821 1858 quemadmodum
2854 1784 3010 1840 olera
3039 1783 3355 1839 herbarum
3388 1782 3502 1839 cito
3534 1783 3821 1839 decidant.
3859 1806 3881 1833 ι

2238 1880 2410 1932 Recte
2439 1876 2560 1930 haec
2610 1873 2861 1930 carnalis
2913 1872 3117 1945 gloria,
3176 1876 3234 1926 et
3289 1872 3575 1927 mundata
3604 1873 3883 1944 potentia,

2240 1965 2370 2021 leno
2427 1966 2608 2036 (juxta
2638 1963 2879 2035 Isaiam)
2924 1965 3377 2034 comparantur;
3424 1960 3637 2030 Omnis,
3670 1961 3883 2034 inquit,

2237 2071 2365 2113 care
2419 2057 2630 2125 fenum,
2689 2055 2741 2109 et
2786 2054 2963 2108 omnis
3023 2053 3213 2124 gloria
3260 2053 3378 2123 ejus
3434 2054 3581 2107 sicut
3610 2053 3710 2121 ﬂos
3764 2054 3884 2123 feni

2239 2146 2375 2219 (Isa.
2411 2162 2490 2209 x1,
2517 2146 2594 2214 6).
2626 2144 2796 2198 Aruit
2825 2141 2978 2197 enim
3025 2141 3241 2211 fenum,
3289 2145 3347 2196 et
3376 2141 3484 2197 ﬂos
3512 2141 3640 2212 ejus
3672 2140 3886 2196 decidit

2240 2234 2382 2305 (Ibid
2409 2234 2486 2301 7).
2520 2232 2666 2288 Huic
2698 2230 2997 2286 sententiae
3027 2229 3252 2285 addidit
3279 2230 3537 2285 Jacobus
3559 2229 3883 2301 apostolus:

2238 2325 2319 2378 Ita
2347 2330 2398 2377 et
2423 2322 2572 2377 dives
2600 2323 2662 2376 in
2690 2320 2983 2375 itineribus
3039 2321 3153 2374 suis
3181 2324 3475 2375 marcescet
3527 2319 3663 2390 (Jac.
3697 2336 3739 2384 ι,
3774 2319 3883 2389 11).

2240 2410 2430 2466 Simili
2489 2411 2710 2466 ratione
2734 2413 2791 2464 et
2818 2408 2891 2463 de
2910 2408 3167 2465 oleribus
3197 2408 3569 2463 sentiendum
3600 2414 3716 2463 est:
3748 2407 3889 2479 quia

2240 2516 2353 2554 non
2386 2499 2583 2555 omnia
2612 2498 2770 2554 olera
2798 2497 3053 2555 infirmis
3082 2502 3223 2552 sunt
3251 2502 3597 2569 opportuna.

2310 2610 2339 2637 «
2372 2589 2555 2660 Spera
2582 2587 2643 2641 in
2673 2586 2921 2642 Domino
2943 2590 3001 2641 et
3032 2586 3118 2642 fac
3142 2586 3483 2641 bonitatem.
3511 2607 3538 2635 »
3571 2588 3879 2658 Tanquam

2237 2694 2388 2749 aegro
2416 2677 2524 2731 tibi
2555 2676 2817 2747 loquitur
2836 2692 3028 2731 sermo
3075 2674 3341 2730 divinus:
3373 2679 3439 2730 ut
3459 2675 3612 2730 inter
3629 2674 3889 2746 reliquas

2237 2766 2457 2837 gratias
2488 2781 2614 2837 qua:
2646 2768 2786 2820 sunt
2837 2764 3066 2820 fructus
3114 2764 3382 2835 spiritus,
3414 2763 3689 2819 exhibeas
3719 2764 3884 2819 boni-

2237 2860 2438 2910 tatem.
2474 2878 2500 2904 «
2528 2859 2708 2925 Spera
2736 2853 2798 2909 in
2828 2854 3111 2921 Domino;
3146 2877 3169 2905 ι
3200 2869 3364 2925 spem
3397 2853 3619 2909 habens
3652 2869 3882 2924 semper

2238 2944 2296 2998 in
2326 2943 2591 2999 Domino.
2624 2966 2650 2993 ‹‹
2681 2944 2751 2997 Et
2780 2943 2868 2998 fac
2898 2942 3240 3010 bonitatem,
3272 2962 3298 2993 η
3338 2942 3447 2998 hoc
3478 2947 3585 3008 est,
3628 2941 3884 3014 adimple

2239 3033 2533 3089 mandata.
2557 3054 2587 3081 ‹‹
2621 3031 2892 3087 Inhabita
2920 3036 3161 3100 terram,
3195 3055 3217 3085 ι
3245 3037 3510 3087 sanctam
3540 3030 3878 3088 Ecclesiam:

2238 3121 2325 3177 vel
2356 3137 2567 3193 corpus
2616 3124 2804 3177 tuum.
2857 3122 2946 3176 Tu
2978 3121 3281 3177 dominare
3320 3122 3516 3177 carni:
3576 3138 3692 3176 non
3746 3137 3879 3176 caro

2241 3211 2363 3266 tibi.
2400 3233 2428 3261 «
2460 3211 2530 3265 Et
2558 3209 2816 3281 pasceris
2860 3211 2919 3265 in
2969 3210 3187 3266 divitiis
3218 3212 3365 3282 ejus.
3394 3230 3420 3262 ι)
3457 3212 3522 3267 In
3552 3210 3735 3267 sacris
3781 3226 3879 3265 vo-

2237 3299 2582 3360 luminibus.
2614 3299 2674 3355 Si
2722 3300 2843 3355 haec
2890 3304 3047 3356 terra
3078 3301 3333 3356 fructum
3365 3302 3633 3357 exhibeat
3664 3300 3882 3356 sancti-

482 3388 704 3459 (Matth.
738 3404 863 3454 xm,
899 3390 1007 3461 17).
1071 3390 1193 3445 Non
1250 3392 1542 3463 superbis,
1594 3396 1650 3447 et
1679 3392 1963 3462 subdolis,
2023 3392 2126 3447 sed
2158 3378 2200 3444 C
2238 3388 2397 3455 tatis,
2423 3393 2563 3443 tunc
2594 3392 2650 3445 et
2680 3392 2743 3444 tu
2768 3389 3192 3460 jucundaberis
3223 3390 3282 3445 in
3315 3389 3533 3445 divitiis
3568 3390 3683 3445 Dei.

483 3476 721 3532 mundis
781 3478 970 3533 corde.
1004 3478 1107 3534 Vel
1160 3482 1400 3536 ostende
1458 3481 1917 3537 misericordiam
1965 3486 2129 3537 tuam

485 3566 808 3622 scientibus
837 3572 913 3633 te,
946 3568 1001 3622 id
1027 3574 1134 3638 est,
1160 3571 1259 3641 qui
1283 3575 1337 3625 te
1367 3570 1577 3635 sciunt,
1605 3576 1661 3626 et
1690 3577 1746 3627 te
1774 3570 2129 3644 intelligunt,

485 3655 632 3725 ipsis
663 3657 907 3710 ostende
965 3657 1425 3714 misericordiam
1484 3664 1677 3728 tuam,
1714 3660 1972 3715 Domine.
2012 3684 2033 3709 ι
2068 3665 2136 3715 Et

479 3743 774 3812 justitiam
823 3748 987 3799 tuam
1018 3745 1110 3800 his
1142 3746 1241 3817 qui
1274 3752 1426 3804 recto
1460 3754 1599 3803 sunt
1627 3749 1818 3805 corde.
1844 3771 1871 3797 ››
1896 3771 1930 3799 (ι
1960 3749 2137 3804 Justi-

493 3830 638 3886 tiam
672 3835 853 3899 tuam,
883 3855 904 3881 ο
936 3834 1215 3888 mandata
1234 3840 1354 3890 tua.
1378 3860 1405 3886 ‹‹
1425 3836 1533 3901 Qui
1564 3843 1719 3893 recto
1743 3844 1885 3893 sunt
1905 3840 2132 3904 corde,»

492 3919 550 3974 id
582 3925 692 3985 est,
734 3922 832 3992 qui
865 3939 978 3976 non
1011 3922 1230 3979 habent
1262 3926 1664 3997 duplicitatem
1698 3928 1915 3985 cordis.

568 4032 593 4059 ‹‹
630 4009 754 4065 Non
786 4011 980 4066 veniat
1012 4012 1157 4068 mihi
1182 4031 1283 4085 pes
1316 4017 1623 4087 superbiae.
1655 4039 1682 4067 ››
1718 4022 1799 4072 Ne
1829 4017 2015 4073 elatus
2038 4035 2137 4073 va-

500 4099 703 4163 nitate,
734 4098 989 4156 incidam
1020 4102 1079 4156 in
1112 4102 1390 4175 laqueum
1412 4105 1652 4174 diaboli,
1676 4110 1732 4161 et
1752 4108 1992 4162 evadere
2022 4124 2138 4162 non

504 4189 725 4260 possim
752 4208 765 4245 :
798 4212 818 4238 α
854 4190 924 4244 Et
952 4207 1162 4247 manus
1194 4199 1561 4264 peccatorum
1596 4212 1709 4250 non
1734 4200 1959 4251 moveat
1989 4212 2138 4264 me;»

500 4278 558 4332 id
590 4282 695 4344 est,
731 4296 908 4350 opera
938 4280 1227 4336 malorum
1261 4299 1352 4339 me
1385 4301 1498 4339 non
1532 4291 1758 4340 moveat
1785 4286 1856 4341 de
1899 4286 2049 4341 bono
2081 4285 2140 4339 in

495 4365 738 4421 malum.
775 4367 900 4422 Non
942 4386 1034 4424 me
1064 4376 1311 4436 moveat,
1346 4377 1410 4425 ut
1438 4390 1472 4427 a
1499 4377 1554 4428 te
1584 4374 1840 4429 divellar.

569 4479 596 4505 ‹‹
641 4455 725 4510 Ibi
757 4457 1088 4513 ceciderent
1135 4476 1340 4515 omnes
1382 4462 1480 4532 qui
1513 4467 1828 4534 Operantur
1866 4463 2142 4534 iniquita-

495 4548 635 4599 tem.
672 4567 698 4593 ››
731 4547 795 4599 In
828 4544 937 4600 hac
971 4547 1246 4617 superbia
1266 4554 1441 4619 atque
1471 4551 1725 4607 vanitate
1748 4555 1948 4607 contra
1969 4568 2143 4622 quam

496 4639 652 4688 stare
683 4633 1030 4700 debuerant,
1081 4636 1431 4694 ceciderunt.
1494 4663 1523 4689 ‹‹
1576 4640 1813 4712 Expulsi
1846 4645 2002 4697 sunt.
2040 4663 2067 4691 ››
2098 4644 2145 4697 Α

496 4737 673 4815 regno
707 4721 829 4776 Dei.
863 4744 907 4815 Δ‹‹
937 4722 1059 4815 Nec
1100 4731 1416 4797 potuerunt
1460 4734 1632 4784 stare.
1663 4752 1690 4779 »
1741 4729 1976 4802 Expulsi
2010 4735 2148 4787 sunt
2185 4750 2231 4815 D

518 4810 811 4865 dazmones
847 4812 915 4867 de
961 4813 1133 4868 caelo:
1196 4834 1301 4873 nec
1348 4823 1664 4890 potuerunt
1709 4825 1882 4876 stare.
1934 4820 2151 4876 Caelum

507 4914 607 4953 eos
641 4914 756 4954 non
780 4901 970 4971 potuit
1000 4907 1225 4962 tenere:
1259 4907 1395 4979 quia
1421 4907 1481 4963 in
1510 4909 1687 4980 pedes
1718 4910 2004 4981 superbiae
2024 4912 2152 4982 jam

501 4994 860 5045 corruerant.
895 4991 1009 5047 Nos
1064 5011 1197 5050 vero
1250 5014 1483 5054 oremus
1514 5000 1851 5064 Dominum,
1885 5003 1951 5054 ut
1981 5000 2149 5056 nobis

499 5077 757 5134 nominis
789 5079 879 5134 sui
914 5082 1185 5139 timorem
1218 5085 1523 5155 rinsinuet,
1559 5089 2023 5144 misericordiam
2078 5090 2149 5144 de

498 5166 642 5221 coelo
674 5168 841 5225 solite
868 5168 1168 5243 largiatur:
1199 5177 1533 5247 superbiam
1568 5195 1601 5233 a
1629 5180 1797 5234 nobis
1828 5178 1997 5233 bonis
2025 5178 2149 5234 suis

498 5255 799 5312 inimicam
831 5261 1075 5329 auferat,
1134 5269 1307 5336 atque
1365 5284 1598 5322 omnem
1659 5267 1859 5324 dolum
1892 5271 2144 5322 avertat:

498 5362 722 5418 nosque
746 5352 1099 5407 sacrosancti
1137 5353 1384 5411 luminis
1425 5357 1516 5411 sui
1547 5358 1880 5429 cognitione
1923 5356 2146 5411 illumi-

506 5440 697 5504 natos,
732 5454 909 5510 regno
942 5457 1048 5497 suo
1080 5443 1288 5515 dignos
1318 5444 1527 5514 efl‘ciat,
1560 5449 1762 5501 Amen.

1017 5567 1337 5625 PSALMUS
1379 5569 1618 5625 XXXVI.

492 5648 749 5730 Psalmus
778 5653 975 5730 David.
1011 5657 1369 5730 Tricesimus
1403 5663 1604 5713 sextus
1651 5658 1916 5730 psalmus
1950 5675 2145 5730 psrso-

571 5723 869 5800 namjusti
896 5724 1412 5800 gloriﬁcat,injusti
1438 5734 1602 5784 notat
1624 5723 1857 5785 z'mores
1885 5723 2142 5798 instruit,

571 5790 1018 5853 bonitatevaei
1051 5790 1236 5867 docet,
1266 5790 1613 5875 pravitatem
1645 5802 1855 5859 evellit.
1913 5836 1927 5848 υ

2318 3500 2342 3528 ι
2387 3478 2677 3535 Delectare
2705 3478 2766 3533 in
2816 3478 3085 3550 Domino,
3136 3483 3192 3535 et
3239 3479 3402 3534 dabit
3431 3480 3535 3534 tibi
3578 3479 3888 3551 petitiones

2242 3566 2433 3623 cordis
2464 3568 2569 3623 tui.
2605 3589 2633 3616 ››
2666 3568 2775 3623 Cor
2801 3583 3034 3640 semper
3061 3568 3411 3640 sapientiam
3444 3568 3610 3640 petit.
3640 3569 3784 3639 Ergo
3817 3567 3891 3633 si,

2242 3656 2519 3713 admissis
2549 3657 2641 3713 his
2666 3657 3166 3729 jucunditatibus,
3198 3658 3257 3711 in
3292 3659 3533 3712 Domino
3558 3656 3892 3723 delecteris,

2244 3746 2406 3803 dabit
2449 3747 2556 3801 tibi
2616 3746 2926 3802 thesauros
2981 3745 3278 3817 sapientia;
3337 3763 3454 3799 suae
3485 3745 3572 3800 vel
3603 3745 3895 3816 quidquid

2245 3835 2480 3907 petieris
2511 3852 2614 3907 per
2663 3836 2859 3889 ﬁdem.
2916 3834 3077 3889 Unde
3137 3833 3319 3889 dixit:
3377 3835 3519 3902 Quia
3574 3835 3623 3887 si
3672 3834 3781 3888 duo
3828 3850 3899 3888 ex

2245 3926 2394 3980 vobis
2423 3927 2792 3981 consenserint
2837 3940 3004 3994 super
3058 3932 3286 3992 terram,
3346 3923 3410 3978 de
3464 3925 3617 3978 omni
3637 3940 3699 3977 re
3731 3940 3900 3994 quam

2242 4016 2506 4086 petierint
2530 4030 2567 4068 α
2598 4015 2762 4068 Patre
2791 4028 2929 4080 meo,
2961 4012 3057 4081 ﬁet
3083 4015 3164 4067 eis
3197 4012 3408 4084 (Matth.
3443 4029 3605 4076 xvm,
3642 4014 3751 4083 19).

2325 4121 2348 4150 ι
2390 4102 2599 4157 Revela
2627 4101 2872 4156 Domino
2911 4101 3067 4157 viam
3095 4106 3280 4157 tuam.
3318 4124 3344 4151 ιι
3388 4103 3686 4168 Quomodo
3736 4101 3894 4169 dicit,

2247 4191 2464 4248 revela?
2494 4190 2783 4263 numquid
2832 4190 3053 4262 aliquid
3087 4190 3274 4246 nescit
3303 4192 3495 4247 Deus?
3524 4196 3672 4259 Non,
3703 4191 3803 4245 sed
3835 4194 3898 4243 tu

2251 4281 2407 4353 quod
2440 4280 2621 4336 habes
2652 4280 2711 4334 in
2744 4280 2936 4348 corde,
2970 4281 3294 4353 patefacere
3325 4282 3500 4337 debes
3539 4280 3653 4335 Deo
3684 4280 3743 4334 in
3776 4296 3902 4334 ser-

2255 4387 2427 4425 mone
2475 4387 2579 4442 per
2607 4370 3041 4426 confessionem
3084 4374 3270 4426 tuam.
3306 4371 3590 4426 Conﬁtere
3633 4369 3685 4424 ei
3726 4369 3903 4425 actio-

2253 4477 2355 4515 nes
2387 4464 2558 4514 tuas:
2592 4463 2649 4514 et
2680 4476 2856 4531 spera
2883 4460 2942 4514 in
2976 4477 3111 4515 eum
3146 4476 3397 4532 semper,
3429 4464 3487 4515 et
3534 4460 3657 4531 ipse
3685 4458 3788 4513 tibi
3816 4458 3901 4512 di-

2256 4550 2449 4604 mittet
2478 4553 2713 4621 peccata
2735 4553 2857 4604 tua.
2896 4572 2924 4601 «
2950 4554 3018 4604 Et
3049 4566 3221 4622 spera
3250 4550 3308 4603 in
3339 4566 3494 4604 eum.
3521 4569 3549 4597 »
3580 4548 3741 4613 Quod
3772 4563 3904 4619 pos-

2254 4638 2332 4693 sit
2381 4638 2676 4694 remittere
2728 4638 3113 4710 delinquenti.
3174 4661 3203 4687 ‹‹
3246 4638 3316 4692 Et
3372 4638 3497 4709 ipse
3554 4636 3747 4692 faciet.
3782 4658 3809 4685 »
3841 4640 3907 4689 Et

2265 4727 2427 4800 quid,
2462 4727 2684 4799 inquis,
2725 4728 2945 4782 faciet?

2337 4841 2364 4866 «
2399 4817 2470 4872 Et
2499 4817 2704 4872 educet
2752 4816 2920 4887 quasi
2969 4816 3167 4872 lumen
3190 4816 3487 4887 justitiam
3517 4822 3699 4871 tuam.
3736 4837 3763 4864 »
3819 4815 3903 4869 Ad

2264 4906 2587 4962 claritatem
2620 4922 2736 4977 qua
2766 4922 2899 4961 eum
2932 4905 3253 4980 credidisti.
3289 4929 3317 4955 «
3350 4906 3653 4961 Justitiam
3689 4910 3905 4970 tuam,»

2264 4996 2321 5050 id
2353 4999 2459 5065 est,
2493 4993 2553 5049 in
2585 4993 2847 5050 claritate
2865 5011 3040 5067 opera
3068 4986 3189 5050 tua.
3215 5018 3242 5044 ‹‹
3275 4995 3649 5067 Etjudieium
3679 4999 3906 5049 tuum.»

2258 5087 2381 5149 Quo
2412 5100 2479 5140 ea
2510 5100 2640 5155 quae
2672 5085 2825 5140 bona
2857 5089 2997 5141 sunt
3033 5084 3279 5158 elegisti.
3318 5108 3344 5134 ‹‹
3378 5086 3686 5156 Tanquam
3734 5083 3906 5138 meri-

2258 5173 2434 5228 diem.
2468 5195 2497 5223 »
2532 5176 2596 5228 In
2630 5172 2802 5245 pleno
2830 5174 3140 5245 splendore
3178 5174 3377 5246 gratiae
3413 5192 3551 5244 suae,
3584 5189 3757 5246 quem
3820 5189 3907 5227 re-

2256 5262 2410 5317 velat
2442 5279 2638 5318 coram
2672 5262 2896 5335 angelis
2927 5263 3076 5318 suis.
3113 5263 3216 5318 Vel
3248 5263 3543 5330 meridies,
3575 5280 3749 5335 opera
3775 5279 3906 5318 san-

2258 5356 2485 5407 ctorum
2522 5351 2958 5425 intelliguntur.

2329 5465 2357 5490 ‹‹
2400 5440 2685 5496 Subditus
2716 5446 2841 5497 esto
2871 5441 3138 5498 Domino.
3164 5465 3192 5492 »
3226 5443 3352 5498 Non
3384 5447 3642 5515 peccato,
3666 5442 3765 5498 sed
3797 5441 3906 5497 hu-

2258 5529 2417 5586 milis
2456 5535 2582 5586 esto
2622 5547 2818 5586 coram
2878 5532 3144 5590 Domino.
3209 5557 3237 5585 «
3288 5528 3371 5589 Et
3399 5550 3501 5589 ora
3529 5550 3686 5588 eum.
3739 5555 3766 5581 υ
3801 5532 3905 5587 Pro

2256 5618 2483 5675 delictis
2550 5619 2936 5690 praesentibus
3005 5627 3063 5676 et
3118 5622 3408 5694 antiquis.
3468 5622 3629 5678 Unde
3688 5619 3901 5676 Paulus

2254 5709 2428 5763 dixit:
2460 5710 2650 5763 Pri-mo
2696 5711 2948 5764 omnium
2991 5711 3116 5782 ﬁeri
3152 5714 3447 5780 orationes,
3480 5711 3897 5766 obsecrationes.

2253 5797 2683 5872 postulationes,
2769 5803 3077 5871 gratiarum
3161 5803 3398 5859 actiones
3429 5820 3448 5855 :
3511 5817 3612 5876 pro
3687 5800 3905 5875 regibus
