4314 6598
304 493 421 553 989

382 735 410 761 ς(
444 712 571 767 Noli
604 711 867 767 aemulari
896 711 955 765 in
990 727 1076 767 eo.
1111 732 1139 761 »
1190 710 1271 766 Ne
1319 711 1554 768 invidus
1585 712 1637 768 ei
1666 712 1767 781 sis,
1803 712 1956 767 sicut

309 801 601 873 superius.
640 822 668 850 «
690 800 758 855 Et
778 799 1072 869 judicium
1097 803 1266 855 tuum
1286 806 1570 872 tanquam
1601 800 1894 856 meridies.
1923 823 1951 851 »

311 890 474 944 Tunc
498 889 654 945 enim
678 889 828 959 justi
851 887 1157 960 fulgebunt
1178 889 1333 944 sicut
1361 888 1446 945 sol
1476 890 1536 944 in
1568 906 1745 963 regno
1774 890 1956 962 patris

310 995 510 1033 eorum
562 978 778 1045 (Matth.
809 994 933 1045 xm,
966 978 1075 1045 43),
1128 981 1185 1033 et
1213 982 1385 1033 erunt
1415 978 1571 1034 clara
1600 979 1799 1035 omnia
1828 996 1954 1050 quae

311 1084 467 1122 nunc
499 1066 843 1122 abscondita
872 1072 1030 1122 sunt.
1062 1066 1164 1121 Vel
1207 1088 1236 1117 «
1266 1067 1383 1123 noli
1415 1068 1680 1124 azmulari
1711 1069 1770 1123 in
1802 1085 1890 1136 eo,
1923 1089 1952 1118 »

311 1157 411 1227 qui
463 1172 737 1227 prospere
785 1156 907 1227 agit
936 1156 996 1209 in
1027 1156 1118 1211 via
1148 1173 1274 1212 sua.
1306 1157 1431 1212 Non
1463 1161 1519 1213 te
1546 1162 1760 1213 terreat
1787 1157 1955 1228 impii

308 1244 557 1300 felicitas
610 1245 819 1299 brevis.
853 1244 1091 1307 Quiesce
1138 1246 1210 1299 ab
1258 1245 1364 1311 ira,
1397 1250 1455 1301 et
1497 1246 1834 1318 derelinque
1865 1246 1956 1301 fu-

309 1350 521 1388 rorem.
557 1332 683 1389 Noli
715 1332 977 1387 zemulari
1019 1337 1084 1387 ut
1128 1333 1485 1390 malefacias.
1518 1335 1753 1406 Depone
1782 1336 1953 1403 iram,

309 1438 382 1475 ne
416 1422 618 1491 iniqua
648 1422 893 1492 patiens,
926 1422 1109 1477 vicem
1154 1423 1394 1478 reddere
1423 1423 1811 1495 compelleris.

383 1533 410 1560 «
444 1511 550 1575 Qui
586 1514 963 1581 prosperatur
994 1511 1050 1565 in
1084 1512 1174 1565 via
1206 1529 1333 1567 sua.
1369 1535 1390 1561 ι
1426 1512 1533 1575 Qui
1567 1512 1809 1567 feliciter
1837 1511 1958 1582 agit

310 1600 368 1654 in
403 1600 511 1653 hoc
542 1599 774 1655 saeculo.
819 1621 847 1649 «
880 1600 943 1654 In
974 1599 1214 1656 homine
1245 1601 1492 1656 faciente
1520 1600 1893 1672 injustitiam.
1928 1620 1956 1649 »

310 1688 442 1759 Ipse
471 1687 628 1742 enim
660 1704 721 1743 se
751 1688 1043 1759 peccando
1076 1689 1497 1762 praecipitat,ne
1536 1707 1670 1745 cum
1702 1689 1801 1745 illo
1832 1705 1959 1745 esse

312 1776 610 1832 desideres
641 1776 742 1848 qui
773 1776 1147 1848 iniquitatem
1180 1779 1335 1833 facit.

389 1888 411 1915 ι
445 1866 658 1921 Desine
690 1866 761 1921 ab
791 1866 897 1921 ira.
932 1888 962 1917 ››
1012 1868 1146 1931 Qua:
1182 1868 1277 1922 Dei
1318 1867 1615 1939 justitiam
1664 1886 1780 1925 non
1825 1886 1957 1940 ope-

314 1958 477 2009 ratur
514 1955 799 2056 (JacobLI,
830 1956 943 2026 20).
1000 1977 1029 2005 «
1061 1956 1411 2029 Derelinque
1460 1958 1734 2013 furorem.
1771 1980 1799 2007 »
1852 1958 1958 2020 Qui
1994 1992 2040 2056 Β

315 2044 641 2099 secundum
707 2044 1079 2100 Salomoncm
1154 2047 1331 2101 etiam
1407 2047 1701 2118 sapientes
1776 2048 1965 2118 perdit

316 2133 496 2205 (Prov.
528 2150 647 2201 xxx,
680 2134 789 2204 12).
840 2134 940 2189 Vel
988 2134 1195 2205 desine,
1229 2151 1393 2191 cessa
1439 2137 1512 2191 ab
1556 2136 1643 2190 ira
1673 2136 1874 2203 animi,
1909 2140 1967 2191 et

317 2222 510 2277 furore
541 2221 822 2293 corporis.
884 2244 913 2271 «
944 2223 1073 2278 Noli
1118 2223 1377 2279 aemulari
1425 2230 1493 2279 ut
1541 2225 1898 2297 maligneris.
1937 2248 1958 2273 π

315 2312 396 2365 Ne
438 2310 582 2366 alios
629 2312 995 2382 provocando
1052 2313 1122 2367 ad
1174 2313 1519 2385 nequitiam,
1553 2314 1678 2386 ipse
1708 2331 1963 2385 nequam

319 2400 613 2455 etﬁciaris.

392 2509 419 2537 «
451 2488 735 2553 Quoniam
769 2488 871 2561 qui
903 2489 1303 2561 malignantur
1332 2492 1897 2548 exterminabuntur.
1936 2515 1964 2542 »

319 2577 467 2642 Quia
497 2594 613 2632 non
645 2578 862 2633 habent
892 2580 1148 2635 radicem
1190 2580 1444 2652 pietatis.
1477 2581 1579 2636 Vel
1611 2582 1964 2637 extermina-

322 2666 542 2720 buntur
589 2666 659 2721 de
707 2671 861 2722 terra
909 2668 1246 2723 viventium.
1307 2690 1335 2721 α
1364 2670 1732 2726 Sustinentes
1764 2675 1960 2727 autem

321 2755 663 2822 Dominum,
720 2756 832 2827 ipsi
890 2756 1320 2813 hareditabunt
1374 2764 1612 2815 terram.
1648 2782 1676 2809 »
1735 2761 1797 2815 Id
1856 2765 1964 2831 est,

318 2848 533 2899 terram
567 2845 1058 2916 repromissionis,
1094 2863 1219 2917 quae
1253 2846 1382 2902 ﬂuit
1411 2847 1527 2903 mel
1556 2852 1613 2903 et
1639 2848 1749 2904 lac.

390 2954 419 2981 «
450 2932 653 2988 Adhuc
685 2933 987 3004 pusillum,
1020 2942 1078 2989 et
1125 2951 1240 2990 non
1282 2935 1394 2991 erit
1436 2942 1725 3008 peccator.
1758 2960 1786 2989 »
1844 2938 1964 2993 Mo-

319 3021 448 3075 dice
501 3026 791 3093 exspecta,
823 3027 879 3077 et
929 3040 1044 3079 non
1100 3024 1211 3079 erit
1257 3030 1543 3096 peccator,
1578 3026 1679 3098 qui
1732 3026 1969 3082 tolletur

322 3108 461 3164 hinc
490 3126 503 3163 :
539 3111 678 3181 quia
708 3111 904 3166 divina
929 3113 1292 3184 Opprimetur
1311 3113 1559 3171 ultione.-
1585 3137 1614 3167 «
1644 3117 1715 3171 Et
1745 3134 1967 3188 quazres

318 3197 514 3253 locum
571 3199 719 3269 ejus,
752 3205 809 3253 et
858 3218 974 3255 non
1022 3202 1302 3258 invenies.
1339 3225 1368 3252 »
1417 3208 1483 3258 In
1533 3205 1801 3260 futurum
1851 3223 1967 3261 non

316 3287 445 3356 erit,
480 3304 666 3358 neque
715 3287 909 3344 locum
954 3290 1168 3361 quietis
1215 3292 1481 3363 accipiet,
1514 3297 1570 3347 et
1618 3310 1842 3363 quaeres
1889 3293 1969 3349 lo-

1485 492 1981 556 BREVIARIUM
2024 492 2103 553 IN
2149 491 2533 553 PSALMOS.

306 627 357 678 et
386 623 635 679 omnibus
665 624 762 693 qui
792 623 848 678 in
880 621 1227 677 sublimitate
1271 629 1397 677 sunt
1444 624 1496 694 (Ι
1527 624 1659 679 Tim.
1693 641 1755 691 II,
1791 625 1842 689 1,
1870 625 1947 695 2).
1981 626 2029 690 Α

3593 491 3716 553 990

2141 646 2160 671 ι
2196 622 2469 677 Gladium
2500 621 2953 694 evaginaverunt
2985 622 3340 692 peccatores,
3378 640 3406 668 »
3436 623 3546 675 etc.
3580 619 3715 675 Gla-

2064 712 2217 777 dius,
2251 711 2369 767 sive
2413 710 2639 783 sagittae
2696 708 3298 783 peccatorum,.verba
3351 707 3711 764 seductionis

2064 805 2219 855 sunt.
2254 803 2436 857 Arcus
2480 817 2613 855 vero
2654 799 2740 855 vel
2774 799 3003 871 vagina,
3039 814 3203 853 mens
3251 801 3339 853 est
3390 814 3591 853 eorum
3642 798 3715 853 de

2065 890 2279 961 quibus
2311 889 2703 961 proferuntur.
2736 887 2858 955 Vel,
2896 910 2917 936 α
2952 887 3225 943 Gladium
3255 886 3713 957 evaginaverunt

2066 984 2416 1051 peccatores,
2450 998 2478 1027 »
2536 979 2594 1032 id
2654 982 2763 1046 est,
2823 977 3087 1049 gladium
3149 980 3591 1047 persecutorum
3658 975 3716 1031 in

2066 1067 2484 1138 persecutione.
2543 1089 2571 1117 «
2602 1067 2986 1121 Intenderunt
3015 1082 3236 1127 arcum,
3273 1087 3300 1114 ››
3348 1065 3405 1119 id
3439 1069 3547 1133 est,
3583 1069 3711 1120 ten-

2065 1155 2257 1211 dicula
2284 1156 2547 1227 ipsorum
2578 1160 2780 1210 contra
2810 1159 3063 1210 sanctos.
3104 1176 3133 1205 ‹‹
3156 1154 3228 1209 Ut
3252 1153 3545 1225 decipiant
3575 1170 3715 1226 pau-

2066 1262 2283 1316 perem,
2317 1249 2373 1300 et
2403 1245 2655 1316 inopem.
2689 1267 2716 1294 »
2750 1244 2873 1298 Non
2908 1244 3144 1298 divitem
3178 1242 3407 1309 mundi,
3440 1243 3540 1297 sed
3575 1260 3715 1315 pau-

2064 1351 2261 1406 perem
2310 1334 2544 1398 Christi,
2610 1356 2631 1382 ι
2669 1333 2742 1388 Ut
2782 1334 3078 1388 trucident
3108 1338 3298 1387 rectos
3329 1333 3520 1387 corde.
3556 1354 3579 1383 ι
3644 1332 3718 1387 Ut

2066 1440 2165 1478 eos
2196 1423 2295 1494 qui
2338 1424 2482 1478 bene
2514 1424 2778 1492 credunt,
2813 1422 3142 1477 seducendo
3172 1420 3533 1476 interimant.
3567 1421 3717 1485 Quia

2066 1516 2206 1567 tunc
2255 1512 2462 1567 animae
2516 1511 2758 1584 sanguis
2808 1511 3098 1576 funditur,
3130 1528 3262 1565 cum
3317 1510 3450 1581 quis
3499 1509 3714 1565 blande

2068 1601 2388 1667 seducitur,
2445 1605 2502 1656 et
2558 1601 2714 1657 cadit
2772 1601 2830 1655 in
2888 1604 3213 1673 peccatum.
3276 1599 3388 1654 Sed
3430 1598 3577 1653 ,haac
3640 1599 3713 1655 ad

2068 1690 2371 1745 haereticos
2431 1690 2733 1745 referenda
2780 1694 2938 1756 sunt,
2983 1692 3184 1744 contra
3232 1704 3379 1759 quos
3430 1688 3718 1743 debemus

2070 1779 2248 1835 fortes
2272 1783 2427 1834 stare
2450 1796 2464 1835 :
2493 1782 2558 1834 ut
2578 1779 2662 1834 eis
2685 1780 2838 1850 quod
2862 1778 3144 1851 propheta
3163 1777 3397 1848 adjecit,
3422 1777 3713 1832 adveniat.

2148 1888 2171 1917 ι
2203 1869 2444 1924 Gladius
2474 1885 2677 1923 eorum
2709 1868 2885 1923 intret
2912 1869 2973 1923 in
3006 1867 3182 1922 corda
3211 1867 3497 1937 ipsorum,
3526 1886 3553 1917 ι
3603 1870 3714 1923 etc.

2069 1958 2488 2030 Unusquisque
2518 1957 2673 2013 enim
2706 1958 2806 2030 qui
2836 1961 3037 2013 contra
3063 1957 3244 2011 Deum
3279 1955 3540 2027 loquitur
3569 1971 3582 2010 :
3617 1958 3723 2010 aut

2072 2048 2243 2117 cujus
2267 2063 2432 2101 mens
2454 2046 2513 2100 in
2537 2046 2719 2101 stulta
2741 2046 3084 2118 arrogantiae
3102 2045 3357 2101 vanitate
3380 2043 3718 2116 superfluit:

2074 2152 2179 2191 nec
2210 2136 2529 2208 Scripturis
2572 2135 2956 2208 spiritualiter
3000 2132 3572 2201 intendens,~vitiosa
3621 2149 3722 2188 eas

2073 2226 2550 2298 interpretatione
2582 2225 2905 2296 corrumpit
2937 2240 2950 2279 :
3004 2224 3128 2296 ipse
3160 2239 3222 2278 se
3254 2221 3487 2295 proprie
3520 2222 3720 2276 interi-

2075 2315 2183 2370 mit
2234 2316 2507 2389 pugione.
2557 2315 2627 2368 Et
2653 2314 2807 2369 sicut
2837 2314 2909 2368 ad
2940 2312 3239 2385 apostolos
3271 2329 3385 2384 pax
3413 2327 3637 2378 eorum,
3673 2310 3723 2366 si

2076 2405 2319 2477 indigna
2367 2404 2443 2460 sit
2489 2404 2723 2471 domus,
2774 2403 3080 2459 revertitur
3127 2404 3342 2475 (Matth.
3373 2419 3430 2467 x,
3466 2402 3591 2472 l3);
3642 2400 3725 2455 ita

2075 2499 2130 2549 et
2162 2494 2219 2548 in
2262 2494 2436 2549 corda
2483 2493 2729 2548 istorum
2779 2492 3033 2563 gladius,
3066 2492 3113 2546 si
3172 2496 3375 2546 contra
3430 2491 3721 2545 insontem

2075 2583 2435 2653 evaginetur,
2468 2582 2752 2653 infigitur.
2806 2581 2923 2645 Vel,
2974 2603 3003 2630 ‹‹
3036 2580 3266 2651 gladius
3309 2596 3515 2635 eorum
3542 2578 3723 2633 intret

2075 2672 2132 2725 in
2166 2671 2340 2726 corda
2370 2672 2673 2741 ipsorum;
2712 2694 2731 2718 -
2795 2669 2904 2724 hoc
2959 2674 3065 2735 est,
3098 2669 3357 2723 vindicta
3401 2668 3461 2722 in
3491 2667 3717 2721 animas

2076 2760 2358 2831 ipsorum.
2411 2760 2475 2814 Et
2505 2775 2676 2814 arcus
2717 2774 2919 2814 eorum
2971 2757 3391 2829 confringatur,
3422 2754 3720 2811 tendicula

2074 2849 2358 2921 ipsorum.

2149 2926 2411 2992 «'Melius
2441 2940 2531 2992 est
2559 2935 2855 2992 modicum
2896 2936 3060 3007 justo
3105 2952 3282 3007 super
3324 2934 3555 2989 divitias
3584 2950 3687 3006 pec

2077 3033 2340 3083 catorum
2364 3026 2603 3081 multas.
2628 3048 2657 3076 »
2680 3025 2888 3080 Metuit
2908 3026 3063 3080 enim
3086 3023 3229 3078 illud
3258 3024 3413 3095 quod
3438 3022 3719 3077 Dominus

2078 3117 2158 3172 ait
2188 3117 2246 3170 in
2278 3115 2586 3188 Evangelio
2622 3132 2634 3170 :
2686 3115 2835 3189 Quid
2871 3114 3085 3186 prodest
3116 3113 3345 3179 homini,
3376 3114 3429 3166 si
3455 3111 3721 3166 mundum

2076 3206 2398 3259 universum
2427 3205 2670 3258 lucretur
2695 3221 2713 3257 :
2743 3204 2952 3259 animae
2979 3204 3164 3257 autem
3190 3215 3310 3257 sua:
3331 3201 3722 3256 detrimentum

2070 3295 2325 3365 patiatur
2380 3291 2589 3362 (Matth.
2638 3309 2752 3361 xvr,
2797 3289 2942 3361 26)?
2997 3289 3259 3345 Modicum
3319 3293 3513 3345 autem
3567 3288 3723 3361 quod

314 3391 449 3430 cum
508 3376 658 3446 ejus,
717 3380 773 3431 et
827 3393 942 3431 non
1000 3377 1291 3435 invenies.
1326 3362 1355 3429 ἦ
1415 3380 1475 3435 Si
1532 3362 1694 3436 locus
1752 3382 1967 3438 diaboli
2000 3362 2042 3428 (ἶ
2070 3362 2244 3448 dixit,
2271 3381 2416 3436 fides
2446 3384 2553 3435 est:
2580 3381 2715 3443 Quaa
2742 3395 3080 3451 quanquam
3106 3394 3286 3449 grano
3310 3378 3534 3449 sinapis
3565 3394 3723 3432 com-

317 3469 622 3537 peccatum
672 3469 780 3531 est,
814 3465 925 3521 erit
972 3469 1207 3538 tempus
1249 3470 1483 3539 quando
1515 3474 1821 3542 peccatum
1852 3487 1967 3526 non

320 3553 449 3608 erit.
487 3554 601 3607 Hoc
650 3558 846 3609 autem
893 3559 1033 3609 tunc
1065 3556 1194 3626 erit,
1227 3573 1363 3613 cum
1395 3558 1878 3615 exsultaverimus
1909 3560 1966 3615 in

317 3641 700 3697 multitudine
732 3644 915 3715 pacis.

392 3751 419 3781 α
447 3732 736 3787 Mansueti
767 3737 963 3788 autem
996 3734 1422 3792 haereditabunt
1460 3740 1696 3792 terram.
1734 3760 1761 3787 ››
1816 3740 1971 3804 Quos

327 3820 525 3876 nullus
556 3822 727 3876 turbo
762 3822 974 3877 luroris
1006 3824 1259 3896 exagitat
1294 3842 1307 3880 :
1342 3842 1531 3897 neque
1562 3827 1974 3900 concupiscen-

324 3910 417 3964 tiae
469 3910 624 3981 ignis
672 3911 1020 3967 inﬂammat.
1057 3913 1493 3970 Hzereditabunt
1546 3920 1760 3972 terram
1810 3917 1971 3972 illam

324 3998 689 4054 viventium:
743 4002 882 4073 quia
940 4003 1109 4058 mites
1166 4008 1223 4059 et
1278 4004 1532 4061 humiles
1590 4007 1974 4078 possidebunt

325 4090 564 4154 terram,
597 4088 707 4143 hoc
738 4094 826 4144 est
856 4091 1032 4146 vitam
1065 4096 1364 4149 (sternam.
1422 4117 1450 4143 ‹‹
1485 4095 1550 4149 Et
1597 4095 1973 4152 delectabun-

324 4179 421 4230 tur
452 4175 510 4229 in
542 4175 918 4234 multitudine
946 4180 1131 4250 pacis.
1167 4204 1193 4228 ››
1251 4182 1721 4250 Delectabuntur;
1772 4184 1830 4240 id
1864 4191 1970 4249 est,

326 4285 353 4312 ‹‹
389 4263 743 4319 laetabuntur
798 4267 857 4321 in
918 4267 1297 4324 multitudine
1354 4271 1592 4343 pacis,»
1657 4273 1715 4328 id
1773 4278 1862 4328 est
1913 4275 1972 4329 in

326 4351 555 4408 Christo
587 4368 601 4409 :
654 4370 789 4407 cum
822 4354 879 4409 in
912 4371 1091 4427 regno
1122 4356 1338 4412 Christi
1387 4362 1684 4432 conjuncti
1733 4362 1969 4431 fuerint,

326 4443 425 4515 qui
456 4447 545 4498 est
574 4460 682 4514 pax
722 4450 943 4499 nostra.

396 4532 801 4588 «Observabit
866 4539 1135 4605 peccator
1191 4536 1444 4607 justum.
1504 4558 1531 4590 π
1603 4539 1675 4595 Ut
1738 4540 1973 4597 invento

323 4620 449 4676 loco
482 4626 688 4677 noceat
717 4622 767 4677 ei
798 4640 811 4678 :
858 4623 997 4695 quia
1028 4642 1129 4696 per
1161 4624 1259 4680 illa
1289 4643 1463 4697 opera
1492 4634 1829 4701 sanctorum
1860 4630 1973 4702 ipsi

2079 3474 2336 3542 paretur,
2371 3484 2645 3539 magnam
2676 3472 2872 3523 tamen
2905 3466 3079 3521 habet
3108 3466 3403 3521 virtutem.
3459 3487 3487 3515 «
3519 3465 3724 3521 Melius

2081 3562 2170 3614 est
2224 3557 2519 3613 modicum
2569 3557 2756 3628 justo,
2818 3573 2996 3628 super
3053 3555 3290 3610 divitias
3355 3560 3724 3627 peccatorum

2080 3648 2315 3703 multas.
2350 3668 2378 3697 »
2417 3645 2691 3712 Quamvis
2723 3662 2901 3717 parva
2930 3645 3068 3711 sint,
3102 3643 3342 3700 meliora
3370 3649 3509 3700 sunt
3540 3662 3553 3700 :
3589 3645 3729 3716 quia

2082 3736 2225 3792 dixit
2282 3735 2557 3792 Salomon
2620 3753 2633 3790 :
2703 3735 2899 3792 Melior
2952 3739 3029 3790 est
3094 3736 3300 3804 exigua
3360 3736 3540 3805 portio
3604 3751 3728 3789 cum

2081 3828 2460 3900 requie,quam
2481 3825 2648 3896 plena
2670 3841 2865 3879 manus
2888 3840 3013 3879 cum
3036 3824 3332 3895 iniquitate
3354 3824 3725 3895 (Eccte.rv,6).

2156 3939 2183 3965 «
2221 3914 2507 3978 Quoniam
2561 3912 2801 3968 brachia
2850 3917 3215 3984 peccatorum
3250 3917 3663 3981 conterentur;
3701 3935 3729 3962 »

2083 4006 2348 4070 Brachia,
2382 4003 2439 4057 id
2467 4007 2577 4069 est,
2610 4000 2889 4057 fortitudo
2920 4000 3154 4057 illorum
3189 4006 3523 4057 conteretur
3553 4002 3611 4055 in
3643 4002 3726 4056 vi-

2084 4094 2260 4159 dicta,
2287 4108 2358 4147 ne
2389 4090 2799 4147 innocentibus
2830 4094 3095 4145 noceant.
3131 4111 3158 4138 «
3183 4090 3501 4144 Conﬁrmat
3531 4096 3727 4146 autem

2074 4183 2272 4252 justcs
2303 4180 2608 4236 Dominus.
2670 4201 2696 4228 ‹‹
2734 4180 2793 4233 In
2830 4179 2941 4234 ﬁde
2971 4178 3442 4233 conversantium
3493 4179 3729 4235 inﬁrma

2083 4272 2435 4326 corroborat.

2156 4382 2183 4409 (ι
2216 4359 2386 4414 Novit
2409 4357 2689 4413 Dominus
2717 4356 2840 4411 vias
2874 4355 3406 4412 immaculatorum.
3443 4378 3471 4406 »
3524 4357 3585 4412 Id
3617 4362 3724 4427 est,

2084 4449 2579 4505 conversationem
2631 4446 2891 4502 illorum.
2922 4444 3089 4501 Novit
3136 4445 3414 4501 Dominus
3458 4446 3559 4517 qui
3591 4451 3730 4501 sunt

2083 4539 2211 4610 ejus
2246 4556 2258 4592 :
2310 4537 2650 4592 immundos
2695 4540 2890 4591 autem
2922 4540 2979 4590 et
3006 4551 3104 4590 eos
3137 4534 3237 4607 qui
3267 4552 3401 4590 eum
3435 4536 3725 4608 ignorant,

2086 4627 2291 4683 nescit.
2342 4627 2548 4682 Omnis
2607 4625 2763 4680 enim
2826 4625 3104 4696 ignorans
3160 4624 3545 4695 ignorabitur.
3610 4648 3636 4675 ‹‹
3663 4625 3734 4679 Et

324 4710 679 4781 cruciantur,
715 4716 773 4767 et
799 4716 1148 4785 torquentur
1177 4715 1235 4769 in
1266 4714 1380 4770 ista
1410 4718 1684 4787 praesenti
1715 4718 1833 4773 vita
1866 4735 1879 4774 :
1914 4720 1972 4774 id
2004 4734 2051 4797 Ι)
2085 4716 2393 4771 hmreditas
2425 4731 2625 4771 eorum
2659 4714 2718 4769 in
2768 4719 3050 4769 aeternum
3107 4713 3234 4769 erit.
3269 4736 3297 4764 »
3360 4715 3423 4769 In
3480 4714 3730 4783 Christo,

325 4802 434 4863 est,
465 4798 525 4852 in
573 4804 768 4855 mente
816 4802 977 4857 intus
1029 4802 1253 4859 malitia
1298 4810 1354 4859 et
1384 4805 1620 4872 invidia,
1656 4823 1832 4879 quam
1864 4808 1973 4863 ha-

325 4886 483 4941 bent.
545 4909 572 4937 ‹‹
608 4889 675 4943 Et
722 4890 994 4945 stridebit
1052 4909 1229 4964 super
1257 4911 1389 4950 eum
1430 4896 1704 4952 dentibus
1763 4897 1906 4954 suis.
1946 4920 1966 4947 ι

324 4975 604 5047 Nequitia:
654 4983 711 5033 et
760 4978 994 5034 malitiae
1026 4981 1321 5053 dentibus,
1355 4985 1572 5057 quibus
1601 5002 1735 5041 eum
1767 4986 1973 5042 nititur

324 5064 618 5121 devorare.
664 5066 771 5122 Per
802 5074 1027 5126 motum
1057 5072 1335 5145 corporis,
1368 5079 1434 5130 ut
1465 5075 1742 5147 diximus,
1776 5082 1971 5133 osten-

300 5154 410 5209 'dit
440 5160 665 5211 motum
708 5158 937 5216 animm.

394 5266 422 5293 «
458 5244 742 5302 Dominus
773 5252 969 5305 autem
1001 5251 1267 5307 irridebit
1295 5269 1429 5308 eum
1463 5270 1475 5309 :
1524 5254 1662 5326 quia
1691 5254 1974 5327 prospicit

323 5334 480 5403 quod
512 5335 746 5390 venient
790 5337 915 5393 dies
964 5339 1113 5410 ejus.
1149 5342 1179 5390 5)
1230 5342 1361 5397 Dies
1412 5342 1652 5398 ultionis
1698 5342 1795 5397 iraa
1845 5344 1971 5399 Dei.

322 5420 620 5493 Numquid
681 5426 963 5484 Dominus
1019 5429 1275 5503 aliquem
1334 5430 1595 5487 irridet?
1652 5433 1809 5499 Non,
1869 5434 1970 5488 sed

325 5511 465 5581 quia
495 5511 656 5584 digni
703 5521 844 5571 sunt
898 5517 1011 5589 ipsi
1058 5523 1123 5574 ut
1171 5519 1527 5576 irrideantur
1575 5523 1635 5576 in
1687 5522 1969 5577 vindicta.

329 5622 349 5647 α
386 5601 671 5665 Quoniam
730 5607 1012 5677 prospicit
1068 5609 1222 5679 quod
1283 5610 1521 5666 veniant
1576 5611 1699 5666 dies
1758 5612 1969 5682 ejus.»

320 5687 431 5790 hoc
488 5695 599 5759 est,
662 5694 943 5751 Dominus
1001 5697 1112 5752 scit
1168 5698 1404 5769 quando
1471 5701 1663 5757 veniet
1727 5699 1972 5774 perditio

320 5792 473 5848 ejus.

2085 4806 2186 4878 qui
2245 4812 2331 4861 est
2388 4808 2705 4877 perpetuus
2764 4808 2820 4859 et
2872 4808 3144 4858 aeternus.
3176 4803 3300 4874 Vel,
3334 4803 3393 4858 in
3450 4810 3733 4861 aateruum

2084 4895 2193 4950 erit
2226 4911 2238 4950 :
2290 4895 2398 4949 hoc
2442 4898 2547 4961 est,
2584 4894 2643 4947 in
2674 4892 2794 4947 vita
2823 4896 3057 4947 aeterna.

2156 4983 2340 5037 «Non
2389 4983 2830 5038 confundantur
2888 4981 2948 5035 in
3007 4986 3269 5053 tempore
3326 4981 3499 5038 malo.
3537 5006 3557 5032 »
3622 4989 3732 5038 etc.

2082 5074 2339 5145 Tempus
2372 5071 2617 5139 malum,
2658 5069 2871 5140 judicii
2906 5075 3140 5141 tempus
3171 5071 3428 5125 ostendit
3461 5088 3473 5125 :
3528 5070 3585 5126 in
3620 5089 3734 5143 quo

2084 5177 2217 5216 cum
2259 5159 2408 5231 justi
2459 5176 2575 5215 non
2627 5159 2931 5231 patiantur
2960 5158 3197 5225 famem,
3230 5159 3301 5213 de
3332 5159 3733 5229 peccatoribus

2084 5250 2299 5305 dicitur
2330 5268 2343 5306 :
2404 5252 2486 5307 Va:
2521 5250 2671 5305 vobis
2703 5249 2800 5320 qui
2836 5250 3080 5302 saturati
3120 5249 3262 5315 estis,
3297 5249 3556 5319 quoniam
3606 5265 3734 5304 esu-

2083 5342 2238 5396 rietis
2292 5341 2441 5411 (Luc.
2474 5356 2553 5403 v1,
2584 5339 2697 5410 25).
2752 5359 2780 5388 «
2812 5337 2937 5393 Non
2993 5337 3427 5391 confundentur
3475 5336 3534 5392 in
3584 5341 3732 5393 tem-

2084 5446 2222 5503 pore
2253 5430 2427 5485 malo.
2460 5450 2486 5480 ι»
2526 5430 2589 5484 In
2623 5433 2888 5498 tempore
2922 5424 3329 5493 discussionis,
3355 5428 3504 5497 quod
3538 5427 3738 5500 impiis

2084 5519 2306 5574 malum
2340 5518 2467 5575 erit.
2498 5524 2505 5533 ‘
2533 5539 2553 5567 ι
2588 5518 2658 5573 Et
2686 5517 2745 5571 in
2777 5516 2985 5570 diebus
3022 5515 3194 5569 famis
3226 5516 3671 5582 saturabuntur,
3707 5541 3735 5567 ››

2084 5615 2141 5663 et
2170 5609 2218 5663 si
2256 5608 2528 5664 desinant
2579 5623 2706 5663 esse
2764 5603 3195 5659 ministratores
3242 5602 3402 5658 verbi
3434 5604 3554 5673 Dei,
3588 5610 3644 5662 et
3676 5606 3737 5662 hi

2084 5697 2144 5751 in
2177 5696 2427 5768 Christo,
2461 5695 2560 5769 qui
2591 5694 2759 5769 panis
2788 5698 2877 5748 est
2903 5692 3089 5760 vivus,
3127 5692 3478 5752 reficientur.
3514 5695 3638 5764 Vel,
3672 5696 3733 5753 in

2084 5785 2290 5842 diebus
2340 5786 2514 5842 famis
2545 5784 2986 5853 saturabuntur,
3022 5803 3049 5830 »
3101 5781 3211 5837 hoc
3241 5789 3352 5856 est,
3386 5787 3620 5860 quando
3648 5785 3735 5841 illi
