4314 6598
582 447 699 509 991

2071 443 2494 505 ΑΡΡΕΝΒΙΧ.

3874 437 3994 497 992

585 581 913 651 peccatores
963 582 1134 632 erunt
1180 579 1367 650 vacui,
1399 583 1539 634 tunc
1587 579 1773 634 sancti
1804 579 2228 634 saturabuntur
2259 579 2311 642 Α
2342 577 2470 647 ejus
2499 569 2763 646 quaerens
2795 589 3026 645 panem.
3074 573 3284 628 Semen
3337 571 3486 641 ejus,
3516 589 3544 621 ι
3605 586 3782 641 opera
3839 571 3996 640 ejus.

585 669 655 721 de
684 667 874 739 gratia
904 666 1024 720 Dei.
1072 690 1099 716 ‹‹
1136 667 1279 732 Quia
1311 673 1642 738 peccatores
1674 668 1964 740 peribunt.
2003 690 2029 717 ››
2085 667 2233 731 Quia

584 772 700 811 non
742 753 1083 810 custodiunt
1141 757 1419 811 mandata
1465 757 1586 821 Dei,
1621 757 1669 812 si
1726 774 1841 812 non
1889 757 2229 811 emendave-

584 845 720 900 rint.

659 958 686 984 «
717 933 942 991 Inimici
975 950 1108 989 vero
1139 935 1371 990 Domini
1404 952 1536 990 mox
1580 939 1644 990 ut
1691 935 2055 990 honorificati
2108 934 2230 988 fue-

584 1023 720 1078 rint.
768 1046 796 1072 ››
857 1025 921 1078 In
978 1028 1264 1093 potestate
1321 1028 1569 1079 terrena.
1633 1047 1653 1073 α
1692 1024 1760 1080 Et
1813 1023 2068 1078 exaltati.
2106 1046 2133 1072 »
2167 1025 2229 1077 In

583 1129 734 1167 vana
775 1112 978 1182 gloria.
1032 1135 1057 1161 ‹‹
1097 1113 1434 1167 Deﬁcientes
1484 1113 1983 1184 quemadmodum
2033 1113 2231 1166 fumus

583 1201 872 1258 deﬁcient.
909 1224 936 1250 »
978 1201 1330 1256 Adveniente
1358 1207 1555 1256 autem
1586 1207 1791 1268 morte,
1818 1201 2017 1261 omnis
2047 1200 2232 1272 gloria

583 1307 783 1347 eorum
817 1295 1095 1362 tanquam
1130 1291 1328 1346 lumus
1357 1293 1458 1345 aut
1487 1290 1699 1346 nebula
1737 1291 1996 1346 tabescet
2031 1307 2043 1344 :
2095 1289 2233 1362 quia

583 1379 699 1434 cito
731 1377 928 1433 omnia
959 1383 1292 1433 transeunt.

654 1491 680 1518 α
717 1467 1036 1524 Mutabitur
1079 1473 1366 1539 peccator,
1400 1472 1456 1522 et
1509 1483 1624 1522 non
1676 1468 1973 1522 retribuet.
2010 1489 2039 1516 »
2088 1464 2233 1532 Quia

582 1575 697 1614 non
749 1557 1019 1613 restituet
1066 1557 1373 1628 pecuniam
1429 1556 1656 1612 Domini
1688 1573 1820 1611 cum
1853 1556 2070 1611 usuris.
2105 1556 2230 1610 Mu-

577 1653 752 1704 tuum
782 1647 1006 1719 accepit
1053 1663 1087 1701 a
1133 1646 1380 1702 Domino
1417 1662 1430 1701 :
1483 1646 1541 1700 id
1585 1650 1694 1714 est,
1731 1645 1988 1718 quinque
2019 1662 2232 1700 sensus

579 1736 858 1809 corporis,
883 1735 970 1791 vel
1003 1734 1254 1804 divitias,
1279 1740 1338 1790 et
1370 1751 1485 1790 non
1515 1736 1734 1807 gratias
1767 1737 1886 1807 agit
1908 1735 2044 1790 Deo.
2081 1757 2108 1784 «
2132 1735 2232 1790 Ju-

577 1829 706 1881 stus
741 1828 939 1880 autem
972 1823 1286 1879 miseretur
1315 1828 1371 1879 et
1401 1825 1755 1879 commodat.
1793 1847 1813 1873 ι
1853 1825 1913 1878 Id
1945 1827 2052 1890 est,
2084 1828 2141 1879 et
2170 1824 2236 1901 in

2346 689 2372 716 ‹‹
2405 665 2678 729 Ουωιιθῐιε
2708 679 2941 735 panem,
2977 685 3003 712 ››
3059 662 3115 715 id
3151 665 3240 716 est
3275 661 3512 715 verbum
3545 660 3666 714 Dei.

2415 794 2442 823 ι(
2474 773 2620 827 Tota
2650 770 2742 825 die
2775 772 3097 825 meseretur
3152 772 3208 824 et
3241 767 3594 823 commodat.
3634 790 3661 815 »
3721 767 3851 824 Dies
3882 774 3990 836 est,

2341 878 2476 916 cum
2503 859 2912 930 unusquisque
2943 859 3162 912 bonum
3198 861 3442 910 exercet.
3477 856 3589 910 Iste
3631 872 3766 928 ergo
3798 859 3990 912 omni-

2339 951 2450 1005 bus
2474 949 2681 1004 diebus
2702 947 2832 1002 vitae
2853 963 2974 1001 suis
3009 946 3247 1000 fenerat
3268 944 3500 998 Domini
3531 944 3621 999 sui
3656 945 3988 1016 pecuniam,

2341 1055 2454 1093 non
2503 1037 2571 1091 ad
2625 1036 2788 1091 lucra
2835 1035 3154 1103 mundana,
3207 1034 3306 1088 sed
3339 1034 3412 1088 ad
3435 1032 3688 1089 caelestia
3741 1037 3987 1106 conqui-

2342 1127 2540 1182 renda.
2603 1149 2631 1175 ‹‹
2667 1127 2811 1180 Tota
2865 1123 2976 1194 die,
3014 1146 3041 1172 »
3101 1123 3262 1178 omni
3311 1127 3590 1194 tempore.
3622 1123 3923 1190 Miseretur,
3956 1143 3991 1180 a

2341 1216 2456 1270 Deo
2482 1233 2496 1272 :
2529 1215 2586 1270 id
2620 1220 2728 1279 est,
2753 1213 2854 1286 qui
2881 1213 3014 1268 aliis
3045 1212 3341 1266 ministrat
3363 1211 3688 1266 doctrinam
3719 1211 3834 1268 Dei.
3870 1236 3896 1262 ‹‹
3923 1214 3990 1268 Et

2343 1321 2540 1360 semen
2600 1304 2728 1375 ejus
2782 1302 2842 1356 in
2899 1301 3301 1357 benedictione
3354 1300 3482 1354 erit.
3531 1323 3556 1349 ››
3617 1300 3804 1371 Opera
3860 1320 3985 1373 qua:

2342 1395 2541 1465 gessit,
2565 1393 2652 1448 vel
2687 1392 3014 1447 doctrinam
3039 1406 3215 1462 quam
3245 1389 3462 1456 docuit,
3487 1407 3520 1442 a
3542 1389 3788 1444 Domino
3821 1393 3992 1446 bene-

2341 1485 2628 1539 dicentur.
2662 1483 2773 1536 Sed
2813 1485 2870 1536 et
2917 1497 3114 1536 semen
3167 1479 3234 1533 ad
3289 1477 3684 1533 Christianum
3745 1481 3988 1535 refertur

2340 1573 2645 1644 populum,
2689 1570 2789 1642 qui
2821 1570 2879 1624 in
2913 1568 3168 1624 Ecclesia
3198 1568 3437 1623 assidua
3467 1567 3870 1623 benedictione
3897 1569 3984 1636 di-

2341 1667 2514 1716 tatur.
2579 1683 2606 1711 ‹‹
2637 1662 2706 1715 Et
2743 1677 2943 1714 semen
2974 1659 3102 1729 ejus
3134 1657 3193 1712 in
3226 1656 3629 1712 benedictione
3675 1657 3802 1724 erit,
3840 1679 3868 1707 »
3926 1657 3986 1713 in

2341 1750 2702 1806 abundantia
2734 1753 2790 1803 et
2819 1748 3022 1820 gloria.

2415 1862 2442 1889 «
2474 1839 2710 1894 Declina
2757 1856 2791 1892 a
2839 1836 3014 1892 malo.
3051 1858 3079 1886 »
3130 1837 3332 1907 Opere.
3385 1859 3412 1884 ‹‹
3447 1837 3516 1890 Et
3546 1836 3634 1890 fac
3677 1837 3917 1892 bonum.
3955 1859 3983 1886 »

577 1930 641 1970 se
670 1912 810 1968 facit
839 1912 1326 1979 misericordiam,
1350 1917 1408 1968 et
1438 1913 1496 1966 in
1527 1912 1657 1968 aliis
1685 1931 1696 1967 :
1729 1913 1837 1968 hoc
1869 1917 1978 1980 est,
2009 1913 2224 1968 discer-
2261 1949 2309 2013 Β
2341 1929 2500 1995 ουοά
2539 1930 2687 1983 Deus
2735 1926 3028 1998 ρι-εερορίι,
3079 1948 3106 1975 ι(
3140 1925 3378 1981 Declina
3405 1942 3440 1980 θ,
3469 1925 3644 1990 malo,
3675 1931 3732 1981 et
3763 1926 3849 1982 fac
3881 1927 3983 1982 bo-

577 2001 666 2057 nit
698 2002 858 2074 ipsos
902 2001 1162 2074 quinque
1216 2019 1425 2058 sensus
1476 2003 1753 2074 corporis.
1788 2003 1911 2073 Vel,
1963 2002 2228 2058 «Justus

578 2091 890 2148 miseretur
946 2096 1002 2146 et
1058 2091 1410 2147 commodat.
1463 2112 1491 2140 »
1549 2090 1782 2163 Accepit
1837 2092 2111 2158 verbum,
2172 2095 2230 2146 et

580 2179 989 2254 spiritualibus
1051 2179 1381 2251 spiritualia
1437 2179 1853 2235 subministrat
1905 2197 1918 2234 :
1991 2184 2056 2235 ut
2111 2197 2226 2235 non

579 2269 772 2325 solum
803 2286 886 2334 se,
919 2269 1020 2324 sed
1053 2269 1200 2324 alios
1241 2269 1590 2328 lucrifaciat.
1623 2271 1687 2324 In
1747 2270 1856 2324 hoc
1912 2285 2046 2324 vero
2101 2287 2227 2324 ver-

579 2359 788 2426 siculo,
818 2358 994 2414 etiam
1025 2358 1322 2413 miseratio
1354 2374 1677 2429 pauperum
1710 2357 2087 2430 intelligenda
2117 2362 2224 2412 est.

651 2470 678 2497 «
713 2448 859 2515 Quia
888 2447 1299 2502 benedicentes
1349 2448 1400 2500 ei
1455 2447 1879 2502 hazreditabunt
1925 2453 2161 2502 terram.
2197 2470 2224 2496 »

580 2536 642 2591 In
675 2553 794 2608 qua
823 2538 975 2592 bona
1005 2536 1103 2590 Dei
1138 2537 1390 2606 reposita
1423 2540 1579 2590 sunt.
1614 2535 1719 2599 Qui
1762 2552 1995 2606 semper
2045 2537 2223 2590 Deum

580 2625 847 2691 laudant,
876 2630 933 2681 et
980 2625 1090 2696 ipsi
1151 2625 1532 2696 possidebunt
1583 2630 1849 2680 terram:
1901 2625 1957 2679 id
2019 2629 2127 2686 est,
2172 2629 2230 2679 et

583 2713 756 2769 istam
806 2719 1021 2770 terram
1069 2713 1258 2769 solent
1304 2713 1622 2784 possidere,
1655 2717 1711 2768 et
1764 2717 1964 2785 postea
2011 2717 2226 2768 terram

580 2803 897 2858 viventium
931 2803 1336 2875 possidebunt.
1390 2803 1782 2860 Maledicentes
1821 2811 2001 2857 autem
2031 2803 2083 2856 ei
2110 2802 2225 2856 dis-

576 2893 853 2963 peribunt.
887 2893 1262 2948 Promittente
1303 2891 1545 2947 Domino
1580 2910 1593 2946 :
1642 2893 1905 2948 Inimicus
1961 2908 2054 2947 ero
2113 2893 2230 2946 ini-

579 2983 741 3036 micis
769 2983 901 3046 tuis,
924 2989 974 3037 et
994 2983 1245 3051 afﬂigam
1275 2983 1587 3052 a/ﬂigentes
1614 2986 1666 3035 te
1691 2981 1879 3051 (Exod.
1905 2998 2066 3050 xxm,
2088 2983 2225 3055 22.).

659 3089 684 3121 α
714 3070 882 3140 Apud
913 3069 1230 3124 Dominum
1261 3085 1499 3140 gressus
1530 3068 1786 3124 hominis
1817 3070 2164 3142 dirigentur.
2195 3093 2222 3122 »

583 3157 808 3222 Quibus
837 3159 910 3213 ad
943 3174 1078 3213 eum
1126 3157 1376 3213 transire
1426 3163 1690 3213 conatur.
1724 3159 1818 3214 Sic
1866 3164 1925 3214 et
1973 3160 2229 3215 Rebecca

581 3247 728 3303 abiit
773 3245 1132 3318 interrogare
1183 3264 1296 3302 non
1349 3247 1420 3302 de
1465 3246 1590 3302 loco
1640 3248 1711 3302 ad
1766 3247 1982 3316 locum,
2015 3249 2115 3305 sed
2158 3249 2226 3304 de

580 3335 699 3391 vita
727 3337 797 3391 ad
844 3335 1020 3390 vitam
1074 3335 1229 3409 (Gen.
1263 3353 1410 3403 xxxv,
1442 3337 1571 3407 28);
1627 3341 1684 3392 et
1736 3337 2226 3409 Moyses,.solutis

577 3424 830 3480 vinculis
861 3427 1098 3497 pedum,
1141 3425 1410 3481 transivit
1447 3426 1637 3481 videre
1668 3427 1881 3481 rubum
1914 3427 2104 3499 (Exod.
2139 3446 2222 3499 ιιι,

577 3515 653 3586 3).
687 3516 756 3570 Et
787 3519 850 3571 tu
881 3515 930 3570 si
964 3531 1225 3588 apponas
1255 3515 1519 3570 animum
1565 3520 1629 3570 ut
1671 3520 1934 3572 transeas
1977 3535 2010 3572 a
2039 3523 2224 3573 morte

579 3604 649 3659 ad
681 3604 881 3675 vitam,
908 3621 1022 3659 non
1055 3605 1270 3675 pedum
1293 3605 1615 3675 gressibus,
1641 3605 1739 3659 sed
1776 3605 1957 3659 animi
1989 3606 2222 3673 virtute,

578 3691 914 3763 diriguntur
961 3709 994 3746 a
1041 3692 1288 3747 Domino
1341 3709 1581 3764 gressus
1628 3692 1732 3747 tui.
1785 3694 1872 3748 Ad
1913 3695 2221 3751 Dominum

578 3797 818 3852 gressus
867 3780 1173 3836 hominum
1209 3779 1554 3853 dirigentur,
1587 3799 1796 3837 sensus
1847 3782 2219 3852 uniuscujus-

578 3887 691 3943 que
726 3888 739 3926 :
785 3875 849 3924 ut
877 3870 958 3926 ait
985 3869 1256 3925 Salomon
1293 3887 1306 3924 :
1339 3871 1596 3926 [laminis
1625 3880 1704 3926 est
1730 3889 2047 3944 praeparare
2074 3876 2221 3928 viam

575 3977 757 4025 suam,
789 3960 884 4016 sed
911 3961 1174 4015 Dominus
1226 3959 1428 4029 diriget
1473 3976 1692 4031 gressus
1740 3977 1863 4017 suos
1893 3962 2073 4030 (Prov.
2105 3980 2218 4031 xvx,

574 4051 651 4117 9).
715 4070 743 4098 ‹‹
787 4050 856 4104 Et
912 4049 1064 4104 viam
1125 4049 1252 4119 ejus
1318 4048 1486 4104 volet.
1533 4071 1560 4098 ››
1619 4049 1691 4104 Ut
1751 4051 1822 4104 ad
1881 4067 1941 4105 se
2006 4053 2217 4119 veniat,

576 4137 674 4210 qui
733 4143 821 4192 est
865 4137 986 4209 via,
1033 4138 1248 4193 veritas
1306 4143 1362 4193 et
1401 4137 1556 4193 vita.
1608 4137 1707 4192 Vel
1769 4139 2044 4195 mandata
2093 4141 2220 4211 ejus

576 4227 885 4282 desiderat.

648 4339 674 4365 «
708 4316 852 4372 Cum
888 4316 1162 4371 ceciderit
1191 4333 1305 4370 non
1339 4315 1662 4370 collidatur.
1690 4338 1716 4364 »
1750 4317 1936 4380 Quare
1961 4318 1988 4372 ?
2017 4341 2045 4368 ‹‹
2075 4319 2221 4382 Quia

577 4406 858 4461 Dominus
892 4407 1087 4461 ﬁrmat
1119 4421 1360 4460 manum
1393 4407 1540 4473 ejus.
1574 4430 1595 4457 ι
1637 4405 1692 4460 Id
1726 4410 1834 4471 est,
1866 4423 2040 4478 opera
2069 4408 2217 4477 ejus.

573 4496 709 4550 Cum
755 4494 1030 4564 ceciderit,
1063 4498 1297 4564 propter
1341 4492 1742 4549 infirmitatem
1794 4495 1984 4549 carnis
2019 4512 2032 4551 :
2083 4496 2222 4567 quia

573 4584 791 4654 septies
847 4583 1003 4639 cadit
1050 4583 1272 4652 justus,
1313 4586 1370 4637 et
1418 4583 1690 4654 resurgit.
1745 4584 1931 4639 «Non
1983 4583 2217 4640 collide-

2340 2035 2502 2073 num.
2540 2040 2567 2067 n
2627 2040 2654 2066 ‹‹
2689 2016 2925 2072 Declina
2954 2033 2986 2070 a
3017 2015 3189 2080 malo,
3228 2037 3256 2064 »
3312 2032 3347 2070 a
3377 2013 3606 2070 diabolo
3637 2014 3724 2069 vel
3773 2032 3808 2069 a
3851 2032 3982 2087 pec-

2339 2113 2486 2173 cato,
2547 2129 2573 2155 «
2609 2112 2667 2160 et
2715 2107 2800 2160 fac
2849 2106 3068 2159 bonum
3101 2126 3128 2153 ››
3186 2104 3295 2159 hoc
3341 2108 3448 2173 est,
3482 2103 3659 2175 imple
3708 2105 3985 2160 mandata

2342 2219 2369 2247 «
2405 2197 2472 2251 Et
2500 2195 2764 2250 inhabita
2792 2194 2851 2249 in
2888 2193 3168 2249 sazculum
3203 2193 3420 2248 saeculi.
3460 2216 3478 2242 ι
3516 2194 3580 2249 In
3613 2193 3890 2262 Ecclesia,
3923 2195 3980 2249 in

2341 2286 2560 2340 unitate
2595 2285 2750 2353 fidei,
2785 2289 2906 2339 esto
2939 2300 3071 2338 cum
3104 2300 3169 2339 eo
3201 2289 3537 2355 perpetuus.

2411 2414 2439 2443 «
2473 2391 2618 2456 Quia
2649 2391 2930 2446 Dominus
2965 2391 3459 2460 amatjudieinm.
3493 2414 3519 2442 ι)
3557 2395 3795 2446 Rectum
3821 2391 3980 2462 judi-

2340 2483 2515 2548 cium,
2550 2499 2664 2552 quo
2686 2482 2882 2552 justos
2912 2480 3242 2551 impiosque
3273 2480 3570 2535 discernit.

2413 2611 2440 2638 υ
2471 2589 2537 2643 Et
2566 2604 2682 2642 non
2713 2585 3081 2658 derelinquet
3110 2591 3342 2642 sanctos
3375 2605 3533 2642 suos.
3560 2609 3586 2636 »
3622 2587 3726 2651 Qui
3761 2587 3815 2641 in
3845 2604 3980 2642 eum

2338 2683 2519 2734 totam
2552 2694 2714 2749 spem
2759 2676 3112 2731 locaverunt.
3176 2699 3203 2725 ‹‹
3239 2678 3300 2730 In
3353 2681 3633 2731 mternum
3679 2692 3978 2731 conserva-

2339 2770 2576 2824 bunlur.
2614 2790 2640 2816 ››
2673 2771 2790 2821 Hoc
2823 2770 2912 2821 est
2940 2765 3000 2819 in
3033 2769 3402 2837 perpetuum,
3428 2766 3565 2837 quia
3595 2771 3808 2821 aeterna
3837 2782 3976 2820 con-

2337 2858 2666 2929 cupierunt.

2409 2970 2436 2996 ‹‹
2471 2945 2680 3016 Injusti
2739 2945 3073 3017 punientur.
3109 2969 3136 2995 »
3197 2947 3258 3001 In
3291 2947 3564 3001 vindicta.
3599 2970 3625 2995 ‹‹
3661 2947 3730 3001 Et
3778 2963 3975 3001 semen

2338 3036 2652 3109 impiorum
2686 3035 2915 3108 peribit.
2950 3036 3158 3091 Semen
3200 3036 3515 3107 impiorum
3551 3054 3563 3091 :
3613 3055 3639 3087 »ι
3701 3035 3808 3090 hoc
3866 3040 3973 3102 est,

2338 3143 2513 3196 opera
2561 3125 2792 3180 illorum
2842 3141 2975 3180 cum
3026 3125 3170 3196 ipsis
3210 3126 3528 3197 punientur
3556 3125 3614 3179 in
3647 3125 3976 3192 tormentis,

2337 3223 2392 3272 et
2423 3232 2594 3271 omne
2643 3232 2791 3287 opus
2840 3231 3040 3270 eorum
3093 3215 3482 3289 disperdetur,
3517 3215 3656 3286 quia
3707 3215 3974 3287 iniquum

2259 3318 2300 3384 α
2340 3311 2448 3362 est.

2416 3416 2438 3443 ε
2470 3395 2627 3450 Justi
2659 3399 2854 3450 autem
2887 3393 3222 3451 haereditate
3252 3395 3639 3466 possidebunt
3679 3398 3912 3448 terram.
3949 3417 3976 3442 »

2333 3487 2568 3541 Terram
2603 3484 2942 3540 viventium.
3002 3505 3024 3532 α
3058 3486 3124 3539 Et
3165 3484 3576 3538 inhabitabunt
3605 3483 3663 3537 in
3699 3483 3973 3537 sarculum

2335 3575 2528 3630 Sseculi
2563 3592 2739 3647 super
2767 3590 2918 3629 eam.
2945 3596 2971 3622 ››
3006 3575 3193 3646 Super
3221 3571 3380 3627 illam
3406 3591 3531 3644 quae.
3554 3577 3642 3628 est
3670 3572 3794 3628 sine
3825 3573 3937 3627 line
3961 3589 3973 3626 :

2335 3665 2403 3719 de
2437 3682 2552 3737 qua
2583 3664 2730 3735 fugit
2762 3664 2926 3718 dolor
2955 3668 3012 3719 et
3045 3663 3320 3734 gemitus.

2411 3774 2540 3826 «Os
2588 3771 2734 3841 justi
2796 3769 3176 3824 meditabitur
3232 3767 3596 3839 sapientiam.
3658 3790 3677 3814 η
3740 3769 3801 3821 Id
3863 3773 3974 3832 est,

2331 3860 2625 3916 Christum
2661 3876 2673 3913 :
2727 3859 2881 3913 unde
2913 3858 3053 3912 dicit
3085 3875 3097 3912 :
3146 3857 3210 3911 Et
3241 3859 3299 3910 in
3330 3857 3443 3926 lege
3473 3857 3588 3927 ejus
3617 3855 3978 3912 meditabitur

2329 3951 2418 4005 die
2473 3967 2535 4003 ac
2589 3953 2744 4002 noele
2801 3947 2973 4016 (Psal.
3035 3963 3074 4009 ι,
3123 3948 3198 4012 2).
3259 3946 3403 3999 Cum
3461 3945 3561 4015 ait,
3594 3945 3972 4013 meditabitur,

2332 4041 2590 4094 futurum
2639 4036 2931 4107 signiﬁcat
2979 4039 3236 4107 tempus,
3269 4035 3420 4106 quod
3458 4035 3516 4089 in
3548 4052 3723 4106 regno
3755 4037 3853 4090 Dei
3886 4037 3970 4090 in-

2330 4127 2611 4197 telligitur
2641 4125 2710 4180 ad
2745 4124 3036 4195 agendum
3073 4141 3083 4178 :
3138 4124 3196 4177 in
3229 4141 3343 4195 quo
3378 4141 3491 4179 non
3525 4124 3656 4179 vino
3711 4124 3970 4187 luxuriae,

2329 4232 2516 4288 neque
2547 4213 2690 4270 cibis
2713 4212 3212 4284 voluptuosis,sed
3241 4213 3526 4284 sapientia
3551 4212 3972 4283 Dei,justorum

2331 4323 2432 4360 ora
2488 4304 2885 4376 replcbuntur.
2948 4326 2974 4351 ‹‹
3011 4303 3079 4356 Et
3119 4301 3320 4375 lingua
3361 4303 3489 4373 ejus
3521 4301 3789 4373 loquetur
3811 4302 3970 4372 judi-

2330 4393 2504 4447 cium.
2542 4416 2568 4441 ››
2629 4393 2770 4447 Cum
2821 4391 3019 4446 omnia
3070 4392 3434 4462 ponderate:
3491 4395 3548 4445 et
3588 4408 3700 4446 non
3736 4391 3969 4444 fraudu-

2329 4482 2532 4548 lenter,
2566 4498 2756 4552 neque
2787 4498 2919 4535 cum
2953 4480 3058 4550 ira,
3094 4481 3191 4534 sed
3235 4481 3401 4549 justo
3443 4479 3689 4550 judicio,
3724 4496 3849 4550 quae
3899 4479 3970 4533 de

2329 4573 2444 4627 Deo
2501 4571 2698 4635 sentit,
2731 4575 2980 4625 enarrat.
3017 4572 3076 4624 In
3131 4585 3246 4638 quo
3295 4568 3449 4623 enim
3496 4569 3756 4623 abundat
3785 4568 3971 4639 gratia

573 4681 690 4735 tur,
714 4694 740 4720 ››
765 4671 906 4742 quia,
929 4670 1208 4726 Daminus
1231 4671 1510 4742 supponit
1533 4688 1774 4727 manum
1799 4689 1987 4728 suam,
2011 4673 2216 4745 Agenti
2250 4679 2294 4742 D
2331 4658 2676 4732 spiritualis,
2708 4657 2906 4713 omnia
2936 4660 3356 4730 perscrutatur,
3394 4657 3568 4711 etiam
3602 4656 3719 4710 alta
3751 4657 3866 4710 Dei.

573 4760 994 4833 paenitentiam,
1028 4760 1230 4814 statim
1290 4760 1618 4816 miseretur.
1663 4759 1750 4815 Sic
1807 4766 1863 4816 et
1918 4763 2095 4817 David
2159 4769 2216 4818 et

571 4849 775 4903 Petrus
823 4849 1119 4921 cognitum
1167 4847 1440 4922 lacrymis
1486 4856 1878 4920 purgaverunt
1908 4851 2208 4917 delictum,

569 4944 625 4993 et
654 4956 687 4994 a
716 4938 962 4994 Domino
994 4938 1318 4994 confirmati
1360 4944 1500 4995 sunt
1549 4941 1617 5011 (II
1648 4941 1772 5008 Reg.
1806 4958 1904 5008 xu,
1943 4942 2047 5014 13).
2079 4945 2208 4996 Luc.

567 5045 704 5094 xxn,
736 5029 826 5094 61,
858 5029 973 5099 62.)

640 5139 667 5167 ‹‹
695 5118 908 5173 Junior
937 5119 1042 5183 fui,
1075 5122 1131 5172 et
1163 5119 1350 5183 senui,
1383 5123 1440 5174 et
1470 5135 1583 5174 non
1614 5118 1730 5172 vidi
1765 5120 1994 5190 justum
2045 5121 2211 5176 dere-

563 5209 786 5263 lictum.
823 5230 851 5256 »
892 5207 1097 5276 Nolite,
1133 5208 1325 5279 inquit
1356 5208 1692 5281 Apostolus,
1722 5212 1884 5280 pueri
1913 5213 2062 5279 effici
2087 5228 2212 5266 sen-

562 5299 714 5353 sibus
742 5299 953 5363 vestris,
985 5297 1077 5352 sed
1114 5299 1335 5352 malitia
1373 5299 1600 5370 parvuli
1643 5300 1803 5353 estote
1853 5301 1907 5365 (1
1934 5300 2057 5353 Cor.
2094 5316 2211 5366 xxv,

560 5388 672 5456 20).
706 5388 854 5457 Ergo
885 5387 994 5442 iste
1025 5386 1096 5441 ab
1129 5386 1294 5441 initio
1325 5387 1511 5441 aetatis
1542 5404 1661 5441 suae
1695 5386 1970 5456 parvulus
2001 5388 2057 5442 in
2092 5405 2209 5442 ma-

562 5474 708 5543 litia,
741 5477 841 5531 sed
895 5492 1068 5531 senex
1122 5476 1180 5530 in
1228 5475 1440 5530 virtute
1488 5476 1705 5541 divina,
1739 5475 2021 5532 intellexit
2061 5494 2208 5532 nun-

563 5581 738 5635 quam
774 5565 1199 5636 possejustum
1252 5582 1285 5618 a
1329 5564 1573 5619 Domino
1604 5563 1950 5638 derelinqui,
1986 5583 2088 5620 nec
2119 5583 2208 5621 se-

563 5670 695 5708 men
728 5655 855 5724 ejus
888 5670 1153 5725 qucerens
1204 5671 1408 5726 panem
1461 5653 1734 5708 doctrinae
1783 5655 2082 5711 scelestis:
2138 5658 2208 5711 de

562 5757 688 5812 qua:
735 5741 976 5796 verbum
1025 5741 1440 5814 insipientibus
1482 5741 1746 5813 praebuit.
1804 5767 1831 5793 ‹‹
1865 5744 1976 5798 Nec
2009 5761 2207 5801 semen

2397 4792 2420 4814 ‹‹
2459 4767 2568 4822 Lex
2617 4765 2709 4822 Dei
2759 4767 2885 4835 ejus
2940 4764 2996 4818 in
3047 4763 3216 4818 corde
3272 4762 3544 4835 ipsius.»
3602 4767 3721 4818 Hoc
3770 4767 3876 4829 est,
3907 4762 3966 4817 in

2325 4861 2515 4911 mente
2538 4855 2704 4926 justi.
2731 4855 2855 4909 Non
2883 4853 3072 4908 solum
3105 4852 3161 4906 in
3193 4869 3289 4908 ore
3311 4869 3377 4908 ac
3409 4853 3628 4925 lingua,
3662 4853 3761 4908 sed
3792 4852 3966 4907 etiam

2323 4948 2381 5000 in
2413 4945 2528 4999 alto
2578 4943 2770 4998 cordis
2819 4943 2946 5014 ejus
3003 4942 3456 5010 fructificabunt,
3491 4960 3594 5014 per
3623 4943 3809 5014 legem
3843 4943 3964 5008 Dei,

2323 5050 2498 5106 opera
2525 5032 2874 5088 sanctitatis.
2923 5055 2950 5081 ‹‹
2984 5035 3049 5086 Et
3082 5048 3192 5086 non
3227 5031 3784 5103 supplantabuntur.
3817 5054 3843 5080 ››
3880 5032 3967 5086 Ab

2323 5123 2673 5178 adversario.
2734 5145 2761 5171 «
2797 5123 3044 5178 Grcssus
3101 5123 3249 5191 ejus.
3287 5145 3313 5170 ››
3373 5123 3596 5187 Quibus
3656 5123 3727 5177 ad
3785 5127 3965 5176 Deum

2323 5211 2617 5284 pervenire
2685 5211 2912 5266 nititur.
2979 5209 3098 5278 Vel,
3161 5234 3188 5260 ‹‹
3238 5211 3360 5266 Non
3433 5211 3970 5283 supplantabuntur

2321 5317 2559 5371 gressus
2589 5301 2736 5370 ejus.
2773 5322 2800 5350 »
2854 5301 3076 5355 Sensus
3107 5300 3234 5371 ejus
3283 5317 3317 5355 a
3367 5300 3620 5369 diabolo,
3651 5299 3738 5355 vel
3771 5317 3806 5356 a
3837 5317 3964 5371 pec-

2321 5396 2472 5446 cato.

2391 5503 2418 5530 ‹‹
2450 5480 2790 5536 Considerat
2821 5482 3087 5552 peccator
3111 5481 3365 5552 justum,
3403 5503 3429 5530 ››
3481 5486 3590 5536 etc.
3625 5481 3965 5536 Intuebatur

2319 5568 2470 5624 enim
2523 5568 2774 5640 populus
2804 5570 3136 5625 Iudaeorum
3188 5571 3424 5642 justum
3484 5570 3693 5625 Filium
3756 5570 3856 5625 Dei
3910 5575 3968 5624 et

2318 5658 2600 5712 stridebat
2657 5659 2717 5712 in
2772 5675 2904 5712 cum
2941 5677 2954 5714 :
3008 5660 3147 5730 quia
3192 5661 3383 5732 gravis
3436 5661 3486 5714 ei
3531 5666 3655 5714 erat
3683 5660 3855 5714 etiam
3890 5659 3960 5714 ad

2315 5745 2632 5802 videndum
2679 5746 2830 5819 (Sep.
2870 5766 2928 5816 ιι,
2967 5749 3073 5819 15).
3121 5749 3215 5804 Sic
3249 5754 3302 5804 et
3335 5766 3488 5817 nunc
3520 5749 3793 5804 inimicus
3823 5765 3960 5804 con-

3983 6512 4193 6528 Ἣ

3897 6559 3904 6562 ⁵
3917 6556 4074 6584 ’δή-
