4314 6584
302 481 418 541 993

307 612 526 667 siderat
556 623 1038 680 unumquemque
1068 608 1335 660 nostrum
1369 607 1434 658 ut
1492 602 1717 674 perdat.
1751 599 1861 655 Sed
1897 598 1945 654 si
1974 602 2028 667 Α

306 701 613 773 vigilanter
636 699 885 760 resistat,
918 695 1142 750 eveniet
1170 694 1324 765 quod
1356 691 1640 764 sequitur.

383 811 410 839 «
442 789 724 844 Dominus
750 789 946 840 autem
979 801 1093 839 non
1126 781 1642 852 derelinqueteum
1673 779 1733 833 in
1767 778 1953 832 mani-

309 881 420 935 bus
450 880 596 947 eius.
637 899 662 923 n
697 875 759 929 In
795 877 1082 946 potestate
1114 871 1313 942 utique
1372 869 1552 925 illius.
1588 892 1608 917 α
1645 868 1759 922 Nec
1790 867 1954 922 dam-

310 968 472 1022 nabit
517 983 650 1021 eum
707 980 842 1019 cum
895 960 1262 1032 judicabitur
1313 958 1472 1013 illi.»
1509 958 1619 1013 Dat
1662 955 1954 1028 judicium

307 1056 548 1127 impius,
587 1060 650 1110 ut
679 1058 874 1126 pereat
895 1053 1118 1122 justus,
1151 1054 1206 1104 et
1252 1048 1538 1104 Dominus
1569 1063 1683 1101 non
1717 1046 1958 1100 damnat

310 1162 465 1214 eum,
499 1144 638 1216 quia
664 1141 974 1198 custodivit
996 1141 1188 1211 legem
1212 1139 1360 1210 ejus.
1394 1137 1505 1192 Sed
1532 1135 1697 1190 illum
1721 1134 1955 1204 justum

312 1252 427 1290 non
471 1235 820 1288 condemnat
867 1231 926 1284 in
967 1229 1060 1285 die
1100 1228 1331 1300 judicii,
1386 1243 1521 1283 cum
1573 1223 1820 1295 impium
1864 1223 1956 1292 ju-

315 1324 491 1379 dicat.

385 1436 411 1462 «
447 1413 727 1483 Exspecta
755 1411 1090 1474 Dominum,
1125 1412 1182 1463 et
1227 1405 1454 1462 custodi
1485 1404 1609 1460 vias
1641 1404 1823 1474 ejus.»
1851 1405 1959 1454 Per

313 1518 476 1573 spem
510 1502 760 1567 ﬁrmam,
795 1497 1300 1554 etindeﬁeientem
1325 1495 1736 1550 mandatorum
1770 1495 1958 1546 custo-

313 1592 469 1646 diam
498 1595 866 1658 exspectatur
895 1589 1048 1642 Deus
1081 1605 1094 1642 :
1131 1587 1257 1640 ideo
1311 1602 1426 1638 non
1487 1584 1771 1638 debemus
1821 1596 1956 1633 con-

313 1681 476 1734 fundi
511 1680 570 1734 in
602 1678 847 1733 diversis
879 1675 1084 1730 mundi
1137 1672 1579 1729 tentationibus.
1621 1694 1642 1719 ι
1678 1671 1960 1740 Exspecta

317 1769 648 1824 Dominum.
682 1790 709 1818 »
745 1765 1037 1837 Quidquid
1071 1763 1176 1818 tibi
1211 1762 1435 1818 accidat
1463 1761 1522 1815 in
1577 1757 1871 1832 prosperis
1905 1761 1962 1810 et

315 1858 374 1912 in
405 1857 684 1926 adversis,
743 1854 1033 1927 patienter
1084 1857 1372 1923 exspecta,
1425 1849 1482 1904 id
1541 1853 1650 1914 est,
1712 1845 1957 1902 sustine.

318 1970 344 1997 ‹‹
380 1945 668 2001 Exaltabit
697 1949 771 2015 te,
809 1949 870 1998 ut
901 1941 1232 1998 hzereditate
1262 1939 1459 2011 capias
1490 1943 1763 2037 terram.»
1796 1934 1960 2034 Illam
1999 1981 2042 2045 Β

319 2036 522 2107 utique
548 2039 774 2089 (eterna:
807 2031 1186 2088 beatitudinis
1233 2029 1499 2084 tellurem
1537 2045 1548 2082 :
1583 2026 1640 2080 in
1675 2042 1791 2096 qua
1815 2019 1966 2094 justi

320 2130 452 2197 post
482 2122 826 2179 terminatos
856 2121 1083 2177 labores
1116 2119 1549 2176 exaltabuntur.
1593 2139 1621 2164 «
1658 2114 1800 2169 Cum
1835 2129 1963 2184 per-

318 2213 494 2269 ierint
525 2216 876 2285 peccatores,
908 2210 1152 2266 videbis.
1189 2231 1216 2257 »
1250 2210 1410 2264 Tunc
1435 2206 1584 2278 justi
1633 2207 1967 2277 peccatores

320 2303 508 2375 perire
535 2302 837 2375 videbunt,
869 2317 1003 2356 cum
1048 2300 1304 2355 fructum
1357 2295 1662 2365 mercedis,
1722 2291 1966 2348 Domino

322 2393 636 2459 tribuente,
673 2390 1014 2462 percipient.

399 2506 426 2531 ‹‹
458 2480 589 2535 Vidi
619 2479 868 2550 impium
924 2477 1260 2545 exaltatum,
1321 2479 1376 2531 et
1431 2474 1740 2540 elevatum,
1795 2484 1971 2541 super

326 2573 528 2626 cedros
563 2569 782 2636 Libani,
815 2573 873 2624 et
903 2567 1161 2634 transivi,
1194 2571 1250 2622 et
1280 2583 1410 2622 ecce
1458 2581 1572 2620 non
1592 2567 1733 2620 erat.
1769 2587 1790 2616 ι
1826 2567 1969 2618 Cum

331 2659 537 2714 mundi
559 2659 738 2730 hujus
761 2657 1031 2731 pelagum
1052 2656 1631 2725 transierimus,tunc
1646 2652 1972 2708 videbimus

329 2767 443 2804 non
474 2766 603 2804 esse
633 2747 955 2817 diabolum,
987 2751 1043 2801 et
1072 2745 1263 2801 locum
1307 2745 1435 2816 ejus
1465 2759 1838 2814 nequaquam
1872 2759 1972 2812 ap-

328 2855 531 2910 parere
562 2841 884 2908 peceatum.
916 2837 1134 2891 Cedrus
1165 2835 1310 2890 duas
1343 2833 1516 2888 habet
1546 2832 1972 2904 interpretatio-

329 2945 453 2997 nes,
487 2928 588 2982 sed
620 2927 680 2981 in
712 2926 820 2980 hoc
843 2925 966 2980 loco
998 2925 1126 2995 ejus
1158 2923 1487 2996 explanatio
1505 2922 1624 2977 haec
1654 2926 1746 2976 est
1776 2938 1788 2974 :
1823 2920 1975 2976 sicut

329 3016 487 3070 enim
521 3016 728 3070 cedrus
759 3030 936 3086 super
965 3011 1223 3068 excelsos
1253 3017 1482 3068 montes
1501 3015 1739 3083 apparet
1764 3007 1977 3066 exalta-

327 3108 405 3170 ta,
450 3109 506 3159 et
550 3103 809 3176 impulsu
857 3107 1163 3158 ventorum
1226 3118 1380 3174 saepe
1435 3101 1773 3156 delabitur:
1808 3098 1891 3154 ita
1922 3101 1978 3153 et

328 3193 546 3265 impius
577 3192 697 3264 qui,
731 3191 932 3247 relicto
965 3196 1100 3256 Deo,
1130 3191 1188 3245 in
1221 3189 1439 3246 divitiis
1473 3188 1679 3244 mundi
1712 3186 1974 3244 conﬁdit:

330 3281 652 3351 quamlibet
682 3280 883 3334 ﬂoreat
913 3278 1238 3350 quamlibet
1265 3277 1582 3334 extollatur
1611 3281 1667 3332 et
1694 3277 1971 3343 elevetur,

331 3388 445 3426 non
481 3369 804 3424 invenietur
832 3385 965 3422 cum
998 3369 1070 3422 ab
1101 3367 1210 3422 hoc
1239 3367 1458 3421 mundo
1477 3365 1827 3437 migraverit.
1863 3365 1970 3420 Sed
2004 3350 2046 3416 C

330 3465 386 3515 et
418 3460 489 3514 ad
517 3458 731 3514 Judam
763 3456 1102 3511 traditorem
1133 3455 1247 3510 ista
1277 3452 1738 3509 referuntur.Vel
1771 3453 1978 3507 cedrus

334 3545 750 3616 Libani,sancti
786 3557 1021 3616 propter
1046 3543 1415 3598 altitudinem
1448 3542 1790 3598 meritorum
1823 3540 1979 3611 ipso--

332 3655 486 3706 rum,
515 3642 571 3690 et
597 3636 952 3700 sacerdotes,
985 3634 1158 3688 odore
1189 3632 1325 3688 boni
1356 3632 1567 3704 operis.
1604 3630 1772 3702 Impii
1805 3645 1983 3700 super

330 3727 491 3798 ipsos
514 3730 678 3782 sunt:
696 3725 834 3796 quia
864 3723 1090 3779 calcant
1110 3727 1167 3777 et
1194 3722 1532 3794 opprimunt
1561 3719 1982 3776 illos.«Trans-

336 3817 434 3886 ivi,
466 3820 521 3870 et
549 3830 680 3870 ecce
712 3830 826 3868 non
859 3817 1000 3868 erat.
1037 3835 1064 3861 ›ι
1099 3811 1265 3867 Dicat
1292 3811 1404 3866 hoc
1461 3808 1816 3882 apostolicus
1870 3826 1982 3863 caa-

337 3909 452 3975 tus,
487 3904 625 3976 quia
655 3901 899 3958 transivi
932 3900 1242 3974 procellam
1277 3900 1570 3972 passionis
1599 3904 1772 3956 Jesu:
1807 3901 1863 3954 et
1884 3897 1983 3953 illo

347 3997 706 4064 resurgente,
739 3991 835 4046 hic
865 4008 979 4047 non
1012 3995 1135 4046 erat
1167 4008 1179 4046 :
1214 3990 1353 4062 quia
1400 3989 1540 4045 abiit
1573 3993 1628 4045 et
1684 3987 1892 4061 laqueo
1925 4004 1986 4044 se

347 4083 673 4155 suspendit.
699 4104 726 4130 «
761 4080 1008 4144 Quaesivi
1040 4097 1195 4148 eum,
1248 4083 1304 4134 et
1332 4096 1445 4134 non
1479 4083 1568 4135 est
1599 4079 1871 4134 inventus
1906 4075 1986 4132 lo-

347 4190 452 4227 cus
482 4172 629 4242 ejus.
668 4194 693 4217 ››
743 4170 907 4236 Quod
968 4175 1161 4225 autem
1217 4187 1334 4225 non
1391 4170 1468 4225 sit
1520 4169 1790 4224 inventus
1824 4167 1988 4223 locus

348 4263 496 4331 ejus,
530 4264 587 4314 et
620 4258 904 4313 habitatio
935 4259 1063 4328 ejus
1094 4257 1356 4314 desolata
1385 4257 1750 4325 remanserit,
1783 4261 1991 4312 Petrus

350 4351 408 4405 in
439 4349 681 4404 Actibus
712 4346 1046 4419 apostolicis
1079 4347 1356 4419 prodidit,
1400 4364 1534 4402 cum
1593 4345 1899 4403 Matthiam
1931 4345 1990 4400 in

351 4441 476 4510 ejus
509 4437 768 4494 ordinem
805 4437 1142 4508 subrogavit
1170 4437 1302 4507 (Act.
1339 4454 1379 4503 1,
1410 4437 1522 4506 26),
1557 4435 1679 4506 Vel,
1713 4459 1742 4486 «
1776 4437 1992 4492 Trans-

353 4531 448 4599 ivi,
477 4534 535 4584 et
563 4544 693 4582 ecce
753 4543 866 4581 non
923 4529 1093 4582 erat:
1130 4524 1371 4596 quaesivi
1431 4542 1586 4588 eum,
1642 4529 1700 4579 et
1757 4541 1871 4580 non
1905 4531 1995 4580 est

352 4619 624 4674 inventus
655 4616 818 4672 locus
849 4616 998 4686 ejus,
1027 4637 1055 4665 »
1089 4613 1146 4669 id
1178 4618 1286 4681 est,
1338 4613 1523 4686 ipsius
1545 4612 1732 4685 impii.
1791 4635 1810 4663 α
1868 4614 1991 4669 Non

1475 467 1974 533 BREVIARIUM
2022 464 2099 526 lN
2145 467 2528 527 PSALMOS.

3587 461 3705 526 994

2137 618 2162 648 α
2193 595 2402 667 lnjusti
2433 600 2648 660 autem,
2685 617 2712 643 »
2735 599 2843 650 etc.
2882 612 2894 661 ;
2929 593 3551 665 «reliquimimpiorum
3576 611 3706 667 per-

2068 685 2254 740 ibunt.
2292 708 2319 734 «
2354 684 2480 742 Non
2512 689 2880 739 reservantur
2908 699 3110 738 eorum
3165 681 3422 754 reliquiae
3481 699 3548 737 ex
3607 701 3706 738 su-

2069 774 2286 846 perbia,
2321 779 2386 828 ut
2414 773 2473 827 in
2506 778 2784 827 aeternum
2834 773 3028 827 vivant
3061 788 3073 826 :
3107 771 3207 826 sed
3254 775 3316 825 ut
3363 771 3422 825 in
3473 788 3706 842 pmnam

2067 863 2340 934 gehennm
2373 862 2525 934 ignis
2557 861 2866 915 intereant.

2141 974 2168 1000 «
2201 951 2370 1005 Salus
2403 955 2596 1004 autem
2619 950 2917 1018 justorum
2951 966 2984 1003 a
3037 947 3298 1003 Domino.
3334 973 3360 998 ››
3395 953 3504 1004 Per
3533 966 3705 1020 quem

2067 1045 2124 1094 et
2155 1043 2496 1111 praesentem
2537 1038 2713 1092 vitam
2760 1037 3019 1110 capiunt,
3081 1041 3138 1092 et
3168 1037 3412 1110 adipisci
3472 1047 3710 1111 prasto-

2067 1128 2265 1184 lantur
2296 1134 2590 1183 aeternam.
2625 1151 2653 1176 «
2685 1127 2853 1182 Salus
2884 1131 3077 1182 autem
3118 1127 3419 1198 justorum
3452 1145 3486 1182 a
3514 1128 3711 1184 Domi-

2068 1233 2161 1272 no.
2201 1240 2221 1264 ι
2252 1219 2382 1288 Ipse
2412 1221 2500 1272 est
2530 1220 2732 1270 nostra
2761 1215 2940 1271 salus.
3001 1236 3029 1265 «
3063 1216 3129 1270 Et
3188 1220 3478 1286 protector
3507 1233 3709 1272 eorum

2067 1312 2157 1362 est
2187 1306 2246 1360 in
2279 1311 2538 1376 tempore
2578 1304 2998 1371 tribulationis,
3033 1327 3063 1354 »
3098 1326 3125 1356 «
3182 1305 3496 1376 Adjuvabit
3523 1323 3644 1373 eos,
3680 1328 3708 1357 »

2067 1400 2173 1450 etc.
2209 1395 2516 1466 Propterea
2547 1393 2736 1449 salvos
2771 1393 2942 1449 faciet
2992 1411 3110 1462 eos,
3171 1399 3228 1449 et
3286 1399 3577 1465 protector
3615 1413 3709 1450 eo-

2069 1501 2199 1539 rum
2228 1489 2315 1538 est
2346 1483 2403 1537 in
2439 1488 2696 1555 tempore
2726 1483 3140 1550 tribulationis,
3174 1499 3306 1538 cum
3359 1501 3462 1556 per
3491 1490 3707 1540 arctam

2068 1571 2244 1636 viam,
2278 1589 2406 1642 quae
2433 1572 2503 1626 ad
2537 1571 2717 1626 vitam
2761 1571 2940 1638 ducit,
2977 1571 3253 1626 incedunt
3313 1573 3544 1644 plenam
3604 1575 3710 1628 do-

2071 1659 2292 1716 loribus
2321 1666 2378 1715 et
2407 1661 2705 1714 aerumnis.
2746 1683 2766 1708 σι
2803 1661 2872 1714 Et
2903 1661 3203 1731 adjuvabit
3261 1678 3358 1716 eos
3405 1662 3712 1728 Dominus,

2071 1755 2126 1804 et
2151 1749 2421 1804 liberabit
2451 1765 2548 1804 eos
2574 1766 2607 1803 a
2634 1748 3036 1820 peccatoribus
3069 1767 3081 1804 :
3119 1748 3310 1804 salvos
3366 1750 3537 1805 faciet
3591 1767 3710 1822 eos,

2073 1837 2172 1909 qui
2203 1841 2582 1909 speraverunt
2610 1837 2668 1891 in
2701 1852 2859 1907 eum,
2894 1860 2922 1886 »
2980 1855 3113 1892 cum
3175 1839 3247 1892 ad
3302 1838 3716 1908 perfectionem

2073 1944 2234 1998 purae
2265 1926 2478 1982 mentis
2509 1926 2793 1998 perducit.
2827 1926 2909 1980 Ad
2945 1943 3078 1981 eum
3109 1925 3304 1983 venire
3336 1932 3714 1984 meruerunt:

2075 2015 2353 2088 quoniam
2387 2020 2766 2088 speraverunt
2809 2014 2868 2070 in
2919 2031 3074 2070 eum.
3123 2017 3183 2070 In
3234 2016 3511 2073 omnibus
3559 2017 3720 2074 enim

2076 2104 2364 2178 angustiis
2397 2105 2456 2160 in
2487 2121 2622 2160 eum
2656 2121 2820 2176 spem
2850 2103 3187 2160 locaverunt
3220 2104 3320 2178 qui
3374 2105 3522 2162 dixit
3555 2123 3568 2162 :
3601 2106 3719 2182 Ego

2074 2211 2200 2249 sum
2225 2198 2400 2260 Deus,
2434 2197 2482 2249 et
2502 2195 2706 2266 absque
2725 2209 2812 2248 me
2838 2209 2946 2250 non
2976 2197 3056 2248 est
3100 2195 3264 2248 alius.
3323 2197 3445 2264 Ego
3473 2195 3722 2251 occidam

2076 2292 2126 2340 et
2154 2285 2334 2338 vivere
2352 2284 2556 2353 faciam
2587 2301 2606 2337 :
2635 2287 2687 2338 et
2713 2284 3014 2354 percutiam
3047 2288 3100 2337 et
3129 2299 3224 2352 ego
3282 2283 3485 2340 sanabo
3535 2285 3719 2357 (Deut,

2077 2390 2254 2438 xxxii,
2287 2373 2396 2444 39).
2431 2371 2537 2436 Qui
2571 2377 2738 2427 sanet
2768 2388 2971 2427 omnes
3000 2370 3375 2428 inﬁrmitates
3434 2373 3722 2429 mentium

2080 2467 2414 2517 nostrarum
2449 2477 2460 2515 :
2497 2461 2782 2533 nobisque
2813 2465 3046 2534 praestet
3102 2467 3220 2516 toto
3273 2462 3445 2518 corde
3503 2463 3723 2536 erigere

2082 2567 2246 2622 spem
2280 2554 2564 2617 nostram,
2611 2555 2667 2604 et
2721 2549 2780 2604 in
2839 2567 2901 2605 se
2959 2550 3182 2605 tribuat
3241 2549 3510 2608 collocari
3545 2570 3558 2608 :
3594 2557 3660 2608 ut
3689 2570 3725 2610 8.

2083 2639 2336 2711 peccatis
2394 2638 2620 2694 liberati
2697 2654 3046 2705 mereamur,
3115 2639 3242 2711 ipso
3315 2640 3722 2706 distribuente,

2082 2728 2254 2782 etiam
2289 2727 2628 2783 aeternitatis
2661 2727 2966 2798 praemium
2999 2727 3266 2800 adipisci.

2572 2834 2903 2889 PSALMUS
2957 2834 3222 2891 XXXVII.

2087 2926 2150 2980 In
2206 2926 2390 2994 ﬁnem,
2451 2925 2702 2978 Psalmus
2757 2923 2929 2978 David
2984 2925 3046 2977 in
3103 2928 3562 2982 rememoratione
3609 2928 3724 2982 diei

2159 2997 2398 3052 Sabbati.
2451 2995 2796 3064 Sabbatum,
2856 2995 3066 3064 requies
3117 2994 3578 3064 interpretatur:
3613 2998 3722 3054 hoc

2159 3073 2265 3133 est,
2300 3065 2935 3141 quando_requiescu_nt
2964 3066 3151 3141 sancti
3189 3083 3201 3121 :
3234 3065 3292 3122 id
3325 3073 3434 3141 est,
3495 3069 3728 3141 quando

2159 3136 2471 3212 requiescit
2519 3136 2795 3212 Ecclesia_
2828 3136 2928 3192 illa
2982 3138 3181 3212 requie
3236 3136 3727 3212 paradisi'quam

2161 3208 2505 3283 perdiditin
2533 3209 2737 3283 Adam.
2774 3208 2887 3264 Iste
2945 3209 3210 3283 psalmus
3231 3208 3540 3283 :ostendit,
3568 3208 3640 3267 ut
3667 3212 3724 3266 Si

2160 3279 2384 3337 accidat
2412 3279 3047 3353 inﬁ_rmitas__corporeze
3099 3280 3420 3353 fragilitati,
3473 3279 3588 3339 nOn
3630 3283 3730 3339 de-

2158 3353 2332 3408 sistat
2359 3351 2576 3421 requiri
2609 3350 2899 3406 medicina
2926 3350 3196 3406 caelestis.

2165 3481 2192 3508 ‹‹
2223 3456 2487 3520 Domine,
2521 3473 2592 3511 ne
2623 3457 2679 3510 in
2714 3456 2908 3511 furore
2950 3461 3051 3511 tuo
3110 3473 3322 3529 arguas
3369 3476 3503 3516 me:
3539 3477 3727 3532 neque

2090 3551 2149 3604 in
2182 3547 2269 3601 ira
2298 3552 2401 3600 tua
2429 3545 2709 3616 corripias
2741 3562 2852 3601 me.
2901 3565 2926 3596 η
2965 3546 3145 3601 Totus
3202 3546 3466 3617 psalmus
3498 3567 3568 3605 ex
3599 3567 3731 3623 per-

2093 3653 2238 3694 sona
2291 3634 2626 3713 paenitentis
2687 3638 2778 3688 est
2833 3635 2990 3690 :sed
3049 3635 3119 3690 ad
3177 3635 3470 3691 Christum
3532 3638 3732 3694 referri

2094 3729 2302 3798 potest,
2335 3720 2488 3779 sicut
2516 3728 2572 3778 et
2629 3722 3028 3795 sexagesimus
3081 3729 3341 3780 octavus.
3393 3748 3421 3776 «
3469 3727 3734 3798 Domine,

2095 3831 2167 3870 ne
2198 3815 2255 3869 in
2308 3816 2502 3869 furore
2558 3816 2660 3868 tuo
2709 3829 2922 3885 arguas
2975 3829 3108 3868 me:
3145 3831 3332 3886 neque
3389 3815 3447 3872 in
3502 3816 3590 3872 ira
3636 3822 3738 3872 tua

2095 3903 2374 3975 corripias
2405 3919 2517 3958 me.
2554 3924 2582 3951 ››
2614 3901 2703 3957 Ira
2733 3906 2841 3972 est,
2874 3905 2940 3956 ut
2969 3919 3119 3975 saepe
3168 3903 3446 3972 diximus,
3479 3921 3739 3962 commo-

2096 3995 2177 4049 tio
2211 3991 2414 4048 animi.
2451 3993 2628 4046 Furor
2655 4007 2788 4046 vero
2829 3990 3086 4047 vindicta
3135 3991 3571 4062 irrationabilis,
3604 4011 3739 4049 eum

2098 4082 2250 4139 fellis
2279 4079 2690 4136 amaritudine.
2752 4079 2884 4134 Ideo
2942 4079 3050 4135 iste
3097 4081 3197 4152 qui
3256 4098 3319 4136 se
3376 4087 3738 4153 peccatorem

2100 4173 2255 4228 scit:
2305 4187 2421 4224 non
2477 4167 2537 4223 in
2591 4168 2698 4234 ira,
2758 4168 2859 4223 sed
2911 4184 3012 4239 per
3078 4167 3592 4226 misericordiam:
3635 4188 3741 4228 nec

2102 4263 2160 4317 in
2219 4261 2432 4330 furore,
2485 4259 2584 4312 sed
2647 4274 2749 4329 per
2800 4256 3140 4329 patientiam
3201 4275 3263 4314 se
3319 4262 3485 4332 argui
3534 4266 3742 4333 postu-

2101 4349 2201 4407 lat.

2176 4463 2204 4490 «
2235 4439 2518 4506 Quoniam
2553 4437 2776 4511 sagittae
2808 4442 2924 4494 tuae
2953 4437 3141 4494 inﬁxae
3173 4443 3310 4495 sunt
3341 4439 3505 4496 mihi.
3544 4463 3571 4490 ρ)
3601 4437 3741 4497 Ver-

2103 4531 2178 4586 ba
2225 4529 2522 4596 doctrinae,
2581 4545 2708 4601 quae
2766 4533 2832 4584 ut
2878 4525 3142 4599 jaculum
3201 4529 3747 4587 transverberarunt

2104 4637 2202 4675 cor
2231 4635 2452 4687 meum,
2486 4622 2550 4672 ut
2606 4633 2836 4689 agerem
2897 4618 3318 4689 paenitentiam.
3372 4642 3399 4670 ‹‹
3436 4619 3502 4674 Et
3532 4622 3744 4676 conﬁr-

354 4713 442 4764 est
474 4707 742 4762 inventus
775 4705 936 4760 locus
968 4705 1096 4775 ejus
1139 4713 1151 4760 :
1187 4719 1288 4775 pro
1318 4705 1483 4758 tanta
1534 4701 1836 4758 velocitate
1878 4719 1994 4774 qua
2022 4724 2070 4788 D
2104 4708 2281 4764 masti
2312 4723 2489 4779 super
2518 4722 2610 4760 me
2656 4723 2893 4762 manum
2957 4711 3142 4762 tuam.
3183 4731 3203 4757 ιν
3242 4707 3313 4763 Ut
3339 4714 3621 4781 tanquam
3652 4710 3748 4765 bo-

354 4796 650 4852 deﬁciunt.

433 4909 459 4940 α
504 4885 743 4940 Custodi
800 4884 1217 4949 innocentiam,
1278 4887 1334 4937 et
1388 4881 1516 4938 vide
1574 4881 1928 4953 aequitatem.
1963 4903 1990 4931 ››

354 4975 412 5030 Si
443 4973 588 5029 nulli
619 4990 850 5039 noceas,
883 4973 932 5028 si
962 4991 1094 5028 cum
1128 4971 1287 5027 nullo
1315 4971 1607 5044 litigiosus
1637 4972 1739 5041 sis,
1770 4971 1996 5027 vibebis

356 5064 648 5118 Christum
682 5079 695 5116 :
732 5062 870 5134 quia
926 5063 1077 5118 sicut
1123 5063 1234 5127 via,
1285 5059 1498 5116 veritas
1550 5064 1607 5116 et
1634 5061 1751 5115 vita
1785 5078 1797 5116 :
1832 5060 1913 5115 ita
1941 5064 1998 5115 et

357 5153 602 5224 aequitas
631 5151 1002 5224 intelligitur.
1037 5176 1062 5201 ‹‹
1099 5149 1384 5218 Quoniam
1416 5153 1554 5204 sunt
1600 5148 1861 5221 reliquias
1892 5149 1993 5204 ho-

358 5242 501 5297 mini
536 5241 794 5314 paciﬁco.
834 5264 861 5290 ››
895 5241 1000 5305 Qui
1033 5241 1126 5296 hic
1157 5240 1397 5312 paciﬁca
1428 5238 1650 5306 vixerit,
1709 5243 1776 5293 ut
1813 5237 1996 5294 Filius

356 5331 451 5386 Dei
485 5336 718 5386 vocetur
749 5347 761 5385 :
792 5330 970 5402 hujus
999 5329 1276 5402 reliquiae,
1310 5329 1418 5384 hoc
1454 5331 1561 5398 est,
1603 5343 1816 5398 corpus
1847 5343 1997 5382 mor-

353 5419 486 5490 tale,
520 5424 851 5476 reservatur
910 5421 980 5475 ad
1039 5419 1284 5491 gloriam
1337 5414 1798 5481 resurrectionis,
1825 5416 1996 5486 juxta

353 5509 500 5564 illud
547 5508 856 5581 Apostoli:
901 5509 1120 5580 Oportet
1171 5508 1404 5564 mortale
1453 5506 1548 5561 hoc
1605 5504 1832 5561 induere
1890 5509 1994 5560 im-

355 5599 748 5654 mortalitatem
779 5597 824 5668 (Ι
857 5597 975 5652 Cor.
1017 5614 1104 5652 xv.
1165 5597 1278 5667 53).
1338 5593 1618 5667 Reliquiae
1676 5593 1996 5665 impiorum

356 5688 646 5760 peribunt.
684 5686 790 5740 Pro
820 5687 1072 5758 reliquiis
1105 5685 1162 5739 in
1221 5685 1482 5752 Hebraeo,
1540 5683 1844 5740 novissima
1893 5681 1995 5738 ha-

357 5778 474 5832 bet.

2102 4814 2214 4852 nus
2265 4798 2544 4868 magister
2588 4795 2927 4850 verberibus
3002 4796 3403 4869 castigationis
3459 4798 3745 4854 afflictum

2105 4885 2375 4941 redderes
2405 4883 2800 4940 emendatum.

2176 4997 2204 5023 «
2237 4974 2362 5028 Non
2389 4978 2477 5028 est
2507 4971 2728 5028 sanitas
2758 4972 2816 5027 in
2845 4990 3018 5029 carne
3048 4990 3178 5029 mea
3209 4992 3243 5031 a
3268 4975 3412 5030 faeie
3441 4975 3541 5030 iraa
3567 4979 3744 5030 tuas.»

2104 5063 2233 5118 Vidi
2269 5062 2472 5118 faciem
2507 5060 2604 5116 ira-'3
2635 5066 2768 5133 ture,
2802 5066 2857 5116 et
2889 5079 3004 5117 non
3036 5063 3227 5135 ipsam
3270 5063 3416 5119 iram
3451 5081 3464 5118 :
3499 5063 3606 5119 hoc
3635 5067 3743 5132 est,

2105 5150 2361 5207 intellexi
2385 5167 2486 5222 per
2515 5149 2840 5221 Scripturas
2873 5156 3126 5219 sanctas,
3176 5157 3396 5222 quanta
3427 5151 3745 5210 minaberis

2104 5239 2526 5313 peccatoribus,
2561 5243 2617 5294 et
2644 5238 2900 5308 extabui,
2925 5244 3128 5311 petens
3159 5256 3230 5294 ne
3282 5240 3409 5312 ipsa
3444 5257 3622 5312 super
3651 5257 3745 5297 me

2105 5329 2192 5384 ira
2238 5327 2632 5385 descenderet.
2681 5349 2708 5377 ι(
2753 5327 2879 5382 Non
2936 5332 3025 5384 est
3082 5345 3193 5400 pax
3235 5329 3470 5384 ossibus
3536 5329 3684 5385 meis
3715 5347 3750 5386 a

2107 5419 2250 5474 facie
2281 5421 2651 5489 peccatorum
2685 5433 2969 5472 meorum.
3008 5439 3035 5466 ››
3080 5416 3310 5472 Nullam
3370 5417 3624 5488 quietem
3656 5418 3747 5474 in-

2106 5506 2283 5576 dulsi,
2316 5505 2403 5561 vel
2434 5504 2687 5571 ossibus,
2720 5503 2810 5560 vel
2867 5507 3150 5562 membris
3207 5507 3377 5575 meis,
3437 5508 3622 5564 donec
3679 5525 3749 5565 ea

2108 5595 2438 5668 pcenitendo
2469 5609 2805 5666 purgarem.

2178 5683 2522 5749 «Quoniam
2564 5681 2901 5752 iniquitates
2959 5701 3101 5740 mea;
3151 5703 3542 5759 supergressa:
3600 5693 3742 5745 sunt

2106 5778 2280 5845 caput
2310 5788 2527 5827 meum.
2560 5792 2586 5819 ››
2621 5768 2995 5826 lnvaluerunt
3026 5773 3182 5829 enim
3234 5776 3400 5844 mihi,
3447 5782 3511 5831 ut
3549 5778 3747 5850 sequi-
