4314 6574
590 404 705 461 995

2082 393 2499 453 APPENDIX.

3874 396 3994 456 996

586 539 684 587 tur
715 548 728 596 ;
764 552 792 576 ιι
825 529 989 583 Sicut
1018 544 1167 583 onus
1201 543 1372 598 grave
1400 529 1645 599 gravatae
1680 530 1817 580 sunt
1850 541 2024 595 super
2054 539 2167 579 me.
2200 544 2226 573 »δ
2266 524 2321 590 Α
2352 524 2517 580 ferno‘
2540 539 2860 599 resurgere.
2898 526 2993 581 Ait
3022 542 3158 599 ergo
3188 526 3313 598 ipse
3360 524 3646 581 Dominus
3667 524 3738 580 de
3766 526 3992 596 passio-

586 621 713 675 Non
745 624 835 672 est
868 617 1023 671 enim
1068 616 1213 671 mihi
1243 615 1365 671 leve
1415 619 1715 686 peccatum
1766 631 1983 681 meum,
2014 614 2113 668 sed
2146 630 2235 667 re-

587 723 901 780 cognosco,
935 705 1073 776 quia
1094 722 1267 777 grave
1322 704 1467 759 mihi
1518 703 1727 774 judicii
1787 704 2018 775 pondus
2046 702 2236 773 impo-

589 798 731 867 suit,
761 802 819 851 et
849 812 1025 866 super
1052 794 1326 849 verticem
1358 794 1564 864 capitis
1598 794 1708 847 mei
1769 792 2037 847 excrevit.
2071 792 2236 846 Sicut

589 887 820 958 pondus
846 885 1085 957 grande,
1119 884 1203 937 sic
1233 888 1467 955 peccata
1498 899 1627 936 mea
1658 898 1834 953 super
1864 899 1974 936 me.

663 998 691 1024 «
728 976 1084 1029 Putruerunt
1114 977 1172 1026 et
1203 977 1489 1043 corruptas
1520 975 1655 1025 sunt
1687 970 1983 1025 cicatrices
2015 986 2176 1024 meae.
2205 990 2232 1018 ››

591 1066 902 1120 Porcorum
940 1079 1067 1116 mos
1096 1065 1204 1126 est,
1239 1077 1399 1115 emno
1457 1064 1558 1113 aut
1608 1059 1961 1114 stercoribus
1994 1076 2097 1129 pro
2130 1059 2234 1112 bo-

589 1154 681 1208 nis
712 1152 992 1207 odoribus
1027 1153 1109 1205 uti
1144 1168 1157 1208 :
1193 1166 1298 1203 nec
1330 1147 1671 1219 intelligunt
1728 1163 1788 1201 se
1820 1147 1877 1200 in
1924 1146 2016 1200 his
2048 1147 2234 1200 sordi-

591 1242 833 1297 dissime
864 1238 1135 1295 volutari.
1170 1239 1317 1293 Nam
1351 1236 1496 1291 mihi
1533 1238 1734 1291 foetent
1790 1241 1848 1289 et
1904 1240 2233 1306 computre-

592 1336 766 1387 scunt
793 1329 1035 1384 vulnera
1066 1332 1437 1399 peccatorum
1461 1326 1975 1395 desideranterque
2032 1328 2236 1393 expeto

592 1421 905 1475 medicum.
938 1420 1006 1473 Et
1065 1434 1189 1481 cur,
1246 1415 1465 1486 inquis,
1524 1417 2008 1485 computruerunt
2048 1412 2076 1465 ?
2115 1434 2141 1463 α
2192 1418 2235 1464 Α

589 1510 737 1564 facie
769 1507 1120 1579 insipientia:
1156 1523 1316 1560 meis.
1359 1528 1378 1553 υ
1418 1503 1565 1569 Quia
1614 1502 1882 1556 nolebam
1915 1516 2084 1572 agere
2118 1518 2235 1572 pm-

589 1599 917 1667 nitentiam,
954 1620 979 1644 ‹‹
1016 1599 1061 1650 Α
1096 1595 1238 1649 facio
1285 1592 1633 1664 insipientize
1682 1607 1843 1645 meas.
1907 1614 1934 1639 ››
1992 1590 2097 1644 Per
2128 1589 2236 1644 hoc

589 1692 964 1759 putruerunt,
1017 1683 1238 1739 scilicet
1289 1699 1391 1753 per
1438 1680 1833 1752 insipientiam
1904 1695 2093 1734 meam
2130 1695 2143 1732 :
2174 1684 2237 1733 ut

589 1775 809 1831 Paulus
855 1774 997 1829 dicit
1045 1789 1057 1825 :
1114 1764 1596 1841 Quod‘inﬁrmum
1649 1770 1725 1824 est
1772 1769 1888 1835 Dei,
1933 1770 2131 1839 fortius
2158 1771 2236 1822 est

524 1882 531 1886 ‘
589 1865 902 1921 hominibus
934 1864 976 1933 (I
1009 1862 1128 1916 Cor.
1162 1878 1200 1932 ι,
1232 1861 1345 1931 2:3),

665 1974 694 2003 «
724 1951 901 2008 Miser
931 1952 1121 2005 factus
1154 1965 1287 2005 sum
1318 1953 1374 2003 et
1405 1950 1678 2003 curvatus
1738 1963 1871 2002 sum
1928 1962 2116 2017 usque
2175 1946 2233 2000 in

587 2042 789 2098 ﬁnem.
828 2063 858 2090 »
890 2040 1087 2111 Usque
1143 2038 1287 2093 dum
1347 2036 1676 2092 conﬁtendo
1735 2051 2018 2108 purgarer
2052 2050 2065 2090 :
2098 2034 2236 2106 quia

586 2132 712 2189 sine
742 2129 1082 2187 confusione
1113 2132 1169 2183 et
1203 2126 1482 2182 mmstitia
1521 2143 1637 2181 non
1698 2124 2078 2180 dimittuntur
2101 2139 2233 2194 pec-

586 2226 734 2289 cata,
768 2244 796 2271 «
831 2220 977 2275 Tota
1008 2218 1102 2274 die
1132 2216 1514 2273 contristatus
1563 2214 1947 2287 ingrediebar.
2000 2236 2026 2262 »
2080 2213 2234 2267 lndi-

592 2325 775 2383 gnum
808 2325 902 2365 me
932 2324 1059 2363 esse
1084 2307 1377 2378 judicans,
1413 2304 1511 2377 qui
1542 2303 1627 2358 vel
1678 2303 1875 2359 oculos
1924 2303 1996 2358 ad
2024 2302 2232 2357 coelum

590 2400 780 2455 levare
828 2398 1105 2454 auderem
1158 2395 1305 2450 :scd
1367 2394 1694 2465 percutiens
1755 2397 1956 2463 pectus
2013 2408 2231 2456 meum,

589 2489 815 2544 aiebam
848 2505 862 2543 :
896 2488 1055 2555 Deus,
1082 2486 1355 2557 propitius
1388 2493 1496 2538 esto
1535 2482 1676 2537 mihi
1722 2482 2017 2552 peccaturi.
2079 2481 2231 2551 (Luc.

591 2595 751 2645 xvm,
786 2578 896 2648 13).

661 2690 689 2717 ‹‹
724 2665 1006 2732 Quoniam
1041 2662 1227 2718 lumbi
1261 2661 1372 2716 mei
1396 2657 2229 2731 impletisuntillusionibus.»

591 2756 713 2812 Illis
746 2753 1125 2809 illusionibus
1158 2768 1219 2805 se
1252 2751 1555 2822 profitetur
1590 2764 1716 2803 esse
1749 2748 2115 2801 inﬁrmatum
2146 2751 2232 2800 at-

593 2861 705 2918 que
732 2843 1039 2915 repletum,
1093 2841 1306 2908 quibus
1366 2836 1633 2893 diabolus
1690 2836 2017 2891 humanum
2050 2852 2234 2907 genus

586 2933 863 2997 allicit,ut
894 2931 1216 3001 delinquat.
1238 2952 1264 2977 «
1299 2928 1472 2993 Deus,
1507 2931 1571 2981 tu
1602 2925 1925 2997 cognovisti
1954 2923 2234 2995 insipien-

589 3022 732 3076 tiam
767 3037 955 3075 meam
992 3037 1005 3073 :
1038 3018 1178 3090 quia
1207 3016 1394 3071 lumbi
1428 3014 1541 3069 mei
1572 3014 1796 3085 impleti
1838 3018 1976 3068 sunt
2016 3012 2232 3068 illusio-

590 3110 787 3165 nibus.
823 3130 851 3158 »
885 3112 955 3164 Se
988 3106 1395 3177 unusquisque
1425 3103 1774 3167 consideret,
1811 3108 1869 3157 et
1898 3102 2232 3157 titillantcm

590 3198 849 3271 corporis
875 3196 1164 3267 intelligat
1193 3194 1570 3265 voluptatem,
1627 3197 1683 3247 et
1734 3197 1875 3246 tunc
1917 3192 2105 3246 dicere
2139 3208 2235 3262 po-

589 3294 707 3343 test
736 3304 869 3343 cum
892 3285 1070 3341 Paulo
1102 3282 1366 3358 apostolo
1398 3299 1413 3339 :
1450 3284 1620 3339 Miser
1648 3298 1748 3350 ego
1784 3281 1962 3345 homo,
1995 3283 2118 3351 quis
2146 3296 2234 3335 me

593 3378 851 3433 liberabit
879 3376 944 3431 de
998 3391 1221 3447 corpore
1266 3375 1457 3429 mortis
1512 3372 1672 3440 huius
1718 3372 1890 3443 (Rom.
1924 3389 2025 3440 vn,
2087 3370 2235 3437 2/1)?

591 3469 661 3523 Et
691 3467 839 3522 illud
874 3485 886 3521 :
920 3467 1101 3536 Neque
1130 3466 1279 3519 enim
1310 3462 1449 3535 quod
1481 3462 1615 3529 volo,
1642 3461 1738 3516 hoc
1756 3462 1902 3531 facio
1931 3477 1950 3513 :
1979 3459 2071 3516 sed
2092 3459 2235 3531 quod

587 3557 739 3613 nolo.
775 3556 936 3627 (Ibid.
967 3556 1075 3623 19).

662 3668 689 3695 ‹‹
727 3645 1069 3700 Incurvatus
1100 3657 1232 3696 sum
1272 3645 1329 3696 et
1372 3639 1717 3695 humiliatus
1776 3655 1910 3694 sum
1968 3638 2166 3693 nimis.
2205 3660 2233 3687 »

590 3736 674 3790 Ad
719 3732 1145 3805 pmnitentiam.
1207 3752 1234 3778 ‹‹
1290 3728 1609 3807 Rugiebam
1672 3745 1705 3781 a
1762 3728 1982 3799 gemitu
2040 3728 2232 3782 cordis

592 3823 725 3878 mei.
762 3844 790 3871 ››
838 3820 1044 3875 Petens
1076 3836 1207 3873 cum
1240 3817 1401 3871 luctu
1454 3815 1883 3871 remissionem.
1942 3814 2111 3870 Aliud
2143 3821 2233 3870 est

589 3911 845 3985 gemitus
877 3906 1138 3981 corporis
1162 3912 1215 3961 et
1246 3905 1403 3961 aliud
1435 3905 1691 3977 gemitus
1721 3903 1933 3959 cordis.
1965 3904 2231 3960 Gemitus

588 4000 848 4072 corporis
898 4003 987 4053 est
1044 4000 1278 4069 propter
1333 4012 1425 4050 res
1487 3998 1748 4049 terrenas
1832 3993 1923 4049 vel
1996 3999 2233 4065 propter

589 4095 835 4146 mortem
869 4103 1119 4160 gemere.
1174 4085 1437 4140 Gemitus
1477 4083 1689 4154 cordis,
1722 4088 1959 4155 propter
1986 4099 2233 4155 suapec-

589 4186 738 4245 cata,
767 4177 857 4234 vel
888 4176 1159 4232 aliorum.
1196 4174 1306 4229 Sed
1339 4172 1603 4228 Christus
1651 4188 1767 4227 non
1819 4171 2025 4226 habuit
2075 4173 2230 4243 quod

590 4273 866 4341 gemeret,
896 4265 1036 4337 quia
1067 4280 1181 4319 non
1213 4262 1349 4318 fecit
1381 4267 1705 4333 peccatum.
1769 4281 1798 4310 ‹‹
1854 4264 1921 4315 Et
1975 4261 2232 4332 gemitus

592 4374 758 4413 meus
787 4372 903 4411 non
926 4359 1012 4409 est
1044 4352 1424 4407 absconditus
1455 4368 1488 4405 a
1533 4355 1603 4404 te.
1637 4371 1665 4400 »
1700 4350 1761 4404 Id
1805 4354 1911 4417 est,
1946 4350 2227 4420 quidquid

587 4446 765 4501 habet
794 4445 992 4508 homo,
1025 4442 1178 4497 Deus
1210 4440 1337 4495 scit.
1362 4438 1655 4509 Quidquid
1677 4436 1917 4509 deliqui,
1942 4438 2229 4509 quidquid

588 4535 727 4590 mali
758 4532 1141 4606 gessi,omnia
1170 4529 1276 4584 tibi
1307 4545 1439 4583 cum
1471 4526 1692 4599 gemitu
1715 4528 1962 4582 reseravi
1992 4545 2005 4582 :
2039 4527 2230 4582 sciens

587 4624 727 4694 quia
755 4622 860 4676 tibi
895 4638 1008 4676 non
1036 4617 1403 4675 occultantur
1432 4615 1676 4671 occulta.

658 4735 685 4762 ‹‹
716 4715 823 4766 Cor
854 4725 1052 4765 meum
1083 4706 1497 4763 conturbatum
1527 4712 1616 4761 est
1646 4706 1704 4759 in
1756 4722 1870 4773 me,
1919 4705 2233 4777 dereliquit

587 4816 680 4856 me
703 4800 889 4854 virtus
921 4814 1069 4852 mea.
1106 4820 1127 4848 ι
1165 4794 1310 4859 Quia
1344 4796 1492 4850 iram
1550 4811 1725 4865 quam
1781 4794 2054 4866 superius
2107 4811 2227 4850 me-

584 4889 825 4958 moravi,
879 4888 1173 4942 incurrere
1215 4901 1547 4956 expavesco.
1608 4906 1637 4933 «
1686 4884 1757 4939 Et
1786 4882 1983 4939 lumen
2030 4883 2230 4941 oculo-

588 4998 717 5036 rum
751 4994 1016 5034 meorum
1048 4993 1164 5031 non
1190 4980 1279 5030 est
1310 4991 1561 5029 mecum.
1606 4996 1634 5023 ››
1683 4973 1851 5041 Quia,
1906 4973 2229 5045 postposito

587 5068 846 5126 veritatis
892 5066 1155 5129 lumine,
1200 5065 1260 5118 in
1310 5064 1581 5119 tenebras
1649 5063 1977 5118 decideram
2027 5078 2230 5134 pecca-

586 5165 801 5215 torum.
888 5157 983 5211 Sic
1076 5154 1231 5209 enim
1332 5153 1671 5225 prophetam
1766 5168 2000 5208 omnem
2069 5152 2229 5207 ordi-

589 5264 720 5303 nem
754 5245 934 5317 hujus
965 5242 1175 5316 psalmi
1207 5258 1274 5296 ex
1325 5240 1644 5314 peccatoris
1689 5256 1937 5310 persona
1999 5256 2226 5310 prorse-

584 5343 787 5392 cutum
818 5332 1345 5397 fuisse,anteriores
1377 5329 1561 5384 nostri
1592 5330 1935 5401 docuerunt.
1962 5328 2230 5383 Sentiant

585 5427 669 5481 illi
704 5425 861 5497 quod
893 5422 1053 5477 libet.
1091 5423 1205 5492 Ego
1230 5437 1363 5475 vero
1412 5420 1483 5473 ab
1551 5417 1651 5472 illo
1711 5416 1855 5483 loco,
1924 5418 2026 5471 ubi
2094 5417 2222 5472 ait:

585 5538 614 5565 «
646 5513 837 5568 Amici
870 5512 985 5566 mei
1036 5516 1092 5564 et
1141 5509 1389 5581 proximi
1444 5507 1578 5573 mei,
1609 5528 1638 5555 »
1690 5522 1877 5577 usque
1927 5507 1997 5559 ad
2048 5508 2223 5561 linem

586 5602 796 5674 psalmi
831 5617 843 5655 :
878 5601 1043 5654 video
1078 5598 1386 5653 Dominum
1440 5611 1636 5649 meum
1680 5595 1879 5648 Jesum
1928 5594 2224 5649 Christum

583 5708 618 5746 a
646 5690 864 5745 Judaais
894 5685 1269 5751 circumdari,
1309 5686 1368 5739 in
1400 5699 1569 5740 cruce
1600 5682 1902 5754 suspendi,
1935 5688 1993 5738 et
2038 5700 2106 5738 ex
2135 5684 2223 5737 in-

2349 630 2419 668 ne
2451 631 2557 669 SUB.
2588 631 2601 669 Ξ

2422 723 2443 750 ι
2477 703 2663 758 Amici
2694 703 2807 758 mei
2839 708 2895 759 et
2928 704 3170 774 proximi
3207 703 3319 757 mei
3352 704 3633 757 adversus
3667 719 3760 756 me
3790 720 3993 774 appro—

2346 791 2777 863 pinquaverunt
2809 797 2864 846 et
2894 795 3202 847 steterunt:
3256 815 3283 840 ››
3341 793 3518 846 Amici
3575 791 3852 846 dicuntur
3882 792 3988 847 Ju-

2345 881 2476 947 dzei,
2499 885 2731 952 propter
2758 880 3073 947 Abraham,
3102 882 3364 935 Proximi
3403 898 3468 935 eo
3502 881 3655 952 quod
3684 882 3756 935 ab
3788 898 3987 936 eorum

2345 970 2716 1039 generatione
2742 969 3133 1041 assumpserit
3162 986 3417 1037 carnem,
3470 969 3571 1040 qui
3620 969 3993 1042 appropiave-

2346 1061 2483 1111 runt
2511 1057 2583 1125 ei,
2619 1061 2683 1111 ut
2714 1058 3324 1129 comprehenderetur.
3365 1058 3549 1112 Amici
3607 1059 3721 1112 mei
3778 1064 3835 1114 et
3866 1061 3988 1113 noti

2347 1146 2457 1200 mei
2491 1151 2691 1201 contra
2718 1163 2808 1201 me
2839 1151 3145 1202 steterunt.
3200 1147 3395 1202 Potest
3441 1153 3499 1201 et
3555 1149 3625 1203 de
3682 1148 3989 1218 discipulis

2348 1235 2552 1306 accipi,
2587 1235 2709 1306 qui,
2741 1236 2800 1290 in
2845 1236 3118 1307 passione
3175 1241 3334 1291 metu
3393 1236 3598 1291 territi.
3654 1254 3690 1291 a
3744 1237 3989 1292 Domino

2345 1329 2712 1379 recesserunt
2745 1341 2757 1379 :
2791 1323 3086 1380 intantum
3117 1330 3182 1380 ut
3211 1322 3387 1380 etiam
3411 1342 3545 1380 eum
3577 1325 3780 1380 Petrus
3820 1327 3991 1381 dene-

2344 1419 2525 1484 garet.
2558 1412 2659 1467 Vel
2690 1417 2957 1469 steterunt
2987 1419 3298 1469 causantes
3331 1419 3532 1469 contra
3562 1431 3718 1469 eum.

2418 1524 2445 1552 «
2477 1506 2544 1556 Et
2574 1502 2670 1573 qui
2697 1504 2865 1572 juxta
2896 1520 2990 1558 me
3030 1509 3215 1570 erant,
3276 1505 3346 1558 de
3395 1502 3566 1575 longe
3619 1509 3920 1559 steterunt.
3959 1526 3989 1552 »

2345 1590 2601 1662 Apostoli
2632 1590 2718 1646 vel
2749 1591 2957 1663 reliqui
2991 1591 3286 1664 discipuli,
3316 1594 3384 1646 de
3416 1593 3633 1664 quibus
3691 1593 3772 1648 ait
3818 1610 3988 1648 evan-

2345 1678 2593 1750 gelista:
2631 1679 2763 1734 Cum
2808 1686 2995 1735 autem
3045 1682 3527 1753 appr-elumiissent
3573 1698 3715 1753 eum,
3774 1682 3991 1737 stabant

2344 1783 2525 1823 omnes
2564 1771 2684 1824 noli
2710 1771 2827 1840 ejus
2857 1770 3073 1840 alonge
3130 1772 3281 1840 (Luc.
3343 1787 3504 1838 xxm,
3558 1770 3668 1841 49).
3702 1793 3731 1819 ‹‹
3766 1772 3833 1825 Et
3861 1770 3985 1825 vim

2346 1856 2633 1912 faciebant
2657 1860 2756 1929 qui
2789 1860 3127 1929 quaerebant
3159 1859 3417 1914 animam
3467 1876 3679 1914 meam.
3730 1882 3756 1908 »
3790 1858 3988 1915 Facie-

2344 1946 2486 2000 bant
2516 1946 2658 2014 vim,
2709 1964 2825 2001 non
2878 1948 3020 2019 noti,
3071 1948 3171 2002 sed
3223 1947 3410 2003 Judazi
3442 1965 3454 2003 :
3486 1947 3574 2003 vel
3631 1947 3821 2017 Petro,
3852 1965 3987 2003 cum

2344 2036 2813 2091 dicerentzNam
2896 2040 2947 2092 et
2994 2040 3053 2091 tu
3103 2053 3173 2091 ea:
3229 2037 3345 2091 illis
3373 2053 3427 2091 es
3460 2037 3607 2107 (Luc.
3669 2055 3805 2105 xxn,
3871 2037 3985 2107 58).

2342 2124 2445 2180 Vel
2475 2125 2692 2179 Jacobo
2727 2142 2739 2179 :
2773 2124 2871 2196 qui
2905 2141 3039 2179 cum
3087 2124 3437 2191 traheretur,
3486 2127 3680 2181 relicta
3725 2126 3980 2194 sindone,

2344 2214 2526 2268 nudus
2556 2215 2775 2283 aufugit
2802 2214 2869 2268 ab
2908 2216 2985 2269 eis
3016 2214 3199 2284 (Marc.
3230 2230 3343 2282 xiv,
3379 2213 3491 2282 5‘3).
3546 2238 3574 2263 «
3632 2215 3700 2269 Et
3741 2215 3856 2269 vim
3904 2217 3986 2269 fa-

2349 2304 2581 2358 ciebant
2610 2303 2709 2374 qui
2757 2304 3095 2374 qumrebant
3142 2304 3398 2358 animam
3438 2320 3630 2359 meam
3662 2322 3675 2372 ;
3711 2326 3739 2353 ››
3770 2303 3990 2359 scilicet

2343 2392 2553 2462 Judtei,
2606 2392 2774 2463 quasi
2826 2392 3062 2446 illorum
3124 2392 3404 2446 fortitudo
3461 2397 3634 2458 esset,
3685 2398 3742 2447 et
3792 2410 3826 2448 a
3877 2398 3987 2448 Deo

2345 2481 2530 2551 ipsam
2566 2484 2911 2551 potestatem
2946 2497 3061 2535 non
3092 2481 3470 2551 accepissent.

2417 2591 2445 2619 «
2475 2570 2543 2623 Et
2576 2569 2673 2640 qui
2706 2570 3042 2640 qumrebant
3072 2568 3226 2625 mala
3260 2570 3429 2635 mihi,
3473 2569 3648 2625 locuti
3701 2577 3841 2626 sunt
3885 2589 3987 2626 va-

2345 2660 2576 2725 nitates,
2610 2663 2667 2713 et
2698 2657 2864 2713 dolos
2894 2663 3012 2713 tota
3060 2659 3153 2713 die
3212 2661 3666 2714 meditabantur.
3703 2684 3729 2709 ››
3761 2660 3971 2716 Multos

2344 2746 2581 2819 quidem
2611 2745 2775 2801 dolos
2809 2746 3070 2801 meditati
3104 2752 3243 2801 sunt
3279 2773 3290 2801 :
3326 2765 3458 2803 cum
3491 2749 3913 2822 interrogarent
3929 2749 3978 2803 si

2343 2836 2621 2891 deberent
2679 2836 2817 2889 dare
2866 2851 3105 2890 censum
3194 2837 3422 2901 Caesari,
3484 2854 3555 2891 an
3615 2855 3730 2892 non
3778 2838 3980 2909 (Matth.

2341 2942 2480 2989 xxu,
2515 2924 2703 2994 17-21)
2739 2941 2750 2979 :
2786 2928 2887 2979 aut
2918 2923 2966 2979 si
2997 2923 3209 2979 mulier
3237 2925 3598 2995 deprehensa
3629 2925 3987 2997 lapidaretur

2343 3014 2519 3069 (Joan.
2553 3029 2670 3080 vin,
2704 3014 2778 3084 3).
2839 3013 2949 3068 Sed
3010 3016 3152 3067 tunc
3209 3018 3405 3084 aperte
3455 3015 3656 3069 dolum
3714 3013 3987 3086 ingerunt

2343 3119 2477 3158 cum
2509 3101 2690 3157 falsos
2738 3106 2918 3157 testes
2977 3103 3293 3157 adducunt.
3357 3102 3479 3171 Vel,
3536 3123 3563 3154 α
3594 3103 3695 3174 qui
3728 3104 3983 3175 inquire-

2345 3193 2486 3246 bant
2514 3191 2670 3246 mala
2700 3192 2866 3260 mihi,
2925 3190 3104 3246 locuti
3136 3197 3276 3246 sunt
3306 3192 3642 3257 vanitatem,
3694 3214 3723 3241 ››
3754 3193 3984 3265 quando

2265 3263 2308 3329 C
2346 3282 2618 3337 dixerunt
2667 3282 2779 3350 ;In
2839 3280 3130 3336 Beelzebub
3182 3282 3335 3352 ejicit
3387 3282 3659 3337 diemonia
3709 3263 3858 3354 (Luc.
3904 3298 3982 3350 x1,

2350 3372 2455 3442 15).

2414 3461 2592 3532 «Ego
2621 3464 2816 3515 autem
2855 3464 3138 3533 tanquam
3207 3461 3425 3516 surdus
3484 3477 3599 3515 non
3650 3460 3980 3529 audiebam,

2343 3553 2399 3604 et
2424 3549 2575 3604 sicut
2602 3554 2803 3604 mutus
2834 3566 2950 3605 non
2982 3550 3247 3621 aperiens
3306 3567 3369 3604 os
3402 3566 3598 3604 suum.
3664 3572 3691 3599 »
3746 3550 3986 3621 Semper

2343 3655 2469 3709 qua:
2495 3638 2939 3710 exprobrabant,
2973 3637 3206 3705 sustuli,
3231 3644 3287 3692 et
3315 3638 3538 3709 jugiter
3583 3637 3741 3692 silui.
3780 3643 3899 3693 Hoc
3925 3644 3985 3693 et

2343 3726 2564 3782 Pilatus
2616 3727 2970 3795 manifestat,
3022 3744 3155 3781 cum
3210 3726 3395 3781 dicit:
3430 3727 3563 3780 Mihi
3598 3742 3711 3782 non
3761 3744 3982 3798 respon-

2340 3816 2431 3871 des
2459 3818 2591 3871 ?An
2618 3817 2792 3871 nescis
2840 3816 2971 3886 quia
3023 3820 3337 3887 potestatem
3398 3816 3566 3870 habeo
3621 3815 3894 3871 dimittere
3932 3821 3987 3872 te

2343 3906 2517 3976 (Joan.
2547 3922 2664 3969 xxx,
2696 3905 2786 3971 40)
2817 3903 2844 3958 ?
2877 3925 2906 3953 α
2937 3904 3053 3975 Ego
3087 3909 3283 3958 autem
3315 3909 3595 3975 tanquam
3629 3911 3831 3959 mutus
3866 3923 3984 3962 non

2340 3993 2609 4065 aperiens
2668 4009 2734 4048 os
2768 4008 2963 4047 suum.
3016 4014 3043 4043 »
3079 3993 3148 4046 Et
3201 3994 3353 4064 apud
3416 3993 3663 4048 Pilatum
3700 3995 3980 4050 Dominus

2342 4100 2455 4137 non
2488 4087 2577 4137 est
2635 4080 2887 4138 locutus.
2920 4082 3013 4137 ‘Et
3042 4081 3223 4137 Isaias
3284 4084 3354 4138 de
3413 4084 3616 4138 eodem
3677 4082 3981 4154 loquitur:

2341 4173 2617 4250 Tanquam
2656 4188 2839 4244 agnus
2884 4171 2952 4226 ad
3000 4173 3285 4227 victimam
3326 4172 3535 4243 ductus,
3572 4189 3685 4228 non
3733 4175 3983 4244 aperiens

2339 4280 2394 4316 os
2422 4279 2585 4317 suum
2614 4263 2740 4331 (Isa.
2778 4278 2893 4332 LIII,
2933 4262 3012 4333 7.).

2413 4374 2440 4402 ‹‹
2473 4352 2541 4405 Et
2572 4352 2759 4407 factus
2791 4368 2924 4406 sum
2956 4352 3109 4406 sicut
3139 4350 3312 4406 homo
3348 4369 3458 4405 non
3486 4351 3731 4407 audiens
3778 4356 3833 4406 et
3864 4368 3978 4406 non

2342 4441 2567 4496 habens
2596 4441 2655 4495 in
2687 4457 2785 4495 ore
2816 4458 2922 4496 suo
2951 4442 3417 4513 redargutiones.
3466 4463 3493 4490 »
3542 4441 3689 4495 Nam
3723 4457 3854 4496 cum
3887 4458 3980 4495 me

2342 4530 2537 4602 sputis
2564 4529 2822 4597 linirent,
2873 4530 3160 4585 arundine
3215 4531 3607 4599 verberarent,
3640 4529 3978 4584 illuderent-

2262 4636 2453 4706 une
2478 4635 2630 4693 genu
2671 4619 2835 4687 flexo,
2895 4618 3040 4674 nihil
3098 4620 3181 4674 cis
3238 4625 3439 4673 mutus
3498 4620 3791 4690 respondi.
3853 4641 3879 4668 ‹‹
3912 4620 3981 4673 Et

2342 4726 2457 4765 non
2490 4708 2713 4764 habens
2742 4709 2803 4764 in
2836 4724 2933 4764 ore
2964 4724 3070 4763 suo
3122 4707 3583 4779 redargutiones.
3632 4728 3662 4757 »
3704 4707 3796 4763 Sic
3824 4707 3978 4763 tacui

2339 4802 2670 4863 accusatus,
2706 4796 2874 4867 quasi
2906 4813 3019 4851 non
3053 4795 3275 4851 habens
3298 4796 3435 4867 quid
3472 4813 3574 4867 pro
3618 4812 3711 4851 me
3748 4813 3981 4869 respon-

2340 4888 2475 4941 dere
2526 4885 2819 4941 deberem.
2856 4883 3126 4940 Christus
3191 4884 3249 4938 in
3300 4884 3574 4939 omnibus
3645 4885 3979 4958 exemplum

2339 4974 2519 5040 dedit,
2550 4978 2616 5028 ut
2644 4974 2820 5028 homo
2860 4971 3092 5045 flagella
3134 4978 3190 5029 et
3232 4974 3646 5028 correctionem
3696 4974 3982 5046 patienter

2340 5067 2567 5134 portare
2599 5062 2826 5119 debeat.

2414 5172 2441 5200 ‹‹
2471 5151 2755 5215 Quoniam
2791 5150 2849 5205 in
2883 5156 2959 5219 te,
2997 5150 3258 5214 Domine,
3295 5151 3542 5222 speravi,
3588 5156 3650 5206 tu
3703 5151 3980 5207 exaudies

2340 5258 2432 5296 me
2469 5241 2709 5296 Domine
2743 5241 2893 5295 Deus
2950 5256 3139 5295 meus.
3174 5261 3201 5288 ››
3235 5238 3305 5294 Ut
3365 5257 3454 5294 me
3511 5239 3847 5295 resuscites.
3878 5240 3979 5295 Vel

2338 5354 2363 5378 u
2391 5334 2448 5384 tu
2478 5329 2741 5385 exauiies
2788 5346 2877 5383 me
2910 5346 2923 5383 :
2959 5350 2986 5376 »
3016 5327 3126 5383 hoc
3175 5334 3282 5397 est,
3315 5328 3445 5383 vide
3492 5328 3725 5384 illorum
3776 5345 3978 5399 super-

2339 5419 2489 5475 biam
2522 5424 2578 5475 et
2607 5435 2799 5473 meam
2831 5416 3248 5471 humilitatem.

2407 5531 2435 5558 «
2468 5508 2615 5574 Quia
2642 5507 2759 5562 dixi
2801 5506 3122 5577 Nequando
3174 5506 3646 5577 supergaudeant
3695 5505 3837 5561 mihi
3869 5505 3977 5560 ini-

2338 5598 2474 5652 mici
2507 5597 2640 5663 mei,
2674 5601 2730 5650 et
2775 5596 2915 5649 dum
2967 5601 3411 5651 commoventur
3438 5596 3620 5666 pedes
3647 5595 3782 5650 mei.
3817 5616 3843 5646 υ
3880 5599 3980 5650 Pe-

2334 5685 2437 5741 des
2490 5685 2706 5743 Christi
2756 5684 2814 5738 in
2863 5684 3155 5756 passione,
3206 5683 3292 5739 vel
3343 5685 3529 5737 sancti
3578 5682 3847 5755 apostoli,
3879 5684 3980 5755 qui
