4314 6606
360 402 476 462 997

1534 403 2033 465 BREVIABIUM
2083 405 2157 462 lN
2204 404 2585 464 PSALMOS.

3647 403 3764 463 998

362 534 540 603 pedes
570 532 785 589 Christi
825 550 954 589 esse
1001 534 1363 589 debuerant:
1421 535 1698 590 commoti
1752 540 1888 591 sunt
1935 536 2004 590 dc
2037 538 2083 601 A
2117 535 2238 589 dire
2268 534 2435 589 vias:
2489 534 2601 589 nisi
2654 537 2717 587 ut
2772 550 2886 587 non
2935 532 3143 603 loquar
3191 532 3372 601 fatua,
3404 550 3470 588 ac
3513 532 3759 602 diversa,

362 622 476 676 ﬁde
533 622 603 676 ad
661 622 1087 677 infidelitatem.
1139 621 1501 677 Commoveri
1553 628 1801 695 possunt
1832 624 2007 695 pedes

361 709 473 764 mei
507 728 539 764 a
569 710 884 765 stabilitate
916 727 1043 782 sua,
1078 715 1134 765 et
1162 709 1386 766 inimici
1427 711 1487 766 in
1532 728 1625 767 me
1675 711 1958 767 insultare
1991 727 2005 767 :

362 798 414 852 si
446 799 504 853 in
537 799 645 853 hac
677 798 868 853 crucis
900 804 1086 855 morte
1116 799 1485 868 humiliatus,
1520 817 1635 855 non
1680 816 2007 855 resurrexe-

361 903 447 942 ro.
487 889 546 942 In
577 905 663 942 me
697 905 901 955 magna
951 889 1119 943 locuti
1164 894 1313 944 sunt.
1350 888 1617 945 Dicentes
1650 906 1663 943 :
1720 889 1783 943 Si
1838 890 2009 947 Filius

361 977 464 1031 Dei
490 992 563 1041 es,
596 976 849 1032 descende
877 977 942 1032 de
968 994 1129 1033 cruce
1166 977 1373 1048 (Matth.
1406 995 1580 1044 xxvu,
1614 978 1721 1049 40).

434 1088 461 1113 ‹‹
496 1066 612 1137 Ego
645 1072 840 1120 autem
872 1065 929 1120 in
963 1065 1192 1138 ﬂagella
1231 1072 1470 1138 paratus
1513 1083 1665 1122 sum.
1702 1088 1728 1114 ››
1785 1065 2006 1136 Praepa-

361 1170 424 1209 ro
458 1155 648 1221 mead
690 1155 1095 1210 sustinendam
1141 1172 1393 1227 crucem,
1429 1154 1713 1225 lanceam,
1749 1154 1841 1224 fel,
1874 1170 2007 1207 ace-

358 1247 509 1308 tum,
543 1248 605 1297 ut
637 1260 738 1314 per
768 1244 917 1298 hanc
949 1249 1193 1299 mortem
1227 1260 1355 1299 meo
1388 1244 1672 1315 sanguine
1722 1242 2004 1298 redimam

358 1330 644 1403 populum
681 1339 1044 1404 pereuntem,
1074 1334 1214 1404 quia
1243 1333 1512 1388 Christus
1560 1335 1630 1387 ad
1682 1333 1791 1387 hoc
1829 1330 2004 1401 venit,

358 1424 423 1474 ut
452 1420 787 1491 passionem
833 1423 1169 1479 sustineret.
1224 1446 1251 1471 α
1286 1422 1356 1476 Et
1386 1422 1552 1476 dolor
1584 1438 1748 1475 meus
1778 1420 1838 1474 in
1870 1437 2006 1475 con-

359 1514 559 1579 spectu
594 1526 720 1564 meo
755 1527 1005 1582 semper.
1040 1534 1066 1561 ››
1118 1511 1310 1565 Donec
1351 1509 1580 1580 ejiciam
1610 1508 1915 1565 victoriam
1948 1509 2006 1561 in

353 1596 669 1666 judicium.

433 1708 461 1735 ‹‹
493 1686 779 1749 Quoniam
833 1686 1206 1758 iniquitatem
1264 1704 1456 1743 meam
1516 1687 1898 1752 annuntiabo,
1950 1690 2006 1740 et

363 1773 626 1845 cogitabo
659 1792 760 1846 pro
792 1782 1025 1846 peccato
1051 1794 1198 1832 meo.
1227 1799 1255 1826 ››
1288 1777 1452 1832 Sicut
1473 1777 1627 1831 enim
1654 1775 2008 1831 maledictio-

363 1863 445 1935 ni,
478 1863 794 1934 subjacuit,
824 1871 888 1919 ut
922 1883 1026 1920 nos
1058 1883 1091 1920 a
1124 1865 1437 1921 maledicto
1468 1866 1615 1937 legis
1645 1869 1890 1929 erueret,
1925 1864 2008 1919 ita

363 1956 420 2007 et
465 1958 828 2024 peccatorem
876 1971 939 2010 se
986 1955 1312 2026 profitetur,
1359 1955 1459 2026 qui
1518 1961 1753 2026 peccata
1810 1959 2011 2008 nostra

362 2041 629 2112 portavit,
655 2046 719 2096 ut
765 2042 858 2114 pio
907 2043 1161 2115 cogitatu
1205 2061 1269 2099 ac
1300 2043 1713 2100 misericordiae
1746 2042 2010 2111 consilio,

362 2147 469 2185 nos
502 2130 573 2186 ab
604 2131 823 2187 eisdem
857 2135 1102 2188 erueret.
1142 2155 1168 2185 α
1199 2134 1267 2187 Et
1299 2132 1587 2189 sollicitus
1618 2149 1714 2187 ero
1747 2148 1851 2204 pro
1882 2147 2013 2203 pec-

360 2223 488 2273 cato
520 2235 670 2277 meo.
698 2244 719 2272 ι
756 2223 1066 2275 Peccatum
1087 2219 1323 2292 Christi,
1348 2222 1594 2277 humani
1627 2220 1843 2276 delicta
1874 2223 2015 2275 sunt

359 2307 590 2379 generis
626 2325 639 2362 :
696 2312 931 2380 propter
977 2327 1101 2381 qua:
1143 2315 1201 2365 et
1230 2311 1387 2365 Patri
1441 2310 1655 2365 dicitur
1696 2326 1852 2365 nunc
1884 2325 2012 2364 esse

362 2396 684 2465 subjectus.

443 2485 723 2541 «Inimici
756 2492 949 2542 autem
1000 2488 1111 2543 mei
1158 2488 1380 2544 vivunt.
1418 2513 1439 2540 ι
1499 2486 1645 2553 Quia
1701 2504 1815 2542 non
1876 2492 2015 2542 sunt

366 2573 565 2629 statim
598 2574 820 2631 ultione
869 2576 1065 2631 divina
1093 2578 1305 2648 puniti.
1362 2602 1382 2628 α
1420 2578 1489 2632 Et
1519 2575 1845 2632 conﬁrmati
1879 2579 2016 2630 sunt

369 2680 546 2733 super
575 2681 748 2718 me.»
800 2665 1139 2720 Confirmati
1184 2672 1323 2721 sunt
1361 2666 1419 2720 in
1464 2666 1611 2737 legis
1662 2665 1903 2720 littera:
1954 2664 2010 2718 in

370 2768 487 2822 qua
507 2751 888 2823 spiritualiter
917 2753 1249 2809 nuntiatum
1279 2771 1394 2810 non
1426 2753 1855 2810 intellexerunt.
1897 2773 1917 2801 α
1945 2754 2015 2808 Et

370 2839 742 2911 multiplicati
774 2847 931 2910 sunt,
967 2843 1067 2914 qui
1098 2845 1348 2898 oderunt
1380 2861 1473 2900 me
1517 2844 1737 2914 inique.
1774 2865 1802 2892 »
1855 2844 2014 2897 Certe

366 2928 567 3000 inique
598 2934 653 2985 et
684 2947 799 2986 non
832 2931 1258 2988 rationabiliter
1290 2950 1303 2988 :
1357 2934 1495 3005 quia
1536 2932 1597 2987 in
1642 2933 1752 2987 hac
1798 2931 2012 2996 littera,

366 3034 567 3073 semen
609 3036 806 3088 suum,
840 3036 945 3075 ceu
994 3026 1156 3077 astra
1207 3021 1334 3077 coeli
1385 3021 1761 3095 multiplicari
1812 3021 2013 3076 crede—

364 3107 525 3162 bant
1864 3180 1867 3181 ν

433 3219 463 3247 ς(
497 3197 603 3260 Qui
635 3197 1005 3253 retibuebant
1051 3198 1196 3253 mihi
1222 3200 1377 3256 mala
1425 3217 1529 3272 pro
1560 3200 1750 3256 bonis.
1784 3208 1811 3249 )3
1868 3198 2012 3254 Dul-

2119 624 2237 678 sive
2268 624 2474 678 otiosa.
2508 623 2587 677 Ex
2615 622 2827 689 verbis,
2858 621 3051 692 inquit
3102 621 3404 688 Dominus,
3440 621 3553 676 tuis
3576 622 3762 691 justi-

2118 712 2407 780 ﬁcaberis,
2442 716 2499 765 et
2527 728 2596 766 ex
2623 711 2815 766 verbis
2848 711 2967 765 tuis
2999 709 3500 765 condemnaberis.
3557 734 3576 759 α
3614 710 3761 781 Dixi,

2119 799 2446 855 custodiam
2476 800 2600 854 vias
2632 817 2792 855 meas
2826 817 2838 854 :
2874 822 2900 849 ››
2944 799 3001 854 id
3032 804 3141 867 est,
3173 799 3438 870 disposui
3468 800 3764 855 custodire

2117 905 2293 961 opera
2324 905 2452 943 mea
2479 905 2492 943 :
2526 888 2749 943 scilicet
2781 889 3043 960 quinque
3074 904 3288 943 sensus
3321 888 3602 960 corporis.
3639 914 3658 938 α
3694 889 3766 944 Ut

2117 994 2233 1032 non
2266 977 2603 1048 delinquam
2658 977 2718 1031 in
2764 976 2965 1049 lingua
3012 994 3225 1031 mea.»
3280 978 3393 1032 Non
3421 977 3761 1050 delinquam,

2119 1083 2231 1120 non
2266 1083 2497 1137 peccem
2523 1081 2536 1122 :
2569 1067 2702 1138 quia
2733 1068 2831 1137 qui
2859 1066 3090 1121 custodit
3121 1066 3369 1136 linguam
3398 1084 3575 1132 suam,
3597 1071 3764 1122 custo-

2116 1154 2198 1209 dit
2245 1157 2491 1209 animam
2537 1172 2693 1209 suam
2744 1154 2932 1224 (Prov.
2966 1172 3123 1222 xvm,
3157 1156 3286 1226 23);
3336 1158 3471 1227 quia
3515 1174 3667 1212 mors
3710 1163 3763 1213 et

2115 1246 2229 1297 vita
2276 1246 2337 1298 in
2381 1245 2639 1299 manibus
2690 1245 2899 1314 linguae
2944 1244 3076 1315 (lsa.
3123 1261 3300 1310 xxxu,
3336 1244 3409 1316 1).
3461 1246 3528 1300 Et
3574 1246 3759 1301 item:

2120 1332 2308 1387 Cultus
2331 1335 2588 1404 justitiaa,
2623 1334 2908 1388 silentium
2957 1342 3011 1387 et
3053 1350 3171 1404 pax
3199 1334 3385 1404 (Eeeli.
3419 1351 3617 1395 xxvul.
3654 1336 3763 1406 it).

2196 1443 2221 1471 α
2252 1420 2422 1475 Posui
2456 1422 2539 1475 ori
2572 1438 2700 1476 meo
2734 1422 3083 1476 custodiam.
3114 1444 3136 1471 ι
3171 1421 3345 1476 Juxta
3377 1420 3517 1477 illud
3546 1441 3559 1478 :
3594 1423 3766 1479 Pecu-

2117 1510 2278 1565 niam
2308 1515 2366 1565 et
2395 1527 2603 1565 aurum
2635 1515 2805 1565 tuum
2840 1510 3014 1582 alliga
3044 1512 3210 1580 bene,
3243 1516 3300 1566 et
3345 1511 3516 1567 facito
3549 1512 3631 1567 ori
3662 1517 3763 1569 tuo

2117 1599 2335 1655 ostium
2362 1604 2417 1652 et
2440 1616 2653 1654 seram.
2676 1600 2915 1654 Beatum
2939 1600 3095 1654 enim
3118 1600 3417 1654 hominem
3439 1601 3555 1656 oris
3578 1606 3765 1657 custo-

2119 1687 2217 1741 dia
2248 1686 2386 1741 facit
2418 1704 2430 1740 :
2483 1704 2618 1741 cum
2669 1704 2784 1741 non
2834 1689 3054 1758 profert
3104 1687 3324 1752 inania,
3358 1689 3456 1743 sed
3493 1705 3618 1759 qua:
3649 1694 3764 1745 Deo

2118 1780 2258 1830 sunt
2308 1775 2504 1847 digna.
2559 1799 2585 1823 «
2618 1776 2759 1831 Cum
2810 1776 3157 1830 consisteret
3189 1781 3457 1847 peccator
3486 1777 3765 1833 adversus

2118 1882 2230 1919 me.
2264 1883 2290 1914 ιο
2349 1865 2408 1919 Id
2440 1869 2528 1920 est
2559 1863 2847 1928 diabolus,
2882 1865 2980 1935 qui
3024 1864 3206 1935 justis
3239 1863 3538 1920 maledicit
3568 1882 3633 1920 ac
3664 1867 3764 1921 de-

2118 1952 2318 2019 trahit,
2351 1958 2408 2008 et
2454 1952 2765 2026 instigator
2811 1969 3014 2008 eorum
3063 1960 3152 2009 est
3199 1952 3299 2025 qui
3349 1954 3570 2010 sanctis
3622 1954 3765 2011 insi-

2118 2041 2375 2096 diantur.

2193 2153 2221 2180 «
2254 2129 2556 2186 Obmutui.
2585 2151 2607 2180 ι
2646 2130 2728 2186 Ne
2749 2131 3199 2204 objurgantibus
3229 2148 3324 2189 me
3349 2133 3764 2207 obstreperem,

2122 2219 2401 2286 Obmutui,
2434 2224 2492 2275 et
2534 2236 2649 2275 non
2681 2221 2879 2292 aperui
2913 2238 2979 2277 os
3012 2237 3225 2288 meum,
3258 2223 3399 2294 quia
3445 2227 3508 2278 tu
3559 2223 3765 2280 fecisti.

2123 2308 2253 2363 Ideo
2284 2309 2571 2380 patienter
2618 2309 2738 2364 fero
2774 2328 2786 2365 :
2839 2311 2980 2382 quia
3026 2314 3080 2366 te
3111 2311 3229 2367 scio
3263 2313 3334 2367 ad
3366 2313 3768 2384 probationem

2122 2413 2214 2451 me
2233 2396 2657 2453 tentationibus
2680 2397 3009 2470 reliquisse.
3045 2423 3073 2449 «
3097 2401 3168 2455 Et
3189 2400 3535 2456 humiliatus
3555 2418 3710 2457 sum.
3741 2423 3763 2450 ιι

2117 2487 2203 2539 Ad
2256 2485 2604 2541 sustinenda
2658 2504 2858 2542 eorum
2918 2488 3294 2560 improperia.
3352 2512 3380 2538 ‹‹
3413 2490 3484 2545 Et
3538 2489 3676 2545 silui
3735 2506 3770 2544 a

2120 2573 2313 2629 bonis.
2349 2596 2377 2623 »
2408 2574 2488 2629 De
2516 2575 2667 2631 bona
2689 2576 3046 2631 conscientia
3068 2577 3416 2648 procedebat
3438 2577 3581 2632 mihi
3610 2595 3772 2634 secu-

2122 2662 2264 2717 ritas
2300 2680 2312 2718 :
2364 2663 2493 2718 ideo
2528 2680 2617 2719 me
2647 2680 2761 2719 non
2793 2664 3105 2735 justiﬁcavi
3139 2682 3334 2720 coram
3377 2665 3717 2722 hominibus
3751 2684 3764 2723 :

2122 2767 2308 2823 neque
2341 2751 2494 2806 bona
2522 2770 2647 2823 quae
2680 2753 2864 2807 in'me
2895 2758 3080 2819 erant,
3115 2753 3403 2825 divulgavi
3433 2772 3445 2808 :
3480 2754 3619 2825 quia
3646 2756 3767 2811 scio

2122 2840 2275 2911 quod
2306 2844 2479 2896 Pater
2523 2840 2623 2912 qui
2671 2840 2826 2896 videt
2872 2841 2930 2895 in
2980 2842 3286 2912 absconso,
3340 2842 3541 2897 reddet
3597 2842 3764 2898 mihi.

2124 2951 2151 2977 ‹‹
2183 2928 2252 2983 Et
2282 2928 2447 2984 dolor
2485 2947 2652 2985 meus
2702 2934 3013 2985 renovatus
3062 2935 3169 2985 est.
3204 2952 3232 2979 »
3287 2930 3558 2985 Nondum
3608 2931 3765 2987 enim

2123 3034 2388 3073 veneram
2415 3018 2485 3073 ad
2519 3018 2840 3090 perfectum
2868 3018 3080 3075 virum.
3104 3019 3250 3074 Nam
3272 3019 3376 3073 etsi
3403 3019 3764 3075 sustinebam

2123 3122 2256 3162 cum
2289 3106 2486 3162 dolore
2515 3107 2892 3179 improperia,
2924 3125 3037 3163 non
3067 3113 3261 3163 tamen
3294 3108 3550 3164 sciebam
3583 3109 3761 3164 male—

2123 3195 2453 3251 dicentibus
2476 3196 2833 3252 benedicere.
2856 3195 2980 3267 Vel,
3014 3219 3041 3246 «
3068 3196 3233 3252 dolor
3259 3213 3425 3253 meus
3456 3203 3764 3253 renovatus

364 3284 627 3340 cedinem
659 3291 886 3341 aeternae
916 3288 1044 3341 vitae
1077 3270 1605 3344 efferentem—aceto
1637 3293 2003 3361 potaverunt,
2038 3270 2080 3335 C
2119 3288 2226 3339 est.
2261 3306 2288 3333 »
2346 3285 2410 3339 In
2442 3283 2549 3339 hoc
2579 3284 2797 3340 dicitur
2826 3283 2991 3339 dolor
3018 3283 3273 3352 Christi;
3326 3286 3466 3356 quia
3513 3285 3597 3340 illi
3645 3303 3761 3341 non

363 3388 429 3426 ac
482 3371 632 3428 felle.
692 3396 719 3423 «
755 3373 1148 3430 Detrahebant
1202 3376 1369 3431 mihi.
1407 3397 1429 3427 ι
1488 3376 1804 3433 Dicentes:
1862 3378 2010 3432 Alios

361 3462 544 3516 salvos
580 3463 749 3532 fecit;
794 3465 1141 3534 semetipsum
1194 3480 1305 3519 non
1348 3468 1523 3534 potest
1567 3467 1782 3521 salvum
1826 3467 2009 3536 facere

363 3549 511 3619 (Luc.
545 3567 704 3621 xxm,
736 3551 846 3622 35).
899 3574 926 3600 «
960 3552 1247 3615 Quoniam
1280 3554 1568 3625 sequebar
1598 3554 1941 3609 bonitatem.
1980 3576 2006 3602 ››

362 3636 434 3691 Ut
463 3638 714 3710 implens
743 3639 1097 3697 voluntatem
1130 3641 1336 3709 Patris,
1368 3659 1472 3715 pro
1501 3643 1620 3698 vita
1650 3642 1849 3716 populi
1882 3659 2008 3697 sus-

364 3727 615 3798 ciperem
648 3733 917 3785 mortem.

434 3840 462 3866 «
496 3817 618 3873 Non
652 3818 1021 3891 derelinquas
1052 3837 1164 3886 me,
1198 3824 1441 3879 Domine
1471 3821 1626 3878 Deus
1668 3840 1836 3879 meus
1870 3840 1882 3877 :
1936 3840 2006 3878 ne

362 3907 703 3964 discesseris
733 3925 767 3964 a
801 3926 913 3965 me.
949 3931 977 3959 ››
1007 3912 1151 3966 Cum
1182 3910 1473 3983 proi'unda
1502 3913 1713 3968 inferni
1746 3918 2006 3985 penetra-

360 4012 514 4051 vero.

431 4085 735 4141 «Intende
783 4085 842 4141 in
892 4088 1250 4157 adjutorium
1301 4106 1521 4158 meum,
1553 4090 1799 4147 Domine
1854 4095 2003 4146 Deus

357 4172 569 4228 salutis
600 4191 759 4229 meae.
789 4196 818 4222 »
849 4174 1225 4231 Manifestum
1257 4183 1363 4245 est,
1397 4178 1642 4234 Domine
1670 4180 1833 4247 Jesu,
1865 4180 2003 4251 quia

354 4261 606 4316 intendit
633 4262 693 4316 in
725 4267 780 4316 te
809 4262 978 4318 Pater
1008 4265 1301 4320 suscitans
1346 4272 1404 4320 te
1453 4284 1487 4320 a
1534 4268 1784 4322 mortuis
1830 4268 1998 4323 tertia

355 4350 466 4418 die,
500 4354 556 4414 et
587 4349 980 4423 collocans‘ad
1015 4352 1309 4408 dexteram
1342 4372 1509 4409 suam
1558 4355 1616 4410 in
1665 4355 2001 4412 ccelestibus

354 4457 531 4512 super
579 4456 810 4495 omnem
866 4441 1256 4513 principatum
1306 4448 1363 4498 et
1410 4448 1797 4515 potestatem;
1851 4447 1999 4501 dans

354 4528 458 4583 tibi
509 4546 720 4584 nomen
775 4530 931 4600 quod
979 4536 1069 4586 est
1117 4548 1296 4602 supra
1343 4550 1514 4588 omne
1565 4551 1796 4590 nomen.
1848 4536 1997 4608 Ergo

2120 3374 2353 3427 fuerunt
2404 3373 2566 3443 digni
2623 3372 2825 3428 audire
2871 3373 3047 3427 verba
3094 3373 3376 3444 mysterii,
3408 3377 3475 3428 ut
3519 3374 3599 3428 ait
3627 3391 3760 3445 pro-

2115 3460 2290 3532 pheta
2322 3478 2335 3515 :
2370 3465 2466 3516 Va?
2494 3461 2652 3528 mihi,
2685 3463 2818 3532 quia
2850 3463 2999 3515 tacui
3030 3461 3157 3532 (Isa.
3188 3478 3269 3526 v1,
3298 3462 3375 3532 5).
3409 3461 3511 3517 Vel
3560 3462 3705 3517 illud
3742 3481 3755 3517 :

2116 3549 2405 3605 Adhwrere
2451 3551 2656 3620 faciam
2702 3549 2954 3621 linguam
3013 3558 3169 3605 tuam
3221 3551 3411 3619 palato
3466 3554 3579 3619 tuo,
3629 3552 3761 3623 quia

2115 3639 2378 3694 Dominus
2418 3655 2752 3710 exasperans
2779 3647 2862 3695 est
2891 3639 3106 3706 (Ezeeh.
3140 3657 3225 3706 ιιι,
3255 3640 3366 3711 26).

2187 3749 2215 3777 ‹‹
2247 3726 2618 3783 Conculcavit
2647 3744 2746 3782 cor
2776 3745 2977 3783 meum
3004 3727 3160 3783 intra
3188 3744 3301 3783 me.
3337 3750 3365 3777 »
3396 3728 3544 3784 Dicit
3571 3729 3761 3786 Eccle-

2114 3815 2220 3871 sia.
2271 3824 2313 3869 A
2360 3817 2761 3872 recordatione
2810 3817 3155 3873 delictorum
3207 3817 3489 3889 priorum.
3542 3839 3571 3869 «
3602 3819 3670 3874 Et
3697 3818 3757 3874 in

2115 3905 2490 3962 meditatione
2521 3922 2651 3962 mea
2679 3907 3018 3962 exardescet
3048 3906 3226 3980 ignis.
3260 3930 3290 3956 ››
3337 3907 3506 3975 Quid,
3539 3908 3756 3979 inquis,

2114 3994 2540 4050 meditabaris?
2590 3993 2737 4049 Illud
2791 4011 3021 4066 nempe,
3055 3994 3306 4066 qualiter
3352 3996 3547 4068 ignem
3588 3996 3755 4052 illum

2112 4083 2363 4155 reperire
2393 4083 2639 4154 possim,
2672 4083 2772 4153 qui
2812 4089 3051 4154 peccata
3078 4089 3466 4149 consumeret,
3500 4090 3754 4140 mentem

2111 4170 2493 4237 illuminaret,
2524 4171 2625 4243 qui
2656 4176 2745 4226 est
2777 4171 3030 4243 Spiritus
3063 4178 3321 4244 sanctus,
3355 4173 3427 4229 de
3456 4190 3570 4244 quo
3600 4173 3758 4229 Cleo-

2112 4258 2257 4330 phas
2305 4263 2361 4313 et
2408 4260 2508 4331 qui
2557 4275 2691 4315 cum
2741 4276 2807 4315 eo
2852 4265 3036 4331 erant,
3071 4260 3389 4316 dicebant:
3441 4265 3637 4318 Nonne
3664 4280 3756 4319 cor

2109 4357 2355 4404 nostrum
2387 4348 2588 4404 ardens
2616 4358 2734 4405 erat
2762 4351 2825 4405 in
2852 4351 3029 4416 nobis,
3055 4366 3179 4405 eum
3210 4352 3520 4422 loqueretur
3547 4354 3607 4407 in
3634 4355 3750 4424 via,

2108 4441 2157 4493 et
2185 4438 2422 4509 aperiret
2452 4438 2606 4493 nobis
2632 4439 2953 4510 Seripturas
2997 4440 3146 4508 (Luc.
3180 4457 3334 4506 xxrv,
3366 4442 3457 4511 32)
3479 4441 3507 4495 ?

2179 4549 2208 4577 «
2242 4528 2496 4583 Locutus
2526 4544 2657 4583 sum
2689 4528 2748 4582 in
2786 4527 2987 4599 lingua
3019 4545 3166 4583 mea.
3200 4548 3226 4579 ι)
3287 4528 3404 4584 Hoc
3453 4536 3560 4598 cst,
3596 4546 3749 4602 prae-

355 4619 494 4688 quia
524 4635 726 4691 graves
756 4624 892 4673 sunt
922 4637 1126 4691 pugna:
1158 4621 1370 4689 carnis,
1399 4625 1484 4691 tu,
1512 4624 1773 4691 Domine,
1806 4624 1995 4679 inten-
2031 4637 2077 4700 D
2110 4616 2293 4671 dicavi
2324 4616 2599 4671 omnibus
2643 4616 3006 4682 hominibus,
3042 4622 3107 4672 ut
3155 4617 3298 4673 illud
3336 4636 3349 4673 :
3407 4617 3468 4674 Si
3496 4636 3607 4675 non
3655 4637 3754 4674 an-

355 4707 426 4762 de
457 4707 516 4761 in
548 4707 903 4778 adjutorium
939 4714 1228 4776 nostrum,
1260 4715 1317 4766 et
1363 4716 1486 4767 esto
1536 4712 1704 4769 nobis
1744 4712 1904 4769 salus
1936 4714 1993 4768 in

353 4800 615 4866 tempore
656 4796 1070 4853 tribulationis.

838 4905 1173 4961 PSALMUS
1213 4906 1507 4964 XXXVIII.

353 4995 440 5074 In.
474 4992 650 5074 ﬁnem.
690 5010 791 5063 pro
848 4995 1067 5074 Idithun
1130 4999 1428 5074 Canticum
1481 5000 1672 5074 David.
1736 5003 1993 5074 Idithun,

423 5065 745 5146 transiliens
764 5082 872 5146 eos,
896 5066 1330 5146 interpretatur.
1359 5071 1473 5126 Iste
1493 5072 1756 5143 psalmus
1782 5065 1996 5146 patien:

423 5136 562 5191 tiam
589 5137 863 5213 do_cet,_ut
891 5136 1190 5213 refrenans
1214 5140 1387 5196 homo
1416 5136 1706 5213 os‘suum,
1732 5136 1997 5202 observet

424 5224 616 5287 neper
642 5209 968 5287 fatuitatem
992 5212 1302 5287 verborum
1325 5213 1545 5287 incidat
1574 5216 1632 5269 in
1656 5209 1951 5287 peccatum
1978 5235 1991 5275 :

423 5280 561 5350 quia
592 5278 701 5334 scit
730 5280 1015 5351 prepheta
1042 5284 1217 5338 etiam
1251 5284 1321 5339 de
1353 5285 1544 5341 verbis
1583 5278 1787 5344 otiosis
1818 5289 1991 5344 ratio-

420 5366 554 5405 nem
586 5368 715 5406 esse
746 5353 1128 5409 reddendam.
1166 5359 1337 5410 Docet
1367 5357 1538 5411 etiam
1574 5364 1637 5412 ut
1667 5376 1735 5414 ea
1763 5360 1993 5416 thesau-

420 5423 670 5504 rizemus
700 5422 760 5477 in
792 5424 1021 5492 saeculo,
1050 5443 1179 5496 quae
1200 5427 1271 5481 ad
1305 5427 1629 5498 profectum
1663 5432 1995 5501 pertineant

419 5511 770 5549 animarum.

419 5605 446 5631 ‹‹
481 5581 624 5648 Dixi,
649 5583 974 5651 custodiam
1002 5585 1155 5640 viam
1189 5603 1347 5643 meas
1373 5604 1385 5642 :
1419 5593 1484 5644 ut
1514 5607 1626 5646 non
1650 5590 1988 5665 delinquam

344 5671 404 5726 in
437 5671 640 5743 lingua
671 5689 817 5728 mea.
855 5697 876 5725 ι
933 5674 1057 5728 Non
1093 5672 1261 5730 aliter
1289 5677 1409 5733 scio
1440 5680 1573 5736 vitae
1604 5695 1741 5736 mea:
1789 5688 1988 5739 custo-

2109 4706 2447 4760 nuntiaveris
2475 4706 2666 4777 iniquo
2697 4706 3047 4777 iniquitatem
3074 4724 3257 4775 suam,
3290 4709 3612 4780 sanguinem
3639 4711 3757 4780 ejus

2104 4795 2173 4850 de
2216 4811 2388 4849 manu
2437 4798 2536 4849 tua
2585 4797 2869 4865 requiram
2919 4795 3146 4865 (Ezecli.
3194 4799 3424 4868 111,18).
3479 4822 3507 4849 ‹‹
3540 4799 3753 4855 Notum

2111 4884 2197 4937 fac
2229 4883 2394 4953 mihi,
2429 4883 2691 4951 Domine,
2726 4885 2902 4939 ﬁnem
2947 4901 3168 4955 meum,
3201 4892 3258 4943 et
3286 4904 3598 4944 numerum
3632 4889 3752 4944 die-

2108 4990 2239 5027 rum
2279 4989 2541 5028 meorum
2593 4973 2725 5044 quis
2778 4979 2947 5029 est.»
3000 4975 3126 5031 Non
3174 4975 3349 5032 istius
3394 4978 3523 5032 vitae
3571 4978 3748 5032 finem

2106 5062 2313 5133 quazrit
2334 5061 2444 5116 sibi
2472 5066 2676 5116 notum
2700 5062 2823 5117 ﬁeri
2856 5064 3139 5136 propheta
3166 5080 3177 5119 :
3211 5066 3309 5120 sed
3335 5063 3501 5120 illum
3525 5066 3584 5119 in
3609 5082 3745 5137 quo,

2105 5150 2399 5206 evacuatis
2428 5152 2816 5223 potestatibus
2852 5170 2917 5207 ac
2948 5154 3247 5209 destructa
3278 5160 3485 5219 morte,
3518 5154 3746 5210 Christo

2094 5239 2385 5309 jungatur
2413 5242 2514 5311 qui
2545 5245 2634 5295 est
2663 5240 2798 5295 ﬁnis
2831 5241 2996 5313 legis.
3025 5242 3222 5314 Neque
3247 5242 3493 5298 istorum
3517 5242 3745 5299 dierum

2104 5345 2415 5383 numerum
2462 5328 2586 5384 vult
2634 5329 2801 5395 scire,
2835 5331 2934 5386 sed
2984 5330 3219 5387 illorum
3259 5332 3329 5386 de
3359 5333 3575 5403 quibus
3605 5331 3747 5386 dicit

2102 5417 2432 5473 Dominus:
2483 5418 2637 5489 Apud
2684 5421 2905 5474 Patrem
2950 5437 3129 5474 meum
3184 5423 3496 5476 mansiones
3551 5421 3746 5478 multi?

2099 5514 2228 5562 sunt
2258 5508 2435 5577 (Joan.
2464 5524 2582 5575 x1x,
2613 5507 2687 5578 2).
2729 5528 2749 5553 α
2784 5512 2850 5561 Et
2881 5525 3189 5563 numerum
3221 5508 3446 5564 dierum
3480 5526 3742 5566 meorum

2102 5596 2234 5666 quis
2266 5601 2372 5652 est.
2407 5596 2524 5651 Hoc
2553 5600 2662 5663 est,
2700 5613 2979 5652 numerus
3010 5596 3134 5653 sine
3166 5615 3429 5670 numero,
3462 5598 3586 5656 dies
3616 5600 3744 5655 sine

2100 5685 2215 5754 die,
2246 5690 2509 5757 tempora
2538 5685 2665 5741 sine
2695 5690 2973 5757 tempore.
3008 5710 3037 5737 «
3072 5686 3212 5751 Quis
3238 5696 3345 5744 est.
3382 5710 3410 5739 »
3451 5690 3558 5755 Qui
3590 5706 3742 5746 sem-
