4314 6620
549 453 665 512 999

2038 443 2460 507 APPENDIX'

3794 443 3953 506 1000

549 600 650 655 per
678 587 766 638 est
821 601 844 628 ε
877 581 948 636 Ut
977 581 1157 636 sciam
1200 579 1342 652 quid
1376 580 1528 636 desit
1560 579 1726 635 mihi.
1760 601 1792 633 ι
1845 582 1957 635 Hoc
1988 586 2095 649 est,
2130 583 2195 634 ut
2225 581 2275 643 Α
2307 583 2496 650 potens
2524 595 2646 633 sum
2689 579 2764 647 (II
2794 580 2918 634 Cor.
2955 595 3055 646 xu,
3092 578 3200 650 10).
3261 598 3288 628 ‹‹
3317 577 3400 633 Ab
3453 577 3953 648 increpationibus

549 687 642 726 me
697 670 877 725 facias
933 668 1258 741 intelligere
1316 669 1512 724 omnia
1569 670 1743 738 bona,
1778 674 1838 723 ut
1889 686 2020 724 cum
2072 668 2192 722 haec

548 764 686 816 nota
714 758 994 828 habuero,
1029 756 1208 812 sciam
1242 757 1382 828 quid
1405 758 1596 813 adhuc
1618 759 1676 812 in
1710 757 1918 812 seculo
1950 757 2193 828 degente

549 849 700 904 desit
729 848 801 902 ad
835 846 1089 918 palmam
1125 845 1504 912 beatitudinis
1535 847 2025 917 consequendam.
2063 846 2192 900 Per-

550 938 733 993 fectus
781 935 936 992 enim
989 939 1112 990 erat
1162 933 1375 990 Paulus
1424 936 1525 1007 qui
1581 936 1854 990 dicebat:
1909 935 2193 990 Certamen

553 1027 751 1082 bonum
805 1025 1008 1080 certavi
1041 1042 1060 1075 :
1106 1040 1326 1078 cursum
1381 1025 1772 1079 consummavi.
1807 1025 1961 1078 Nunc
2007 1031 2192 1078 autem

549 1115 692 1172 deest
740 1115 880 1169 mihi
921 1129 1124 1169 corona
1144 1113 1403 1184 justitiw,
1432 1130 1598 1184 quam
1628 1114 1893 1167 Dominus
1925 1112 2193 1167 retribuet

544 1206 689 1259 mihi
732 1205 804 1275 (II
834 1204 964 1258 Tim.
999 1219 1075 1273 ιν,
1103 1203 1160 1270 7,
1193 1203 1270 1272 8).
1321 1202 1482 1265 Quod
1533 1205 1727 1256 autem
1778 1217 1891 1257 non
1945 1201 2014 1255 de
2067 1199 2191 1255 suis

543 1293 752 1348 diebus
783 1291 904 1346 haec
936 1290 1229 1362 loquatur,
1263 1288 1567 1361 sequentia
1605 1290 1832 1344 docent.

618 1405 645 1431 ‹‹
678 1381 821 1436 Ecce
855 1377 1282 1434 mensurabiles
1315 1378 1563 1450 posuisti
1594 1378 1720 1432 dies
1760 1393 1941 1432 meos.
1971 1377 2189 1432 Secun~

545 1470 688 1525 dum
718 1474 967 1524 veterem
997 1467 1295 1523 hominem
1324 1483 1512 1538 usque
1543 1484 1699 1521 nunc
1729 1467 1998 1522 fuerunt:
2036 1482 2193 1521 nunc

547 1576 760 1614 novum
819 1557 1106 1623 desidero,
1149 1555 1318 1610 illum
1376 1572 1550 1626 quem
1600 1555 1893 1609 Abraham
1947 1555 2085 1609 vidit
2139 1562 2192 1610 et

543 1650 764 1720 gavisus
827 1650 907 1703 est
953 1647 1129 1714 (Joan.
1164 1662 1286 1712 vui,
1319 1645 1430 1714 36).
1476 1643 1537 1700 In
1573 1661 1686 1718 quo
1717 1643 1855 1698 alibi
1885 1644 2192 1698 hortamur

546 1735 750 1808 laetari,
777 1735 836 1789 in
868 1751 980 1804 quo
1002 1738 1155 1788 Deus
1178 1732 1462 1788 Dominus
1490 1731 1683 1786 illuxit
1713 1733 1902 1788 nobis.
1935 1732 2043 1795 Qui
2075 1749 2188 1787 non

549 1842 583 1878 a
629 1824 771 1890 sole,
817 1839 1005 1895 neque
1056 1840 1090 1876 a
1144 1822 1284 1877 luna
1334 1820 1782 1889 illuminabitur,
1826 1821 1926 1876 sed
1957 1821 2028 1876 ab
2063 1822 2190 1894 ipso

548 1911 792 1969 Domino
812 1917 1092 1984 perpetua
1110 1909 1238 1966 luce
1265 1908 1527 1978 refulget.
1562 1929 1588 1960 ιθ
1616 1911 1685 1965 Et
1705 1911 2036 1966 substantia
2061 1927 2191 1966 mea

547 2007 828 2074 tanquam
850 2000 1102 2056 nihilum
1123 2003 1255 2055 ante
1279 2004 1354 2054 te.
1375 2023 1401 2048 ››
1425 1998 1761 2070 Suscipiens
1783 1999 1973 2055 altiori
1998 2005 2190 2055 mente

547 2090 869 2146 claritatem
900 2094 1064 2145 tuam
1098 2105 1111 2144 :
1161 2105 1264 2162 pro
1297 2087 1481 2143 nihilo
1503 2087 1765 2160 judicavi
1797 2088 2188 2144 substantiam

549 2196 762 2236 meam.

620 2293 649 2320 «
681 2268 1098 2326 Verumtamen
1145 2265 1417 2324 universa
1467 2267 1715 2336 vanitas,
1765 2267 1956 2324 omnis
2013 2267 2188 2323 homo

547 2359 766 2415 vivens.
803 2381 830 2408 »
863 2357 923 2413 Si
954 2361 1221 2432 peccator
1251 2361 1358 2425 est,
1383 2361 1439 2413 et
1467 2357 1526 2412 in
1559 2357 1782 2413 deliciis
1815 2357 2064 2428 ﬂuxerit,
2089 2375 2190 2412 va-

550 2448 717 2505 nitati
751 2447 1038 2507 subsistit.
1071 2447 1130 2502 Si
1169 2448 1392 2518 justus,
1426 2451 1483 2502 et
1521 2447 1813 2502 desiderat
1842 2445 2101 2514 dissolvi,
2135 2451 2192 2502 et

550 2555 684 2595 cum
733 2538 962 2593 Christo
1009 2553 1159 2602 esse,
1209 2554 1356 2592 vana
1405 2541 1492 2592 est
1539 2537 1590 2592 ei
1640 2535 2026 2591 nihilominus
2073 2536 2189 2590 vita

547 2645 823 2701 praesens.

617 2741 645 2768 α
678 2718 1093 2774 Verumtamen
1118 2716 1176 2772 in
1199 2716 1454 2788 imagine
1479 2715 1580 2772 Dei
1605 2717 1621 2750 ί
1654 2715 1971 2788 pertransit
1991 2714 2185 2782 homo,

545 2808 645 2863 sed
677 2808 894 2862 frustra
923 2807 1328 2862 conturbatur.
1365 2828 1391 2854 ››
1435 2803 1639 2860 Omnis
1668 2805 1843 2860 homo
1875 2806 1948 2860 ad
1980 2805 2185 2878 imagi-

545 2913 678 2952 nem
701 2895 802 2951 Dei
828 2895 1016 2950 factus
1037 2899 1143 2949 est.
1169 2895 1228 2950 Si
1251 2911 1386 2966 ergo
1410 2894 1467 2948 in
1489 2910 1556 2948 ea
1577 2893 1879 2949 ambulare
1901 2893 2186 2958 videatur,

547 2990 604 3039 et
633 2984 690 3038 in
723 2983 943 3056 rapinis
972 2988 1234 3039 versetur
1281 2988 1456 3055 atque
1505 2982 2017 3055 concupiscentiis,
2051 2999 2186 3038 con-

547 3073 818 3128 turbatur
844 3072 904 3126 in
945 3071 1190 3127 actione.

625 3187 645 3213 α
683 3160 1082 3229 Thezaurizat,
1116 3165 1174 3216 et
1202 3159 1433 3233 ignorat
1475 3160 1568 3215 cui
1616 3161 1991 3234 eongregabit
2038 3178 2122 3216 ea.
2155 3183 2183 3213 »

548 3254 711 3324 Saepe
768 3251 922 3307 enim
972 3249 1234 3322 plerique
1283 3249 1682 3305 thesaurizant
1732 3255 1788 3304 et
1835 3255 2188 3322 congregant

548 3323 755 3410 multa,
787 3357 914 3412 quae
945 3345 1044 3394 aut
1072 3339 1297 3396 desidia
1326 3339 1581 3394 ﬁliorum
1621 3339 1843 3404 evertit,
1879 3343 1980 3394 aut
2009 3339 2186 3395 ﬁscus
2217 3323 2260 3389 C

548 3435 812 3503 occupat,
837 3434 939 3485 aut
961 3427 1246 3500 diripiunt
1273 3427 1465 3482 alieni.
1492 3432 1699 3482 Beatus
1731 3433 1929 3484 autem
1959 3427 2054 3482 ille
2077 3433 2182 3498 est,

546 3521 644 3592 qui
677 3519 754 3575 ibi
795 3517 1168 3585 thesaurizat,
1202 3518 1298 3572 ubi
1325 3519 1479 3588 fures
1505 3533 1616 3572 non
1644 3517 1928 3588 e/fodiunt,
1962 3534 2056 3571 nec
2093 3520 2183 3588 fu-

547 3617 746 3664 rantur
776 3608 987 3677 (Matth.
1020 3621 1095 3678 vt,
1126 3608 1238 3676 20),
1272 3605 1373 3661 ubi
1403 3607 1604 3662 audire
1635 3612 1929 3662 mereatur
1963 3623 1974 3661 :
2011 3608 2187 3675 Quan-

545 3697 644 3752 diu
708 3698 912 3768 [ecistis
974 3697 1078 3750 uni
1140 3712 1210 3751 ex
1269 3695 1518 3750 mini-mis
1582 3696 1722 3762 istis,
1779 3692 1921 3752 mihi
1981 3700 2187 3769 fecistis

548 3786 755 3856 (Matth.
786 3802 916 3852 xxv,
957 3785 1066 3855 40).

625 3897 652 3928 α
682 3874 750 3928 Et
781 3889 934 3928 nunc
966 3889 1094 3944 quae
1125 3875 1212 3927 est
1234 3871 1587 3945 exspectatio
1619 3890 1973 3945 mea,nonne
1996 3875 2187 3932 Domi-

547 3963 706 4020 nus?
736 3967 793 4019 et
823 3962 1154 4018 substantia
1185 3979 1315 4017 mea
1344 3963 1497 4034 apud
1533 3967 1587 4017 te
1618 3967 1723 4018 est.
1752 3985 1778 4012 ››
1811 3963 2047 4020 Relictis
2069 3982 2185 4020 om-

547 4053 742 4124 nibus,
794 4057 872 4120 te,
922 4051 1188 4122 Domine,
1240 4049 1636 4123 praestolabor,
1671 4051 1809 4124 quia
1855 4053 2188 4109 substantia

543 4143 671 4197 vita:
703 4141 873 4197 istius
906 4158 1020 4196 non
1053 4146 1426 4213 comparatur
1455 4141 1527 4195 ad
1557 4139 1718 4195 illam
1761 4141 2183 4198 beatitudinem

545 4231 982 4304 sempiternam.

622 4344 643 4372 ι
675 4322 760 4377 Ab
783 4321 1057 4376 omnibus
1078 4320 1490 4392 iniquitatibus
1517 4320 1662 4376 meis
1685 4337 1822 4377 erue
1843 4339 1954 4377 me.
1978 4344 2005 4371 »
2042 4323 2186 4378 Prac-

539 4409 750 4479 teritis,
783 4409 1167 4483 prtesentibus
1196 4413 1253 4464 et
1281 4408 1511 4464 futuris.
1559 4432 1586 4458 «
1620 4410 2010 4481 Opprobrium
2041 4412 2183 4468 insi-

545 4500 721 4572 pienti
753 4500 967 4556 dedisti
999 4516 1112 4560 me.
1138 4521 1165 4548 υ
1200 4498 1349 4553 Dum
1381 4502 1648 4570 peccator
1678 4499 1780 4568 fui,
1805 4501 2183 4572 opprobrium

542 4587 732 4645 factus
763 4606 894 4644 sum
927 4587 1227 4659 insipienti
1258 4585 1507 4654 diabolo,
1533 4587 1630 4658 qui
1661 4593 1750 4643 est
1778 4588 2041 4644 omnium
2074 4590 2183 4645 cri-

2303 672 2539 740 propter
2572 668 2942 739 iniquitatem
2975 666 3310 738 corripuisti
3343 666 3661 721 hominem.
3699 688 3726 714 »
3771 665 3957 721 Incre-

2303 763 2474 828 patur
2503 757 2694 812 omnis
2728 757 2901 812 homo
2935 761 3172 828 propter
3204 754 3592 825 iniquitatem,
3620 772 3794 826 quem
3827 772 3951 827 per-

2301 847 2435 901 dere
2465 863 2581 900 non
2611 845 2734 900 vult
2766 845 2962 899 divina
2993 845 3291 914 majestas.
3327 845 3596 912 Flagellat
3627 852 3810 899 autem
3839 860 3949 899 om-

2300 951 2425 990 nem
2453 935 2641 1003 ﬁlium
2668 951 2829 1006 quem
2861 935 3057 1004 recipit
3095 934 3275 1002 (Hebr.
3310 951 3411 998 xu,
3441 934 3517 1004 6).

2373 1046 2398 1071 «
2433 1024 2752 1078 Tabescere
2775 1021 2959 1076 fecisti
2983 1021 3136 1076 sicut
3159 1038 3434 1076 araneam
3461 1021 3719 1077 animam
3741 1024 3888 1094 ejus.
3919 1046 3945 1072 »

2299 1111 2567 1166 Tabescit
2598 1111 2815 1177 anima,
2849 1128 2981 1166 cum
3031 1128 3161 1166 caro
3215 1129 3249 1166 a
3295 1110 3539 1166 luxuriis
3585 1116 3641 1166 et
3671 1113 3943 1184 concupi-

2301 1200 2538 1256 scentiis
2569 1201 2912 1256 refrenatur.
2938 1205 3058 1256 Hoc
3079 1206 3168 1256 est
3192 1201 3508 1268 tabescere,
3535 1201 3946 1273 obstupescere

2299 1289 2369 1344 de
2399 1290 2786 1345 anterioribus
2834 1289 3080 1345 delictis.
3113 1289 3216 1344 Ille
3246 1306 3377 1344 vero
3410 1289 3508 1360 qui
3542 1307 3609 1344 ea
3649 1290 3768 1362 agit
3816 1308 3943 1362 quae

2302 1379 2612 1433 mundanae
2661 1380 2906 1435 vanitati
2959 1385 3099 1435 sunt
3147 1384 3302 1450 apta,
3337 1379 3482 1434 telas
3527 1381 3667 1435 texit
3695 1397 3941 1447 araneze,

2292 1468 2461 1538 juxta
2492 1468 2702 1524 Isaiam
2735 1470 3080 1542 prophetam
3113 1471 3238 1541 (Isa.
3277 1487 3386 1531 1.1x,
3418 1469 3474 1540 5)
3509 1487 3522 1524 :
3574 1469 3679 1524 hoc
3712 1474 3818 1536 est,
3852 1471 3944 1524 die

2302 1562 2592 1628 noctuque
2642 1559 2696 1613 in
2751 1576 2923 1630 opere
2970 1575 3119 1613 vano
3169 1564 3355 1622 vacat,
3389 1564 3446 1613 et
3475 1575 3590 1612 non
3624 1558 3808 1627 utilia,
3844 1559 3943 1614 sed

2300 1645 2673 1702 dissolubilis.
2730 1653 2787 1702 et
2844 1647 3266 1720 corruptibilis,
3311 1652 3601 1719 operatur.
3637 1648 3747 1702 Sed
3809 1649 3945 1719 quia

2300 1735 2582 1807 propheta
2624 1736 2882 1792 animam
2932 1754 3036 1792 ceu
3083 1753 3354 1791 arancam
3401 1736 3698 1791 tabescere
3752 1737 3939 1792 dicit:

2299 1822 2407 1877 hoc
2456 1823 2904 1897 intelligendum
2935 1831 3044 1892 est,
3081 1830 3146 1879 ut
3195 1825 3265 1879 ad
3302 1828 3524 1879 tantam
3557 1823 3941 1880 subtilitatem

2219 1950 2268 2015 B
2299 1928 2400 1984 per
2430 1913 2846 1969 abstinentiam
2892 1916 3266 1985 decoquatur,
3303 1919 3367 1968 ut
3396 1914 3466 1968 ad
3498 1914 3683 1969 instar
3712 1913 3942 1969 ﬁlorum

2300 2001 2534 2057 illorum
2568 2004 2894 2058 deducatur
2927 2021 2939 2059 :
2992 2003 3212 2059 scilicet
3245 2011 3308 2058 ut
3337 2003 3483 2058 nihil
3515 2020 3801 2072 crassum,
3834 2005 3942 2058 du-

2299 2109 2546 2163 rumque
2603 2093 2823 2164 peccati
2885 2093 3199 2148 contineat.
3269 2116 3289 2142 α
3324 2092 3739 2149 Verumtamen
3797 2111 3943 2149 vane

2298 2182 2680 2236 conturbatur
2710 2183 2902 2237 omnis
2935 2182 3129 2238 homo.
3163 2205 3190 2233 »
3240 2181 3452 2238 Vivens
3482 2181 3542 2236 in
3586 2181 3941 2238 vanitatibus

2297 2268 2475 2341 hujus
2523 2270 2740 2326 saeculi.
2775 2271 2884 2326 Sed
2935 2276 2990 2326 et
3033 2271 3134 2344 qui
3164 2271 3224 2325 in
3255 2271 3370 2326 Deo
3400 2271 3560 2340 vivit,
3591 2289 3740 2327 vana
3769 2277 3857 2327 est
3887 2276 3943 2326 et

2298 2356 2523 2414 inutilis
2554 2358 2676 2414 haec
2708 2361 3008 2415 mundana
3039 2361 3426 2426 conturbatio.

2369 2448 2651 2504 «Exaudi
2699 2450 3016 2506 orationem
3073 2466 3286 2521 meam,
3339 2449 3601 2519 Domine,
3635 2454 3692 2506 et
3739 2451 3939 2523 depre-

2298 2538 2585 2593 cationem
2610 2555 2796 2594 meam
2827 2557 2839 2593 :
2871 2540 3112 2594 auribus
3135 2540 3368 2610 percipe
3391 2538 3676 2612 lacrymas
3705 2557 3884 2596 meas.
3911 2566 3939 2591 ››

2299 2627 2403 2682 Pro
2434 2643 2498 2682 eo
2531 2629 2688 2698 quod
2732 2632 2847 2684 ate
2879 2629 3248 2700 peregrinor,
3281 2634 3337 2682 et
3369 2629 3722 2684 desiderium
3756 2631 3939 2686 habeo

2298 2716 2555 2783 dissolvi,
2586 2721 2642 2772 et
2669 2718 2738 2772 ad
2773 2723 2828 2773 te
2860 2719 3128 2774 transire.

2375 2806 2508 2860 «Ne
2553 2806 2745 2873 sileas,
2778 2807 3056 2878 quoniam
3109 2807 3330 2862 advena
3379 2813 3518 2863 sunt
3571 2809 3724 2880 apud
3772 2814 3847 2874 te,
3881 2813 3939 2864 et

2298 2895 2636 2967 peregrinus
2695 2895 2846 2949 sicut
2902 2912 3106 2951 omnes
3168 2903 3360 2968 patres
3418 2898 3550 2951 mei.
3598 2920 3625 2946 ››
3686 2898 3937 2953 Incolam

2297 2988 2469 3055 atque
2522 2983 2893 3056 peregrinum
2947 3001 3008 3039 se
3061 2984 3222 3051 dicit,
3257 2986 3409 3041 sicut
3450 3003 3653 3041 omnes
3703 2985 3935 3042 sancti:

2297 3073 2454 3144 quia,
2479 3073 2632 3130 sicut
2659 3078 2715 3127 et
2744 3071 2826 3126 illi
2858 3073 3000 3127 dum
3030 3079 3194 3128 erant
3225 3074 3283 3128 in
3315 3091 3574 3146 corpore,
3606 3075 3934 3147 peregrina-

2296 3167 2392 3217 tur
2421 3181 2453 3218 a
2484 3163 2750 3230 Domino,
2798 3185 2825 3211 «
2860 3162 3107 3218 Remitte
3141 3162 3285 3218 mihi
3321 3169 3384 3218 ut
3414 3164 3718 3236 refrigerer
3748 3163 3936 3235 prius-

2297 3269 2473 3322 quam
2505 3251 2732 3319 abeam,
2767 3255 2824 3306 et
2855 3251 3108 3323 amplius
3141 3270 3256 3308 non
3289 3270 3406 3308 ero.
3446 3275 3472 3301 »
3523 3253 3638 3308 Hoc
3688 3253 3935 3320 remitte,

2301 3340 2562 3409 Domine,
2593 3340 2642 3395 si
2674 3341 2815 3412 quid
2847 3340 3064 3413 deliqui
3094 3358 3106 3396 :
3143 3343 3284 3414 quia
3315 3342 3373 3396 in
3407 3343 3630 3398 inferno
3665 3341 3824 3397 nulla
3853 3347 3942 3397 est

2295 3429 2610 3485 remissio:
2671 3429 2809 3501 quia
2856 3447 2960 3486 nec
3008 3431 3297 3487 confessio
3350 3430 3520 3486 valet.
3555 3431 3662 3496 Qui
3713 3448 3818 3487 nos
3867 3431 3939 3486 ab

2294 3519 2474 3590 hujus
2504 3519 2700 3575 seculi
2727 3524 2955 3592 ereptos
2988 3521 3476 3593 peregrinatione,
3511 3522 3694 3575 facere
3741 3521 3939 3593 digne-

2295 3608 2374 3663 ris
2424 3608 2575 3665 cives
2625 3613 2960 3665 sanctorum
3013 3613 3070 3664 et
3111 3609 3462 3664 domesticos
3503 3609 3604 3663 Dei
3637 3609 3840 3677 Patris,
3876 3614 3941 3665 ut

2294 3698 2556 3752 aediﬁcati
2590 3714 2765 3769 super
2793 3698 3202 3753 ﬁrmissimum
3232 3699 3676 3752 fundamentum
3711 3698 3767 3750 in
3798 3703 3942 3753 tem-

2295 3785 2457 3857 plum
2489 3790 2782 3853 sanctum,
2813 3786 2961 3842 efﬁci
2996 3803 3326 3842 mereamur
3352 3785 3680 3840 conformes
3711 3785 3941 3856 corpori

2294 3875 2486 3947 glorise
2531 3878 2661 3932 tum.
2696 3877 2900 3929 Amen.
2997 3924 3006 3936 ,.

2806 3979 3138 4035 PSALMUS
3177 3980 3416 4036 XXXIX.

2296 4072 2357 4126 In
2386 4071 2573 4141 ﬁnem,
2603 4069 2856 4142 Psalmus
2885 4069 3075 4142 David.
3130 4069 3232 4126 Hic
3285 4069 3549 4142 psalmus
3598 4071 3656 4125 in
3705 4072 3938 4128 exordio

2367 4157 2562 4197 vocem
2619 4141 2794 4196 habet

2364 4218 2483 4269 tem
2512 4213 2718 4281 vocati,
2759 4212 2896 4268 inde
2921 4212 3114 4286 ipsius
3146 4212 3478 4270 Médiatoris
3511 4214 3582 4269 ad
3614 4218 3867 4270 Patrem.

2368 4341 2395 4369 «
2433 4320 2788 4393 Exspectans
2821 4321 3146 4392 exspectavi
3178 4321 3515 4378 Dominum.
3542 4341 3568 4369 π
3606 4320 3667 4376 In
3700 4322 3944 4393 promis-

2297 4409 2565 4464 sionibus
2598 4409 3036 4482 prophetarum,
3071 4409 3128 4464 in
3161 4410 3376 4482 quibus
3407 4426 3498 4464 me
3541 4409 3890 4463 illuminavit
3923 4425 3936 4461 :

2295 4498 2432 4568 quia
2482 4498 2834 4569 praevidebat
2881 4499 3172 4571 Propheta
3201 4499 3494 4554 Christum
3529 4515 3630 4570 per
3659 4498 3938 4569 Spiritum

2295 4592 2569 4643 sanctum
2601 4592 2913 4644 venturum
2963 4605 3090 4644 esse
3147 4589 3206 4642 in
3260 4605 3450 4643 carne.
3519 4610 3540 4638 ι
3576 4589 3645 4642 Et
3692 4587 3942 4641 intendit

543 4677 769 4732 minum
803 4682 860 4733 et
889 4677 1155 4733 incentor
1184 4681 1241 4732 et
1270 4681 1590 4732 accusator.
1625 4677 1758 4732 Ideo
1803 4678 2040 4748 purgari
2085 4696 2185 4735 cu-
2220 4693 2264 4755 D
2299 4676 2464 4732 mihi.
2519 4700 2546 4727 ‹‹
2583 4677 2689 4733 Per
2733 4677 3102 4749 splendorem
3135 4676 3602 4748 Evangeliorum,
3635 4677 3694 4732 in
3726 4675 3939 4748 quibus

543 4765 637 4838 pio
659 4765 718 4820 in
747 4765 856 4821 hoc
877 4764 1107 4836 saeculo,
1131 4779 1203 4820 ne
1233 4762 1329 4818 ille
1353 4779 1446 4818 me
1467 4768 1702 4818 accuset
1731 4763 1789 4818 in
1815 4765 2038 4836 judicio
2064 4771 2185 4821 tuo.

614 4875 643 4903 (ι
677 4851 954 4908 Obmutui
988 4857 1044 4908 et
1074 4869 1190 4908 non
1223 4850 1423 4924 aperui
1453 4867 1518 4906 os
1559 4867 1778 4920 meum,
1813 4852 2089 4923 quoniam
2120 4857 2186 4908 tu

543 4942 750 5000 fecisti.
786 4964 814 4992 ››
864 4944 1008 4999 Cum
1059 4958 1154 4996 me
1197 4939 1494 5011 conviciis,
1527 4939 1868 5007 iracundiis,
1901 4957 1968 4996 ac
1998 4941 2185 4997 diver-

543 5032 626 5088 sis
649 5031 1019 5105 improperiis
1043 5029 1355 5087 lacesseret
1378 5047 1390 5084 :
1416 5029 1678 5101 cogitans
1701 5045 1793 5084 me
1815 5035 1923 5085 ate
1944 5032 2184 5100 factum,

545 5119 690 5176 nihil
720 5123 791 5178 ad
826 5139 893 5178 ea
922 5139 1049 5195 qua:
1082 5119 1500 5187 inferebantur,
1534 5118 1805 5190 respondi
1841 5135 1852 5173 :
1911 5139 1938 5168 ‹‹
1971 5116 2188 5176 Amove

545 5228 579 5266 θ,
626 5228 717 5267 me
749 5210 951 5284 plagas
984 5216 1134 5265 tuas.
1171 5230 1198 5257 ι»
1252 5206 1398 5271 Quia
1431 5223 1523 5261 me
1553 5207 1739 5261 sentio
1788 5209 2183 5264 emendatum.

618 5321 646 5349 «
677 5302 724 5355 A
756 5299 1095 5355 fortitudine
1128 5314 1340 5354 manus
1373 5301 1483 5350 tua:
1514 5311 1618 5367 ego
1649 5294 1851 5350 defeci.
1882 5318 1910 5346 ››
1957 5299 2185 5353 Incum-

545 5389 716 5445 bente
765 5406 943 5444 manu
989 5388 1278 5454 vindictae,
1311 5385 1496 5440 virtus
1541 5382 1735 5438 delicti
1775 5385 2003 5454 defecit,
2037 5387 2188 5441 sicut

544 5477 762 5533 Paulus
811 5476 1110 5549 apostolus
1157 5475 1284 5531 ait:
1338 5473 1472 5527 Cum
1522 5477 1707 5527 autem
1756 5474 2027 5546 inﬁrmor,
2060 5480 2188 5530 tunc

616 5602 633 5634 ¹
663 5601 785 5657 Vox
831 5604 931 5657 Dei
977 5618 1081 5657 nec
1127 5601 1187 5656 in
1229 5597 1467 5654 Hebraeo
1499 5600 1590 5651 est
1620 5600 1799 5663 textu,
1833 5614 1936 5652 nec
1970 5600 2182 5667 Graeco,

545 5681 650 5726 nec
695 5673 930 5728 demum
984 5673 1045 5728 in
1095 5673 1216 5728 Lat.
1262 5668 1415 5740 apud
1447 5667 1506 5721 S.
1541 5673 1787 5740 August.
1821 5668 2068 5740 legitur;
2120 5689 2186 5728 ac

544 5741 770 5799 videtur
816 5743 1050 5816 quidem
1101 5759 1169 5798 ex
1217 5738 1317 5798 his
1357 5738 1793 5794 commentariis
1843 5738 2184 5812 ipsaveAu-

2301 4783 2392 4820 me
2429 4765 2802 4820 illuminavit.

2377 4877 2400 4906 ιι
2429 4855 2499 4908 Et
2529 4853 2822 4908 exaudivit
2854 4871 3054 4926 preces
3087 4872 3270 4910 meas.
3310 4879 3336 4905 »
3383 4855 3530 4919 Quia
3560 4854 3856 4927 prophetis
3886 4857 3943 4908 et

2297 4942 2643 5014 patriarchis
2674 4959 2735 4998 se
2763 4943 3009 5016 abdidit,
3034 4944 3188 5000 sicut
3208 4945 3332 5016 ipse
3356 4945 3730 5018 postmodum
3754 4943 3899 4997 dixit
3924 4958 3937 4995 :

2299 5033 2438 5100 Quia
2467 5032 2631 5086 multi
2653 5033 2938 5104 prophetae
2969 5041 3020 5089 et
3039 5035 3185 5106 justi
3203 5037 3493 5106 cupierunt
3522 5035 3700 5089 videre
3723 5048 3847 5104 qua:
3866 5034 3942 5087 vvi-

2295 5121 2452 5190 detis,
2485 5126 2535 5175 et
2586 5136 2698 5175 non
2752 5121 3010 5177 viderunt
3063 5125 3213 5195 (Luc.
3260 5141 3315 5194 Χ,
3349 5125 3460 5195 24),
3513 5123 3636 5194 Ipse
3686 5121 3830 5177 mihi
3880 5121 3939 5176 in

2295 5209 2450 5266 Novo
2481 5211 2855 5267 Testamento
2888 5211 3156 5285 refulget.
3204 5237 3230 5262 «
3264 5214 3333 5268 Et
3360 5213 3555 5268 eduxit
3588 5229 3679 5266 me
3711 5212 3781 5267 de
3811 5209 3940 5266 lacu

2298 5299 2566 5369 miseriae,
2599 5304 2655 5354 et
2683 5299 2753 5354 de
2783 5299 2908 5355 luto
2951 5301 3128 5357 faecis.
3163 5325 3190 5353 »
3245 5304 3306 5357 In
3361 5303 3575 5374 quibus
3624 5301 3939 5354 immersus

2298 5405 2476 5455 eram,
2511 5404 2645 5442 cum
2693 5387 3006 5445 simulacra
3056 5396 3221 5446 muta
3269 5393 3591 5447 adorarem.
3629 5389 3752 5454 Vel,
3810 5413 3836 5437 ‹‹
3871 5389 3939 5443 de

2295 5476 2416 5531 luto
2450 5477 2641 5544 faecis;
2677 5497 2706 5523 »
2757 5476 2896 5546 quia
2927 5478 3284 5535 adhmscram
3326 5479 3569 5535 terrenis
3612 5476 3934 5533 desideriis.

2298 5601 2518 5672 gustini
2550 5601 3024 5677 interpretatione
3055 5604 3362 5677 irrepsisse
3400 5605 3457 5659 iu
3491 5607 3840 5669 Romanum,
3874 5606 3938 5656 ut

2299 5671 2524 5742 vocant,
2558 5671 2900 5729 Psalterium
2913 5717 2926 5731 .

2883 4141 3041 4214 opuli
3096 4158 3163 4197 ex
3209 4136 3481 4214 gentibus
3526 4142 3586 4196 in
3633 4142 3939 4198 haeredita-
3976 4136 4033 4206 ,“
