4314 6608
358 495 509 557 1001

1519 496 2020 561 BREVIABIUM
2064 497 2141 557 ΙΝ
2189 498 2572 559 PSALMOS.

3618 505 3769 564 1002

426 649 456 677 ‹‹
495 624 710 682 Statuit
732 642 908 697 supra
937 629 1161 697 petram
1192 626 1368 697 pedes
1395 642 1635 681 meos.»
1664 651 1683 676 α
1718 631 1903 698 Supra
1924 644 2016 698 pe-
2044 627 2099 692 Α
2127 631 2177 681 et
2206 628 2347 683 Deus
2376 636 2495 684 erat
2526 629 2756 684 Verbum
2804 630 2981 697 (Joan.
3016 644 3054 696 ι,
3093 629 3163 700 1).
3198 652 3224 679 ‹‹
3256 629 3419 685 Tunc
3457 629 3596 696 dixi,
3628 632 3772 688 Ecce

350 720 501 773 tram
529 732 541 770 :
574 738 601 765 ιι
637 714 745 769 hoc
784 719 873 769 est
910 731 1086 785 super
1124 714 1444 771 Christum.
1481 739 1507 765 «
1542 716 1723 771 Pedes
1757 733 1935 771 meos.
1972 738 2000 766 ››

352 820 562 859 sensus
619 818 779 858 meos
814 821 825 859 :
860 807 925 858 ut
952 802 1135 858 illud:
1170 807 1331 859 Petra
1377 813 1557 859 autem
1605 810 1725 860 erat
1755 806 2005 859 Christus

354 892 399 962 (Ι
426 892 545 947 Cor.
569 909 623 958 x,
657 893 731 961 4).
762 892 824 945 In
860 896 935 956 te,
969 891 1069 963 qui
1109 896 1198 947 est
1228 892 1455 948 stabilis
1484 898 1667 964 petra,
1702 894 2006 947 confirma-

351 978 431 1033 vit
481 996 603 1035 me:
658 996 728 1035 ne
759 980 831 1035 ab
881 979 1058 1052 hujus
1088 980 1281 1037 saeculi
1314 984 1581 1037 nutarem
1620 980 1997 1053 impulsibus.

357 1090 378 1116 ι
426 1068 491 1123 Et
520 1068 729 1124 direxit
767 1085 1004 1140 gressus
1048 1085 1227 1124 meos.
1264 1091 1292 1118 ››
1340 1074 1421 1124 Ne
1466 1070 1535 1124 ad
1574 1087 1711 1124 eum
1744 1069 1997 1138 veniens,

355 1161 491 1227 post
548 1162 777 1229 tergum
851 1156 1233 1228 respicerem.
1286 1180 1314 1208 «
1374 1158 1444 1212 Et
1500 1157 1709 1213 direxit
1764 1174 2002 1229 gressus

354 1261 548 1312 meos;
582 1268 609 1295 n
641 1247 698 1300 id
731 1250 842 1315 est,
863 1262 1069 1301 sensus
1101 1247 1392 1301 bonorum
1425 1263 1703 1318 operum:
1737 1245 2003 1301 Ecclesiae

355 1332 553 1406 dirigit
579 1350 593 1389 :
638 1334 777 1406 quia
807 1335 1215 1406 unusquisque
1245 1352 1346 1407 per
1375 1353 1435 1390 se
1465 1340 1764 1391 tortuosus
1793 1339 1899 1390 est.

419 1444 447 1472 ‹‹
491 1423 560 1476 Et
611 1422 861 1477 immisit
906 1423 965 1477 in
1018 1440 1083 1478 os
1128 1440 1323 1478 meum
1374 1423 1668 1479 canticum
1700 1439 1997 1478 novum.»

349 1510 604 1565 Laudem
636 1511 836 1581 utique
868 1529 1036 1567 suam
1071 1529 1083 1566 :
1138 1512 1275 1583 quia
1306 1529 1488 1567 novus
1534 1512 1709 1566 homo
1738 1511 1894 1566 venit
1941 1511 2000 1565 in

346 1599 657 1671 mundum,
712 1616 919 1654 novam
968 1600 1156 1671 legem
1208 1601 1369 1656 dedit
1417 1601 1661 1656 mundo.
1700 1623 1720 1649 οι
1757 1599 1998 1655 Carmen

344 1687 461 1743 Deo
501 1694 716 1743 nostro.
747 1712 775 1738 ››
810 1688 1067 1743 Laudem
1108 1694 1218 1744 Deo
1250 1694 1468 1754 nostro,
1523 1693 1585 1743 ut
1607 1689 1732 1759 jam
1767 1705 1879 1743 non
1917 1705 2002 1743 so-

344 1794 450 1832 nos
482 1781 682 1849 turpes
716 1782 774 1833 at
802 1778 1121 1833 theatrales
1162 1776 1491 1845 concinam,
1525 1778 1624 1832 sed
1668 1777 1729 1831 in
1764 1782 1872 1831 Deo
1919 1775 2000 1830 vi-

340 1865 533 1921 ventis
587 1866 827 1938 hymnis
875 1884 979 1939 per
1038 1866 1405 1923 harmoniam
1464 1865 1606 1921 Novi
1637 1867 2003 1937 Testamenti

347 1953 616 2010 delecter.

420 2066 449 2093 «
488 2042 782 2099 Videbunt
813 2044 1003 2099 multi.
1036 2067 1057 2093 »
1093 2045 1522 2100 Annuntiatum
1562 2044 1811 2100 venisse.
1856 2065 1882 2093 ‹‹
1936 2044 2005 2098 Et

346 2131 655 2187 timebunt.
708 2154 736 2181 ››
795 2133 901 2197 Qui
963 2150 1024 2190 se
1073 2126 1411 2206 intelligunt
1441 2138 1799 2205 peccatores,
1856 2152 1877 2181 ι
1937 2132 2005 2186 Et

347 2220 763 2292 sperabunt~in
794 2220 1063 2277 Domino.
1098 2244 1127 2272 ››
1161 2222 1227 2278 Ut
1248 2221 1331 2278 eis
1362 2222 1611 2295 pristina
1631 2221 2007 2277 remittantur

359 2309 589 2365 delicta.

416 2399 688 2455 «Beatus
734 2398 823 2454 vir
870 2400 1040 2470 cujus
1083 2404 1172 2456 est
1218 2416 1432 2455 nomen
1492 2399 1717 2456 Domini
1750 2416 1883 2471 spes
1912 2399 2006 2470 ip-

348 2486 495 2544 sius.
531 2510 558 2539 »
592 2492 658 2543 In
690 2504 807 2559 qua
836 2488 1009 2544 bonis
1042 2488 1317 2545 omnibus
1356 2489 1686 2561 impleatur.
1725 2487 1878 2543 Felix
1907 2487 2008 2542 illa

345 2577 561 2648 anima,
596 2593 721 2649 quae
755 2577 930 2633 habet
961 2578 1135 2633 fidem
1170 2580 1401 2633 firmam
1435 2582 1493 2634 et
1524 2595 1688 2649 spem
1722 2578 2007 2632 directam

345 2665 404 2720 in
435 2666 686 2733 Christo,
735 2690 762 2717 (ι
794 2667 861 2721 Et
894 2683 1009 2721 non
1042 2668 1296 2738 respexit
1327 2667 1385 2721 in
1431 2666 1713 2721 vanitates
1763 2670 1819 2720 et
1850 2665 2006 2720 insa-

346 2755 474 2810 nias
524 2755 722 2810 falsas.
774 2776 802 2805 »
868 2754 1077 2810 Omnia
1135 2772 1261 2827 quae
1311 2755 1369 2810 in
1403 2757 1622 2810 mundo
1655 2755 2010 2824 sunt,juxta

351 2842 751 2908 Salomonem,
812 2843 1041 2899 vanitas
1098 2850 1189 2899 est
1246 2844 1454 2913 (Eccle.
1514 2845 1717 2910 1,14).
1762 2843 2010 2897 Insaniae

351 2936 545 2987 autem
578 2931 736 2986 falsae
760 2936 917 2997 sunt,
941 2932 1060 2999 irae,
1089 2933 1245 2999 rixae,
1273 2932 1649 3002 direptiones,
1679 2937 1735 2987 et
1765 2932 2005 3002 reliqua:

353 3019 413 3076 in
474 3020 692 3092 quibus
748 3020 1020 3076 homines
1073 3021 1377 3076 insaniunt
1434 3026 1497 3076 ut
1555 3025 1831 3093 peccent:
1885 3037 2010 3091 quae

356 3108 670 3180 Apostolus
702 3126 878 3181 opera
907 3109 1098 3164 carnis
1128 3126 1257 3165 esse
1286 3108 1427 3165 dicit
1455 3109 1654 3179 (Galat.
1687 3127 1765 3176 Iv,
1802 3109 1907 3179 19).

436 3218 464 3246 «
495 3196 678 3252 Multa
708 3197 896 3252 fecisti
925 3203 1012 3265 tu,
1052 3197 1290 3252 Domius
1320 3202 1471 3252 Deus
1498 3214 1684 3265 meus,
1722 3195 2016 3251 mirabilia

364 3288 488 3353 tua,
548 3292 603 3339 et
634 3285 1086 3356 cogitationibus
1130 3286 1249 3340 tuis
1302 3303 1417 3341 non
1447 3290 1537 3340 est
1565 3286 1668 3356 qui
1697 3283 1908 3339 similis
1939 3284 2015 3339 sit

2032 1990 2081 2056 B

2115 716 2301 785 venio,
2333 739 2360 766 »
2406 721 2470 771 ut
2500 734 2800 772 assumam
2846 734 3079 773 carnem
3124 717 3179 772 in
3225 735 3342 789 qua
3390 718 3598 790 patiar:
3638 741 3658 768 ι»
3706 720 3769 775 In

2115 803 2300 875 capite
2339 804 2470 859 libri
2503 806 2786 876 scripturn
2823 811 2910 861 est
2940 807 3010 861 de
3042 822 3152 861 me.
3181 828 3208 855 »
3243 807 3430 878 Caput
3460 806 3595 862 libri
3624 809 3769 863 Tes-

2114 894 2354 948 tamenti
2385 894 2606 949 Veteris
2655 894 2766 951 tale
2799 896 2981 950 sumit
3011 896 3344 950 exordium:
3378 900 3447 951 In
3490 897 3768 967 principio

2110 982 2242 1050 fecit
2282 986 2426 1037 Deus
2464 984 2661 1039 caelum
2709 994 2761 1039 et
2804 992 3005 1039 terram
3059 983 3210 1055 (Gen.
3259 1001 3295 1054 1,
3349 985 3438 1053 1).·
3488 984 3544 1039 id
3576 990 3682 1052 est,
3705 986 3765 1041 in

2112 1068 2340 1125 Christo
2387 1070 2654 1127 Domino.
2705 1072 2823 1126 Hoc
2869 1072 3213 1143 mysterium
3263 1076 3319 1126 et
3360 1072 3618 1128 Joannes
3648 1089 3766 1130 cer.

2111 1174 2279 1222 nens,
2313 1158 2397 1213 sic
2449 1159 2823 1231 Evangelium
2870 1160 3198 1215 inchoavit:
3243 1165 3313 1216 In
3338 1162 3637 1233 principio,
3672 1162 3762 1218 in-

2111 1246 2257 1316 quit,
2290 1250 2409 1301 erat
2440 1247 2686 1311 Verbum,
2719 1257 2774 1303 et
2811 1250 3038 1305 Verbum
3067 1257 3189 1304 erat
3224 1248 3361 1303 Deus
3401 1250 3578 1321 (Joan.
3611 1267 3649 1321 ι,
3686 1251 3759 1321 1).

2112 1335 2255 1389 Nam
2289 1340 2343 1390 et
2372 1352 2507 1407 epse
2538 1337 3032 1418 interrogantibus
3061 1336 3280 1394 Judaeis
3302 1337 3437 1409 quis
3465 1344 3637 1410 esset,
3672 1354 3761 1394 re-

2112 1424 2383 1495 spondit:
2440 1428 2785 1497 Principium
2817 1427 2993 1497 (Joan.
3027 1444 3151 1491 VIII,
3185 1428 3237 1493 1,
3263 1427 3377 1495 25).
3410 1426 3594 1499 Caput
3623 1443 3761 1499 ergo

2110 1510 2265 1582 libri,
2320 1512 2575 1585 intellige
2625 1515 3000 1586 principium,
3049 1516 3203 1586 quod
3250 1515 3518 1572 Christus
3563 1516 3759 1584 Jesus,

2112 1600 2210 1671 qui
2244 1600 2300 1654 in
2334 1600 2443 1657 hoc
2477 1601 2608 1657 libri
2638 1604 2825 1674 capite
2855 1604 3162 1658 nuntiatus
3195 1612 3299 1658 est.

2182 1712 2208 1738 «
2245 1689 2315 1744 Ut
2338 1690 2545 1745 faciam
2565 1690 2921 1746 voluntatem
2944 1696 3128 1762 tuam,
3156 1697 3305 1747 Deus
3331 1708 3517 1761 meus,
3540 1692 3757 1749 volui.»

2110 1778 2373 1833 Descendi
2419 1782 2569 1833 enim
2618 1780 2683 1834 de
2728 1781 2893 1836 creto:
2945 1797 3053 1835 non
3084 1789 3145 1835 ut
3187 1782 3394 1852 faciam
3422 1783 3764 1841 voluntatem

2111 1883 2310 1934 meam,
2342 1866 2433 1921 sed
2464 1872 2637 1933 tuam,
2669 1870 2831 1923 Pater
2860 1869 3036 1940 (Joan.
3069 1886 3146 1937 v1,
3179 1870 3290 1939 28).
3342 1868 3465 1927 Non
3491 1869 3764 1926 voluntas

2112 1960 2200 2010 est
2229 1955 2440 2025 carnis,
2474 1957 2574 2012 sed
2616 1957 2841 2023 Patris;
2897 1961 2962 2012 ut
3007 1974 3110 2029 pro
3142 1958 3258 2013 vita
3288 1957 3597 2013 hominum
3639 1975 3764 2014 rno-

2114 2043 2249 2099 riar.
2297 2066 2324 2094 ‹‹
2373 2048 2439 2101 Et
2491 2044 2681 2117 legam
2739 2050 2901 2102 tuam
2959 2046 3019 2101 in
3078 2046 3270 2103 medio
3324 2047 3516 2105 cordis
3565 2048 3764 2104 mei.»

2116 2135 2297 2199 Quam
2335 2150 2450 2189 non
2480 2134 2607 2190 veni
2641 2134 2879 2202 solvere,
2914 2135 3014 2190 sed
3049 2134 3388 2207 adimplere.

2191 2245 2218 2273 ‹‹
2239 2223 2596 2279 Annuntiavi
2612 2223 2911 2294 justitiam
2931 2227 3097 2279 tuam
3125 2223 3185 2279 in
3214 2222 3472 2280 Ecclesia
3491 2240 3761 2296 magna.»

2116 2311 2341 2367 Gratias
2389 2310 2496 2366 tibi
2546 2328 2674 2384 ago,
2716 2311 2980 2368 Salvator
3012 2312 3238 2380 mundi,
3289 2313 3445 2384 quod
3486 2329 3764 2385 magnam

2115 2400 2302 2455 fecisti
2336 2399 2647 2456 Ecclesiam
2678 2405 2862 2468 tuam,
2896 2418 2929 2456 a
2979 2405 3230 2472 quatuor
3258 2401 3466 2456 mundi
3498 2402 3766 2473 partibus

2116 2489 2444 2561 evangelica
2472 2488 2881 2561 praedicatione
2915 2492 3175 2546 vocatam
3216 2494 3317 2544 tua
3346 2490 3620 2561 passione
3648 2488 3765 2546 col-

2117 2578 2348 2647 lectam,
2380 2582 2483 2633 tua
2514 2578 2936 2634 resurrectione
2965 2578 3332 2635 mundatam.
3371 2600 3392 2629 α
3419 2579 3483 2635 In
3508 2577 3768 2636 Ecclesia

2119 2683 2351 2739 magna,
2386 2687 2414 2715 »
2448 2665 2507 2720 in
2538 2670 2658 2721 toto
2692 2667 2909 2721 mundo
2941 2667 3172 2722 diffusa.

2191 2777 2219 2805 «
2261 2759 2401 2809 Ecce
2447 2754 2602 2809 labia
2650 2770 2779 2809 mea
2826 2772 2941 2810 non
3002 2754 3340 2827 prohibebo,
3391 2755 3654 2826 Domine,
3702 2758 3766 2810 tu

2120 2842 2300 2911 scisti,
2332 2847 2439 2897 etc.
2477 2865 2503 2890 »
2535 2844 2659 2897 Non
2690 2843 2847 2911 silui,
2872 2842 3015 2898 nihil
3047 2842 3197 2898 clam
3221 2843 3450 2899 locutus
3480 2861 3632 2912 sum,
3667 2843 3768 2900 sed

2122 2948 2356 2986 omnem
2404 2930 2677 2987 virtutem
2704 2936 2889 2997 tuam,
2940 2933 3094 3003 quod
3129 2934 3347 3002 justus,
3390 2934 3543 3003 quod
3574 2940 3766 3001 verax,

2121 3020 2276 3090 quod
2314 3019 2665 3089 misericors,
2699 3020 2855 3090 quod
2901 3020 3059 3076 salus
3090 3019 3353 3075 omnium
3385 3036 3479 3076 es:
3532 3037 3647 3075 non
3678 3036 3772 3077 so-

2122 3107 2244 3162 lum
2267 3107 2327 3161 in
2358 3107 2626 3163 Ecclesiis
2648 3106 3016 3179 p0pulorum,
3043 3109 3139 3163 sed
3172 3107 3347 3163 etiam
3369 3108 3429 3163 in
3461 3108 3772 3182 synagogis

2120 3195 2455 3250 Judaeorum
2502 3194 2930 3251 incessabiliter
2977 3196 3301 3267 praedicavi.
3363 3218 3390 3245 «
3423 3197 3566 3252 Ecce
3612 3196 3769 3252 labia

2124 3301 2254 3339 mea
2301 3300 2415 3339 non
2468 3283 2805 3354 prohibebo.
2842 3305 2870 3334 »
2907 3284 3085 3339 Labia
3114 3284 3346 3353 Christi,
3388 3285 3574 3340 sancti
3607 3293 3763 3341 sunt.

365 3372 495 3427 tibi.
552 3396 580 3422 ››
627 3372 941 3428 Ostendisti
992 3374 1260 3444 patribus
1304 3374 1519 3429 nostris
1571 3372 1864 3428 mirabilia
1910 3377 2014 3428 tua
2044 3357 2085 3422 C
2122 3371 2245 3426 Non
2282 3371 2548 3443 prohibet
2575 3370 2707 3425 illos
2732 3372 3062 3443 praedicare,
3095 3372 3245 3427 sicut
3279 3376 3520 3428 sanctus
3551 3371 3767 3429 Paulus

364 3460 573 3529 multa,
604 3477 734 3532 quae
760 3478 875 3516 non
907 3462 1300 3517 crediderunt.
1337 3461 1620 3517 Revelasti
1676 3461 1759 3517 eis
1803 3467 1859 3516 te
1887 3478 2017 3515 ven-

362 3554 563 3604 turum
598 3550 657 3603 in
691 3548 837 3620 lege,
870 3553 928 3604 et
958 3566 1071 3605 non
1112 3548 1547 3605 intellexerunt:
1582 3567 1688 3605 nos
1732 3567 1864 3605 vero
1895 3566 2014 3603 cre—

360 3636 639 3693 didimus.
689 3637 883 3708 Usque
947 3637 1061 3692 huc
1119 3638 1481 3693 credentium
1535 3637 1827 3710 populus:
1880 3638 2016 3695 hinc

359 3726 485 3798 ipse
514 3726 797 3782 Dominus
835 3726 907 3782 ad
939 3727 1169 3782 Patrem
1202 3726 1282 3782 ita
1303 3742 1543 3783 exorsus
1574 3732 1696 3782 est:

435 3838 461 3865 ‹‹
504 3815 862 3871 Annuntiavi
912 3820 968 3871 et
1012 3814 1243 3871 locutus
1289 3832 1442 3871 sum.
1487 3838 1515 3865 »
1564 3815 1801 3871 Dicens:
1837 3816 2017 3870 Per-ni-

363 3906 594 3960 tentium
624 3906 793 3976 agite,
825 3906 1291 3975 appropinquavit
1331 3905 1482 3959 enim
1507 3920 1733 3976 regnum
1767 3905 2021 3959 calorum

362 3993 577 4064 (Matth.
631 4009 707 4062 1v,
762 3994 864 4064 17).
919 4012 947 4042 ‹‹
995 3991 1360 4063 Multiplicati
1410 3998 1549 4058 sunt
1602 4010 1777 4064 super
1825 4009 2024 4047 nume-

364 4098 518 4136 rum.
553 4102 581 4129 »
630 4080 815 4135 Judaei
869 4081 929 4135 in
962 4080 1187 4136 malitia
1218 4098 1344 4137 sua.
1370 4081 1494 4146 Vel,
1548 4103 1577 4131 ‹‹
1613 4097 1789 4152 super
1820 4099 2023 4138 nume-

369 4184 546 4236 rum;
578 4190 606 4219 »
658 4168 766 4223 hoc
810 4173 917 4239 est,
963 4175 1294 4240 peccatores
1338 4186 1514 4241 super
1574 4186 1909 4236 numerum,
1967 4175 2024 4225 et

369 4256 512 4312 foris
552 4272 865 4311 numerum
897 4261 1064 4312 sunt:
1092 4257 1191 4329 qui
1222 4274 1338 4312 non
1371 4262 1509 4313 sunt
1535 4257 1697 4329 digni
1729 4258 2024 4314 numerari

370 4343 433 4400 in
465 4348 708 4399 numero
732 4345 1053 4415 justorum.

444 4457 471 4483 ‹‹
497 4431 860 4488 Sacrificium
892 4437 949 4488 et
981 4431 1305 4488 oblationes
1336 4433 1573 4489 noluisti
1600 4451 1612 4489 :
1638 4451 1807 4489 aures
1828 4438 2024 4489 autem

371 4520 667 4595 perfecisti
699 4521 863 4575 mihi.
898 4520 1249 4577 Holocausta
1267 4526 1323 4577 et
1354 4538 1456 4593 pro
1487 4526 1717 4593 peccato
1749 4540 1863 4577 non
1896 4539 2026 4595 pos-

369 4610 592 4666 tulasti.
628 4632 656 4660 »
687 4612 895 4681 Aperte
926 4609 1047 4665 haec
1076 4608 1388 4682 Apostolus
1409 4610 1697 4665 declarat:
1724 4613 1896 4681 quod,
1929 4612 2027 4664 ad-

2126 3460 2305 3515 dicit:
2351 3461 2578 3514 Verbum
2614 3461 2706 3513 Dei
2750 3475 2857 3515 non
2903 3469 2982 3514 est
3013 3460 3295 3528 alligalem
3325 3460 3395 3531 (11
3434 3462 3567 3515 Tim.
3598 3476 3660 3527 II,
3693 3460 3768 3530 9).

2124 3548 2209 3602 Tu
2241 3547 2597 3618 cognovisti:
2646 3552 2709 3603 tu
2743 3549 2858 3603 scis
2900 3548 3057 3618 quod
3088 3564 3203 3603 non
3235 3547 3364 3615 feci,
3411 3541 3468 3603 id
3514 3552 3624 3617 est,
3655 3565 3773 3603 non

2128 3636 2418 3708 prohibui.
2455 3659 2482 3686 ‹‹
2512 3635 2812 3691 Justitiam
2844 3640 3003 3691 tuam
3060 3653 3171 3692 non
3206 3637 3481 3692 abscondi
3510 3637 3571 3692 in
3603 3637 3774 3693 corde

2129 3741 2278 3792 meo,
2310 3744 2335 3776 η
2370 3724 2479 3781 hoc
2510 3730 2599 3781 est
2630 3725 2908 3781 mandata
2934 3729 3057 3792 tua,
3103 3748 3130 3775 «
3163 3725 3480 3781 Veritatem
3527 3730 3689 3782 tuam
3720 3730 3779 3782 et

2130 3814 2388 3869 salutare
2418 3819 2585 3869 tuum
2618 3813 2757 3867 dixi.
2789 3835 2817 3863 »
2849 3814 3074 3869 Veritas
3104 3818 3161 3869 et
3208 3814 3483 3883 salutare,
3514 3814 3780 3870 Christus

2130 3914 2247 3959 est:
2274 3903 2380 3958 hoc
2404 3903 2721 3975 praedicant
2741 3894 2946 3958 sancti.
2977 3902 3102 3958 Non
3117 3902 3297 3958 celavi
3318 3902 3778 3959 misericordiam

2130 3997 2315 4059 tuam,
2348 3996 2406 4045 et
2434 3991 2733 4046 veritatem
2768 3996 2931 4046 tuam
2977 4006 3282 4062 synogogae
3313 3989 3533 4058 multae,
3567 3990 3625 4047 id
3670 3993 3780 4058 est,
3814 4050 3821 4051 ,

2129 4080 2189 4135 in
2220 4082 2339 4135 tota
2368 4079 2533 4150 plebe
2564 4077 2923 4133 annuntiavi.

2203 4191 2231 4217 ‹‹
2274 4168 2358 4222 Tu
2394 4171 2609 4233 autem,
2645 4165 2909 4235 Domine,
2942 4182 3014 4221 ne
3043 4164 3211 4235 longe
3243 4165 3420 4222 facias
3453 4164 3778 4221 miseratio-

2132 4273 2234 4312 nes
2279 4261 2412 4311 tuas
2450 4272 2484 4311 a
2530 4270 2658 4309 me:
2712 4253 3111 4310 misericordia
3156 4258 3262 4309 tua
3307 4258 3365 4309 et
3412 4254 3622 4310 veritas
3679 4258 3785 4310 tua

2133 4360 2362 4416 semper
2402 4347 2788 4415 susceperunt
2816 4359 2927 4398 me.
2956 4341 3240 4405 Quoniam
3272 4341 3786 4398 circumdederunt

2134 4451 2225 4489 me
2258 4433 2415 4487 mala
2445 4448 2696 4503 quorum
2728 4448 2843 4486 non
2875 4434 2962 4486 est
2993 4446 3296 4486 numerus.
3322 4452 3350 4479 »
3379 4431 3540 4496 Quod
3564 4429 3787 4485 miseri-

2133 4522 2388 4578 cordiam
2423 4520 2607 4575 Patris
2652 4519 2926 4591 postulat,
2977 4520 3132 4590 quod
3182 4536 3214 4573 a
3288 4518 3504 4574 Judseis
3555 4535 3617 4574 se
3668 4518 3785 4573 cir-

2135 4612 2476 4667 cumdatum
2526 4615 2584 4664 et
2632 4609 2976 4680 iniquitates
3023 4625 3197 4679 super
3253 4625 3317 4662 se
3372 4606 3789 4679 multiplicatas

373 4699 641 4754 veniente
670 4698 938 4766 Domino,
972 4698 1325 4755 cessaverint
1357 4698 1642 4755 sacrificia
1670 4700 2022 4754 Judzeorum.
2056 4722 2104 4785 Β
2137 4701 2310 4755 dicit:
2335 4699 2488 4770 quod
2510 4714 2544 4752 a
2564 4697 2735 4752 corde
2758 4695 3090 4766 derelictus,
3116 4713 3351 4751 rursum
3375 4696 3562 4752 Patris
3591 4697 3791 4768 praesi-

369 4786 710 4858 lmpossibile
740 4791 843 4854 est,
872 4787 1081 4859 inquit,
1105 4790 1378 4857 sanguine
1406 4790 1684 4843 hircorum
1715 4792 1811 4843 aut
1838 4791 2026 4843 tauro-

370 4893 501 4931 rum
529 4878 748 4947 auferri
775 4881 1011 4948 peccata.
1043 4877 1162 4934 Ideo
1193 4878 1508 4949 ingrediens
1541 4878 1831 4945 niundum,
1863 4878 2032 4932 dicit:

378 4966 635 5020 Hostiam
662 4968 712 5021 et
743 4965 1076 5021 oblationem
1104 4968 1354 5035 noluisti,
1387 4983 1578 5039 corpus
1617 4976 1798 5022 autem
1836 4968 2034 5038 optasti

375 5053 519 5109 mihi
549 5053 731 5124 (Hebr.
766 5071 821 5121 x,
853 5055 961 5127 45).
996 5055 1411 5112 Holocaustum
1443 5062 1496 5111 et
1518 5073 1621 5127 pro
1654 5061 1888 5128 peccato
1920 5074 2033 5111 non

385 5141 491 5197 tibi
520 5141 761 5215 placuit,
794 5141 907 5198 nisi
931 5144 1221 5216 meipsum
1254 5162 1356 5218 pro
1386 5144 1563 5200 totius
1586 5144 1791 5200 mundi
1822 5143 2033 5204 delicto

393 5230 497 5286 tibi
532 5230 884 5287 sacriﬁcium
915 5232 1235 5289 exhiberes.

469 5340 495 5372 ιι
532 5321 697 5375 Tnnc
718 5319 834 5375 dixi
862 5337 875 5387 ;
907 5321 1049 5376 Ecce
1077 5322 1264 5378 venio.
1299 5326 1363 5376 In
1394 5320 1579 5392 capite
1602 5320 1732 5375 libri
1751 5321 2030 5392 scriptum

379 5411 470 5464 est
500 5408 569 5463 de
601 5425 715 5464 me.
749 5431 775 5457 »
810 5409 916 5475 Qui
950 5411 1236 5467 sacriﬁcia
1279 5414 1337 5466 et
1386 5410 1758 5465 caeremonias
1801 5410 2031 5464 Judeso-

380 5514 533 5565 rum,
585 5509 641 5553 et
687 5498 919 5567 Sabata,
996 5505 1052 5555 et
1110 5498 1558 5571 superstitiones
1614 5499 1775 5569 Legis
1806 5497 2034 5563 veteris,

381 5583 707 5655 spiritualis
747 5586 1041 5657 Evangelii
1076 5586 1355 5660 religione
1400 5586 1681 5641 mutasti:
1734 5592 2037 5657 propterea

382 5673 552 5727 laetus
611 5672 668 5726 in
723 5675 1011 5730 mundum
1071 5677 1259 5746 venio,
1307 5680 1364 5731 ct
1411 5677 1480 5730 de
1513 5692 1603 5729 me
1635 5675 1943 5730 scribitur:
1977 5676 2039 5730 In

377 5762 658 5834 principio
686 5771 806 5818 erat
857 5763 1104 5833 Verbum,
1147 5772 1202 5820 et
1234 5764 1473 5821 Verbum
1518 5766 1634 5821 erat
1663 5764 1811 5834 apud
1839 5770 2037 5833 Deum,

666 5890 925 5949 l‘ATttuL.
972 5888 1187 5954 XXVI.

2139 4788 2301 4843 dium
2334 4790 2640 4858 precatur:
2676 4784 2870 4840 omnia
2905 4785 2977 4839 ad
3007 4784 3409 4841 inﬁrmitatem
3434 4785 3625 4841 carnis
3656 4788 3797 4840 sunt

2143 4876 2462 4942 referenda,
2515 4878 2580 4929 ut
2629 4872 2780 4928 sicut
2827 4890 3001 4928 verus
3048 4873 3220 4946 Deus,
3274 4873 3356 4929 ita
3402 4890 3576 4929 verus
3621 4873 3796 4928 homo

2143 4965 2431 5021 credatur.
2483 4985 2509 5012 ‹‹
2553 4964 2636 5018 Tu
2688 4966 2905 5033 autem,
2956 4962 3219 5029 Domine,
3270 4979 3342 5018 ne
3393 4961 3568 5033 longe
3615 4960 3797 5015 facias

2148 5077 2169 5103 ι
2216 5051 2647 5108 misericordias
2677 5054 2810 5106 tuas
2841 5044 2879 5105 a
2905 5068 3016 5107 me.
3048 5073 3074 5099 ››
3106 5055 3231 5120 Non
3263 5049 3433 5121 longe
3465 5049 3567 5105 sed
3597 5062 3797 5120 prope.

2141 5140 2535 5196 Misericordia
2593 5144 2694 5195 tua
2722 5143 2778 5194 et
2808 5138 3019 5194 veritas
3038 5144 3139 5194 tua
3157 5154 3386 5210 semper
3416 5138 3802 5207 susceperunt

2144 5248 2255 5298 me,
2293 5253 2319 5279 ››
2353 5228 2749 5285 Misericordia
2792 5228 2928 5282 facit
2971 5232 3206 5299 peccata
3235 5224 3552 5291 dimittere,
3584 5223 3799 5278 veritas

2145 5320 2335 5374 reddit
2384 5317 2696 5388 unicuique
2745 5316 2899 5387 quod
2954 5316 3123 5371 fecit:
3161 5337 3188 5363 ‹‹
3222 5311 3808 5385 Comprehenderunt

2145 5426 2239 5464 me
2267 5407 2607 5478 iniquitates
2640 5422 2800 5473 meae,
2838 5411 2894 5458 et
2927 5421 3041 5459 non
3072 5402 3234 5474 potui
3266 5406 3330 5455 ut
3358 5401 3640 5455 viderem.
3682 5422 3710 5449 »
3741 5398 3807 5453 Id

2145 5503 2251 5567 est,
2284 5512 2467 5569 genus
2491 5494 2816 5548 humanum
2849 5491 3248 5547 circumdatur
3269 5487 3662 5560 originalibus
3683 5503 3811 5558 pec-

2148 5586 2376 5649 catis,et
2399 5602 2511 5639 non
2537 5583 2693 5653 potui
2716 5585 2778 5635 ut
2798 5580 3112 5644 viderem,»
3137 5578 3277 5648 quia
3298 5578 3602 5632 abstracta
3624 5576 3815 5633 fuerat

2146 5675 2247 5731 illa
2282 5674 2383 5729 lux
2414 5671 2689 5728 veritatis.
2728 5669 2887 5724 Unde
2919 5668 3139 5721 dictum
3170 5670 3294 5721 est:
3351 5667 3423 5721 De
3452 5670 3611 5721 terra
3640 5682 3815 5722 exem-

2151 5763 2387 5829 caberis,
2418 5760 2551 5817 etde
2574 5767 2718 5815 terra
2744 5755 3148 5812 illuminaberis
3171 5754 3298 5827 (Isa.
3330 5772 3483 5824 xxix,
3516 5753 3570 5809 4.

3466 5882 3543 5941 32
