4314 6624
567 455 588 509 1
603 455 717 514 003

2059 442 2482 505 APPENDIX.

3801 445 3959 504 1004

636 605 665 632 «
701 581 1089 654 Multiplicataa
1127 585 1265 636 sunt
1293 596 1471 651 super
1489 579 1730 651 capillos
1760 578 1968 650 capitis
1999 577 2134 641 mei,
2167 597 2194 625 »
2228 577 2280 642 A
2312 577 2412 647 qui
2443 576 2733 650 intelligit.
2769 578 2998 645 Beatus,
3030 580 3088 632 et
3133 575 3287 641 felix,
3338 573 3439 647 qui
3482 572 3756 646 intelligit
3786 590 3964 646 super

560 670 621 726 Id
653 674 761 739 est,
783 671 923 742 ipsae
943 669 1281 742 iniquitates
1312 685 1486 740 super
1518 684 1703 739 genus
1732 666 2079 721 humanum.
2107 664 2195 720 Co:

556 776 739 815 meum
765 759 1065 831 dereliquit
1080 775 1185 813 me.
1214 757 1457 824 Quando
1479 756 1652 812 homo
1674 759 1891 827 peccat,
1915 771 2012 809 cor
2032 768 2205 808 suum

556 866 671 905 non
706 848 898 904 habet.
941 847 1099 903 Unde
1133 846 1303 901 David
1360 845 1536 899 dixit:
1593 845 1801 899 Invenit
1847 858 2034 899 servus
2082 849 2205 897 tuus

552 954 646 994 eor
673 954 831 992 suum
863 937 937 1009 (II
973 942 1100 1006 Reg.
1127 953 1230 1003 νη,
1281 936 1392 1003 27).
1427 934 1574 1004 Ergo
1608 938 1776 987 antea
1806 932 2038 1001 quando
2070 946 2204 1001 pec-

555 1027 728 1091 cavit,
759 1041 876 1080 non
891 1024 1101 1079 habuit
1141 1023 1307 1078 illud.

629 1137 657 1165 ‹‹
696 1112 1064 1185 Complaceat
1094 1112 1219 1181 tibi,
1255 1110 1523 1175 Domine,
1554 1108 1737 1163 libera
1769 1122 1882 1175 me,
1909 1105 2203 1171 Domine,»

552 1201 816 1259 Ecclevia
845 1206 1010 1274 rogat
1040 1202 1111 1255 ad
1143 1199 1477 1254 Christum:
1512 1198 1628 1253 Hoc
1674 1197 1778 1251 tibi
1823 1193 2202 1265 complaceat,

553 1296 619 1346 ut
648 1306 741 1345 me
769 1290 1002 1345 liberes.
1032 1290 1093 1343 In
1129 1286 1413 1343 auxilium
1448 1301 1643 1340 meum
1677 1283 1917 1355 respice.
1952 1279 2202 1335 Infirmi-

554 1383 642 1436 tas
673 1378 1031 1434 voluntatem
1063 1377 1237 1433 habet
1268 1373 1642 1447 impetrandi,
1693 1390 1810 1429 non
1858 1374 2201 1443 potestatem

550 1469 746 1524 habet.

626 1581 648 1609 ι
692 1556 1157 1613 Confundantur.
1181 1576 1209 1604 »
1235 1554 1297 1607 In
1326 1552 1774 1624 cogitationibus
1800 1549 2011 1621 pravis,
2042 1552 2107 1603 ut
2136 1564 2203 1602 ea

550 1663 675 1718 quae
719 1648 858 1702 sunt
888 1649 1065 1708 recta,
1096 1642 1438 1713 percipiant.
1472 1646 1589 1695 Aut
1618 1639 1711 1695 hic
1739 1638 2066 1702 emendent,
2101 1641 2203 1691 aut

547 1734 608 1789 in
642 1735 856 1800 futuro,
889 1754 919 1782 «
976 1736 1031 1787 et
1060 1734 1452 1786 revereantur.
1488 1750 1517 1777 »
1549 1728 1666 1783 Hoc
1696 1731 1804 1792 est,
1852 1731 1918 1780 ut
1947 1740 2203 1781 reveren-

545 1822 691 1878 tiam
711 1821 991 1876 habeant.

621 1932 650 1960 «
687 1910 1041 1964 Avertantur
1085 1910 1428 1962 retrorsum.
1472 1929 1494 1958 ι
1552 1904 1661 1969 Qui
1706 1902 1929 1959 malum
1959 1917 2197 1958 cursum
2227 1941 2275 2005 B

546 1998 901 2054 habuerunt.

618 2108 647 2135 ‹‹
690 2086 900 2142 Ferant
929 2083 1236 2140 confestim
1269 2081 1673 2138 confusionem
1706 2096 1913 2137 suam:
1963 2080 2064 2152 qui
2109 2078 2197 2132 di-

546 2178 686 2231 cunt
713 2172 880 2242 mihi,
912 2174 1091 2246 Euge,
1125 2186 1292 2245 euge.
1331 2193 1353 2222 υ
1389 2170 1845 2227 Misericorditor
1873 2185 1972 2225 eos
2001 2169 2198 2240 depre-

545 2267 711 2319 catur
738 2262 1039 2333 confundi,
1072 2269 1137 2317 ut
1167 2261 1477 2317 confestim
1510 2262 1866 2333 cognoscant
1877 2257 2192 2330 justitiam.

547 2352 780 2408 Portant
809 2349 1211 2407 confusionem
1254 2366 1444 2419 suam,
1494 2349 1591 2420 qui
1618 2365 1679 2404 se
1709 2365 1820 2403 non
1854 2347 2195 2403 emendave-

545 2440 683 2496 riut.
718 2462 747 2490 «
779 2439 887 2503 Qui
920 2439 1123 2495 dicunt
1155 2437 1320 2508 mihi,
1350 2439 1527 2511 Euge,
1552 2454 1715 2509 euge.
1753 2458 1780 2485 »
1814 2442 1968 2492 Duos
1996 2436 2197 2490 hostes

544 2527 721 2585 habet
750 2527 1021 2598 Ecclesia,
1054 2526 1417 2582 adulationes
1446 2531 1503 2581 et
1535 2524 2087 2597 blasphemationes.

615 2640 645 2666 «
698 2617 1002 2672 Exsultent
1056 2620 1113 2670 et
1165 2614 1432 2670 laetentur
1487 2614 1586 2685 qui
1650 2613 1855 2669 volunt
1904 2612 2196 2683 justitiam

542 2722 756 2761 meam.
792 2727 821 2755 »
853 2709 972 2760 Hoc
996 2708 1102 2771 est,
1138 2704 1310 2758 fidem
1344 2709 1400 2758 et
1432 2719 1627 2774 opera.
1665 2723 1691 2754 α
1720 2702 1787 2756 Et
1817 2701 2016 2757 dicant
2045 2717 2197 2757 sem-

540 2810 661 2866 per,
695 2793 1098 2866 Magniﬁcetur
1144 2791 1447 2847 Dominus.
1486 2813 1507 2841 ι
1562 2790 1965 2862 Magniﬁcetur
2013 2806 2196 2861 pepu-

539 2881 632 2938 lus
684 2888 1042 2938 sanctorum.
1093 2880 1257 2936 Unde
1305 2880 1488 2935 dixit:
1547 2879 1774 2935 Videant
1818 2882 1999 2933 vestra
2060 2878 2199 2932 bona

542 2988 731 3043 opera,
760 2979 812 3026 et
838 2971 1141 3042 gloriﬁcent
1182 2975 1407 3024 Patrem
1434 2972 1675 3024 vestrum
1718 2969 1818 3039 qui
1848 2968 1909 3021 in
1938 2967 2087 3022 (alia
2119 2973 2199 3021 est

544 3058 761 3129 (Matth.
792 3075 850 3129 v,
884 3058 992 3128 16).
1032 3080 1053 3106 ι
1085 3056 1193 3120 Qui
1239 3056 1493 3127 diligunt
1537 3055 1795 3111 salutare
1844 3059 2037 3110 tuum.
2073 3076 2101 3103 ››
2134 3054 2197 3108 Id

545 3151 654 3215 est,
687 3146 983 3201 Christum
1018 3149 1208 3199 tuum.
1240 3165 1267 3192 »
1303 3144 1431 3199 Haec
1473 3143 1761 3215 Propheta
1792 3143 1933 3198 dicit
1964 3143 2034 3198 de
2082 3142 2198 3210 his,

549 3234 765 3307 quibus
791 3233 918 3305 ipse
949 3234 1232 3289 Dominus
1265 3248 1367 3303 per
1396 3230 1773 3304 Evangelium
1805 3231 1921 3287 ait:
1963 3231 2025 3288 Si
2060 3230 2197 3287 dite-

2314 681 2564 736 egenum
2595 670 2652 721 et
2673 682 3009 738 pauperem.
3044 687 3073 715 »
3105 664 3370 721 Christus
3405 679 3624 736 egenus
3654 667 3709 718 et
3741 679 3965 735 pauper

2315 755 2502 809 factus
2533 759 2622 809 est
2664 771 2767 825 pro
2809 754 2997 823 nobis,
3034 757 3100 809 ut
3154 752 3315 808 illius
3343 752 3543 824 inopia
3599 767 3707 807 nos
3756 750 3963 807 divites

2315 841 2562 897 faceret:
2598 865 2625 891 «
2657 842 2762 906 Qui
2796 841 3085 913 intelligit,
3126 863 3146 890 ιι
3191 841 3250 895 id
3282 844 3392 905 est,
3425 838 3524 911 qui
3570 837 3844 911 intelligit
3889 839 3964 894 il-

2310 929 2435 985 lum
2466 946 2663 985 verum
2694 930 2877 985 Deum
2910 935 2968 985 ct
2994 946 3196 984 verum
3220 928 3520 984 hominem
3542 945 3689 984 esse.
3727 950 3755 979 ‹‹
3774 928 3839 983 In
3870 929 3963 984 die

2313 1017 2469 1072 mala
2508 1017 2774 1073 liberavit
2816 1033 2948 1072 eum
2982 1016 3287 1072 Dominus.
3331 1039 3360 1066 »
3402 1017 3468 1072 In
3511 1016 3604 1072 die
3627 1016 3860 1088 judicii,
3901 1016 3960 1071 in

2313 1122 2431 1176 qua
2456 1106 2691 1162 Judaaos
2741 1123 2846 1161 nos
2877 1106 2982 1177 (At.
3034 1106 3177 1177 non)
3226 1104 3616 1178 intelligentes
3660 1103 3963 1161 damnabit

2313 1194 2598 1250 Christus.
2627 1195 2829 1249 Aderit
2856 1194 2959 1249 tibi
2990 1194 3116 1250 dies
3156 1194 3342 1249 mala:
3380 1194 3428 1248 si
3460 1210 3578 1249 non
3609 1193 3960 1250 intellexeris

2312 1300 2490 1355 super
2518 1299 2766 1355 egenum
2798 1288 2853 1339 et
2880 1298 3219 1355 pauperem.

2384 1396 2412 1423 «
2452 1372 2735 1428 Dominus
2764 1378 3062 1428 conservet
3090 1389 3246 1428 eum.
3272 1394 3300 1421 »
3324 1372 3406 1429 Ne
3436 1371 3507 1428 ab
3528 1371 3639 1427 hoc
3659 1370 3956 1427 intellectu

2311 1462 2544 1516 recedat
2574 1461 2633 1515 in
2683 1461 2973 1533 praesenti.
3027 1483 3055 1511 ‹‹
3087 1462 3154 1516 Et
3181 1460 3430 1525 vivificet
3476 1477 3631 1516 eum.
3665 1482 3692 1511 »
3740 1460 3801 1515 In
3849 1459 3957 1516 hac

2311 1549 2598 1622 sapientia
2627 1554 3113 1622 perseverantem,
3164 1549 3474 1605 transferat
3503 1566 3537 1604 a
3567 1553 3752 1605 morte
3783 1548 3841 1603 in
3871 1549 3954 1602 vi-

2308 1642 2457 1693 tam.
2505 1664 2525 1687 ιι
2561 1639 2630 1693 Et
2672 1638 2909 1693 beatum
2940 1638 3112 1693 faciat
3156 1654 3312 1694 eum.
3349 1659 3377 1688 »
3409 1637 3553 1692 Cum
3584 1638 3803 1693 sanctis
3832 1638 3957 1693 suis

2308 1726 2369 1781 in
2401 1742 2578 1798 regno
2608 1725 2907 1782 caelorum.
2941 1749 2969 1776 «
3000 1728 3067 1785 In
3094 1731 3268 1783 terra.
3305 1748 3334 1778 «
3365 1727 3431 1780 In
3463 1730 3667 1782 sancta
3702 1725 3959 1782 Ecclesia

2306 1815 2395 1871 vel
2426 1815 2485 1870 in
2509 1816 2602 1871 die
2638 1815 2998 1871 aeternitatis.
3039 1838 3068 1865 ‹‹
3108 1816 3178 1870 Et
3204 1832 3317 1870 non
3356 1815 3551 1869 tradat
3572 1830 3708 1870 eum
3738 1814 3798 1869 in
3832 1831 3956 1870 ma-

2308 1921 2421 1960 nus
2442 1904 2814 1960 inimicorum
2844 1906 2992 1975 ejus.
3021 1926 3049 1953 ››
3079 1905 3139 1959 Id
3164 1908 3272 1973 est,
3297 1903 3357 1958 in
3390 1907 3674 1975 potestate
3716 1902 3954 1971 diaboli,

2306 1994 2407 2065 qui
2439 1992 2770 2050 credulitati
2800 1998 3010 2049 nostrae
3051 2009 3281 2064 semper
3311 1991 3590 2047 inimicus
3633 1991 3881 2048 exsistit.

2376 2105 2405 2133 «
2447 2081 2731 2139 Dominus
2761 2098 2929 2154 opem
2973 2083 3119 2138 ferat
3167 2081 3251 2136 illi
3284 2096 3461 2154 super
3489 2080 3706 2137 lectum
3737 2080 3955 2138 doloris

2305 2172 2454 2240 ejus.
2491 2194 2520 2223 ››
2552 2205 2619 2214 -
2650 2195 2678 2222 ‹‹
2710 2171 2889 2244 Opem
2922 2172 3067 2227 ferat
3094 2169 3201 2239 illi,
3237 2193 3265 2221 ››
3297 2169 3407 2226 hoc
3453 2175 3563 2239 est,
3597 2170 3955 2242 adjutorium

2305 2266 2537 2333 praestet
2566 2261 2670 2317 illi.
2700 2262 2764 2317 In
2793 2260 2939 2317 lecto
2987 2259 3224 2331 doloris,
3256 2260 3318 2315 in
3369 2258 3707 2315 inﬁrmitate
3738 2258 3952 2316 carnis.

2304 2350 2407 2406 Vel
2434 2351 2504 2406 de
2533 2350 2632 2406 illo
2664 2349 2980 2422 paralytico
3023 2351 3215 2421 potest
3259 2347 3529 2420 intelligi,
3578 2349 3813 2420 quando
3842 2348 3954 2404 Do-

2306 2440 2505 2495 minus
2536 2438 2715 2496 dixit:
2762 2438 2957 2508 Surge,
3007 2438 3136 2494 tolle
3181 2436 3383 2494 lectum
3426 2441 3583 2493 tuum
3618 2436 3823 2509 (Matth.
3875 2454 3955 2505 1x,

2305 2529 2398 2600 6):
2433 2529 2571 2601 quia
2609 2545 2819 2601 corpus
2873 2528 3029 2598 quod
3052 2526 3470 2599 corrumpitur,
3511 2530 3787 2599 aggravat
3826 2527 3951 2582 ani-

2308 2635 2508 2683 mam,
2574 2623 2632 2673 et
2685 2615 3031 2673 inhabitatio
3087 2620 3319 2672 terrena
3385 2616 3660 2688 deprimit
3714 2632 3954 2671 sensum

2309 2706 2493 2762 multa
2539 2706 2889 2779 cogitantem
2922 2705 3074 2777 (Sap.
3108 2722 3185 2774 Ix,
3243 2705 3320 2777 6).
3372 2705 3436 2760 In
3467 2705 3645 2777 hujus
3693 2704 3955 2777 corporis

2308 2794 2675 2867 mgrotatione
2733 2794 2793 2848 in
2853 2811 2968 2866 quo
3040 2794 3236 2849 anima
3292 2797 3571 2862 tanquam
3627 2793 3687 2848 in
3745 2792 3954 2848 lectulo

2309 2882 2637 2955 requiescit,
2662 2899 2768 2954 ope
2788 2881 3097 2948 Dominici,
3122 2881 3377 2953 praesidii
3401 2880 3753 2938 consoletur.
3778 2904 3806 2930 ‹‹
3826 2880 3959 2936 Uni-

2308 2987 2539 3026 versum
2574 2975 2820 3025 stratum
2848 2971 2975 3041 ejus
3005 2970 3248 3025 versasti
3281 2969 3343 3024 in
3376 2970 3717 3026 infirmitate
3746 2970 3893 3041 ejus.
3927 2991 3956 3018 »

2308 3061 2549 3130 Corpus,
2584 3064 2650 3114 ut
2679 3058 2955 3126 diximus,
2992 3058 3144 3129 quod
3179 3074 3283 3129 pro
3332 3062 3513 3114 strato
3557 3059 3860 3129 accipitur,
3894 3057 3955 3112 in

2306 3147 2554 3229 diversis
2604 3146 3077 3203 tribulationibus
3125 3146 3489 3219 inquietasti,
3537 3151 3602 3202 ut
3645 3147 3953 3218 probatum

2309 3240 2483 3307 atque
2540 3236 2613 3292 ab
2672 3235 2951 3291 illetebris
2998 3239 3404 3308 expurgatum,
3446 3251 3796 3291 assumeres.
3852 3234 3957 3289 Hic

547 3325 745 3380 meritis
770 3339 876 3395 me,
919 3326 967 3377 et
998 3322 1162 3378 verba
1189 3337 1312 3377 mea
1358 3322 1418 3376 in
1463 3322 1612 3377 vobis
1640 3322 1969 3386 manserint,
2010 3321 2198 3376 omnia
2227 3304 2269 3369 C
2307 3304 2598 3397 Propheta
2643 3324 2918 3379 immutat
2960 3304 3249 3396 ordinem,
3288 3328 3345 3379 et
3373 3325 3594 3396 profert
3621 3340 3816 3379 vocem
3849 3323 3958 3378 Do-

548 3427 886 3484 quaeeunque
902 3412 1194 3482 petieritis,
1223 3412 1357 3482 ﬁent
1385 3410 1531 3465 vobis
1562 3410 1750 3481 (Joan.
1790 3426 1880 3463 xv.
1906 3411 1982 3474 7).

620 3524 649 3551 ‹‹
692 3503 807 3573 Ego
850 3517 984 3557 vero
1014 3515 1233 3571 egenus
1263 3503 1320 3554 et
1350 3514 1571 3570 pauper
1600 3514 1762 3553 sum:
1796 3496 1949 3552 Deus
1990 3497 2203 3568 adjuva

549 3606 663 3646 me.
696 3611 725 3640 »
764 3590 993 3661 Egenus
1023 3593 1080 3643 et
1109 3604 1332 3659 pauper
1357 3585 1626 3643 Christus
1654 3602 1665 3640 :
1698 3602 1823 3641 eum
1851 3586 1999 3640 dives
2046 3594 2197 3653 esset,

546 3694 746 3748 egenus
770 3680 950 3748 [actus
978 3680 1056 3732 est
1084 3677 1158 3743 (II
1186 3675 1304 3730 Cor.
1338 3692 1458 3740 vm,
1492 3675 1569 3746 9).
1604 3675 1836 3746 Egenus
1860 3673 2074 3729 dicitur
2102 3676 2203 3746 qui

550 3765 775 3836 aliquid
805 3765 1001 3832 habet,
1035 3769 1092 3819 et
1122 3763 1316 3834 aliquo
1345 3762 1591 3834 indiget.
1622 3763 1690 3817 Et
1719 3779 1936 3834 pauper
1968 3763 2203 3833 dicitur,

553 3854 653 3925 qui
686 3851 832 3907 nihil
862 3852 1057 3907 habet.
1093 3853 1286 3923 Inops,
1318 3852 1377 3906 id
1409 3856 1518 3916 est,
1553 3852 1679 3906 sine
1710 3867 1837 3923 ope.

627 3965 654 3991 «
685 3942 928 4011 Adjutor
976 3946 1031 3996 et
1062 3940 1337 3996 liberator
1366 3956 1534 3995 meus
1564 3943 1709 4008 esto,
1740 3938 2019 4007 Domine;
2054 3944 2207 3996 Deus

553 4047 741 4099 meus,
775 4047 847 4087 ne
890 4029 1232 4085 tardaveris.
1270 4052 1297 4078 »
1343 4033 1408 4083 Et
1464 4027 1586 4083 haec
1636 4029 1705 4083 ad
1760 4028 2207 4099 trepidationem

554 4119 913 4192 corporalem
946 4123 1084 4173 sunt
1105 4119 1426 4174 referenda.
1466 4117 1612 4172 Nam
1636 4116 1912 4172 divinitas
1945 4134 2069 4188 quae
2101 4117 2211 4171 fuit

555 4209 615 4263 in
664 4212 968 4280 assumpto
1020 4206 1277 4273 homine,
1329 4204 1475 4260 nulli
1506 4210 1595 4261 est
1649 4204 1896 4260 obnoxia
1925 4205 2206 4277 passioni,

556 4298 657 4353 sed
690 4296 749 4351 in
780 4296 984 4352 eadem
1032 4295 1291 4367 potentia
1339 4310 1454 4365 qua
1502 4293 1635 4361 fuit,
1682 4298 1739 4349 et
1788 4299 2111 4365 permanet,
2153 4298 2212 4348 et

556 4385 940 4458 permanebit,
964 4388 1023 4440 et
1052 4400 1228 4454 nunc,
1266 4387 1324 4438 et
1354 4387 1495 4437 tunc
1518 4382 1575 4437 in
1599 4381 1813 4438 saecula
1839 4381 2208 4438 saeculorum.

552 4477 756 4529 Amen.

1142 4605 1471 4660 PSALMUS
1504 4605 1618 4660 XL.

554 4696 617 4749 In
647 4694 848 4765 ﬁnem,
888 4695 1140 4748 Psalmus
1176 4694 1367 4749 David.
1407 4696 1589 4749 Istum
1624 4694 1882 4764 psalsum
1918 4693 2204 4765 Propheta

625 4782 727 4835 per
754 4764 1036 4836 Spiritum
1069 4770 1339 4820 sanctum
1371 4766 1430 4819 in
1475 4782 1723 4836 persona
1756 4765 1969 4820 Christi
2001 4764 2200 4820 canta-

623 4834 724 4891 vit.
757 4834 1025 4908 Psalmus
1053 4852 1253 4908 vocem
1288 4834 1545 4908 continet
1568 4837 1861 4908 prophetae
1884 4837 1941 4890 in
1974 4836 2205 4908 Christo

623 4906 1055 5033 pronuntiantis
1086 4907 1144 4961 in
1175 4907 1373 4963 initio:
1409 4906 1616 4963 deinde
1648 4906 1833 4979 ipsius
1871 4907 2204 4963 Mediatoris

647 4978 916 5033 oauentis
975 4978 1045 5032 ad
1104 4982 1388 5033 Patrem:
1456 4996 1586 5033 aute
1644 4980 1894 5033 maxime
1953 4984 2093 5033 sunt
2143 4979 2203 5033 in

647 4978 916 5051 oquentis
975 4978 1045 5032 ad
1104 4982 1388 5051 Patrem:
1456 4996 1586 5051 quze
1644 4978 1894 5036 maxime
1953 4984 2093 5035 sunt
2143 4979 2203 5034 in

624 5049 891 5123 Evangeli
901 5050 951 5104 is
981 5050 1241 5121 impleta.

624 5206 653 5234 «
695 5184 906 5239 Beatus
938 5182 1036 5254 qui
1067 5182 1343 5255 intelligit
1390 5199 1573 5255 super
1622 5198 1869 5255 egenum
1902 5186 1958 5238 et
1984 5198 2204 5255 paupe-

552 5289 696 5330 rem.
730 5295 759 5324 »
801 5272 908 5337 Qui
942 5271 1241 5344 cognoscit
1278 5270 1573 5327 Christum
1604 5271 1663 5325 in
1696 5276 2003 5342 assumpta
2032 5288 2206 5327 carne

549 5363 801 5433 venisse,
846 5362 906 5416 in
960 5377 1077 5433 qua
1124 5378 1227 5433 pro
1276 5360 1446 5415 nobis
1501 5375 1725 5437 pauper
1775 5360 1961 5415 factus
2012 5364 2103 5414 est
2149 5364 2207 5415 et

550 5467 790 5524 egenus,
839 5450 933 5505 hic
982 5449 1407 5505 beatitudinum
1470 5447 1792 5503 ccelestium
1841 5463 1977 5519 opes
2030 5448 2201 5519 capit.

549 5539 676 5611 Ipse
707 5544 902 5595 autem
936 5539 1219 5593 Dominus
1251 5536 1437 5592 factus
1469 5541 1557 5591 est
1596 5551 1849 5607 pauper:
1902 5553 2035 5590 cum
2087 5537 2221 5591 non‘

547 5626 785 5683 haberet
815 5628 913 5681 ubi
961 5630 1133 5698 caput
1180 5624 1486 5681 reclinaret
1515 5625 1664 5694 (Luc.
1702 5640 1777 5689 1x,
1807 5623 1896 5677 58.
1948 5625 2204 5696 Egenus,

549 5730 683 5773 cum
714 5730 777 5772 se
806 5715 863 5769 in
911 5714 1218 5787 egentibus
1265 5712 1421 5770 reﬁci
1452 5713 1891 5770 demonstravit.
1926 5733 1954 5765 «
1983 5712 2200 5769 Beatus

2309 3413 2509 3469 minici
2539 3413 2797 3468 hominis
2826 3413 3073 3469 dicentis
3097 3430 3111 3469 :

2383 3502 2549 3574 «Ego
2572 3501 2688 3558 dixi
2713 3519 2726 3557 :
2751 3502 3007 3571 Domine,
3058 3502 3335 3557 miserere
3355 3501 3505 3557 mei:
3528 3518 3672 3557 sana
3697 3501 3953 3558 animam

2311 3598 2524 3659 meam,
2557 3589 2695 3662 quia
2726 3590 2958 3662 peccavi
3010 3590 3138 3645 tibi.
3175 3612 3203 3640 »
3250 3591 3385 3654 Quae
3439 3595 3647 3647 moesta
3676 3607 3864 3663 usque
3892 3590 3963 3646 ad

2313 3684 2561 3735 mortem
2586 3665 2732 3746 ;non
2766 3679 2836 3733 ab
2867 3677 3139 3751 originali
3169 3679 3443 3748 facinore,
3476 3680 3709 3755 sedvpro
3738 3678 3967 3734 delictis

2313 3767 2514 3840 p0puli
2544 3768 2943 3824 contristatur.
2976 3766 3101 3835 Vel,
3128 3788 3156 3817 «
3187 3767 3459 3823 Miserere
3487 3767 3622 3838 mei,
3656 3789 3684 3818 »
3713 3767 3973 3823 Ecclesia

2314 3857 2492 3913 dicit:
2528 3855 2666 3928 quia
2697 3854 2868 3910 multi
2900 3858 3038 3910 sunt
3059 3854 3159 3926 qui
3184 3859 3422 3926 peccata
3446 3854 3844 3925 committunt,
3870 3856 3973 3911 sed

2314 3946 2490 4002 verba
2533 3942 2925 3999 excusationis
2972 3943 3358 4014 pretendunt.
3405 3943 3567 3999 Unde
3599 3943 3858 4000 Ecclesia
3887 3944 3975 3999 di-

2316 4034 2433 4089 cit:
2469 4032 2582 4104 Ego
2613 4047 2705 4086 me
2752 4046 2962 4086 accuso
3017 4047 3121 4103 pro
3167 4030 3315 4087 meis
3363 4031 3639 4105 peccatis,
3692 4033 3831 4104 quia
3869 4048 3973 4105 ego

2317 4119 2564 4194 peccavi.

2391 4232 2419 4260 «
2460 4207 2685 4264 Inimici
2716 4207 2829 4263 mei
2863 4207 3136 4264 dixerunt
3166 4207 3323 4264 mala
3352 4208 3534 4265 mihi:
3571 4209 3818 4274 Quando
3849 4224 3971 4266 mo-

2318 4299 2499 4354 rietur
2526 4302 2583 4353 et
2630 4297 2841 4369 peribit
2891 4313 3105 4354 nomen
3138 4297 3267 4369 ejus
3291 4297 3319 4352 ‘P
3356 4319 3379 4350 ι
3429 4297 3672 4361 Quando
3696 4298 3973 4355 videbant

2318 4404 2498 4443 caecos
2545 4385 2888 4458 illuminari,
2938 4385 3201 4458 leprosos
3232 4387 3528 4453 mundari,
3560 4388 3803 4443 sabbata
3853 4387 3970 4442 dis-

2319 4476 2482 4544 solvi,
2517 4476 2799 4531 Lazarum
2841 4475 3200 4545 resuscitari,
3234 4477 3470 4548 quando
3500 4477 3804 4532 dicebant:
3836 4477 3971 4531 Ecce

2318 4566 2556 4622 mundus
2603 4569 2742 4622 totus
2784 4569 2901 4635 post
2944 4581 3071 4620 eam
3113 4565 3257 4620 abiit
3305 4564 3481 4635 (Joan.
3531 4582 3631 4632 xu,
3668 4564 3795 4635 19);
3826 4563 3967 4634 quid

2237 4666 2278 4730 ι)
2309 4656 2471 4714 aliud
2504 4657 2771 4728 poterant
2797 4654 3071 4725 cogitare,
3105 4652 3242 4724 nisi,
3292 4658 3359 4708 ut
3390 4660 3575 4709 morte
3603 4653 3654 4709 ei
3684 4652 3804 4707 haec
3848 4650 3973 4706 vir-

2309 4750 2406 4801 tus
2450 4742 2815 4815 eriperetur?
2845 4742 2992 4796 Nam
3038 4745 3095 4796 et
3123 4757 3279 4797 unus
3320 4757 3389 4796 ex
3420 4741 3555 4813 illis,
3589 4740 3835 4813 Caiphas
3865 4756 3968 4795 no-

2316 4834 2494 4898 mine,
2528 4831 2663 4887 licet
2694 4830 2960 4885 nesciens
2992 4846 3117 4901 quae
3167 4828 3403 4898 diceret,
3459 4830 3687 4887 aiebat:
3738 4828 3968 4900 Expedit

2313 4931 2371 4976 ut
2400 4937 2545 4975 unus
2574 4920 2845 4974 moriatur
2871 4933 2968 4990 pro
3001 4919 3222 4990 populo,
3262 4926 3323 4974 ut
3348 4936 3460 4975 non
3489 4928 3597 4976 tota
3626 4935 3754 4990 gens
3782 4926 3968 4990 pereat

2314 5011 2469 5083 (Joan
2500 5024 2657 5074 xvm,
2698 5008 2781 5075 14)
2807 5029 2835 5056 ‹‹
2857 5005 3097 5071 Quando
3127 5006 3458 5063 morietur?
3478 5028 3506 5060 »
3542 5007 3660 5063 Hoc
3691 5011 3781 5062 est
3808 5005 3962 5078 quod

2312 5098 2372 5153 in
2406 5094 2700 5168 Evangelii
2730 5094 3006 5168 parabola
3030 5094 3331 5163 scribitur,
3352 5095 3572 5153 colonis
3602 5096 3960 5151 dicentibus:

2316 5188 2418 5243 Iste
2446 5189 2528 5242 est
2550 5185 2726 5240 hleres
2759 5186 2934 5240 venite
2960 5185 3356 5255 interﬁeiamus
3386 5202 3546 5241 eum:
3578 5191 3631 5242 et
3652 5192 3837 5240 nostra
3857 5185 3965 5239 erit

2313 5274 2599 5331 haereditas
2621 5274 2805 5345 (Mare.
2838 5290 2940 5344 χιι,
2978 5272 3056 5346 7),
3088 5276 3147 5328 et
3191 5290 3307 5330 non
3343 5279 3701 5331 memoretur
3747 5287 3958 5329 nomen

2314 5365 2441 5435 ejus
2481 5362 2753 5434 amplius.

2389 5475 2416 5502 ‹‹
2455 5457 2525 5507 Et
2555 5453 2603 5507 si
2635 5451 3114 5524 ingrediebantur
3159 5457 3226 5508 ut
3255 5452 3536 5520 viderent,
3570 5469 3717 5509 vana
3763 5453 3957 5525 loque—

2311 5541 2481 5595 batur
2511 5557 2609 5596 cor
2666 5556 2888 5595 eorum.
2924 5561 2953 5590 »
2985 5544 3352 5598 Introeuntes
3381 5542 3717 5614 praetorium
3758 5541 3962 5614 loque-

2314 5630 2528 5684 bantur
2548 5630 2617 5684 de
2638 5628 2807 5683 corde
2831 5628 3003 5697 malo,
3018 5629 3301 5687 dicentes:
3325 5631 3514 5687 Omnis
3532 5634 3633 5702 qui
3650 5648 3707 5687 se
3720 5632 3856 5704 facit
3876 5646 3963 5686 re-

2310 5734 2431 5788 gem
2454 5717 2775 5774 contradicit
2800 5718 3336 5794 Ctzsari(Joan.x1x,
3358 5722 3463 5790 12).
3493 5720 3595 5777 Vel
3624 5723 3697 5778 ad
3727 5720 3836 5778 hoc
3864 5720 3954 5775 in-
