4314 6612
418 478 573 536 1005

1574 436 2068 537 ΒιιΕνιΑηιυΜ
2113 477 2193 539 1N
2236 477 2624 539 PSALMOS.

3653 475 3811 537 1006

412 605 919 677 grediebantur,ut
949 604 1384 675 exstinguerent
1412 603 1755 669 Ecclesiam,
1788 610 1845 661 et
1873 606 2061 678 explo-
2089 608 2144 674 Α
2171 607 2534 662 conﬁrmasti
2583 623 2677 662 me
2730 607 2789 661 in
2838 588 3155 676 conspectu
3203 609 3303 659 tuo
3342 605 3403 659 in
3435 607 3732 662 aeternam.
3784 628 3814 657 ››

410 693 786 761 rarent,sicut
830 691 1047 747 Paulus
1097 691 1237 747 dicit
1268 709 1281 746 :
1314 693 1463 747 Falsi
1489 698 1691 762 fratres
1722 697 1816 765 qui
1861 697 2057 749 subin-

412 783 686 836 troierunt
724 781 1018 852 explorare
1047 781 1355 836 libertatem
1384 786 1627 837 nostram
1654 782 1861 854 (Galat.
1888 800 1948 848 ιι,
1980 785 2055 850 li).

410 869 576 925 Vana
602 869 866 925 locutum
897 874 985 925 est
1014 886 1113 925 cor
1140 886 1367 936 eorum,
1396 869 1601 943 lingua
1628 871 1765 927 ﬁcta
1804 871 1864 926 in
1916 870 2059 926 dile-

2167 695 2419 750 Maxima
2451 700 2539 749 est
2568 696 2688 750 haec
2716 694 3222 759 innocentia,cum
3246 694 3449 764 justus
3483 710 3585 765 pro
3615 693 3816 766 impiis

2169 786 2417 838 moritur
2449 801 2462 837 :
2497 784 2597 854 qui
2639 800 2753 838 non
2800 800 2926 851 sua,
2978 783 3078 838 sed
3127 786 3326 837 nostra
3355 785 3591 853 peccata
3620 787 3812 853 porta-

2166 871 2265 926 vit.
2300 872 2540 943 Propter
2569 888 2746 943 quam
2776 869 3190 939 innocentiam,
3224 874 3282 925 et
3312 886 3347 925 a
3373 870 3541 925 Patre
3592 870 3817 926 devicta

412 957 588 1025 tione,
620 963 685 1013 ut
706 957 851 1013 illud
881 976 893 1013 :
926 958 1199 1029 Magister,
1249 960 1452 1013 scimus
1500 960 1631 1030 quia
1673 976 1849 1015 verax
1893 977 1969 1027 es,
2010 968 2063 1015 et
2168 964 2374 1027 morte,
2408 976 2542 1015 cum
2569 964 2875 1032 assumpta
2905 976 3079 1014 carne
3108 963 3420 1031 susceptus
3450 963 3539 1015 est
3566 959 3627 1014 in
3659 958 3817 1015 coele-

414 1048 557 1102 viam
589 1049 686 1103 Dei
716 1049 775 1102 in
804 1050 1033 1103 veritate
1059 1048 1212 1103 doces
1241 1047 1448 1119 (Matth.
1481 1065 1618 1113 χχιι,
1656 1049 1765 1116 18).
1803 1049 1916 1103 Hoc
1961 1065 2057 1103 va-

417 1152 559 1190 num
591 1140 698 1191 est.
734 1157 762 1186 «
792 1140 1301 1208 Congregaverunt
1327 1136 1699 1208 iniquitatem
1730 1136 1861 1191 sibi.
1890 1159 1911 1187 ι
1940 1135 2061 1192 Cla-

2170 1048 2381 1103 stibus.

2246 1159 2266 1184 σ
2302 1137 2650 1192 Benedictus
2682 1137 2968 1192 Dominus
3002 1141 3150 1193 Deus
3182 1136 3358 1193 Israel
3403 1155 3438 1192 a
3484 1137 3713 1209 saeculo,
3760 1141 3818 1193 et

419 1229 645 1281 mantes
676 1243 689 1279 :
723 1225 871 1288 Quid
920 1226 993 1281 ad
1042 1242 1148 1281 nos
1182 1226 1210 1280 ?
1259 1226 1331 1279 Tu
1367 1226 1601 1285 videris.
1666 1225 1898 1297 Sanguis
1946 1226 2061 1298 ejus
2170 1241 2358 1296 usque
2390 1225 2447 1279 in
2477 1224 2784 1292 saeculum,
2816 1226 2937 1293 ﬁat,
2967 1227 3091 1280 ﬁat.
3122 1246 3151 1275 ››
3186 1230 3297 1280 Pro
3328 1226 3443 1295 ﬁat,
3475 1227 3594 1297 ﬁat,
3615 1226 3673 1281 in
3706 1225 3819 1280 He-

415 1330 579 1385 super
615 1330 712 1369 nos
739 1318 791 1369 et
817 1330 981 1385 super
1003 1314 1148 1383 ﬁlios
1177 1318 1409 1369 nostros.
1491 1321 1494 1324 ’

494 1469 515 1495 α
552 1446 1015 1519 Egrediebantur
1042 1447 1217 1501 foras.
1255 1468 1277 1497 ιι
1315 1448 1511 1517 Foras,
1535 1463 1668 1503 cum
1705 1446 1899 1503 Pilato.
1934 1470 1963 1497 «
1994 1449 2065 1502 Et

418 1533 809 1605 loquebantur
852 1534 914 1589 in
962 1534 1243 1606 idipsum.
1275 1535 1598 1592 Adversum
1657 1552 1750 1590 me
1794 1553 2063 1591 susurra-

312 1694 315 1695 ν
418 1622 559 1677 bant
580 1639 781 1677 omnes
827 1622 1051 1677 inimici
1076 1623 1190 1677 mei
1224 1640 1236 1678 :
1268 1624 1579 1679 adversum
1611 1640 1704 1678 me
1734 1624 2068 1696 cogitabant

423 1710 579 1765 mala
617 1710 782 1766 mihi.
814 1733 843 1762 ››
878 1710 1232 1767 Adhibentes
1281 1716 1461 1767 testes
1508 1712 1763 1784 iniquos,
1814 1717 1871 1768 et
1912 1730 2066 1784 quae-

423 1804 613 1853 rentes
654 1815 747 1853 me
793 1799 1139 1856 interﬁcere.
1192 1822 1219 1849 ‹‹
1268 1802 1591 1856 Adversum
1648 1818 1741 1857 me
1797 1817 2068 1856 susurra-

423 1887 582 1955 bant,
630 1887 688 1942 id
731 1892 821 1943 est
869 1889 1337 1944 murmurabant.
1374 1912 1403 1940 ‹‹
1443 1892 1657 1946 Omnes
1695 1889 1919 1946 inimici
1954 1889 2069 1944 mei

425 1975 758 2046 cogitabant
787 1975 945 2032 mala
974 1976 1140 2044 mihi,
1175 1999 1202 2026 ››
1232 1976 1553 2048 supradicti
1580 1976 1789 2048 Judaei,
1820 1976 1910 2033 vel
1954 1993 2079 2031 mo-
2107 1971 2156 2036 B

424 2063 497 2119 do
530 2067 732 2119 contra
761 2064 1078 2121 Ecclesiam
1107 2064 1387 2121 haeretici.

500 2190 529 2219 «
555 2169 813 2226 Verbum
842 2170 1113 2242 iniquum
1148 2171 1584 2228 constituerunt
1613 2173 1894 2228 adversus
1923 2189 2073 2229 me.»

424 2260 655 2315 Aientes
684 2277 698 2315 :
731 2260 896 2316 Nobis
924 2276 1035 2316 non
1080 2261 1205 2316 licet
1242 2261 1488 2317 occidere
1535 2279 1861 2333 quemquam
1888 2261 2074 2334 (Joan.

423 2365 585 2415 xvm,
618 2348 694 2419 3),
727 2349 830 2405 sed
858 2352 924 2405 tu
956 2349 1150 2421 accipe
1181 2354 1236 2405 et
1265 2350 1539 2423 cruciﬁge
1565 2367 1720 2406 eum.
1750 2350 1850 2405 Vel
1891 2368 2075 2422 quan-

425 2437 499 2492 do
530 2436 802 2493 dixerunt
834 2454 847 2494 :
878 2440 945 2494 In
970 2437 1277 2494 Beelzebub
1315 2440 1463 2510 ejicit
1508 2440 1783 2496 daemonia
1811 2440 1961 2510 (Luc.
1997 2457 2076 2509 x1,

428 2526 542 2596 15),
574 2532 777 2582 etnon
811 2526 1003 2582 solum
1044 2543 1221 2599 super
1261 2530 1480 2595 vivum,
1532 2529 1631 2584 sed
1677 2528 1852 2584 etiam
1903 2544 2081 2599 super

434 2619 733 2670 mortuum
765 2614 943 2671 falsos
967 2620 1148 2672 testes
1178 2615 1487 2672 miserunt.

508 2745 536 2771 «
568 2721 869 2793 Numquid
918 2722 1017 2794 qui
1067 2723 1303 2788 dormit,
1351 2740 1467 2779 non
1515 2723 1751 2793 adjiciet
1779 2728 1845 2778 ut
1885 2739 2080 2779 resur-

438 2811 637 2883 gat?»
670 2811 765 2866 Sic
812 2827 905 2867 me
936 2811 1259 2867 interﬁcere
1309 2812 1681 2877 festinabant,
1734 2810 1901 2883 quasi
1950 2815 2083 2882 post

438 2902 686 2954 mortem
720 2915 1021 2971 resurgere
1051 2916 1166 2954 non
1196 2899 1493 2955 haberem.
1536 2900 1653 2955 Hoc
1701 2904 1792 2955 est
1837 2900 2029 2955 dicere
2063 2917 2076 2954 :

439 2987 538 3059 qui
573 2988 643 3042 ab
676 2986 893 3059 iniquis
921 2987 1141 3059 injuste
1194 3004 1399 3044 somno
1447 2989 1653 3044 mortis
1710 2987 2079 3061 opprimitur,

437 3092 553 3131 non
584 3075 894 3149 resurget?
922 3077 1083 3132 Sicut
1110 3076 1255 3132 alias
1280 3076 1563 3149 propheta
1593 3077 1738 3132 dixit
1769 3095 1782 3132 :
1806 3077 2083 3149 Numquid

436 3166 533 3236 qui
562 3165 726 3235 cadit,
749 3181 857 3220 non
889 3168 1134 3235 resurget
1161 3166 1379 3236 (Jerem.
1412 3183 1537 3232 vm,
1564 3166 1658 3237 4)?
1686 3166 1904 3222 Cecidit
1923 3164 2080 3221 enim

435 3269 684 3325 granum
715 3253 1015 3323 frumenti,
1039 3258 1095 3308 et
1124 3255 1334 3309 messis
1359 3254 1596 3326 copiosa
1625 3256 1897 3311 surrexit.

511 3399 539 3426 «
570 3377 795 3432 Etenim
826 3376 1002 3431 homo
1034 3376 1196 3447 pacis
1228 3393 1367 3432 meae
1415 3378 1475 3431 in
1528 3395 1643 3449 quo
1691 3379 1938 3450 speravi,
1980 3379 2078 3450 qui

435 3464 645 3520 edebat
691 3480 871 3536 panes
918 3480 1100 3530 meos,
1150 3462 1547 3537 magniﬁcavit
1592 3483 1767 3538 super
1813 3483 1906 3523 me
1937 3484 2077 3541 sup-

435 3552 877 3624 plantationem.
914 3574 942 3601 »
973 3552 1448 3608 Manifestissime
1477 3553 1572 3609 hic
1599 3555 1812 3610 Judam
1853 3556 2079 3612 denun-

435 3641 543 3697 tiat
572 3641 947 3713 proditorem,
997 3640 1149 3697 sicut
1197 3640 1320 3712 ipse
1367 3641 1651 3698 Dominus
1678 3642 1738 3697 in
1770 3644 2078 3716 Evangelio

437 3730 519 3786 ait
550 3747 562 3786 :
599 3730 699 3785 Cui
727 3746 822 3799 ego
848 3746 1049 3802 panem
1074 3731 1371 3785 intinctam
1421 3731 1633 3803 dedero,
1665 3734 1783 3803 ipse
1806 3736 1884 3787 est
1899 3734 2073 3805 (Joan.

436 3837 559 3885 xm,
589 3821 714 3891 26);
747 3824 804 3875 et
831 3819 969 3874 alibi
1004 3837 1017 3876 :
1056 3820 1271 3875 Levabit
1299 3819 1588 3875 adversum
1626 3837 1715 3876 me
1763 3823 2081 3878 calcaneum

438 3910 618 3970 (Joan.
673 3926 797 3979 xm,
847 3908 953 3980 18).
994 3909 1155 3973 Quod
1204 3913 1400 3965 autem
1433 3910 1513 3964 ait
1544 3926 1556 3964 :
1591 3932 1620 3960 «
1652 3911 1759 3968 Οιιὶ
1789 3912 2014 3980 edebat,
2050 3934 2078 3961 »

436 3998 546 4053 hoc
575 4001 685 4068 est,
720 3996 820 4069 qui
853 3995 1141 4052 caelestem
1190 3996 1408 4065 cibum,
1449 3999 1628 4053 vitam
1676 3998 1812 4054 huic
1861 4001 2079 4057 mundo

438 4087 695 4155 dantem,
729 4085 1017 4153 sumebat,
1047 4089 1105 4140 et
1142 4084 1274 4141 aliis
1305 4086 1711 4165 distribqebat,
1752 4104 1885 4143 cum
1928 4092 2083 4144 esset

436 4173 738 4246 apostolus
769 4188 783 4227 :
818 4172 943 4244 ipse
973 4172 1124 4228 hanc
1152 4174 1337 4229 vitam
1369 4175 1564 4241 morti,
1598 4180 1833 4248 propter
1860 4177 2081 4249 cupidi-

437 4261 576 4316 tatis
605 4261 878 4332 pretium,
911 4260 1239 4317 destinavit.

514 4390 535 4417 α
571 4368 658 4422 Tu
688 4370 908 4432 autem,
941 4366 1203 4435 Domine,
1235 4368 1507 4426 miserere
1548 4371 1684 4440 mei,
1717 4376 1773 4426 et
1797 4372 2083 4428 resuscita

438 4472 550 4525 me,
585 4461 644 4511 et
673 4455 990 4510 retribuam
1024 4455 1128 4511 eis.
1165 4477 1193 4504 »
1224 4456 1626 4513 Resuscitatus
1657 4464 1749 4514 est
1800 4459 2081 4515 Dominus

440 4549 639 4601 noster
666 4543 878 4599 virtute
908 4548 1171 4615 paterna,
1205 4544 1274 4599 ad
1326 4545 1496 4615 cujus
1546 4546 1843 4602 dexteram
1899 4548 2078 4604 sedet.

436 4636 761 4705 Antequam
789 4637 1135 4706 resurgeret,
1166 4633 1505 4705 anticipavit
1530 4634 1674 4691 ultio
1704 4636 2080 4706 Judam,cum

2084 3307 2150 3355 οη
2189 3281 2431 3337 lolatrize
2496 3283 2675 3338 fetore
2740 3283 3024 3355 repletum

2168 1313 2321 1368 braeo
2351 1313 2630 1369 scribitur
2657 1330 2845 1384 amen,
2878 1330 3058 1384 amen,
3091 1315 3249 1385 quod
3286 1313 3518 1384 Aquila,
3548 1333 3824 1367 πεπιστω-

2177 1400 2375 1472 μὲνως,
2428 1402 2488 1456 id
2545 1406 2633 1457 est
2688 1418 2832 1470 vere,
2889 1403 3009 1457 sive
3061 1403 3322 1474 ﬁdeliter,
3381 1402 3702 1459 transtulit.
3764 1403 3831 1457 Et

2173 1490 2477 1545 sciendum
2508 1490 2762 1562 primum
2792 1491 3007 1545 librum
3038 1491 3304 1547 Psalterii
3363 1492 3454 1547 hic
3512 1507 3641 1548 esse
3695 1490 3829 1545 ﬁni-

2174 1583 2322 1632 tum.
2355 1578 2688 1633 Secundum
2717 1595 2851 1634 vero
2900 1594 3027 1634 esse
3078 1596 3111 1633 a
3159 1581 3608 1652 quadragesimo
3640 1579 3831 1650 primo

2177 1682 2365 1737 usque
2421 1667 2489 1721 ad
2551 1666 3051 1738 septuagesimum
3121 1669 3400 1738 primum.
3459 1668 3741 1738 Tertium,
3798 1683 3834 1721 a

2179 1754 2613 1826 septuagesimo
2644 1757 2902 1811 secundo
2934 1773 3121 1828 usque
3168 1757 3228 1811 in
3278 1758 3703 1829 octogesimum
3737 1772 3832 1811 oc-

2175 1848 2394 1899 tavum.
2444 1845 2750 1911 Quartum,
2803 1844 2877 1898 ab
2923 1845 3280 1917 octogesimo
3333 1862 3485 1901 nono
3535 1861 3725 1917 usque
3771 1844 3833 1898 in

2185 1933 2574 1989 centesimum
2606 1933 2901 2004 quintum.
2936 1933 3238 2006 Quintum,
3269 1951 3402 1991 vero
3443 1951 3478 1989 a
3517 1933 3834 1990 centesimo

2186 2026 2348 2078 sexto
2378 2038 2567 2093 usque
2597 2022 2669 2076 ad
2700 2022 2897 2077 ﬁnem.

2756 2110 2883 2165 PSA
2894 2110 3089 2167 LMUS
3127 2111 3264 2168 XLI.

2185 2204 2251 2258 In
2278 2202 2445 2271 ﬁnem
2470 2200 2776 2254 intellectus
2829 2200 2967 2269 ﬁliis
3017 2200 3166 2267 Core,
3215 2201 3489 2256 Psalmus.
3539 2202 3602 2255 In
3649 2201 3839 2271 ﬁnem,

2258 2270 2317 2326 in
2349 2271 2579 2327 Christo
2606 2287 2619 2324 :
2656 2271 2965 2326 intellectus
2996 2288 3015 2325 :
3044 2271 3153 2327 hoc
3183 2277 3291 2342 est,
3342 2271 3672 2327 intellectus
3724 2270 3843 2342 spi:

2258 2342 2508 2397 ritualis.
2550 2342 2710 2397 Filiis
2751 2341 2886 2397 Core
2932 2360 2951 2396 :
3000 2341 3058 2396 id
3104 2347 3214 2410 est,
3268 2342 3406 2398 ﬁliis
3453 2343 3691 2406 Christi,
3743 2341 3847 2410 qui

2259 2419 2399 2469 sunt
2429 2414 2751 2468 credentes.
2800 2414 3052 2468 Psalmus
3100 2430 3297 2469 vocem
3344 2414 3605 2470 continet
3652 2414 3844 2468 Eccle-

2259 2486 2382 2548 size,
2415 2485 2533 2539 sive
2566 2483 2753 2541 ﬁdelis
2783 2484 2889 2538 viri
2915 2484 3097 2539 Deum
3132 2485 3543 2541 desiderantis.

2263 2595 2290 2623 ‹‹
2351 2573 2857 2636 Quemadmodum
2915 2573 3210 2628 desiderat
3262 2590 3467 2630 cervus
3524 2575 3595 2630 ad
3649 2574 3839 2630 fontes

2189 2677 2476 2734 aquarum
2511 2677 2523 2714 :
2560 2661 2639 2715 ita
2669 2661 2964 2716 desiderat
2994 2661 3194 2716 anima
3222 2678 3355 2717 mea
3382 2662 3454 2717 ad
3483 2666 3560 2733 te,
3598 2664 3767 2719 Deus.
3804 2685 3827 2711 ι»

2188 2751 2453 2805 Primum
2484 2749 2636 2804 enim
2671 2748 3120 2821 intelligendum
3154 2754 3242 2805 est
3280 2765 3460 2822 quare
3507 2749 3596 2805 vel
3644 2750 3832 2823 quali-

2187 2844 2275 2894 ter
2299 2838 2593 2894 desiderat
2622 2854 2824 2894 cervus
2872 2838 2945 2892 ad
2992 2838 3183 2894 fontes
3212 2853 3518 2910 aquarum.
3572 2843 3692 2894 Mos
3742 2844 3834 2895 est

2190 2928 2347 2984 enim
2401 2928 2549 2999 ejus,
2597 2932 2663 2981 ut
2708 2928 3007 2981 inventum
3038 2933 3369 2998 serpentem
3413 2927 3656 2984 naribus
3686 2928 3827 2983 hau-

2189 3017 2323 3087 riat,
2355 3021 2413 3072 et
2458 3020 2590 3088 post
2630 3016 2753 3070 haec
2800 3016 3201 3085 exardescens,
3260 3016 3597 3089 exstinguat
3642 3017 3823 3073 sitim.

2189 3106 2338 3178 Ergo
2396 3105 2571 3160 homo
2620 3103 2910 3175 Ecclesia,
2963 3104 3061 3176 qui
3103 3104 3204 3160 diu
3248 3104 3310 3159 in
3361 3109 3494 3161 actu
3541 3121 3828 3162 venenosa

2190 3194 2455 3266 degebat,
2510 3194 2609 3248 ubi
2666 3194 2946 3265 perspicit
3001 3210 3160 3250 cceno
3214 3194 3636 3263 fornicationis,
3704 3194 3828 3250 ido-

3086 3300 3100 3339 :
3160 3284 3454 3340 desiderat
3514 3284 3710 3340 venire
3756 3284 3831 3339 ad

2189 3371 2508 3439 Christum,
2540 3371 2744 3443 inquo
2773 3376 2863 3427 est
2890 3371 3019 3427 fons
3048 3371 3311 3443 luminis,
3344 3376 3427 3444 ut,
3460 3374 3696 3428 ablutus
3728 3373 3830 3427 ba-

2187 3461 2426 3532 ptismo,
2476 3458 2721 3531 accipiat
2770 3461 2989 3516 donum
3038 3461 3423 3517 remissionis.
3470 3462 3592 3517 Scit
3648 3461 3830 3530 enim,

2188 3547 2327 3618 quia
2356 3546 2469 3601 nisi
2508 3548 2640 3618 quis
2691 3554 2930 3603 renatus
2976 3548 3150 3603 fuerit
3196 3565 3265 3603 ex
3313 3566 3466 3620 aqua
3511 3553 3569 3604 et
3609 3546 3830 3620 Spiritu

2188 3640 2411 3703 sancto,
2444 3652 2559 3692 non
2591 3636 2828 3691 habebit
2850 3637 3026 3692 vitam
3059 3642 3333 3693 aeternam
3383 3639 3572 3709 (Joan.
3624 3654 3710 3704 ιιι,
3751 3636 3827 3708 3).

2189 3725 2300 3781 Sed
2356 3729 2413 3780 et
2459 3725 2509 3781 si
2560 3724 2693 3796 quis
2750 3725 2923 3780 hodie
2980 3731 3270 3793 nostrum,
3313 3726 3614 3782 exstinctis
3649 3724 3829 3793 vitiis,

2189 3813 2450 3886 ignescat
2479 3813 2537 3869 in
2569 3813 2922 3869 desiderium
2958 3815 3268 3871 Dominicaa
3299 3814 3828 3888 contemplationis,

2188 3906 2381 3974 potest
2409 3908 2465 3957 et
2502 3902 2626 3974 ipse
2672 3902 2860 3958 dicere
2891 3920 2904 3958 :
2934 3902 3074 3975 quia
3118 3904 3411 3960 desiderat
3457 3904 3654 3959 anima
3700 3920 3833 3959 mea

2188 3992 2262 4046 ad
2292 3995 2369 4057 te,
2402 3991 2575 4057 Deus,
2610 3990 2719 4046 hoc
2748 3995 2856 4060 est,
2905 3991 3105 4047 relicto
3146 3992 3377 4059 saeculo,
3411 3993 3482 4048 ad
3515 3996 3573 4047 te
3602 3992 3829 4048 deside-

2189 4094 2252 4133 ro
2280 4077 2555 4133 transire.

2263 4190 2287 4216 α
2322 4166 2513 4221 Sitivit
2542 4165 2741 4221 anima
2770 4182 2901 4221 mea
2930 4167 3001 4221 ad
3041 4167 3225 4222 Deum
3280 4168 3483 4223 fortem
3532 4167 3746 4222 vivum.
3801 4190 3830 4216 »

2188 4256 2312 4310 Non
2340 4255 2411 4309 ad
2446 4258 2678 4309 mortua
2706 4254 3043 4322 simulacra,
3075 4257 3176 4311 sed
3204 4256 3275 4311 ad
3306 4255 3471 4310 illum
3505 4256 3606 4328 qui
3636 4257 3781 4312 dixit
3810 4273 3825 4311 :

2194 4346 2316 4400 Vivo
2347 4358 2461 4415 ego,
2491 4343 2620 4397 dicit
2649 4344 2910 4399 Dominus
2958 4362 2975 4398 :
3024 4346 3163 4416 quia
3208 4345 3349 4400 mihi
3389 4346 3639 4415 ﬂectetur
3675 4361 3835 4401 omne

2189 4449 2343 4507 genu
2388 4433 2577 4501 (Num.
2628 4433 2777 4504 xxv).
2826 4432 3027 4502 Vivus,
3074 4433 3213 4503 quia
3258 4433 3383 4507 ipse
3430 4434 3574 4489 dicit
3622 4452 3635 4490 :
3687 4434 3839 4490 Sicut

2188 4522 2340 4576 misit
2363 4537 2450 4575 me
2474 4522 2653 4575 vivens
2688 4522 2874 4591 Pater,
2904 4523 2953 4576 et
2982 4535 3077 4592 ego
3121 4522 3241 4576 vito
3284 4528 3505 4593 propter
3543 4521 3765 4576 Patrem
3817 4538 3837 4575 :

2188 4614 2242 4665 et
2274 4611 2371 4680 qui
2396 4610 2568 4664 credit
2595 4611 2651 4663 in
2682 4626 2790 4680 me,
2824 4618 2877 4665 et
2908 4612 3024 4681 ipse
3072 4612 3216 4665 vivet
3257 4614 3482 4682 propter
3529 4625 3614 4666 me
3657 4611 3835 4682 (Joan.

439 4738 573 4777 eum
604 4698 883 4777 interitus
915 4698 1148 4777 debitus
1179 4698 1703 4795 suggillavit.Quod
1736 4698 1936 4779 autem
1962 4725 2042 4780 ait
2073 4741 2087 4780 :
2121 4698 2167 4762 D
2196 4699 2485 4795 Ϊ¹’,5δ)χ⁶ξ
2502 4698 2741 4763 Quando
2765 4698 3086 4795 _ve_r_’iam_65
3113 4700 3404 4795 Epp”be
3439 4704 3586 4795 fian
3633 4699 3841 4795 faelem

442 4810 783 4866 Retribuam
816 4809 921 4881 illi,
957 4810 1224 4865 futurum
1254 4812 1307 4866 ei
1339 4812 1630 4882 judicium
1679 4814 2087 4870 comminatur.

514 4958 541 4985 ‹‹
573 4934 633 4990 In
666 4933 774 4989 hoc
804 4935 1044 5007 cognovi
1091 4934 1369 5007 quoniam
1420 4936 1654 4992 voluisti
1700 4956 1813 4994 me.
1849 4962 1876 4988 »
1908 4940 2088 4995 Resu-

441 5025 661 5080 scitans
693 5039 841 5079 me.«
868 5023 1155 5089 Quoniam
1178 5042 1293 5080 non
1321 5026 1601 5097 gaudebit
1629 5027 1904 5084 inimicus
1926 5046 2093 5086 meus

441 5130 616 5185 super
645 5129 758 5168 me.
795 5134 824 5162 »
854 5112 1129 5170 Diabolus
1165 5131 1177 5170 :
1218 5115 1387 5185 cujus
1418 5114 1697 5172 instinctu
1738 5117 1860 5173 haec
1902 5119 2092 5175 Judaei

440 5206 577 5258 sunt
602 5200 824 5273 cperati
856 5218 868 5256 :
903 5217 1020 5258 non
1043 5206 1133 5259 est
1165 5203 1402 5275 gavisus
1425 5219 1557 5258 eum
1590 5205 1892 5263 retinendo
1922 5208 1981 5262 in
2003 5207 2091 5263 in-

440 5290 599 5346 feris.

509 5420 536 5448 «
573 5397 665 5452 Me
695 5401 893 5453 autem
943 5403 1185 5471 propter
1232 5400 1624 5456 innocentiam
1676 5401 2003 5474 suscepisti,
2039 5407 2096 5460 et

513 5523 528 5558 ¹
562 5523 724 5596 Quod
753 5523 941 5578 cervis
972 5529 1379 5596 comparatum
1434 5530 1522 5596 est
1571 5542 1604 5579 a
1650 5530 1879 5591 natura,
1916 5527 1972 5582 id
2021 5529 2092 5584 ad

441 5594 725 5651 moralem
775 5610 1036 5669 sensum_
1064 5594 1371 5669 torquent
1396 5595 1657 5669 plerique
1694 5602 1949 5653 veterum
1984 5603 2091 5655 Pa-

442 5672 621 5743 trum,
653 5670 711 5720 et
762 5681 895 5721 cum
950 5666 1594 5743 primri‘s’Epiphanius,
1637 5668 1696 5723 in
1747 5669 2091 5743 Physiologo,

446 5738 548 5794 ubi
581 5752 840 5807 cervum,
875 5736 1467 5810 serpentibus—halitu
1518 5756 1623 5796 suo
1654 5736 1879 5810 excitis,
1906 5736 2097 5814 iisque

2199 4787 2297 4842 Dei
2330 4786 2487 4843 mei?
2520 4811 2541 4838 ι
2597 4794 2678 4842 Ac
2729 4787 2777 4842 si
2811 4787 3027 4843 diceret
3059 4802 3071 4843 :
3106 4789 3347 4851 Quando
3374 4788 3484 4845 erit
3511 4794 3746 4861 tempus
3778 4793 3844 4844 ut

2200 4874 2301 4930 illa
2330 4874 2515 4947 gloria
2544 4891 2662 4946 qua
2690 4876 3027 4931 efﬁciuntur
3056 4879 3241 4933 sancti
3272 4879 3599 4934 conformes
3645 4877 3840 4949 gloria:

2202 4969 2337 5027 tum,
2393 4980 2498 5036 ego
2546 4965 2603 5018 in
2654 4964 2912 5021 claritate
2962 4982 3095 5021 cum
3144 4966 3263 5023 illis
3311 4966 3663 5038 appaream?
3715 4965 3838 5035 Vel,

2209 5074 2235 5106 α
2265 5054 2499 5125 quando
2526 5054 2777 5125 veniam,
2804 5077 2831 5103 ››
2855 5054 2912 5109 id
2947 5059 3055 5122 est,
3087 5056 3320 5126 quando
3369 5055 3479 5111 erit
3526 5054 3668 5110 illud
3702 5060 3844 5109 tem-

2202 5159 2335 5214 pus,
2367 5159 2483 5213 quo
2513 5142 2769 5199 Ecclesia
2816 5143 2941 5199 vult
2989 5143 3227 5200 dissolvi
3275 5161 3310 5200 a
3355 5160 3593 5216 corpore
3629 5147 3684 5199 et
3715 5159 3844 5199 esse

2201 5247 2335 5286 eum
2367 5230 2640 5286 Christo?
2672 5250 2694 5279 α
2727 5232 2797 5286 Et
2827 5233 3040 5304 parebo
3080 5236 3221 5307 ante
3265 5233 3468 5288 faciem
3502 5232 3603 5287 Dei
3634 5232 3778 5299 mei;
3816 5253 3843 5280 »

2202 5319 2259 5375 id
2292 5324 2401 5388 est,
2435 5324 2569 5376 ante
2598 5324 2973 5392 conspectum
3005 5320 3345 5392 divinitatis,
3368 5325 3426 5376 et
3453 5325 3592 5376 tunc
3619 5319 3844 5376 videbi-

2203 5424 2340 5463 mus
2370 5424 2504 5464 eum
2536 5408 2706 5464 sicuti
2737 5412 2843 5463 est.

2204 5532 2516 5599 devoratis,
2556 5534 2875 5597 obiturum,
2927 5532 3027 5602 ait,
3078 5536 3348 5600 mortem,
3399 5532 3511 5589 nisi
3558 5548 3847 5591 venenum

2206 5610 2343 5676 ante
2400 5605 2576 5659 trium
2628 5604 2902 5676 horarum
2949 5604 3210 5676 Aspatium
3260 5610 3585 5676 pravertat.
3644 5606 3851 5663 Noster

2327 5681 2531 5802 quetor
2558 5692 2627 5731 ex
2656 5675 2755 5731 illo
2799 5674 3086 5746 Epiphani
3133 5674 3472 5735 testimonio
3522 5678 3850 5754 sumpsisse

2204 5763 2259 5801 v1
2304 5763 2334 5803 e
2364 5764 2453 5802 ur.
