4314 6608
517 499 669 559 100⁸7

1998 492 2420 556 APPENDIX.

3755 484 3912 548 1008

585 631 877 684 «Fuerunt
898 628 1043 683 mihi
1074 627 1340 702 lacryma
1365 645 1502 685 mea
1527 646 1705 702 panes
1727 629 1819 684 die
1841 646 1907 684 ac
1930 632 2149 684 nocte.»
2183 630 2238 694 Α
2270 627 2456 682 fontes
2487 639 2793 696 aquarum,
2828 638 3053 678 memor
3099 621 3210 676 fuit
3250 621 3309 676 in
3354 618 3689 676 humilitate
3722 622 3911 694 pani-

512 718 811 781 Quomodo
852 720 1042 788 potest
1072 718 1142 772 de
1184 717 1458 789 lacrymis
1507 718 1672 790 panis
1720 717 1882 772 ﬁeri?
1932 720 2156 782 Potest;

513 807 670 878 quia,
704 806 857 861 sicut
887 822 1095 877 corpus
1127 806 1373 862 satiatur
1402 807 1471 861 de
1502 822 1670 878 pane,
1722 805 1801 861 ita
1847 805 2042 860 anima
2090 806 2160 859 de

514 894 807 967 lacrymis,
842 893 982 965 quia
1012 894 1219 949 exinde
1249 900 1445 966 sperat
1467 894 1870 949 remissionem
1904 901 2160 964 peccato-

514 998 646 1039 rum
678 983 910 1038 habere.
944 982 1137 1037 Fletus
1167 999 1232 1037 ac
1263 983 1515 1053 gemitus
1562 987 1728 1037 erant
1775 981 1919 1036 mihi
1969 997 2036 1057 ac
2078 979 2158 1034 la-

515 1072 819 1137 mentatio,
852 1072 925 1126 ob
955 1070 1310 1143 desiderium
1343 1073 1447 1125 tui.
1486 1094 1511 1122 «
1545 1071 1697 1125 Dum
1746 1070 1960 1124 dicitur
2016 1068 2159 1123 mihi

515 1160 775 1231 quotidie
808 1176 820 1214 :
860 1159 960 1214 Ubi
1015 1163 1103 1215 est
1152 1159 1305 1214 Deus
1354 1167 1509 1213 tuus.
1544 1181 1571 1208 »
1606 1158 1907 1229 Siquidem
1949 1155 2161 1229 pagani

426 1244 437 1251 ”
517 1250 656 1303 deos
707 1265 846 1303 suos
896 1248 1075 1319 digito
1135 1248 1470 1314 ostendunt,
1516 1252 1571 1301 et
1618 1247 1689 1301 ob
1737 1246 1846 1300 hoc
1889 1245 2163 1315 ingerunt

517 1337 661 1391 mihi
719 1337 1091 1407 improperia.
1156 1336 1312 1393 Unde
1368 1336 1575 1399 sciant,
1629 1336 1767 1406 quia
1814 1351 1918 1406 ego
1969 1337 2163 1388 mente

516 1426 700 1480 Deum
732 1442 933 1485 meum
963 1425 1322 1481 reconditum
1365 1430 1552 1491 teneo,
1589 1429 1646 1479 et
1677 1440 1778 1495 per
1826 1422 2159 1477 interiorem

516 1514 814 1569 hominem
846 1529 978 1569 cum
1014 1514 1139 1585 ipso
1171 1513 1387 1568 habito.

589 1626 617 1652 «
652 1608 781 1657 Hac
812 1603 1151 1659 recordatus
1183 1618 1338 1670 sum,
1370 1606 1435 1656 et
1460 1600 1635 1654 effudi
1671 1600 1729 1653 in
1764 1615 1855 1653 me
1901 1598 2160 1652 animam

516 1708 765 1747 meam.»
801 1697 944 1745 Dum
977 1692 1085 1745 hoc
1116 1689 1537 1760 improperium
1570 1688 1829 1758 quotidie
1861 1687 2161 1742 sustinens

517 1795 927 1846 memorarem,
958 1778 1270 1847 liquefacta
1313 1782 1402 1831 est
1446 1776 1507 1830 in
1557 1792 1650 1830 me
1698 1775 1896 1829 anima
1926 1791 2074 1838 mea,
2106 1779 2162 1829 et

515 1869 682 1923 tabui
711 1868 770 1922 in
800 1872 1052 1922 tractatu
1087 1883 1100 1923 :
1134 1882 1266 1921 cum
1293 1881 1480 1936 neque
1509 1864 1568 1918 in
1601 1863 1744 1919 coelo
1776 1880 1962 1934 neque
2011 1850 2163 1918 terra

518 1957 699 2012 Deum
732 1972 929 2011 meum
962 1970 1196 2010 cernere
1228 1971 1455 2025 possem
1502 1952 1822 2019 visibiliter,
1858 1953 1957 2007 sed
2009 1952 2161 2007 inve-

518 2044 687 2099 niens
718 2061 851 2099 eum
884 2045 943 2098 in
972 2048 1164 2099 mente
1214 2059 1343 2097 mea
1390 2043 1816 2114 gubernantem
1852 2058 1945 2096 me
1979 2058 2043 2096 ac
2072 2042 2160 2096 di-

519 2134 801 2205 rigentem
848 2133 907 2189 in
957 2133 1055 2188 illo
1099 2132 1475 2187 tabernaculo
1525 2132 1903 2202 sempiterno,
1934 2131 2003 2186 de
2048 2147 2162 2202 quo

520 2223 729 2295 loquor
758 2242 776 2277 :
808 2246 836 2273 ‹‹
871 2221 1157 2290 Quoniam
1187 2221 1450 2276 transibo
1482 2220 1540 2275 in
1573 2220 1765 2277 locum
1801 2219 2161 2275 tabernaculi

521 2310 885 2366 admirabilis
916 2327 1103 2382 usque
1133 2310 1203 2366 ad
1235 2311 1476 2365 domum
1507 2307 1667 2365 Dei.»
1696 2309 2161 2365 Tabernaculum

520 2400 643 2471 Dei,
671 2400 929 2455 Ecclesia
975 2404 1082 2466 est,
1132 2415 1259 2470 qua
1306 2398 1496 2453 adhuc
1547 2398 1950 2470 peregrinatur
1979 2415 2014 2453 a
2053 2403 2160 2453 Do-

520 2490 707 2551 mino;
761 2506 862 2559 per
904 2504 1082 2558 quam
1132 2488 1202 2543 ad
1251 2490 1465 2542 aterna
1521 2487 1916 2555 tabernacula,
1966 2487 2023 2542 id
2076 2491 2165 2542 est

519 2578 589 2634 ad
623 2577 913 2633 caelestem
942 2576 1289 2643 Jerusalem,
1336 2592 1462 2646 qua
1512 2581 1601 2631 est
1656 2580 1842 2631 mater
1896 2576 2161 2630 omnium

517 2678 804 2737 nostrum,
837 2666 1085 2721 venitur.
1124 2665 1181 2719 ln
1226 2682 1340 2736 qua
1389 2669 1530 2719 sunt
1576 2664 1744 2719 multi
1793 2664 2163 2719 admirabiles

515 2759 572 2810 et
601 2755 916 2810 virtutibus
945 2753 1126 2809 sacris
1157 2753 1439 2824 pollentes
1470 2770 1482 2806 :
1510 2753 1648 2823 quia
1688 2754 1953 2808 adiﬁcati
1986 2770 2163 2825 super

510 2844 962 2900 fundamentum
993 2842 1413 2914 apostolorum,
1454 2847 1734 2908 tanquam
1784 2859 1902 2917 una
1950 2843 2161 2898 domus

512 2933 823 2988 habentur.
877 2933 937 2986 In
988 2948 1162 3003 quam
1220 2931 1329 2985 iste
1378 2935 1572 2985 mente
1626 2931 1980 3003 ingrediens,
2036 2931 2159 3002 qui,

515 3020 713 3076 relicta
742 3019 1089 3085 idololatria,
1114 3020 1240 3088 jam
1267 3024 1616 3091 cognoverat
1634 3019 1914 3090 baptismi
1966 3036 2159 3074 sacra-

514 3114 730 3175 menta,
775 3109 1076 3164 admirans
1122 3108 1491 3163 harmoniam
1541 3108 1758 3162 Cantici
1810 3107 2157 3179 spiritualis,

516 3214 619 3270 per
643 3198 993 3253 suavitatem
1026 3202 1250 3252 aterna
1298 3196 1643 3264 dulcedinis,
1677 3177 1925 3251 accessit
1953 3196 2025 3251 ad
2057 3177 2157 3250 do-

517 3304 681 3342 mum
714 3285 837 3357 Dei,
875 3287 1029 3357 quod
1062 3292 1149 3341 est
1196 3286 1411 3340 Sancta
1456 3290 1817 3340 sanctorum.
1873 3285 1937 3340 Et
1990 3284 2156 3355 quasi

2268 714 2483 779 tentia,
2508 719 2565 768 et
2598 712 2873 784 baptismi
2907 710 3205 766 ablutione
3237 709 3422 765 abluit
3449 714 3641 765 vetera
3670 710 3909 768 delicta:

2269 800 2778 857 anathematizavit
2834 803 3070 870 peccata
3125 815 3253 866 sua,
3314 803 3370 853 et
3423 814 3539 853 non
3593 814 3656 854 se
3710 799 3915 855 extulit

2270 907 2553 962 magnum
2604 886 2929 960 gloriando,
2981 886 3082 942 sed
3136 886 3325 941 effecit
3367 885 3674 959 parvulum
3725 891 3914 961 pani-

2268 979 2466 1033 tendo.

2342 1088 2370 1117 «
2413 1067 2672 1136 Abyssus
2716 1064 2994 1135 abyssum
3041 1064 3287 1119 invocat.
3344 1086 3364 1112 υ
3419 1064 3613 1120 Multa
3656 1072 3794 1122 sunt
3844 1069 3915 1124 de

2271 1154 2479 1224 abysso
2511 1153 2813 1224 opiniones
2863 1169 3011 1223 qua,
3062 1153 3406 1224 opportunis
3452 1152 3596 1210 locis
3642 1155 3914 1227 explana-

2270 1243 2511 1297 buntur.
2562 1242 2708 1296 Nam
2758 1241 2869 1307 hic,
2905 1264 2933 1291 ‹‹
2968 1242 3215 1312 abyssus
3262 1244 3540 1314 abyssum
3588 1243 3837 1312 invocat,
3885 1269 3913 1296 ››

2271 1347 2404 1386 cum
2452 1329 2539 1386 vel
2580 1331 2760 1385 Vetus
2807 1331 3246 1386 Testamentum
3296 1331 3518 1387 Novum
3568 1336 3910 1404 annuntiat;

2270 1419 2355 1475 vel
2406 1420 2627 1475 Novum
2677 1422 2857 1474 Vetus
2905 1418 2965 1474 in
3024 1421 3429 1475 testimonium
3491 1426 3674 1477 vocat.
3734 1422 3913 1480 Vetus

2271 1508 2584 1563 annuntiat
2614 1507 2860 1579 Novum,
2893 1524 3029 1563 cum
3078 1508 3221 1564 dicit
3271 1509 3497 1581 Moyses
3540 1526 3554 1566 ε
3587 1512 3917 1583 Prophetam

2270 1597 2417 1651 vobis
2479 1596 2763 1652 suscitabit
2825 1598 2962 1652 Deus
3021 1597 3086 1653 de
3145 1598 3418 1670 fratribus
3476 1602 3669 1655 vestris
3734 1603 3912 1672 (Deut.

2270 1703 2430 1756 xvni,
2466 1686 2574 1756 15).
2608 1686 2831 1740 Novum
2869 1703 3003 1742 vero
3051 1686 3232 1742 Vetus
3280 1688 3341 1743 in
3388 1689 3789 1747 testimonium
3817 1710 3915 1749 vo-

2272 1777 2365 1828 cat
2392 1790 2526 1829 cum
2557 1773 2697 1829 dicit
2728 1774 2946 1830 Paulus
2980 1792 2993 1829 :
3027 1775 3293 1832 Bz'bebant
3320 1777 3384 1833 de
3422 1781 3669 1850 sequenti
3691 1789 3850 1851 petra
3894 1800 3913 1837 :

2270 1870 2423 1932 petra
2477 1866 2661 1918 autem
2707 1868 2825 1918 erat
2876 1863 3127 1919 Christus
3173 1865 3221 1935 (Ι
3268 1866 3387 1922 Cor.
3441 1883 3497 1933 x,
3552 1869 3626 1934 4).
3678 1868 3917 1941 Propter

2272 1950 2730 2021 profunditatem
2779 1952 2935 2007 enim
2985 1952 3404 2025 intelligentia,
3437 1957 3714 2013 dicuntur
3752 1959 3917 2031 abys-

2273 2056 2395 2094 sus.
2431 2062 2458 2089 ‹‹
2493 2041 2555 2094 In
2586 2057 2722 2096 voce
2751 2045 3176 2097 cataractarum
3200 2048 3455 2100 tuarum.
3476 2067 3499 2095 ι
3534 2050 3599 2102 ln
3629 2064 3765 2104 voce
3785 2065 3914 2120 pro-

2272 2129 2738 2201 pbetnrum.qua
2768 2132 3080 2186 adventum
3113 2132 3345 2187 Domini
3377 2136 3761 2192 annuntiavit.
3781 2138 3913 2195 Ideo

2273 2218 2430 2273 enim
2484 2223 2784 2274 cataracta
2815 2220 3109 2288 dicuntur,
3143 2221 3282 2292 quia
3312 2222 3598 2280 obscurus
3629 2225 3687 2281 in
3713 2243 3915 2283 eorum

2274 2306 2579 2379 prophetia
2607 2309 2890 2365 adventus
2917 2308 3147 2365 Domini
3178 2310 3307 2378 fuit,
3340 2328 3445 2367 nec
3492 2331 3525 2369 a
3571 2314 3790 2371 Judais
3828 2320 3917 2372 est

2272 2395 2618 2453 intellectus.
2651 2398 2971 2453 Annuntiat
2992 2398 3147 2454 enim
3178 2399 3297 2455 hac
3323 2417 3432 2456 vox
3451 2402 3744 2473 judicium
3762 2404 3916 2461 futu-

2273 2502 2425 2553 rum,
2458 2485 2546 2540 vel
2572 2486 2643 2541 de
2672 2485 2977 2541 beatorum
3009 2487 3349 2560 meritis,vel
3380 2490 3450 2547 de
3480 2491 3782 2565 suppliciis
3803 2493 3912 2550 im-

2273 2592 2525 2646 piorum.

2344 2686 2373 2713 ‹‹
2416 2664 2625 2719 Omnia
2671 2664 2898 2721 excelsa
2942 2669 3063 2722 tua:
3109 2672 3165 2722 et
3210 2668 3424 2724 fluctus
3466 2671 3553 2726 tui
3597 2688 3774 2744 super
3821 2689 3914 2729 me

2272 2753 2685 2807 transierunt.»
2712 2754 2959 2810 Excelsa
2990 2760 3129 2810 sunt
3158 2760 3331 2827 atque
3364 2763 3629 2830 potentes
3667 2760 3755 2815 ha
3804 2762 3911 2816 mi-

2271 2856 2377 2906 na,
2430 2857 2531 2912 per
2578 2858 2726 2912 quas
2778 2843 2982 2898 mortis
3023 2843 3315 2914 judicium
3364 2846 3685 2904 minabaris
3727 2867 3740 2905 :
3776 2851 3915 2921 quia

2272 2946 2388 2983 non
2419 2929 2617 2984 statim
2641 2930 2916 2986 decidunt
2945 2938 3181 3003 propter
3200 2933 3549 2992 immensam
3572 2938 3914 3009 patientiam

2270 3020 2455 3071 tuam.
2489 3017 2724 3073 Fluctus
2772 3023 2966 3075 autem
3016 3026 3156 3076 sunt
3206 3040 3218 3077 :
3268 3024 3409 3079 dum
3459 3042 3526 3081 ea
3574 3027 3910 3098 adveniunt,

2272 3121 2396 3176 qua
2444 3106 2675 3161 fuerunt
2724 3108 3099 3164 comminata.
3150 3110 3280 3167 Ideo
3312 3112 3421 3168 iste
3454 3114 3596 3169 dicit
3639 3132 3707 3172 ea
3740 3132 3915 3187 super

2270 3209 2331 3247 se
2363 3194 2627 3264 ingressa
2659 3212 2671 3248 :
2706 3212 2839 3251 cum
2873 3198 2931 3251 in
2965 3198 3272 3254 desideriis
3303 3202 3650 3259 mortalibus
3673 3204 3911 3276 degens,

2266 3283 2605 3339 verberatus
2635 3284 2845 3356 plagis,
2878 3286 3141 3342 eruditus
3189 3293 3297 3356 est,
3351 3294 3418 3345 ut
3469 3291 3758 3348 desideret
3801 3292 3910 3347 Do-

516 3355 944 3434 diceretur'ei:
985 3375 1124 3439 Quis
1168 3379 1224 3429 te
1271 3374 1385 3428 huc
1434 3374 1675 3429 adduxit
1706 3392 1719 3429 :
1751 3372 1861 3441 vel,
1911 3373 2163 3445 qualiter
2193 3355 2235 3422 C
2274 3370 2472 3426 minus
2500 3371 2719 3427 vivum.

519 3465 633 3520 huc
662 3464 874 3520 venisti
904 3480 916 3519 :
951 3463 1191 3535 vel,quo
1224 3462 1542 3519 delectatus
1569 3479 1651 3532 es,
1689 3466 1751 3518 ut
1781 3462 1894 3517 huc
1925 3463 2157 3518 accede-

519 3554 649 3611 res?
680 3553 1001 3624 Respondit
1034 3570 1046 3606 :

592 3666 620 3693 ι(
672 3644 734 3697 In
782 3658 921 3697 voce
977 3640 1379 3696 exsultationis
1432 3645 1487 3695 et
1544 3640 1947 3707 confessionis,
1980 3657 2160 3695 sonus

478 3766 481 3769 ν
519 3729 834 3802 epulantis.
867 3752 894 3779 ››
925 3729 1267 3798 Exsultatio,
1300 3730 1584 3785 confessio
1616 3734 1673 3784 et
1714 3729 1967 3800 epulatio
2017 3729 2158 3797 hac,

520 3806 643 3875 non
668 3817 910 3873 musicis
936 3818 1160 3873 artibus
1191 3817 1604 3889 adimplentur,
1647 3834 1834 3888 neque
1884 3818 2162 3874 inchoan-

518 3912 636 3972 tur,
670 3912 725 3963 et
765 3911 1142 3979 praetereunt;
1191 3908 1290 3961 sed
1333 3906 1555 3977 jugiter
1597 3905 1873 3977 angelicis
1924 3907 2163 3961 vocibus

520 4001 575 4053 et
603 4000 938 4052 sanctorum
969 3996 1346 4051 concentibus
1379 3995 1766 4051 celebrantur.
1816 3995 1977 4058 Quod
2022 3995 2164 4049 dum

521 4085 632 4140 iste
677 4083 867 4139 adhuc
898 4084 956 4138 in
991 4082 1199 4138 saculo
1233 4082 1477 4153 posit-us,
1531 4086 1724 4136 mente
1775 4081 2096 4153 suspiceret
2148 4096 2161 4134 :

520 4172 910 4245 ingemiscens
932 4173 1119 4227 curab
1132 4189 1197 4227 eo
1220 4171 1340 4227 hac
1354 4170 1619 4226 differtur
1638 4169 1923 4225 habitatio
1946 4174 2165 4224 mmsta

523 4264 729 4320 anima
761 4263 843 4319 ait
877 4280 890 4319 :

596 4376 622 4403 ‹‹
655 4354 842 4416 Quare
863 4351 1048 4407 tristis
1077 4367 1160 4421 es,
1194 4350 1392 4405 anima
1418 4366 1568 4417 mea,
1615 4354 1673 4404 et
1720 4366 1899 4419 quare
1931 4352 2168 4403 contur-

525 4442 630 4498 bas
662 4441 793 4497 me?
822 4462 850 4491 »
883 4439 1047 4510 Quia,
1076 4438 1289 4509 inquit,
1323 4438 1668 4493 suavitatem
1718 4438 1867 4492 hanc
1916 4452 2170 4509 praesens

527 4532 790 4586 nondum
821 4529 1036 4600 accepi,
1068 4534 1125 4583 et
1154 4528 1465 4582 insidiator
1513 4543 1678 4582 meus
1729 4527 1920 4581 adhuc
1972 4531 2173 4581 contra

530 4635 623 4674 me
668 4618 887 4690 vigilat,
936 4618 1128 4672 adhuc
1180 4616 1321 4671 mihi
1370 4616 1611 4686 laqueos
1663 4616 1933 4670 intendit.
1969 4616 2038 4670 Et
2078 4614 2175 4669 ille

2347 3479 2369 3507 α
2429 3460 2492 3514 In
2559 3460 2653 3516 die
2723 3462 3018 3518 mandavit
3090 3464 3376 3521 Dominus
3450 3466 3911 3525 misericordiam

2270 3565 2460 3604 suam.
2501 3572 2521 3599 ι»
2560 3550 2705 3615 Quia
2735 3566 2836 3622 per
2867 3550 3055 3607 lucem
3088 3569 3217 3609 eam
3260 3554 3694 3627 Scripturarum
3738 3574 3910 3613 sanc-

2272 3644 2464 3693 tarum
2494 3640 2783 3710 promisit.
2817 3661 2846 3691 «
2879 3642 2948 3696 Et
2977 3646 3143 3697 nocte
3172 3643 3466 3700 canticum
3498 3646 3691 3715 ejus.»
3715 3648 3778 3702 In
3809 3646 3913 3702 tri-

2271 3726 2673 3784 bulationibus
2705 3729 2892 3799 posito
2921 3745 3049 3785 eam
3081 3731 3355 3787 ostendit.

2343 3839 2370 3866 «
2402 3818 2570 3886 Apud
2596 3834 2687 3872 me
2708 3818 2889 3873 oratio
2913 3834 3061 3873 mea.
3087 3838 3114 3870 ››
3142 3819 3210 3873 Et
3241 3835 3355 3873 non
3378 3825 3541 3875 extra
3571 3837 3681 3877 me.
3718 3844 3745 3871 «
3778 3823 3918 3880 Dico

2271 3905 2400 3959 vita
2457 3921 2618 3960 mea.
2665 3926 2693 3954 »
2745 3904 2815 3960 Ut
2863 3905 2913 3962 ei
2963 3921 3188 3961 merear
3233 3906 3383 3962 liber
3425 3908 3496 3963 ab
3550 3908 3659 3964 hoc
3707 3912 3920 3968 saculo

2274 3995 2625 4066 quandoque
2656 3993 3194 4065 conjungi.«Dicam
3216 3995 3331 4051 Deo
3367 4013 3380 4052 :
3416 3997 3731 4070 Susceptor
3754 4017 3922 4056 meus

2275 4100 2357 4137 es.
2392 4107 2413 4135 ι»
2457 4082 2605 4137 Licet
2638 4082 2696 4137 in
2728 4081 3209 4165 tribulationibus
3242 4101 3511 4141 exercear
3540 4103 3554 4141 :
3590 4104 3825 4161 semper
3842 4095 3923 4144 ta-

2277 4185 2410 4224 men
2439 4186 2472 4223 a
2502 4172 2558 4224 te
2592 4173 2721 4241 peto
2756 4169 2977 4241 protegi
3010 4187 3076 4226 ac
3103 4171 3358 4229 defendi.

2349 4277 2380 4310 (ι
2411 4261 2597 4325 Quare
2627 4257 2844 4315 oblitus
2875 4276 2937 4314 es
2970 4259 3160 4315 mei?»
3194 4262 3261 4316 Et
3290 4279 3470 4334 quare
3502 4280 3593 4321 me
3618 4266 3921 4337 repulisti?

2280 4350 2389 4403 Cur
2419 4351 2538 4402 tam
2570 4347 2670 4402 diu
2704 4347 2922 4416 differs,
2954 4354 3021 4403 ut
3052 4365 3168 4405 non
3206 4349 3454 4408 inducas
3500 4369 3594 4409 me
3644 4354 3704 4410 in
3755 4354 3921 4410 illum

2280 4434 2475 4491 locum
2508 4436 2869 4492 tabernaculi
2900 4438 3311 4495 admirabilis?
3347 4464 3367 4492 ι
3396 4443 3583 4508 Quare
3615 4444 3922 4499 contrista-

2282 4530 2376 4580 tus
2410 4525 2634 4596 incedo,
2677 4526 2819 4582 dum
2869 4526 3078 4599 affligit
3124 4540 3217 4584 me
3264 4528 3576 4587 inimicus?
3627 4530 3918 4599 Diabolus,

2285 4615 2382 4686 qui
2417 4614 2633 4671 multas
2664 4614 2810 4671 mihi
2840 4615 3089 4672 tetendit
3118 4615 3387 4685 insidias,
3407 4618 3497 4675 vel
3526 4623 3921 4692 persecutores

527 4706 721 4777 inquit
750 4723 764 4762 :
798 4728 826 4757 «
859 4707 1041 4778 Spera
1067 4705 1127 4761 in
1158 4705 1424 4761 Domino.
1462 4727 1490 4753 ››
1523 4706 1628 4760 Per
1661 4704 2000 4777 patientiam
2042 4722 2171 4759 sus-
2204 4726 2251 4789 Β
2288 4703 2573 4760 Ecclesia.

529 4796 669 4851 tine.
705 4794 830 4862 Vel,
872 4815 901 4845 «
932 4796 1109 4866 Spera
1156 4795 1216 4849 in
1269 4794 1405 4850 Deo.
1463 4815 1492 4843 ››
1543 4794 1754 4848 Anima
1798 4793 2174 4865 semetipsam

529 4884 797 4939 hortatur
828 4900 841 4938 :
874 4881 961 4938 vel
993 4882 1233 4938 interior
1271 4882 1444 4937 homo
1498 4881 1764 4937 hortatur
1812 4882 2172 4938 exteriorem.

532 4995 561 5024 ‹‹
589 4972 875 5038 Quoniam
922 4971 1114 5028 adhuc
1164 4972 1482 5027 confitebor
1531 4970 1637 5036 illi,
1671 4970 1927 5026 salutare
1980 4969 2176 5025 vultus

531 5062 667 5130 mei,
703 5066 759 5117 et
788 5062 942 5117 Deus
973 5077 1158 5116 meus.
1196 5082 1222 5109 »
1254 5060 1569 5115 Confessus
1602 5077 1733 5115 sum
1757 5062 1881 5130 jam
1919 5059 2129 5115 delicta
2159 5077 2175 5125 ;

531 5152 854 5208 confitebor
877 5150 1086 5207 deinde
1117 5149 1364 5205 laudens
1396 5149 1547 5219 ejus,
1580 5165 1681 5220 per
1710 5165 1887 5219 quam
1920 5165 2010 5203 me
2063 5146 2177 5204 sal-

533 5240 684 5297 vavit
713 5258 747 5297 a
776 5245 963 5296 morte
994 5239 1335 5311 perituram,
1366 5236 1454 5292 vel
1484 5237 1651 5293 illicit
1679 5238 1749 5292 ad
1782 5244 2014 5293 aterna.

605 5353 633 5381 ‹‹
667 5330 754 5384 Ad
804 5345 896 5383 me
942 5329 1136 5399 ipsum
1184 5326 1381 5381 anima
1427 5342 1557 5380 mea
1607 5326 1951 5380 conturbata
1996 5330 2104 5381 est.
2148 5347 2177 5375 ››

536 5420 618 5476 Ob
650 5416 1112 5473 recordationem
1145 5416 1490 5470 delictorum
1522 5413 1849 5484 priorum.«
1872 5414 2181 5484 Propterea

536 5523 763 5563 memor
791 5522 887 5562 ero
918 5506 1003 5560 tui
1042 5505 1112 5559 de
1150 5509 1304 5559 terra
1350 5502 1643 5569 Jordanis,
1694 5507 1750 5556 et
1794 5502 2176 5570 Hermoniim,

541 5612 572 5648 a
605 5598 800 5648 monte
830 5593 1079 5648 modico.
1116 5614 1141 5642 ››
1172 5589 1443 5646 Jordanis
1492 5606 1594 5660 pro
1645 5589 1934 5659 baptismo
1967 5589 2178 5662 accipi-

540 5687 636 5738 tur
671 5700 683 5738 :
719 5686 991 5752 Hermon,
1023 5682 1321 5737 anathema
1358 5678 1792 5748 interpretatur.
1846 5679 2029 5749 Igitur
2070 5680 2181 5735 iste

542 5771 643 5843 qui
693 5774 814 5827 erat
860 5775 1147 5841 peccator,
1208 5768 1306 5839 qui
1354 5768 1509 5822 sicut
1555 5782 1757 5823 cervus
1813 5766 2184 5825 desiderabat

2358 4815 2383 4841 ‹‹
2419 4798 2564 4848 Dum
2597 4792 3049 4864 confringantur
3076 4810 3211 4849 ossa
3239 4810 3389 4851 mea.
3424 4817 3453 4846 »
3484 4801 3633 4853 Dum
3683 4798 3925 4856 fartores

2285 4880 2551 4935 Ecclesia
2583 4880 2872 4935 scandalis
2898 4898 2963 4935 ac
2993 4880 3237 4937 diversis
3260 4884 3475 4956 jurgiis
3506 4887 3707 4942 cedere
3734 4887 3920 4944 video.

2290 4967 2384 5023 Vel
2435 4985 2589 5035 ossa,
2639 4968 2879 5023 virtutes
2923 4969 3205 5039 Ecclesia,
3259 4973 3427 5044 quasi
3479 4975 3927 5049 confringuntur

2287 5074 2388 5128 per
2418 5055 2548 5112 illas
2578 5056 3005 5125 tribulationcs,
3041 5076 3186 5130 quas
3218 5062 3511 5118 sustinent
3539 5065 3787 5119 sancti.«
3823 5067 3927 5121 Ex-

2288 5147 2709 5218 probraveruut
2735 5163 2829 5201 me
2854 5148 3075 5205 inimici
3106 5149 3239 5204 mei.
3268 5172 3295 5199 »
3329 5150 3425 5208 Vel
3458 5152 3516 5208 in
3548 5154 3922 5226 martyribus,

2286 5234 2373 5290 vel
2402 5235 2463 5290 in
2494 5234 2625 5291 aliis
2656 5237 3106 5292 confessoribus.

2359 5346 2386 5375 ‹‹
2420 5325 2569 5379 Dum
2601 5325 2815 5380 dicitur
2844 5325 2990 5380 mihi
3020 5343 3123 5397 per
3152 5327 3416 5400 singulos
3448 5331 3571 5387 dies
3623 5350 3635 5388 :
3691 5332 3797 5388 Ubi
3841 5339 3930 5390 est

2288 5412 2440 5468 Deus
2465 5414 2645 5468 tuus?
2677 5436 2705 5462 »
2732 5413 2875 5468 Cum
2908 5430 3012 5485 ego
3042 5418 3098 5469 te
3127 5431 3230 5487 per
3260 5419 3656 5490 pauitantiam
3690 5427 3747 5477 et
3774 5422 3927 5478 afﬂi-

2289 5502 2537 5557 ctionem
2573 5502 2831 5573 corporis
2865 5504 3189 5576 animaque
3219 5505 3450 5579 placare
3485 5510 3874 5567 desiderarem
3911 5529 3923 5566 :

2289 5591 2509 5646 inimici
2564 5592 2696 5657 mei,
2738 5591 2902 5662 quasi
2953 5592 3253 5652 incassum
3304 5596 3427 5654 hac
3466 5599 3735 5667 facerem,
3770 5600 3927 5656 dice-

2290 5681 2430 5734 bant
2462 5697 2473 5736 :
2513 5702 2541 5731 «
2574 5680 2678 5735 Ubi
2711 5687 2799 5735 est
2834 5684 2981 5736 Deus
3031 5686 3215 5741 tuus?
3259 5705 3287 5737 η
3342 5688 3663 5747 nescientes
3705 5688 3804 5745 illa
3834 5707 3925 5745 oc-

2290 5769 2446 5824 culta
2475 5786 2601 5840 qua
2630 5771 2974 5840 praparavit
3004 5772 3159 5830 Deus
3190 5774 3568 5849 diligentibus
3598 5795 3717 5835 se.«
3740 5781 3929 5845 Quare
