4314 6598
404 494 557 556 1009

1578 498 2076 562 BREVIABIUM
2119 501 2200 562 IN
2244 500 2383 562 PSA
2396 502 2627 563 LMOS.

3653 498 3811 560 1010

398 625 585 682 tristis
613 643 696 696 es,
727 625 925 682 anima
963 642 1112 693 mea,
1161 629 1219 682 et
1265 643 1445 699 quare
1476 631 1793 686 conturbas
1837 647 1929 687 me
1952 632 1980 687 ?
2014 654 2042 682 ››
2073 636 2128 701 Α
2156 637 2263 688 etc.
2299 637 2500 704 Ipsum
2530 632 2874 688 conﬁtetur:
2910 631 2982 685 ab
3011 629 3138 701 ipso
3168 631 3403 701 peccata
3440 644 3548 683 sua
3587 626 3806 686 dimitti

398 714 542 778 Quia
565 732 761 770 meum
792 715 1147 770 desiderium
1174 715 1569 787 prolongatur.

470 827 497 853 ‹‹
539 806 720 876 Spera
747 804 807 860 in
837 805 975 871 Deo,
1019 804 1297 876 quoniam
1328 807 1647 862 conﬁtebor
1677 807 1759 862 illi
1792 808 2045 865 salutare

394 891 588 947 vultus
619 892 729 946 mei
769 896 825 947 et
857 898 1004 948 Deus
1035 909 1221 949 meus.
1258 916 1285 943 »
1321 896 1384 949 In
1416 894 1544 965 ipso
1576 900 1775 953 nostra
1806 897 1883 952 sit
1910 913 2042 968 spes

396 995 625 1050 semper
653 982 905 1036 attenta:
948 980 1073 1052 ipse
1116 981 1308 1037 omnis
1347 982 1561 1039 ﬂuctus
1601 984 1865 1055 mitiget:
1916 986 2041 1056 ipse

394 1084 501 1123 nos
530 1067 589 1123 in
620 1069 1042 1125 tentationibus
1071 1074 1400 1126 conservet:
1436 1072 1560 1143 ipse
1587 1070 1747 1127 sitim
1776 1078 2041 1129 nostram

393 1172 501 1211 sua
525 1157 1010 1229 contemplatione
1032 1159 1219 1227 satiet,
1254 1175 1477 1231 nosque
1508 1161 1704 1216 vultus
1736 1162 1828 1217 sui
1880 1162 2039 1217 salu-

391 1245 500 1300 tari
542 1246 806 1302 viviﬁcet.

960 1328 1283 1418 PSALMUs
1313 1363 1476 1418 XLII.

391 1461 643 1516 Psalmus
690 1460 880 1532 David.
938 1463 1044 1516 lste
1095 1460 1358 1531 psalmus
1387 1503 1417 1532 ,ί
1454 1459 1587 1515 licet
1636 1461 1694 1515 in
1744 1460 2038 1532 aliquibus

462 1531 764 1587 versiculis
812 1532 1144 1603 passionem
1200 1531 1556 1603 Dominicam
1597 1532 1805 1603 signet,
1839 1531 2035 1587 tamen

460 1620 657 1675 vocem
690 1602 864 1658 habet
892 1603 1097 1658 animae
1132 1603 1343 1675 ﬁdelis,
1366 1602 1564 1675 lucem
1596 1602 1775 1675 hujus
1806 1604 2033 1673 mundi,

460 1674 518 1730 id
551 1681 639 1729 est
667 1675 983 1741 Christum,
1026 1674 1431 1730 desiderantis.

466 1802 494 1834 α
529 1782 740 1837 Judica
770 1797 883 1847 me,
906 1782 1080 1846 Deus,
1106 1786 1164 1837 et
1183 1781 1448 1837 discerne
1477 1797 1717 1837 causam
1740 1776 1930 1838 meam
1963 1784 2035 1838 de

392 1875 562 1943 gente
602 1888 717 1926 non
765 1875 985 1927 sancta.
1022 1892 1050 1919 n
1091 1872 1307 1941 Expeto
1337 1871 1630 1940 judicium
1664 1874 1851 1936 tuum,
1895 1872 2032 1943 quia

389 1960 721 2016 misericors
751 1976 832 2015 es.
862 1961 950 2015 Tu
972 1964 1166 2016 autem
1198 1959 1460 2015 discerne
1492 1976 1584 2016 me
1607 1977 1640 2015 a
1667 1960 1851 2030 paleis
1881 1959 2036 2016 inter

388 2065 535 2120 quas
566 2049 625 2103 in
656 2048 764 2104 hoc
786 2048 995 2104 srcculo
1026 2048 1749 2120 ingemisco,supervestiri
1769 2048 2032 2120 cupiens:

385 2142 451 2192 ut
479 2138 864 2193 absorbeatur
892 2137 1046 2208 quod
1077 2136 1320 2193 mortale
1350 2141 1439 2193 est
1469 2155 1502 2193 a
1530 2137 1663 2193 vita.
1697 2138 1807 2194 Sed
1839 2141 1897 2193 et
1925 2142 2034 2194 Ι)οη

386 2225 529 2281 mini
578 2243 685 2281 vox
731 2232 841 2295 est,
871 2227 1088 2296 quibus
1134 2226 1297 2297 prius
1327 2226 1590 2283 dixerat:
1635 2228 1825 2282 Sancti
1851 2231 2031 2297 estote,

386 2317 647 2385 quoniam
694 2332 789 2383 ego
830 2324 1048 2373 sanctus
1094 2332 1217 2370 sum
1259 2315 1453 2386 (Levii.
1503 2332 1599 2383 xx,
1647 2317 1762 2383 26),
1810 2320 1869 2371 et
1915 2332 2031 2372 non

387 2402 802 2475 impleverunt:
846 2426 877 2455 «
907 2405 997 2459 Ab
1030 2403 1265 2459 homine
1310 2404 1512 2474 iniquo
1558 2408 1616 2459 et
1647 2403 1848 2459 doloso
1895 2420 2033 2460 erue

388 2508 498 2546 me.
535 2514 562 2541 »
595 2492 775 2547 Nemo
806 2493 996 2565 magis
1026 2492 1267 2562 iniquus
1316 2496 1489 2563 atque
1540 2491 1802 2558 dolosus,
1852 2509 2029 2564 quam

386 2579 482 2635 ille
525 2580 625 2652 qui
681 2582 1009 2653 iniquitatis
1059 2581 1324 2637 inventor
1362 2586 1536 2651 atque
1584 2581 1886 2636 aemulator
1942 2586 2031 2636 est

386 2670 747 2726 sanctitatis:
797 2670 856 2727 id
905 2674 995 2726 est
1039 2669 1330 2736 diabolus,
1376 2670 1477 2740 qui
1520 2669 1779 2724 introivit
1804 2670 1881 2725 ~in
1933 2688 2031 2726 cor

384 2758 549 2813 Judaa
579 2763 641 2813 ut
677 2759 929 2815 traderet
953 2758 1271 2814 Christum.
1303 2759 1411 2813 Sed
1443 2762 1497 2813 et
1520 2757 1693 2814 homo
1716 2758 1810 2815 ille
1843 2760 2029 2816 ﬁdelis

384 2862 558 2917 quem
591 2847 753 2918 prius
783 2846 1061 2913 diximus,
1088 2846 1205 2901 haec
1235 2846 1350 2902 ait:

456 2958 484 2985 ‹‹
526 2936 672 3000 Quia
724 2941 788 2990 tu
837 2951 920 3005 es,
971 2936 1145 3003 Deus,
1197 2935 1477 2991 fortitudo
1523 2952 1733 2991 mea.»
1782 2937 1910 2992 Scio
1942 2953 2031 2992 me

382 3024 685 3080 inﬁrmum
716 3030 773 3081 et
800 3024 1066 3097 fragilem
1092 3042 1105 3080 :
1154 3041 1259 3080 nec
1298 3024 1484 3080 sentio
1515 3042 1608 3080 me
1638 3025 1894 3097 aliquam
1927 3027 2029 3082 ha-

380 3114 518 3171 bere
549 3115 949 3171 fortitudinem
980 3114 1039 3169 in
1071 3132 1188 3185 qua
1228 3131 1419 3182 eruar,
1454 3116 1567 3170 nisi
1599 3120 1661 3171 tu
1695 3115 2027 3172 salvaveris.

454 3226 482 3253 ‹‹
524 3204 712 3266 Quare
740 3220 833 3259 me
861 3203 1127 3274 repulisti
1154 3208 1178 3260 Ρ
1206 3226 1234 3255 n
1270 3204 1569 3259 Fortitudo
1618 3209 1818 3260 nostra
1866 3205 2029 3260 Chri-

382 3296 511 3346 stus
559 3296 683 3347 est:
739 3291 840 3362 qui
887 3295 1029 3346 tunc
1081 3308 1188 3347 nos
1234 3291 1481 3363 repellit,
1533 3309 1665 3347 cum
1707 3292 2026 3364 peccaveri-

383 3396 537 3435 mus.
588 3401 615 3430 ‹‹
645 3382 835 3443 Quare
880 3379 1066 3434 tristis
1109 3380 1339 3447 incedo,
1371 3381 1510 3436 dum
1543 3380 1749 3450 afﬂigit
1779 3397 1872 3436 me
1917 3380 2027 3436 ini-
2059 3367 2102 3431 C

384 3468 617 3523 micus?
650 3489 678 3519 »
704 3467 892 3523 tristis
940 3484 1071 3522 sum
1106 3472 1340 3539 propter
1370 3473 1603 3539 peccata
1633 3485 1782 3535 mea,
1815 3474 1871 3524 et
1901 3468 2031 3524 ideo

384 3557 613 3629 afﬂigor
634 3558 691 3612 in
724 3556 1146 3613 tentationibus
1175 3556 1351 3613 variis
1383 3557 1455 3612 ab
1488 3557 1616 3629 ipso
1646 3556 1903 3623 inimico,
1929 3559 2029 3628 qui

382 3646 653 3717 superius
684 3646 858 3703 homo
888 3646 1126 3718 iniquus
1159 3646 1351 3702 dictus
1380 3651 1484 3702 est.
1540 3645 1701 3701 Unde
1753 3647 1892 3717 quia
1938 3663 2030 3703 me

382 3736 733 3792 conturbant
761 3736 1013 3792 tenebrae
1034 3739 1423 3807 peccatorum,
1475 3735 1545 3790 ad
1578 3741 1653 3799 te,
1685 3736 1786 3806 qui
1816 3735 1916 3790 lux
1944 3752 2024 3791 es.

381 3826 608 3897 mundi,
642 3825 912 3897 confugio
945 3824 1210 3897 supplex.

452 3936 480 3963 «
524 3914 735 3970 Emitte
774 3913 962 3970 lucem
1012 3918 1177 3969 tuam
1225 3916 1282 3970 et
1315 3914 1615 3970 veritatem
1664 3917 1848 3969 tuam.
1886 3936 1914 3962 ››
1944 3914 2029 3968 Tu

381 4020 443 4058 es
494 4002 613 4071 lux,
663 4004 761 4074 qui
809 4003 1046 4060 dixisti:
1096 4004 1203 4073 Ego
1260 4020 1383 4059 sum
1438 4006 1538 4059 tua:
1589 4003 1788 4059 mundi
1844 4004 2027 4075 (Joan.

380 4109 504 4157 VIII,
539 4093 647 4163 12).
697 4093 781 4148 Tu
815 4109 877 4149 es
906 4093 1121 4148 veritas
1167 4092 1267 4164 qui
1315 4092 1548 4148 dixisti:
1602 4094 1711 4162 Ego
1757 4110 1881 4148 sum
1918 4094 2027 4161 via,

379 4182 583 4237 veritas
637 4189 688 4236 et
735 4183 849 4236 vita
896 4181 1073 4250 (Joan.
1105 4199 1220 4248 xiv,
1270 4182 1348 4252 6),
1402 4182 1501 4251 qui
1560 4198 1667 4235 nos
1698 4180 2030 4236 illuminare

382 4268 639 4339 digneris
668 4286 681 4325 :
741 4273 805 4324 ut
833 4267 1222 4340 relinquentes
1255 4270 1626 4325 mendacium
1667 4269 1903 4335 diaboli,
1938 4285 2029 4325 se-

382 4374 635 4429 quamur
663 4356 963 4413 veritatem
1001 4362 1185 4413 tuam.
1222 4380 1250 4408 «
1294 4362 1427 4429 Ipsa
1458 4374 1551 4412 me
1581 4360 1963 4414 deduxerunt.
1998 4381 2027 4409 »

379 4448 464 4502 Ab
511 4463 704 4502 errore
758 4447 1005 4517 peccati:
1067 4468 1095 4496 ‹‹
1129 4448 1199 4501 Et
1255 4447 1625 4502 adduxerunt
1672 4447 1730 4501 in
1771 4452 2027 4502 montem

380 4539 648 4590 sanctum
680 4538 868 4589 tuum.
902 4557 929 4584 ››
991 4535 1051 4589 In
1103 4533 1417 4590 Ecclesiam
1448 4539 1631 4590 tuam.
1669 4557 1696 4584 «
1728 4536 1792 4590 In
1835 4536 2026 4591 taber-

380 4623 658 4680 naculum
686 4629 877 4678 tuum.
912 4647 939 4674 »
977 4625 1037 4678 In
1063 4622 1226 4678 illam
1255 4623 1544 4679 caelestem
1575 4624 1927 4687 Jerusalem.
1957 4625 2029 4681 de

2063 2007 2110 2067 B

2158 722 2434 793 postulat.
2490 723 2688 793 Ipsum
2739 719 2995 775 salutare
3044 718 3238 774 vultus
3277 718 3368 773 sui
3399 716 3575 773 dicit:
3611 717 3805 789 ipsum

2155 811 2383 866 invocat
2413 815 2469 866 et
2516 811 2739 866 adorat.
2790 810 2972 873 Quem
3020 813 3075 863 et
3123 824 3230 862 nos
3260 806 3601 862 conﬁtentes
3634 822 3804 878 expo-

2154 899 2414 966 scimus;
2462 902 2528 953 ut
2575 914 2907 957 mereamur
2961 897 3089 967 ejus
3149 894 3276 951 luce
3330 894 3670 951 illuminari.
3711 895 3805 949 via

2152 986 2348 1057 dirigi,
2381 986 2617 1042 veritate
2659 984 2889 1057 corrigi,
2921 985 3038 1039 vita
3067 983 3446 1055 locupletari:
3478 982 3601 1049 Vel,
3639 1005 3667 1032 «
3698 983 3801 1038 Sa-

2150 1074 2339 1130 lutare
2385 1074 2583 1129 vultus
2632 1074 2745 1129 mei
2796 1077 2948 1129 Deus
2998 1088 3184 1128 meus.
3234 1094 3263 1121 »
3294 1071 3546 1127 Salvatio
3591 1071 3799 1126 anima:

2150 1180 2289 1219 mea:
2324 1169 2475 1218 Deus
2506 1180 2673 1218 meus
2703 1168 2810 1228 est,
2843 1168 2899 1217 et
2951 1163 3167 1232 vultus,
3229 1160 3339 1217 hoc
3369 1166 3479 1230 est,
3530 1164 3801 1232 aspectus

2149 1253 2355 1308 anima}
2389 1268 2526 1308 mem
2558 1252 2710 1307 Deus
2743 1268 2909 1307 meus
2942 1255 3050 1306 est.

2680 1340 3007 1396 PSALMUS
3047 1339 3235 1395 XLIII.

2148 1431 2208 1484 In
2233 1430 2419 1497 ﬁnem,
2444 1445 2541 1500 pro
2571 1428 2709 1497 [iiiis
2739 1428 2888 1495 Core,
2915 1428 3243 1500 intellectus.
3276 1430 3434 1497 Core,
3458 1427 3800 1500 interpreta-

2218 1506 2313 1555 tur
2361 1498 2455 1554 de'
2479 1500 2748 1565 Calvurio,
2798 1504 2854 1553 et
2888 1498 3164 1554 Dominus
3204 1499 3263 1552 in
3298 1502 3494 1553 monte
3525 1498 3795 1554 Calvariae

2218 1570 2328 1625 fuit
2372 1571 2705 1625 cruciﬁxus.
2765 1570 2889 1624 Filii
2951 1572 3113 1634 Core,
3168 1569 3273 1623 ﬁlii
3320 1569 3571 1624 Christi:
3608 1571 3792 1624 sancti

2218 1642 2484 1711 apostoli,
2545 1642 2632 1696 vel
2691 1646 2978 1711 martyres
3026 1645 3181 1696 sunt.
3218 1640 3380 1695 Unde
3409 1641 3628 1695 dictum
3662 1646 3791 1697 est:

2269 1731 2338 1767 on
2394 1716 2611 1785 posunt
2666 1713 2769 1766 ﬁlii
2828 1713 3029 1785 sponsi
3058 1712 3277 1783 lugere,
3329 1712 3612 1785 quamdiu
3661 1728 3795 1785 cum

2216 1784 2333 1841 illis
2382 1783 2470 1838 est
2499 1800 2774 1856 sponsus
2806 1783 3009 1856 (Matth.
3063 1801 3141 1847 1x,
3167 1785 3287 1856 15).
3311 1784 3624 1856 Intellectus
3644 1801 3662 1837 :
3686 1783 3795 1856 hoc

2214 1861 2322 1921 est,
2374 1861 2438 1911 ut
2492 1853 2892 1927 intelligamus
2921 1854 3112 1919 illum,
3145 1854 3246 1925 qui
3274 1853 3508 1908 initium
3540 1855 3797 1927 sumpsit

2217 1927 2539 1982 secundum
2592 1924 2825 1997 carnem
2858 1944 2929 1997 ex
2963 1924 3246 1997 tempore,
3297 1928 3355 1979 et
3400 1924 3796 1997 ante__saecula

2216 2004 2305 2054 est
2335 1996 2745 2071 genitus._Vel,
2775 1994 3259 2071 intellectus'est:
3304 1999 3372 2050 ut
3396 1994 3797 2071 intelligamus

2216 2071 2286 2124 de
2340 2068 2728 2141 prosperitate
2759 2069 3028 2141 praesenti
3075 2071 3475 2141 peccatorum,
3502 2070 3559 2121 et
3585 2068 3656 2121 de
3686 2068 3790 2120 tri-

2214 2136 2512 2197 bulatione
2578 2136 2845 2212 prazsehti
2913 2136 3287 2212 sanet—orum.
3312 2208 3324 2212 Α
3349 2136 3622 2212 Psalmus
3678 2154 3795 2212 non

2214 2214 2509 2267 anteriora
2557 2207 2711 2267 facta
2760 2212 2946 2277 dccet,
2978 2211 3079 2264 sed
3112 2208 3427 2265 Ecclesiam
3475 2208 3536 2262 in
3566 2207 3793 2264 Christo

2214 2284 2438 2338 renasci
2475 2282 2835 2354 pronuntiat,
2885 2298 2951 2336 ac
2983 2281 3184 2354 ﬁdeles
3226 2280 3283 2335 in
3316 2296 3382 2333 ea
3412 2284 3689 2354 provocat
3719 2281 3791 2354 ad

2216 2350 2492 2426 agonem,
2545 2355 2859 2426 ostendens
2917 2352 3216 2426 neminem
3272 2368 3460 2422 posse,
3509 2350 3633 2426 nisi
3691 2352 3791 2426 qui

2212 2421 2468 2497 legitime
2514 2424 2836 2491 certaverit,
2869 2423 3131 2478 coronari
3156 2440 3177 2497 :7
3201 2421 3422 2492 inquo
3466 2421 3641 2476 etiam
3674 2421 3790 2493 ple-

2212 2495 2459 2567 rumque
2490 2513 2656 2551 voces
2688 2501 3011 2565 martyrum
3044 2495 3438 2565 proferuntur.

2211 2609 2238 2635 ‹‹
2285 2592 2453 2651 Deus,
2486 2586 2729 2640 auribus
2759 2584 2975 2638 nostris
3019 2582 3370 2637 audivimus.
3405 2603 3433 2631 ››
3479 2581 3587 2637 Per
3614 2580 3788 2651 spiri-

2137 2674 2355 2729 tualem
2400 2690 2640 2730 sensum
2688 2671 3086 2743 cognovimus,
3127 2672 3299 2741 juxta
3335 2669 3482 2725 illud
3512 2670 3783 2725 Domini:

2140 2765 2245 2831 Qui
2272 2763 2430 2817 habet
2471 2778 2631 2817 aures
2660 2761 2949 2825 audiendi,
2989 2758 3181 2814 audiat
3212 2760 3361 2829 (Luc.
3390 2775 3510 2828 vm,
3543 2760 3618 2828 8).
3659 2780 3679 2806 ιι
3717 2758 3783 2813 Et

2139 2857 2333 2923 patres
2391 2851 2596 2906 nostri.
2636 2870 2662 2900 ιο
2730 2847 2991 2920 Apostoli
3048 2853 3104 2903 et
3158 2848 3471 2918 prophetae,
3530 2862 3782 2918 quorum

2139 2940 2547 3012 praedicatione
2595 2940 2780 2993 renati
2814 2953 3023 2992 sumus
3053 2937 3122 2991 ad
3154 2936 3352 2990 vitam.
3388 2958 3415 2983 ‹‹
3455 2935 3782 2989 Annuntia-

2140 3032 2345 3084 verunt
2398 3027 2566 3083 nobis
2621 3043 2769 3098 opus
2827 3027 2982 3097 quod
3041 3029 3315 3096 operatus
3366 3040 3429 3079 es
3476 3024 3538 3078 in
3576 3024 3786 3079 diebus

2139 3133 2363 3183 eorum,
2418 3120 2475 3170 et
2532 3116 2588 3169 in
2634 3115 2841 3170 diebus
2886 3113 3161 3182 antiquis.
3224 3135 3250 3161 »
3281 3112 3789 3166 Annuntiaverunt

2139 3206 2431 3277 prophetae
2462 3222 2590 3275 quae
2621 3209 2759 3260 sunt
2787 3210 2950 3275 gesta
2980 3202 3213 3258 illorum
3247 3206 3523 3272 tempore.
3554 3203 3788 3257 Annuu-

2138 3296 2432 3350 tiaverunt
2457 3293 2724 3364 apostoli,
2760 3310 2888 3363 quae
2918 3296 2973 3347 te
2999 3291 3268 3347 viderunt
3298 3299 3655 3360 Operantem.

2213 3406 2241 3433 «
2282 3383 2489 3436 Manus
2543 3386 2647 3435 tua
2698 3386 2901 3451 gentes
2957 3380 3335 3449 disperdidit,
3396 3382 3453 3433 et
3508 3378 3785 3449 plantasti

2140 3487 2260 3525 eos.
2295 3491 2324 3519 ››
2347 3468 2751 3540 Disperdidisti
2786 3468 2856 3522 ab
2889 3467 3141 3521 Ecclesia
3190 3483 3366 3522 onera
3402 3465 3696 3533 vitiorum,
3729 3472 3787 3521 et

2139 3558 2419 3630 plantasti
2473 3560 2817 3611 ornamenta
2871 3556 3193 3610 virtutum:
3253 3555 3311 3609 id
3372 3559 3461 3609 cst
3515 3554 3784 3609 homines

2131 3648 2349 3717 justos,
2384 3646 2483 3717 qui
2518 3646 2768 3700 fructum
2801 3644 3111 3700 exhibeant
3152 3642 3499 3700 sanctitatis.
3528 3665 3557 3691 «
3589 3642 3786 3698 Aftlix-

2140 3736 2237 3791 isti
2271 3734 2539 3807 populos,
2566 3738 2621 3789 et
2643 3732 2913 3804 expulisti
2945 3749 3062 3788 eos.
3090 3756 3117 3783 ››
3142 3732 3298 3798 Illos,
3324 3732 3445 3803 qui,
3473 3737 3527 3788 te
3558 3731 3781 3799 relicto,

2140 3825 2211 3879 ad
2243 3824 2612 3879 iddolatriam
2647 3823 3037 3879 declinabant.

2212 3937 2240 3963 ‹‹
2281 3914 2405 3969 Non
2437 3912 2592 3969 enim
2625 3912 2684 3967 in
2717 3912 2907 3984 gladio
2938 3928 3046 3967 suo
3068 3912 3455 3983 possederunt
3486 3915 3719 3966 terram.
3757 3933 3778 3960 ι

2138 4004 2249 4060 Sed
2280 4002 2339 4057 in
2372 4001 2825 4057 mansuetudine
2855 3999 3066 4055 mentis
3091 4016 3104 4056 :
3130 4001 3268 4071 quia
3294 4000 3445 4055 beati
3471 4000 3784 4057 mansueti.

2138 4092 2249 4163 ipsi
2282 4089 2710 4145 haereditabunt
2758 4088 3077 4144 viventium
3123 4093 3335 4143 terram
3383 4088 3586 4158 (Matth.
3619 4105 3675 4154 v,
3708 4090 3783 4157 4).

2140 4203 2168 4231 ‹‹
2210 4181 2278 4235 Et
2306 4177 2653 4233 branchium
2686 4193 2888 4231 eorum
2922 4193 3035 4231 non
3075 4176 3324 4232 salvabit
3348 4193 3483 4232 eos:
3517 4177 3617 4232 sed
3650 4177 3786 4232 dex-

2137 4275 2262 4324 tera
2292 4272 2412 4335 tua,
2455 4271 2514 4322 et
2560 4265 2862 4320 brachium
2914 4271 3104 4330 tuum,
3139 4271 3194 4320 et
3241 4265 3592 4321 illuminatio
3624 4264 3789 4322 faciei

2138 4364 2272 4414 tuin.
2308 4379 2334 4406 ››
2372 4358 2610 4411 Dextera
2641 4354 2844 4420 Patris,
2884 4354 3153 4409 Christus
3183 4360 3306 4409 est:
3340 4358 3405 4408 ut
3432 4354 3615 4410 illud:
3648 4356 3791 4409 Dea:-

2138 4458 2258 4503 tera
2286 4448 2435 4501 enim
2481 4461 2584 4499 sua
2615 4444 2883 4499 exultavit
2930 4460 3026 4498 nos
3057 4445 3228 4513 (Psal.
3262 4460 3432 4513 cxvn,
3466 4444 3517 4514 1)
3545 4460 3557 4498 :
3608 4444 3665 4498 id
3695 4448 3787 4500 est

2138 4536 2484 4593 brachium:
2546 4532 2698 4588 sicut
2754 4532 2932 4589 alibi:
2965 4534 3029 4587 Et
3086 4534 3369 4588 brachium
3420 4534 3638 4588 Domini
3693 4535 3789 4589 cui

2114 4626 2438 4681 —reveiatum
2483 4626 2561 4676 est
2592 4621 2720 4692 (lsa.
2751 4638 2868 4685 ιιιι,
2904 4622 2986 4691 1)?
3008 4622 3135 4692 Ipse
3181 4626 3238 4677 et
3276 4620 3668 4679 illuminatio:
3722 4626 3787 4677 ut

381 4730 497 4783 qua
542 4712 694 4769 alius
741 4711 1007 4784 psalmus
1052 4712 1133 4767 ait
1176 4713 1324 4784 (Psal
1347 4754 1359 4766 .
1412 4729 1643 4780 Lxxxm,
1693 4715 1747 4785 2)
1780 4730 1793 4768 :
1851 4715 2026 4782 Quum
2053 4732 2100 4797 D
2136 4715 2254 4769 ibi:
2287 4715 2350 4769 In
2381 4712 2587 4765 lumine
2609 4713 2699 4763 tuo
2729 4709 3034 4765 videbimus
3066 4711 3253 4765 lumen
3275 4709 3448 4782 (Psal.
3470 4727 3639 4768 xxxv.
3673 4712 3782 4781 10).

379 4800 574 4855 dilecta
601 4806 731 4856 sunt
763 4802 1118 4856 tabernarum
1149 4804 1262 4869 tua,
1298 4802 1565 4857 Domine!

455 4912 483 4941 «
524 4890 779 4945 Introibo
827 4890 898 4945 ad
955 4889 1136 4945 altare
1191 4890 1369 4945 Dei.»
1420 4891 1547 4960 Mei,
1599 4891 1697 4945 ubi
1748 4909 1859 4946 non
1896 4892 2021 4961 jam

379 4978 593 5035 vitulos
631 4983 689 5034 et
717 4979 945 5045 arietes,
975 4980 1076 5034 sed
1111 4979 1401 5049 meipsum
1433 4980 1736 5036 exhibeam
1771 4980 2024 5036 hostiam

379 5066 565 5122 vivam
589 5065 910 5139 placentem
936 5066 1042 5122 illi.
1070 5089 1097 5117 «
1121 5068 1205 5122 Ad
1228 5068 1409 5122 Deum
1436 5068 1534 5139 qui
1560 5068 2029 5140 lsetiﬁcatjuven-

379 5160 563 5211 tutem
596 5172 806 5211 meam.
838 5178 866 5205 »
898 5156 1042 5211 Cum
1075 5160 1391 5228 expurgato
1429 5156 1710 5213 fermento
1745 5158 1919 5212 veteri
1968 5159 2026 5213 in

379 5261 525 5300 novo
559 5262 651 5299 me
681 5244 917 5299 homine
948 5249 1228 5316 tanquam
1254 5244 1637 5314 juvenculum
1672 5245 2024 5301 consolatur.

452 5356 480 5384 ‹‹
521 5334 849 5389 Conﬁtebor
877 5332 985 5387 tibi
1015 5333 1072 5386 in
1103 5332 1348 5398 cithara,
1390 5332 1543 5387 Deus
1582 5333 1735 5388 Deus
1765 5349 1951 5389 meus.
1997 5355 2024 5382 »

381 5424 487 5478 Per
542 5422 1048 5479 mortiﬁcationem
1118 5421 1345 5477 carnis:
1406 5423 1536 5493 quia
1594 5421 1892 5488 cruciﬁxus
1950 5432 2028 5478 est

379 5513 520 5567 mihi
546 5513 804 5580 mundus,
836 5516 888 5568 et
915 5528 1013 5583 ego
1041 5511 1242 5567 mundo
1274 5511 1474 5582 (Galal.
1511 5527 1588 5577 v1,
1623 5512 1733 5580 14).
1777 5532 1806 5560 ‹‹
1840 5513 2026 5575 Quare

380 5603 565 5656 tristis
612 5618 695 5665 es,
743 5602 939 5657 anima
987 5617 1136 5667 mea,
1186 5604 1243 5654 et
1272 5616 1449 5671 quare
1477 5601 1791 5654 conturbas
1821 5600 1961 5655 me?
1996 5623 2025 5650 »

381 5693 529 5755 Quia
558 5691 821 5746 desidero
852 5690 1044 5745 videre
1071 5689 1129 5742 in
1164 5705 1277 5760 quo
1308 5706 1472 5760 spem
1507 5688 1694 5761 posui.

454 5804 480 5831 ‹‹
523 5781 699 5852 Spera
730 5780 786 5835 in
812 5785 948 5847 Deo,
982 5777 1259 5850 quoniam
1290 5778 1481 5833 adhuc
1511 5777 1827 5834 conﬁtebor
1858 5777 1963 5847 illi,
1995 5802 2024 5830 ››

2130 4802 2236 4857 Hic
2265 4808 2353 4859 est
2382 4800 2563 4871 igitur
2593 4798 2810 4853 missus
2840 4815 2873 4852 a
2905 4799 3090 4865 Patre,
3115 4804 3181 4854 ut
3222 4799 3494 4855 liberaret
3523 4816 3681 4855 suos.
3716 4799 3787 4854 Et

2135 4908 2240 4946 cur
2268 4908 2366 4947 eos
2397 4891 2746 4957 liberaverit,
2780 4889 3028 4961 adjecit:
3065 4888 3349 4953 Quoniam
3380 4886 3784 4959 complacuisti

2134 4980 2195 5035 in
2225 4981 2329 5037 eis.
2369 5003 2394 5029 »
2425 4980 2563 5036 Vult
2591 4983 2745 5036 enim
2771 4979 2953 5034 Deus:
3001 4983 3064 5032 ut
3092 4978 3245 5033 sicut
3273 4977 3324 5032 ei
3354 4976 3781 5047 beneplacitum

2135 5074 2225 5124 est
2252 5069 2310 5124 in
2334 5070 2495 5140 Filio,
2520 5070 2603 5125 ita
2632 5073 2689 5125 et
2719 5085 2825 5124 nos
2855 5067 3300 5138 beneplacentes
3332 5064 3521 5120 simus
3542 5065 3600 5119 in
3633 5064 3782 5135 ipso,

2136 5158 2184 5214 si
2215 5158 2486 5215 volumus
2518 5157 2771 5215 liberari.

2210 5270 2233 5294 ι
2278 5249 2365 5303 Tu
2414 5264 2477 5303 es
2521 5248 2646 5319 ipse
2678 5263 2775 5302 rex
2834 5261 3019 5301 meus.
3053 5265 3082 5294 »
3116 5244 3224 5308 Qui
3254 5242 3313 5297 in
3346 5257 3439 5298 me
3468 5257 3696 5313 regnas,
3729 5245 3787 5297 et

2136 5353 2252 5391 non
2286 5342 2612 5407 peccatum.
2646 5359 2675 5387 «
2728 5336 2791 5390 Et
2824 5339 2977 5389 Deus
3008 5349 3193 5387 meus.
3228 5353 3257 5381 »
3300 5333 3337 5386 Α
3369 5346 3484 5401 quo
3532 5348 3662 5386 sum
3695 5347 3788 5387 ac-

2136 5425 2411 5496 quisitus.
2469 5449 2489 5474 α
2526 5425 2633 5491 Qui
2684 5424 2929 5480 mandas
2978 5420 3200 5478 salutes
3248 5420 3445 5476 Jacob.
3482 5440 3510 5469 »
3550 5419 3667 5476 Hoc
3697 5425 3787 5477 est

2135 5514 2350 5585 p0pulo
2378 5514 2743 5569 Christiano:
2780 5512 2882 5583 qui
2934 5508 3307 5581 supplantato
3334 5508 3580 5580 seniore,
3615 5527 3784 5566 man-

2135 5603 2337 5657 datum
2372 5602 2580 5657 salutis
2630 5619 2732 5673 per
2779 5598 3101 5655 doctrinam
3151 5596 3551 5669 propheticam
3606 5604 3783 5671 atque

2134 5691 2511 5763 apostolicam
2546 5689 2820 5762 suscepit.

2207 5802 2235 5830 ‹‹
2296 5785 2364 5835 In
2419 5784 2474 5835 te
2528 5780 2682 5835 enim
2744 5776 3011 5833 inimicos
3080 5780 3312 5832 nostros
3369 5777 3781 5835 ventilabimus
