4314 6588
485 485 641 544 1011

1992 477 2385 539 APPENDIX
2398 524 2410 537 .

3740 479 3893 538 1012

489 632 691 682 cornu,
720 614 856 669 etin
901 613 1136 669 nomine
1178 616 1276 668 tuo
1309 629 1651 685 spernemus
1681 613 2050 684 insurgentes
2081 611 2140 666 in
2173 614 2225 676 Α
2257 612 2500 666 mutatio
2531 611 2698 666 facta.
2732 612 2877 666 Nam
2908 611 3192 666 Dominus
3223 609 3504 682 populum
3535 625 3708 681 quem
3738 600 3900 666 emit'

489 704 680 772 nobis,
717 728 738 754 ι
790 710 833 756 Α
885 703 1160 756 cornibus
1210 700 1429 771 aliquid
1474 701 1804 766 ventilatur,
1850 708 1915 755 ut
1961 701 2137 754 Sede-

485 793 669 862 chias,
703 792 801 862 qui
834 791 1001 845 factis
1052 790 1281 844 duobus
1332 790 1532 844 ferreis
1565 790 1837 844 cornibus
1868 790 2133 844 dicebat:

487 882 576 936 Sic
627 881 922 935 ventitabis
979 868 1143 934 totum
1196 879 1415 949 Syriam
1473 880 1569 949 (III
1620 879 1745 947 Reg.
1809 896 1953 944 xxn,
2017 880 2132 946 11).

486 972 678 1027 Cornu
708 986 841 1024 vero
871 973 1158 1036 nostrum,
1191 967 1456 1022 Christus
1496 971 1603 1022 est.
1651 967 1806 1021 Idem
1839 972 1896 1021 et
1925 984 2134 1022 nomen

488 1058 700 1124 Patris,
752 1057 811 1112 in
857 1073 970 1128 quo
1019 1055 1334 1111 adversarii
1385 1055 1588 1123 nostri,
1639 1055 1725 1110 vel
1757 1055 2133 1119 ventilantur,

487 1148 574 1204 vel
609 1151 986 1218 spernuntur.

572 1258 594 1284 ι
637 1237 759 1291 Non
808 1236 962 1290 enim
1010 1235 1066 1288 in
1115 1250 1250 1289 arcu
1311 1249 1436 1287 meo
1485 1234 1752 1304 sperabo,
1802 1237 1859 1288 et
1906 1233 2136 1304 gladius

489 1340 658 1379 meus
690 1341 803 1379 non
835 1322 1081 1378 salvabit
1113 1339 1226 1377 me.
1259 1344 1286 1371 »
1321 1323 1430 1377 Sed
1473 1321 1655 1376 virtus
1694 1328 1814 1377 tua.

559 1435 589 1461 «
631 1412 880 1468 Salvasti
922 1412 1076 1466 enim
1110 1427 1215 1466 nos
1246 1430 1280 1466 a
1318 1409 1737 1465 tribulantibus
1768 1427 1894 1465 nos.
1933 1432 1960 1460 »
1992 1411 2137 1473 Quia

486 1502 548 1556 in
579 1501 758 1556 armis
788 1501 936 1556 meis
967 1517 1200 1572 sperare
1221 1517 1334 1554 non
1367 1499 1608 1554 debeam
1636 1516 1648 1552 :
1683 1499 1803 1553 hzec
1835 1515 2012 1554 causa
2051 1505 2136 1553 est

488 1591 643 1662 quod
676 1589 912 1646 salvasti
947 1606 1050 1643 nos
1075 1605 1358 1659 sempera
1384 1587 1890 1659 persequentibus,
1923 1593 1978 1641 et
2010 1589 2136 1642 abs~

490 1695 602 1750 que
659 1683 861 1734 nostra
922 1677 1135 1732 virtute
1182 1682 1498 1746 nostroque
1556 1674 1748 1747 gladio
1807 1675 2132 1730 custodisti.

561 1789 592 1818 «
630 1766 876 1820 Salvasti
929 1765 1087 1819 enim
1143 1781 1249 1819 nos
1316 1765 1386 1818 de
1444 1763 1838 1835 afﬂigentibus
1897 1780 2022 1829 nos,
2081 1767 2138 1817 et

486 1855 747 1910 odientes
781 1870 886 1908 nos
918 1853 1268 1920 confudisti;
1301 1873 1328 1905 ι»
1366 1870 1578 1908 aversae
1629 1857 1767 1908 sunt
1797 1857 2134 1924 potestates,

487 1943 704 2014 quibus
734 1941 1012 2008 confusis,
1046 1959 1079 1996 a
1107 1941 1333 1997 Christo
1365 1942 1610 1997 Domino
1641 1941 1869 1996 liberati
1905 1958 2132 1995 sumus.

558 2054 587 2081 «
631 2031 693 2084 In
725 2031 841 2085 Deo
889 2029 1264 2085 laudabimur
1291 2035 1414 2086 tota
1461 2031 1632 2085 die.»
1687 2030 1831 2096 Quia
1875 2029 1998 2100 ipse
2048 2034 2136 2084 est

484 2119 618 2174 laus
647 2123 704 2174 et
733 2118 916 2189 gloria
963 2123 1182 2173 nostra.
1217 2142 1243 2168 «
1287 2120 1356 2174 Et
1386 2119 1444 2173 in
1479 2120 1715 2175 nomine
1763 2125 1863 2174 tuo
1895 2119 2132 2174 conﬁte-

487 2209 686 2263 bimur
737 2207 842 2262 tibi
899 2207 958 2262 in
1015 2207 1315 2263 saculum.
1376 2229 1402 2260 ιι
1467 2209 1629 2273 Quod
1687 2227 1720 2265 a
1776 2216 1832 2266 te
1881 2211 2131 2278 Christo,

487 2295 803 2352 Christiani
832 2311 1126 2351 vocamur.

559 2408 587 2435 «
631 2385 797 2442 Nunc
828 2390 1018 2440 autem
1056 2383 1320 2456 repulisti
1351 2390 1408 2440 et
1436 2386 1748 2441 confudisti
1782 2405 1907 2442 nos.
1932 2411 1951 2437 υ
1989 2392 2131 2443 Cum

486 2474 588 2540 ait,
618 2491 786 2539 nunc,
839 2490 1094 2544 praesens
1137 2479 1370 2544 tempus
1419 2476 1855 2545 ostendit.Ergo
1887 2477 1944 2529 in
1997 2494 2135 2548 prm-

485 2562 634 2618 senti
665 2567 923 2633 tempore
955 2562 1023 2616 ad
1058 2562 1525 2616 exercitationem
1568 2563 1927 2634 repellimur,
1961 2571 2024 2619 ut
2072 2567 2131 2620 in

483 2657 762 2706 aeternum
810 2649 1220 2719 gloriﬁcemur.
1276 2651 1436 2721 Saepe
1480 2651 1635 2706 enim
1669 2657 1724 2706 et
1756 2658 2038 2724 martyres
2073 2655 2130 2708 in

481 2747 743 2812 tempore
773 2740 976 2794 dicunt
1004 2756 1016 2793 :
1054 2740 1173 2793 «Et
1203 2756 1314 2794 non
1347 2740 1684 2811 egredieris,
1716 2741 1890 2808 Deus,
1926 2742 1984 2796 in
2018 2743 2128 2796 vir-

385 2886 390 2892 ,
479 2830 709 2884 tutibus
747 2829 986 2884 nostris.
1044 2852 1063 2876 »
1114 2828 1186 2882 Ut
1243 2845 1350 2884 nos
1406 2830 1464 2883 in
1516 2834 1815 2900 posterum
1851 2837 2131 2902 perpetua

480 2918 692 2972 virtute
724 2918 1150 2973 corroborares.

555 3028 584 3055 «
611 3005 881 3061 Avertisti
912 3023 1019 3060 nos
1044 3010 1364 3061 retrorsum
1395 3011 1527 3076 post
1548 3007 1817 3063 inimicos
1840 3015 2126 3064 nostros.»

482 3093 573 3148 Sic
604 3098 661 3148 et
689 3097 926 3148 Petrum
964 3094 1242 3148 Dominus
1289 3100 1610 3150 retrorsum
1641 3098 1944 3168 convertit,
1980 3104 2042 3153 ut
2070 3099 2128 3154 in

485 3181 699 3238 melius
730 3188 1045 3253 repararet.
1078 3183 1226 3254 Ergo
1257 3189 1310 3238 et
1360 3201 1463 3239 nos
1495 3185 1776 3241 debemus
1809 3193 2128 3242 retrorsum

485 3271 763 3339 converti,
797 3289 868 3326 ne
908 3271 964 3325 in
1012 3271 1120 3327 viis
1169 3273 1360 3343 pravis
1393 3274 1665 3345 perduret
1703 3276 1809 3330 iter
1837 3283 2126 3332 nostrum.

2249 715 2362 753 non
2395 717 2535 754 auro
2585 717 2772 771 neque
2803 705 3066 770 argento,
3108 700 3208 754 sed
3265 700 3514 769 pretioso
3569 715 3634 752 ac
3667 701 3898 771 proprio

2247 803 2380 841 eum
2414 789 2697 859 sanguine
2722 789 3116 858 comparavit:
3177 787 3327 841 sicut
3376 787 3456 842 ait
3495 789 3697 842 Petrus
3729 805 3896 859 apos-

2247 874 2399 930 tolus
2431 877 2475 945 (l
2505 881 2651 931 Petr.
2683 895 2721 944 1,
2758 878 2864 943 18).

2325 985 2344 1012 α
2389 963 2640 1019 Posuisti
2674 981 2780 1020 nos
2809 966 3187 1036 opprobrium
3217 965 3422 1020 vicinis
3476 965 3727 1021 nostris:
3766 967 3898 1021 sub-

2247 1052 2652 1108 sannationem
2701 1059 2758 1108 et
2788 1054 3046 1109 derisum
3071 1054 3164 1109 his
3197 1053 3296 1125 qui
3329 1054 3387 1108 in
3419 1053 3664 1108 circuitu
3699 1060 3895 1111 nostro

2247 1147 2404 1194 sunt.
2437 1160 2462 1191 υ
2499 1142 2682 1196 Vicini
2718 1142 2856 1196 dicti
2889 1147 3307 1214 persecutores,
3340 1147 3575 1214 propter
3599 1142 3896 1198 cohabita-

2245 1228 2461 1284 tionem
2497 1231 2987 1300 mundanam,qui
3018 1247 3170 1302 saepe
3199 1231 3552 1303 exprobrant
3579 1230 3893 1300 irridendo,

2246 1317 2542 1373 dicentes:
2584 1321 2770 1374 Veniat
2808 1321 2946 1374 Deus
2998 1328 3194 1387 vester,
3227 1325 3277 1374 et
3309 1323 3463 1375 eruat
3509 1335 3600 1374 vos
3629 1319 3696 1375 de
3723 1323 3900 1376 mani-

2249 1405 2344 1460 bus
2373 1410 2576 1462 nostris
2606 1412 2766 1476 (Par.
2793 1426 2968 1476 xxxu,
3006 1411 3090 1476 14,
3127 1409 3236 1479 15).

2317 1517 2344 1543 ‹‹
2389 1495 2639 1550 Posuisti
2696 1514 2802 1551 nos
2847 1497 2904 1550 in
2953 1496 3398 1552 similitudinem
3439 1497 3731 1568 gentibus.
3767 1520 3794 1547 »
3837 1499 3900 1553 In

2244 1586 2405 1638 tuam
2457 1585 2657 1656 utique
2707 1585 3195 1642 similitudinem:
3242 1591 3308 1641 ut
3355 1586 3509 1641 sicut
3558 1591 3613 1640 te
3646 1588 3902 1644 mundus

2247 1671 2376 1726 odio
2437 1672 2644 1727 habuit
2693 1675 2877 1745 prius,
2939 1675 3018 1728 ita
3075 1680 3133 1730 et
3191 1692 3296 1730 nos
3357 1675 3632 1746 deinceps
3692 1675 3897 1732 odiret.

2247 1781 2275 1808 ‹‹
2304 1760 2766 1817 Commotionem
2798 1763 3006 1834 capitis
3038 1764 3094 1817 in
3118 1763 3370 1835 populis.
3402 1786 3430 1813 »
3458 1764 3622 1819 Sicut
3652 1764 3807 1819 enim
3838 1765 3897 1820 in

2246 1849 2518 1918 passione
2548 1855 2648 1905 tua
2679 1856 3050 1907 transeuntes
3084 1853 3392 1908 movebant
3421 1853 3611 1924 capita
3641 1870 3766 1908 sua.
3815 1855 3898 1908 ita

2246 1941 2302 1992 et
2332 1938 2389 1992 in
2423 1941 2777 2011 martyribus
2810 1941 2925 1995 tuis
2947 1942 3187 1996 faciunt.
3217 1943 3326 1997 Sed
3359 1946 3414 1996 et
3445 1943 3494 1996 si
3525 1942 3626 2013 qui
3649 1959 3804 1996 nunc
3837 1942 3894 1998 in

2244 2030 2298 2080 te
2325 2029 2418 2097 pie
2442 2028 2686 2084 voluerit
2714 2031 2935 2086 vivere:
2971 2031 3235 2102 protinus
3268 2031 3454 2102 iniqui
3486 2030 3896 2103 blasphemant

2242 2130 2376 2170 cum
2406 2116 2675 2174 irrisione
2706 2119 2793 2174 vel
2825 2119 3032 2192 capitis
3071 2121 3478 2175 commotione.

2315 2227 2342 2254 «
2386 2207 2530 2261 Tota
2577 2207 2669 2263 die
2715 2209 3062 2263 verecundia
3119 2225 3248 2264 mea
3295 2214 3496 2264 contra
3543 2225 3636 2263 me
3683 2214 3790 2276 est,
3833 2214 3891 2265 et

2243 2295 2506 2350 confusio
2539 2296 2702 2352 faciei
2737 2314 2873 2351 mece
2912 2299 3210 2369 cooperuit
3238 2315 3349 2353 me.
3386 2321 3412 2347 »
3459 2297 3739 2354 Dominus
3768 2299 3889 2353 haec

2243 2381 2302 2436 in
2335 2390 2638 2455 assumpta
2668 2387 2930 2457 loquitur
2958 2403 3151 2454 carne,
3184 2386 3282 2456 qui
3305 2403 3407 2457 pro
3431 2387 3600 2442 nobis
3622 2403 3891 2442 verecun-

2243 2471 2397 2526 diam
2432 2474 2671 2545 patitur,
2707 2474 3093 2540 maledicitur,
3145 2481 3321 2546 atque
3352 2476 3752 2542 confunditur,
3788 2493 3889 2531 us-

2242 2576 2353 2630 que
2385 2563 2455 2614 ad
2489 2563 2684 2634 ipsum
2717 2564 2892 2617 etiam
2927 2563 3256 2634 patibulum
3287 2563 3505 2620 Crucis.
3741 2621 3747 2626 _

2316 2672 2343 2698 ‹‹
2381 2653 2427 2703 Α
2455 2667 2593 2706 voce
2621 2651 3027 2722 exprobrantis
3060 2658 3116 2706 et
3158 2652 3549 2723 obloquentis.
3593 2675 3613 2701 ι
3649 2653 3792 2708 Cum
3835 2656 3890 2708 ei

2241 2738 2562 2793 diceretur:
2597 2740 2654 2794 Si
2682 2741 2855 2796 Filius
2881 2742 2976 2795 Dei
3001 2756 3073 2807 es,
3098 2741 3357 2795 descende
3386 2741 3449 2796 de
3477 2757 3636 2795 cruce
3666 2742 3883 2811 (Matth.

2239 2843 2412 2897 xxvu,
2450 2829 2556 2898 40).
2590 2851 2618 2878 ››
2669 2831 2715 2882 Α
2765 2830 2909 2883 facie
2957 2829 3200 2896 inimici,
3238 2853 3263 2878 ›ι
3302 2831 3490 2886 Judae.
3543 2851 3570 2882 α
3599 2830 3665 2885 Et
3694 2847 3883 2902 perse-

2239 2916 2494 2986 quentis,
2530 2939 2557 2965 »
2590 2917 2786 2988 populi
2809 2917 3058 2973 Judaici.

2315 3027 2335 3052 «
2375 3005 2503 3060 Haec
2542 3005 2738 3061 omnia
2768 3012 3050 3061 venerunt
3081 3023 3258 3079 super
3297 3025 3424 3074 nos,
3459 3026 3562 3065 nec
3595 3009 3757 3065 obliti
3789 3027 3885 3065 su-

2239 3109 2371 3148 mus
2400 3099 2475 3148 te.
2505 3117 2530 3142 »
2563 3095 2842 3166 Martyres
2871 3095 2983 3149 ista
3005 3096 3242 3151 dicunt:
3279 3097 3417 3168 quia
3446 3099 3643 3154 omnia
3673 3115 3797 3170 quae
3820 3104 3885 3153 tu

2239 3183 2480 3238 Domine
2509 3183 2668 3252 Jesu,
2705 3183 3018 3256 pertulisti,
3051 3189 3106 3240 et
3143 3202 3247 3240 nos
3280 3187 3479 3241 eadem
3516 3187 3884 3259 pertulimus,

2239 3273 2337 3326 sed
2372 3278 2426 3327 te
2456 3290 2687 3345 semper
2715 3274 2963 3329 confessi
2998 3291 3230 3330 sumus.
3256 3299 3281 3324 ι(
3308 3277 3376 3330 Et
3405 3275 3602 3347 inique
3634 3294 3747 3332 non
3776 3277 3889 3348 egi-

486 3362 776 3417 Debemus
809 3365 866 3415 et
925 3360 1191 3416 inimicos
1223 3367 1455 3418 nostros
1487 3369 1617 3418 ante
1649 3382 1753 3419 nos
1782 3366 2012 3432 habere,
2073 3373 2136 3422 ut
2166 3360 2208 3425 C
2251 3379 2381 3416 mus
2408 3363 2468 3416 in
2509 3367 2857 3418 testamentO
2898 3369 3016 3418 tuo.
3055 3385 3082 3412 >)
3133 3365 3242 3418 Sed
3276 3365 3556 3420 veraciter
3598 3371 3652 3420 te
3685 3365 3888 3437 praedi-

485 3450 740 3505 sciamus
799 3449 939 3521 quid
989 3466 1187 3505 cavere
1237 3451 1576 3506 debeamus.
1627 3454 1787 3518 Quod
1839 3461 1893 3510 et
1924 3455 1970 3510 si
2006 3461 2139 3527 post

484 3539 788 3594 Christum
833 3540 1226 3594 convertimur
1274 3546 1338 3595 ut
1383 3545 1610 3606 Petrus,
1671 3543 1951 3599 habentes
2003 3563 2137 3599 eum

486 3633 618 3682 ante
649 3643 776 3691 nos,
811 3626 955 3680 nihil
991 3628 1142 3682 ultra
1190 3634 1535 3684 metuemus.
1594 3653 1620 3680 «
1652 3635 1718 3685 Et
1747 3631 1847 3702 qui
1892 3634 2140 3688 oderunt

487 3732 614 3785 nos,
653 3714 1005 3784 diripiebant
1039 3715 1170 3770 sibi.
1206 3737 1233 3764 »
1266 3717 1506 3788 Propter
1535 3735 1746 3774 nomen
1785 3720 1941 3775 enim
1969 3727 2136 3777 tuum

483 3803 542 3857 di
574 3803 838 3874 ipiebant
889 3819 1031 3858 nos:
1086 3820 1220 3858 cum
1253 3805 1310 3859 in
1348 3807 1702 3874 carceribus,
1736 3809 1794 3862 in
1836 3810 2044 3881 plagis,
2078 3811 2134 3865 in

488 3890 731 3961 reliquis
763 3908 869 3946 nos
914 3899 1188 3948 vexarent
1232 3895 1558 3950 tormentis.
1607 3897 1718 3952 Sed
1767 3915 1881 3952 non
1910 3916 2017 3955 nos
2050 3918 2137 3956 se-

488 3979 714 4051 paravit
737 3997 770 4035 a
799 3980 1079 4037 charitate
1108 3987 1208 4037 tua
1237 3982 1339 4038 illa
1366 3984 1684 4040 tribulatio.

562 4093 589 4119 ‹‹
635 4069 855 4125 Dedisti
910 4087 1016 4125 nos
1062 4077 1342 4143 tanquam
1392 4090 1524 4129 oves
1573 4092 1924 4130 escarum.»
1983 4079 2142 4133 Sicut

491 4159 647 4215 enim
679 4159 964 4214 Dominus
990 4165 1270 4232 tanquam
1301 4163 1424 4217 ovis
1456 4164 1524 4218 ad
1555 4164 1902 4220 occisionem
1927 4167 2138 4223 ductus

491 4248 665 4303 datus
693 4252 783 4302 est
812 4263 945 4303 esca
975 4250 1225 4320 populis,
1277 4267 1411 4305 cum
1461 4252 1637 4307 dicit:
1672 4255 1790 4307 Nisi
1834 4257 2138 4310 manduca-

489 4339 681 4391 veritis
711 4353 930 4392 carnem
961 4339 1100 4394 Filii
1129 4339 1390 4408 hominis,
1419 4355 1530 4395 non
1569 4340 1838 4396 habebitis
1869 4346 2037 4399 vitam
2079 4348 2138 4399 in

488 4427 645 4482 nobis
694 4430 866 4491 (Joan.
914 4444 994 4496 VI,
1045 4428 1158 4498 54):
1211 4428 1294 4483 ita
1341 4433 1398 4483 et
1447 4431 1653 4497 sancti,
1689 4432 1838 4486 sicut
1869 4434 2137 4505 superius

491 4515 766 4584 diximus,
799 4515 859 4570 in
892 4515 1096 4570 multis
1127 4517 1610 4574 tribulationibus
1641 4521 1779 4585 dati,
1835 4522 1969 4576 facti
2001 4530 2140 4578 sunt

492 4603 775 4674 pabulum
807 4603 1117 4675 gentibus:
1150 4604 1234 4659 vel
1270 4622 1403 4660 cum
1445 4607 1722 4664 alimenta
1751 4616 1976 4665 aeternae
2008 4613 2136 4666 vitae

2246 3451 2526 3506 cavimus.
2586 3476 2605 3500 α
2661 3453 2728 3506 Et
2760 3469 2872 3507 non
2908 3453 3147 3508 recessit
3193 3459 3345 3509 retro
3396 3471 3494 3509 cor
3538 3460 3825 3509 nostrum.
3862 3477 3890 3503 »

2247 3539 2320 3594 Ut
2354 3557 2575 3596 errores
2609 3542 2887 3596 fanaticos
2939 3543 3094 3596 unde
3124 3543 3370 3614 digressi
3423 3544 3663 3612 fuimus,
3693 3559 3892 3614 seque-

2247 3645 2463 3683 remur.
2501 3652 2527 3678 «
2569 3631 2638 3683 Et
2668 3630 2972 3686 declinasti
3003 3631 3244 3685 semitas
3276 3635 3505 3686 nostras
3535 3649 3568 3686 a
3595 3632 3687 3686 via
3715 3638 3834 3686 tua.
3863 3654 3891 3681 »

2247 3720 2411 3773 Actio
2441 3725 2642 3774 nostra
2670 3737 2785 3774 non
2817 3725 2904 3774 est
2934 3737 2967 3774 a
3015 3720 3131 3774 tuis
3164 3719 3689 3789 justiticationibus
3720 3736 3892 3792 sepa-

2248 3812 2394 3861 rata.

2323 3917 2350 3944 ‹‹
2383 3895 2664 3959 Quoniam
2699 3895 3022 3950 humiliasti
3055 3912 3160 3949 nos
3210 3895 3270 3949 in
3318 3894 3442 3951 loco
3477 3896 3825 3953 afﬂictionis.
3865 3921 3892 3947 ››

2247 3989 2313 4038 In
2346 4000 2582 4054 corpore
2613 3984 2743 4051 isto,
2778 3984 2834 4036 in
2864 4000 2975 4054 quo
2996 4000 3300 4038 versamur
3327 3991 3383 4039 et
3415 3985 3735 4057 affligimur
3759 4004 3892 4058 pro-

2249 4077 2376 4142 pter
2430 4078 2503 4125 te.
2537 4093 2564 4120 «
2608 4072 2674 4125 Et
2723 4072 2949 4143 operuit
2998 4088 3103 4126 nos
3154 4074 3364 4128 umbra
3411 4074 3696 4130 mortis.»
3742 4077 3893 4132 Bene

2247 4161 2458 4215 umbra
2490 4160 2692 4215 mortis
2725 4161 2781 4214 in
2808 4160 2915 4215 hoc
2947 4163 3158 4216 saaculo
3201 4163 3500 4234 opprimit,
3533 4169 3590 4218 et
3621 4181 3734 4219 non
3768 4166 3894 4236 ipsa

2248 4265 2406 4302 mors
2435 4265 2446 4302 :
2483 4250 2618 4319 quia
2651 4254 2952 4321 martyres,
2985 4249 3072 4304 vel
3101 4250 3307 4322 reliqui
3355 4252 3558 4320 sancti,
3591 4252 3699 4308 etsi
3747 4253 3891 4307 afﬂi-

2247 4343 2498 4409 guntur,
2560 4338 2667 4392 etsi
2735 4339 2904 4393 morti
2965 4338 3371 4411 destinantur,
3432 4340 3631 4396 vivunt
3697 4346 3893 4396 tamen

2248 4436 2383 4502 Deo,
2416 4436 2475 4490 in
2527 4437 2646 4491 haec
2697 4453 2855 4491 mors
2888 4437 3098 4492 umbra
3144 4438 3228 4492 eis
3275 4444 3384 4506 est,
3434 4445 3491 4493 et
3539 4456 3653 4494 non
3683 4439 3892 4495 veritas

2248 4525 2474 4579 mortis.

2326 4635 2351 4665 (ι
2389 4614 2446 4667 Si
2489 4612 2652 4668 obliti
2704 4632 2912 4670 sumus
2958 4631 3170 4670 nomen
3225 4615 3317 4669 Dei
3371 4616 3576 4670 nostri.
3628 4639 3657 4665 »
3705 4617 3767 4670 Id
3807 4621 3895 4672 est

493 4690 866 4746 ministrant:
918 4691 1004 4747 vel
1057 4694 1196 4748 dum
1229 4696 1604 4766 rapacitatem
1655 4715 1855 4753 eorum
1907 4701 1976 4754 de
2014 4703 2136 4757 suis
2168 4727 2215 4790 Β
2245 4703 2564 4758 Christum.
2621 4725 2647 4755 ιι
2679 4705 2747 4758 Et
2788 4704 2837 4758 si
2882 4704 3268 4775 expandimus
3319 4721 3530 4760 manus
3561 4710 3791 4761 nostras
3824 4708 3893 4761 ad

494 4779 771 4834 azrumnis
819 4781 1122 4836 exsatiant.
1181 4803 1208 4836 ε
1238 4785 1307 4838 Et
1351 4785 1409 4839 in
1442 4785 1778 4842 nationibus
1809 4789 2137 4860 dispersisti

494 4885 622 4924 nos.
656 4890 684 4917 ››
719 4867 791 4923 Ut
834 4870 903 4924 ad
935 4874 1166 4942 tempus
1198 4873 1638 4930 dominarentur
1667 4877 1870 4931 nostri.

568 4981 596 5008 «
638 4957 899 5014 Vendisti
932 4960 1212 5032 populum
1261 4968 1428 5018 tuum
1487 4966 1611 5020 sine
1643 4967 1844 5037 pretio.
1882 4991 1908 5017 ››
1944 4968 2140 5040 Usque

495 5064 654 5103 nunc
681 5047 751 5103 de
781 5065 842 5104 se
873 5047 1050 5104 locuti
1080 5056 1221 5105 sunt
1245 5056 1550 5125 martyres‘
1578 5070 1590 5108 :
1625 5071 1780 5110 nunc
1811 5057 1880 5111 de
1911 5057 2139 5114 Judan-

494 5154 626 5191 rum
659 5137 872 5209 populo
903 5138 1139 5205 dicitur,
1172 5140 1387 5210 quibus
1419 5142 1640 5197 dictum
1664 5149 1781 5200 est:
1817 5149 1882 5201 In
1908 5151 2140 5218 peccatis

492 5227 685 5281 vestris
714 5227 923 5282 uenditi
969 5230 1092 5283 estis
1123 5230 1259 5300 (Isa.
1294 5247 1342 5299 L,
1380 5232 1448 5303 1).
1497 5236 1562 5286 Et
1592 5233 1719 5288 ideo
1750 5234 1874 5290 sine
1916 5237 2135 5307 pretio:

491 5315 629 5386 quia
658 5333 773 5372 non
799 5321 888 5372 est
908 5317 1130 5372 effusus
1153 5320 1302 5390 Agni
1327 5321 1568 5391 sanguis
1599 5339 1701 5394 pro
1731 5324 1835 5378 eis.
1871 5349 1897 5372 ‹‹
1926 5326 1994 5380 Et
2024 5343 2138 5380 non

491 5404 602 5459 fuit
624 5404 940 5461 multitudo
962 5406 1019 5460 in
1046 5409 1603 5464 commutationibus
1627 5413 1861 5468 nostris.
1896 5434 1924 5461 ››
1957 5413 2141 5469 Vilior

487 5498 609 5548 erat
640 5511 860 5550 merces
891 5513 1017 5566 quis
1067 5497 1177 5551 fuit
1207 5498 1475 5553 vendita:
1525 5498 1655 5554 ideo
1708 5517 1822 5554 non
1854 5505 1943 5555 est
1972 5518 2134 5556 com-

561 5618 586 5693 ᾗ
622 5617 834 5672 Locum
867 5619 1022 5675 hunc
1053 5621 1327 5676 Servatus
1377 5622 1575 5693 Lupus
1617 5623 1674 5676 in
1709 5623 2039 5680 Cotleetaneo
2070 5629 2133 5682 de

490 5687 664 5758 tribus
693 5693 1100 5758 quaestionibus.
1133 5695 1242 5747 sub
1276 5687 1483 5758 tinem;
1503 5694 1709 5748 recitat
1740 5696 1979 5750 totidem
2009 5715 2131 5751 ver-

492 5757 582 5812 bis
615 5757 895 5831 tanquam
925 5779 994 5818 ex
1016 5764 1348 5835 Hieronymi
1376 5766 1823 5833 Commentario,
1857 5771 2132 5838 quemad-

2249 4793 2423 4846 deum
2455 4792 2733 4847 alienum.
2765 4814 2792 4841 »
2827 4794 2911 4846 Ad
2940 4792 3184 4848 idolum.

2323 4902 2350 4930 «
2392 4881 2591 4934 Nonne
2623 4881 2775 4934 Deus
2799 4882 3055 4951 requiret
3074 4881 3224 4936 ista?
3246 4882 3367 4953 ipse
3389 4883 3542 4938 enim
3573 4885 3733 4939 novit
3761 4885 3896 4940 abs-

2250 4969 2483 5023 condita
2528 4969 2738 5024 cordis.
2773 4991 2801 5018 »
2839 4971 3000 5035 Quod
3050 4975 3360 5041 cognoscat
3407 4977 3558 5027 Deus
3598 4973 3896 5046 cogitatio-

2250 5074 2351 5112 nes
2380 5057 2707 5128 hominum,
2754 5059 2877 5129 ipse
2924 5059 2982 5113 in
3033 5059 3338 5130 Evangelio
3371 5061 3562 5131 prodit
3593 5063 3662 5116 ad
3705 5063 3900 5118 Phari-

2251 5164 2394 5202 saeos
2451 5147 2688 5202 dicens:
2752 5147 2890 5214 Quid
2936 5150 3185 5216 cogitatis
3242 5165 3478 5218 nequam
3534 5152 3594 5206 in
3650 5152 3898 5207 cordibus

2249 5238 2445 5291 vestris
2487 5237 2634 5298 (Luc.
2685 5255 2738 5303 v,
2787 5238 2909 5303 22)?
2956 5236 3047 5290 Sic
3096 5241 3153 5290 et
3203 5243 3488 5309 martyres
3541 5239 3779 5296 dicunt:
3839 5243 3897 5296 Si

2251 5325 2463 5380 alicubi
2495 5327 2853 5381 excessimus
2883 5343 2917 5380 a
2949 5324 3056 5379 viis
3087 5325 3210 5393 Dei,
3245 5325 3369 5398 ipse
3400 5328 3498 5398 qui
3531 5346 3741 5384 arcana
3772 5347 3895 5386 cor-

2249 5415 2338 5468 dis
2371 5415 2550 5482 novit,
2583 5415 2861 5484 inquirat.

2318 5503 2600 5566 Quoniam
2635 5509 2869 5574 propter
2909 5508 2962 5558 te
2995 5503 3418 5558 mortiﬁcamur
3451 5509 3570 5560 tota
3599 5506 3710 5573 die,
3745 5529 3773 5557 »
3835 5509 3894 5562 In

2247 5629 2580 5703 modumhet
2613 5646 2789 5698 supra
2814 5628 2875 5703 in
2913 5628 3122 5703 psalm,
3160 5630 3414 5703 primum
3447 5631 3624 5686 alium
3650 5632 3896 5703 hujusce

2243 5700 2519 5823 Brfeviarii
2552 5701 2741 5755 locum
2795 5700 3172 5772 de:cribens,’
3205 5702 3550 5775 Hieronymo
3591 5700 3889 5776 acceptum

2243 5787 2300 5823 re
2328 5775 2432 5823 ert.

2242 5775 2432 5826 refert.
