4314 6586
370 496 524 554 1013

1526 496 2023 557 BREVIABIUM
2066 496 2146 556 IN
2193 498 2578 559 PSALMOS.

3610 493 3767 554 1014

370 627 613 683 diversis
668 624 1143 693 tribulationibus
1199 624 1589 696 opprimimur
1643 632 1880 699 propter
1928 631 2009 695 te,
2041 632 2092 697 Α
2125 632 2356 683 surator
2386 632 2441 684 et
2471 629 2721 700 scriptor
2767 633 2873 684 est.
2910 628 3070 683 Unde
3129 626 3274 682 dixit
3326 627 3385 680 in
3433 624 3766 698 propheta:

373 717 471 771 sed
506 719 712 789 sponte
741 715 1069 787 praabemus
1092 712 1241 769 colla
1262 715 1639 769 caedentibus.
1678 739 1698 765 ιι
1724 714 2018 771 .Estimati

374 821 600 872 sumus,
634 808 698 859 ut
745 818 879 859 oves
926 802 1257 859 occisionis.
1290 824 1319 852 ››
1374 804 1612 860 Dixeras
1652 804 1829 875 enim,
1866 805 2018 877 quod

376 894 665 949 missurus
698 908 803 947 nos
844 908 1004 947 esses
1050 895 1333 963 tanquam
1375 908 1506 947 oves
1537 893 1595 947 iu
1628 892 1818 948 medio
1848 892 2020 965 lupo-

377 998 503 1037 rum
536 981 744 1049 (Matth.
777 998 833 1048 x,
868 981 957 1052 16)
991 998 1004 1036 :
1055 981 1220 1036 Nunc
1251 984 1447 1036 autem
1479 982 1618 1053 quia
1650 982 1721 1038 ab
1752 982 1845 1037 his
1889 986 2019 1037 ten-

373 1071 692 1126 tationibus
722 1069 1027 1143 elongatus
1048 1086 1131 1141 es,
1155 1074 1211 1124 et
1239 1074 1517 1142 tanquam
1550 1071 1597 1125 si
1631 1071 1690 1125 in
1725 1070 1854 1125 navi
1886 1071 2017 1125 dor-

375 1159 585 1225 miens,
618 1175 733 1214 non
766 1175 873 1214 nos
916 1176 951 1214 a
998 1161 1345 1230 tempestate
1379 1159 1667 1227 defendis,
1698 1158 2018 1215 excitamus

374 1252 446 1316 te,
482 1248 738 1315 Domine,
772 1247 1136 1304 confessione
1168 1247 1416 1320 supplici
1451 1249 1851 1320 deprecantes.

441 1362 468 1388 ‹‹
504 1338 780 1409 Exsurge,
805 1353 986 1408 quare
1016 1337 1339 1404 obdormis,
1371 1337 1610 1392 Domine
1629 1339 1657 1390 Ὺ
1684 1353 1929 1409 exsurge
1961 1341 2018 1391 et

374 1442 441 1482 ne
473 1424 720 1497 repellas
749 1425 809 1479 in
840 1424 1037 1481 finem.
1072 1447 1100 1476 »
1142 1429 1217 1480 Ut
1247 1425 1348 1497 qui
1380 1430 1651 1481 mortuus
1682 1441 1744 1480 es
1778 1442 1881 1496 pro
1914 1441 2017 1480 no-

372 1515 481 1585 bis,
514 1518 571 1570 et
623 1513 990 1570 resurrexisti
1025 1530 1038 1569 :
1089 1513 1361 1569 exciteris
1410 1514 1468 1569 in
1509 1513 1785 1569 cordibus
1816 1530 2017 1568 eorum

375 1604 469 1675 qui
516 1607 574 1658 te
622 1606 920 1658 mortuum
974 1602 1347 1669 confitentur,
1381 1606 1437 1657 et
1480 1602 1871 1658 resurrexisse
1904 1618 2018 1657 non

370 1692 635 1759 credunt,
670 1695 736 1747 ut
784 1691 1023 1746 tandem
1071 1690 1406 1747 desinentes
1436 1707 1543 1747 nos
1575 1690 1868 1763 persequi,
1901 1706 2016 1746 non

368 1797 558 1852 usque
586 1779 646 1834 in
678 1780 855 1835 finem
886 1784 1110 1835 (eterna:
1141 1780 1347 1835 mortis
1387 1780 1695 1836 intereant.

440 1892 470 1920 «
502 1869 688 1933 Quare
746 1868 955 1924 faciem
1012 1873 1174 1923 tuam
1235 1868 1491 1924 avertis?
1522 1892 1551 1918 η
1599 1867 1822 1923 Avertit
1859 1867 2017 1923 enim

367 1960 523 2015 Deus
563 1957 771 2013 faciem
824 1958 896 2013 ad
942 1960 1197 2028 tempus,
1231 1961 1297 2012 ut
1344 1957 1549 2029 probet
1594 1957 1807 2015 electos
1853 1973 2013 2013 suos.

366 2045 805 2103 «Oblivisceris
848 2046 1059 2118 inopia:
1116 2050 1328 2102 nostra;
1377 2050 1434 2103 et
1482 2046 1879 2103 tribulationis
1911 2063 2013 2102 no-

366 2139 520 2192 strae.
548 2157 577 2185 »
605 2134 865 2191 Patimur
884 2134 1165 2206 inOpiam,
1194 2151 1297 2207 pro
1319 2134 1504 2190 nihilo
1534 2135 1814 2191 habentes
1836 2135 2016 2207 hujus

368 2225 574 2280 mundi
598 2222 852 2294 divitias,
866 2240 1112 2297 regnum
1133 2224 1363 2280 cmleste
1381 2224 1804 2281 desideramus.
1819 2225 2019 2280 Tribu-

365 2314 562 2369 lamur
591 2312 771 2380 enim,
804 2329 937 2368 cum
983 2312 1290 2386 elongatur
1334 2313 1690 2369 desiderium
1723 2317 2012 2369 nostrum.

438 2426 466 2452 ‹‹
500 2401 785 2469 Quoniam
836 2401 1148 2457 humiliata
1178 2407 1266 2457 est
1312 2402 1372 2457 in
1404 2402 1639 2475 pulvere
1669 2402 1865 2459 anima
1909 2419 2012 2458 no-

368 2495 509 2547 stra.
545 2511 573 2540 »
624 2490 696 2546 Ut
744 2491 816 2545 ab
870 2490 986 2545 illis
1034 2490 1475 2557 inclinaremur,
1507 2508 1655 2563 quos
1698 2495 1911 2546 ventus
1950 2496 2016 2547 ut

366 2579 663 2653 pulverem
695 2596 729 2634 a
760 2578 904 2634 facie
926 2583 1093 2634 terrae
1119 2580 1371 2651 projicit.
1406 2600 1434 2630 «
1458 2579 1905 2652 Conglutinatus
1926 2585 2015 2635 est

366 2669 428 2725 in
458 2673 614 2724 terra
640 2671 842 2724 venter
870 2673 1087 2724 noster.
1123 2690 1151 2717 »
1195 2671 1275 2724 Ac
1306 2668 1356 2725 si
1389 2669 1604 2725 diceret
1630 2686 1643 2723 :
1677 2670 1819 2724 Caro
1851 2669 2012 2724 inﬁr-

368 2761 581 2825 matur,
617 2757 717 2812 sed
749 2773 959 2812 sensus
988 2756 1048 2812 in
1080 2756 1415 2813 coelestibus
1446 2762 1535 2813 est
1565 2761 1842 2812 attentus.

438 2870 465 2896 «
497 2846 778 2917 Exsurge,
813 2847 1075 2914 Domine,
1112 2846 1323 2916 adjuva
1374 2863 1500 2912 nos,
1534 2850 1591 2901 et
1637 2845 1856 2900 redime
1904 2862 2012 2900 nos

365 2939 604 3007 pr0pter
632 2950 845 2990 nomen
874 2939 1066 2990 tuum.
1102 2957 1129 2983 »
1172 2934 1302 2990 Jam
1334 2938 1505 2990 tuum
1535 2935 1594 2989 in
1626 2932 2013 2989 tribulationi-

366 3026 477 3080 bus
507 3022 791 3079 auxilium
816 3040 1167 3093 mereamur,
1194 3028 1259 3079 ut
1289 3023 1607 3080 liberemur
1632 3024 1703 3078 ab
1734 3022 1827 3078 his
1858 3039 2014 3094 pres-

366 3113 521 3169 suris
554 3129 569 3169 :
603 3129 720 3167 non
752 3116 987 3185 propter
1016 3113 1291 3168 meritum
1323 3117 1613 3180 nostrum,
1647 3113 1747 3168 sed
1781 3117 2015 3185 propter

365 3218 579 3257 nomen
615 3205 804 3256 tuum.

899 3306 1229 3362 PSALMUS
1286 3307 1475 3364 XLIV.

2128 717 2318 787 Surge,
2352 726 2403 772 et
2447 720 2633 789 accipe
2678 718 2973 784 calamum,
3006 721 3059 771 et
3090 713 3582 786 metire‘templum
3611 722 3659 769 et
3688 716 3771 769 ci-

2127 808 2353 862 vitatem
2385 807 2603 877 (Ezech.
2635 823 2723 872 XL,
2756 807 2832 874 3).
2876 830 2903 855 «
2937 806 3208 862 Calamus
3238 803 3461 859 scribae.
3500 823 3527 854 ι
3572 804 3774 858 Scriba

2128 895 2253 967 ipse
2283 901 2373 951 est
2401 895 2687 950 Christus.
2723 896 2886 949 Unde
2916 894 3061 949 dixit
3090 894 3147 948 in
3181 892 3488 964 Evangelio
3522 909 3534 947 :
3585 892 3772 947 Omnis

2127 986 2307 1039 scriba
2348 984 2533 1039 doctus
2564 986 2622 1039 in
2650 1000 2824 1057 regno
2854 983 3135 1053 caelorum,
3167 983 3368 1038 similis
3405 989 3484 1037 est
3525 983 3771 1053 patrifa-

2126 1074 2322 1127 milias
2370 1072 2586 1144 (Matth.
2643 1090 2764 1140 xm,
2817 1073 2929 1143 52).
2984 1096 3011 1121 ‹‹
3042 1070 3327 1126 Vclociter
3375 1068 3707 1125 scribentis.
3744 1092 3766 1118 ι

2127 1162 2273 1225 Quia
2301 1160 2501 1216 nullus
2531 1166 2653 1216 tam
2684 1160 2797 1215 cito
2824 1160 3049 1224 scribit,
3074 1159 3227 1215 sicut
3255 1159 3380 1231 ipse
3402 1157 3684 1213 Dominus
3709 1156 3770 1211 in

2127 1250 2403 1305 cordibus
2467 1254 2801 1305 sanctorum
2872 1249 3095 1305 scribit.
3156 1248 3306 1318 Quid
3374 1246 3597 1314 scribit,
3656 1246 3771 1301 nisi

2127 1338 2322 1404 fidem,
2354 1355 2516 1409 spem
2548 1343 2602 1393 et
2634 1338 2974 1393 charitatem
3009 1353 3203 1403 suam,
3226 1337 3468 1392 verbum
3498 1335 3773 1408 praedica-

2126 1426 2302 1482 tionis
2345 1426 2597 1481 tribuit?

2199 1538 2227 1564 ‹‹
2261 1514 2567 1587 Speciosus
2601 1517 2786 1571 forma
2816 1532 2928 1587 prae
2960 1513 3096 1570 ﬁliis
3127 1514 3456 1569 hominum.
3484 1535 3512 1564 ››
3551 1513 3623 1569 Ut
3653 1530 3768 1569 non

2128 1620 2196 1659 ex
2224 1620 2409 1676 aequo,
2443 1608 2507 1657 ut
2554 1605 2706 1659 alius
2753 1603 2950 1670 homo,
2983 1604 3083 1659 sed
3115 1619 3249 1658 cum
3280 1602 3516 1659 homine
3549 1602 3647 1657 Dei
3678 1603 3767 1658 Fi-

2125 1692 2243 1749 lius
2270 1692 2651 1766 intelligatur,
2684 1696 2743 1748 et
2768 1693 2899 1747 ideo
2930 1691 3229 1763 pulchrior
3254 1691 3465 1747 dicitur
3495 1708 3609 1763 prae
3639 1689 3769 1746 aliis

2125 1781 2265 1838 ﬁliis
2294 1781 2624 1837 hominum.
2649 1782 2856 1837 Forma
2886 1785 3085 1836 autem
3107 1780 3177 1835 de
3204 1797 3319 1843 qua
3350 1778 3628 1852 loquitur,
3652 1795 3768 1834 non

2126 1870 2518 1944 magnitudini
2574 1871 2911 1943 deputanda
2958 1874 3065 1941 est,
3099 1870 3199 1925 sed
3249 1867 3464 1924 decori.
3494 1867 3598 1922 Vel
3630 1884 3768 1939 quo-

2126 1960 2299 2017 modo
2331 1960 2651 2032 speciosus,
2693 1976 2828 2015 cum
2888 1957 3066 2014 Isaias
3116 1958 3300 2013 dicit:
3355 1955 3599 2013 Vidimus
3643 1972 3769 2011 eum

2124 2066 2234 2106 non
2276 2049 2566 2105 habentem
2620 2050 2872 2133 speciem,
2906 2064 3080 2120 neque
3125 2046 3364 2103 decorem
3398 2063 3415 2099 :
3465 2044 3559 2100 sed
3613 2046 3772 2116 quasi

2124 2140 2448 2212 despectum,
2482 2143 2537 2194 et
2583 2139 2956 2205 humiliatum,
2988 2140 3040 2192 et
3064 2152 3404 2209 percussum,
3436 2138 3486 2190 et
3514 2134 3769 2205 ﬂagella-

2124 2234 2243 2285 tam
2286 2245 2320 2283 a
2366 2230 2475 2284 Deo
2522 2229 2648 2301 (Isa.
2684 2245 2800 2298 Lm,
2832 2228 2936 2298 3)?
2981 2225 3270 2298 PrOpheta
3297 2223 3480 2280 Isaias
3526 2239 3594 2279 ex
3640 2240 3768 2295 per-

2125 2335 2269 2374 sona
2294 2317 2635 2374 Judaeorum
2686 2316 2829 2371 dicit
2874 2315 3002 2386 hoc,
3037 2314 3176 2385 quia
3220 2312 3307 2368 illi
3338 2312 3768 2368 humanitatem

2124 2407 2335 2472 carnis,
2358 2406 2523 2477 quasi
2547 2422 2758 2478 purum
2786 2404 3085 2459 hominem
3107 2420 3235 2459 esse
3255 2401 3645 2457 crediderunt.
3660 2399 3768 2454 Sed

2123 2495 2218 2550 hic
2250 2494 2537 2565 PrOpheta
2566 2493 2887 2548 secundum
2922 2490 3287 2546 divinitatem
3318 2487 3595 2559 loquitur.
3622 2486 3769 2541 Item

2122 2584 2302 2638 Isaias
2336 2581 2616 2655 propheta
2647 2580 2986 2652 prazsciebat
3033 2596 3133 2650 per
3164 2577 3447 2649 Spiritum
3496 2580 3766 2631 sanctum

2120 2671 2281 2727 illam
2316 2671 2743 2725 humanitatem
2777 2686 2810 2724 a
2852 2668 2993 2723 foris
3024 2682 3203 2739 quam
3233 2666 3504 2721 viderunt
3530 2663 3714 2719 Judaai
3749 2680 3762 2717 :

2121 2762 2223 2817 sed
2258 2760 2610 2815 intrinsecus
2659 2757 3021 2812 divinitatem
3061 2756 3186 2810 non‘
3210 2758 3525 2826 potuerunt
3552 2751 3765 2807 intelli-

2120 2866 2274 2922 gere.
2310 2872 2337 2899 «
2362 2848 2584 2904 Ditfusa
2602 2852 2689 2902 est
2718 2845 2907 2919 gratia
2934 2845 2995 2899 in
3024 2843 3195 2900 labiis
3224 2842 3363 2898 tuis.
3389 2864 3418 2891 »
3448 2842 3592 2898 Cum
3616 2857 3767 2896 mor-

2120 2940 2227 2995 bos
2277 2938 2450 2993 verbo
2498 2952 2689 3002 curas,
2722 2950 2857 2990 cum
2901 2949 3060 2989 mare
3108 2932 3403 3004 quiescere
3433 2930 3595 3000 facis,
3628 2946 3762 2985 cum

2122 3027 2418 3083 silentium
2453 3025 2641 3080 ventis
2670 3024 2903 3088 indicis,
2931 3038 3063 3077 cum
3094 3021 3313 3076 febrem
3345 3020 3641 3075 discedere
3663 3020 3762 3090 ju-

2120 3118 2244 3181 bes,
2281 3131 2413 3169 cum
2442 3113 2721 3170 Lazarum
2754 3128 2945 3178 vocas,
2978 3115 3036 3165 et
3072 3110 3228 3165 venit
3261 3127 3274 3164 :
3329 3108 3556 3164 Patrem
3586 3108 3764 3163 inter-

2121 3204 2326 3278 pellas,
2359 3208 2415 3258 et
2460 3203 2644 3268 audit,
2685 3206 2744 3257 et
2789 3218 2903 3256 non
2958 3199 3150 3255 solum
3199 3198 3382 3264 audit,
3431 3199 3533 3253 sed
3590 3197 3767 3253 etiam

2129 3293 2474 3366 respondet:
2509 3297 2566 3347 et
2586 3290 2785 3347 omnia
2806 3307 2932 3362 quae
2956 3288 3235 3360 loqueris,
3260 3287 3451 3360 gratia
3477 3286 3771 3342 labiorum

365 3397 430 3451 1η
457 3393 645 3464 ﬁnem,
675 3410 774 3465 pro
805 3396 892 3449 his
918 3397 1016 3466 qui
1044 3361 1541 3465 commutabuptur,
1573 3395 1712 3464 ﬁliis
1757 3394 1910 3464 ρον-θ,
1942 3395 2017 3450 αα
2046 3361 2089 3426 C
2127 3361 2363 3436 tuo—rum
2414 3361 3091 3452 perficiuntur.Diffusio
3136 3374 3774 3466 gratiam-scripturis

437 3466 796 3532 intellectum,
832 3465 1117 3521 Canticum
1144 3481 1241 3535 pro
1280 3465 1492 3521 dilecto.
1526 3466 1635 3520 Pro
1668 3482 1782 3536 quo
1813 3466 1872 3519 in
1904 3470 2013 3520 He-

438 3537 592 3591 braeo
644 3536 726 3591 ita
783 3537 977 3604 habet,
1026 3538 1376 3604 Lamanassc,
1426 3538 1481 3591 al
1531 3539 1814 3591 sosannim
1866 3536 2015 3591 tibne

440 3608 574 3663 Core
617 3607 809 3662 meskil
854 3610 935 3662 sir
978 3608 1215 3663 iedidoth
1248 3626 1267 3662 :
1314 3609 1471 3679 quod
1512 3624 1617 3663 nos
1649 3608 1709 3662 in
1744 3607 2013 3663 Latinum

439 3679 721 3734 vertimus
755 3694 768 3733 :
823 3680 1022 3735 Victori
1058 3695 1162 3750 pro
1199 3678 1613 3749 ﬁliis’tiliorum
1644 3679 1794 3748 Core,
1822 3678 2011 3733 erudi-

442 3750 605 3807 tionis
651 3752 932 3805 canticum
981 3752 1443 3806 amantissimum.
1478 3750 1639 3816 Quod
1683 3756 1878 3805 autem
1912 3751 2012 3817 ait,

436 3838 538 3893 pro
567 3822 783 3889 dilecto,
814 3826 975 3893 totus
1007 3821 1271 3893 psalmus
1300 3822 1547 3877 refertur
1575 3822 1648 3877 ad
1675 3820 1972 3877 Christum
1996 3837 2012 3878 :

442 3892 513 3949 de
544 3909 660 3964 quo
690 3897 862 3965 Pater
898 3892 1156 3963 loquitur
1202 3893 1262 3949 in
1309 3892 1619 3965 Evangelio
1651 3909 1665 3948 :
1716 3894 1815 3947 Hic
1846 3894 2016 3947 Filius

436 3969 514 4020 est
560 3980 713 4019 meus
757 3964 985 4037 dilectus
1021 3967 1091 4037 in
1141 3982 1247 4037 quo
1287 3965 1431 4037 mihi
1470 3964 1772 4037 complacui
1802 3966 2012 4037 (Matth.

433 4052 572 4104 xvn,
618 4036 699 4105 5).
750 4036 856 4090 Vel
909 4035 1175 4106 psalmus
1226 4035 1625 4106 spiritualium
1675 4036 2015 4106 nuptiarum

433 4107 691 4161 continet
754 4112 1211 4176 sacramentum,
1272 4107 1331 4161 id
1397 4113 1486 4162 est
1542 4106 2014 4175 conjunctionem

431 4176 642 4231 Christi
702 4192 838 4231 cum
905 4177 1182 4232 Ecclesia.
1246 4177 1516 4232 Initiatur
1578 4194 1713 4249 ergo
1782 4194 1814 4231 a
1879 4194 2016 4232 voce

432 4252 697 4318 paterna.

434 4375 463 4402 ‹‹
495 4350 793 4407 Eructavit
822 4367 921 4407 cor
950 4368 1146 4408 meum
1176 4353 1417 4408 verbum
1449 4354 1691 4409 bonum.
1727 4375 1754 4403 »
1787 4353 1913 4408 Non
1946 4353 2016 4408 de

366 4442 778 4513 conjunctione
801 4457 1097 4513 corporea,
1122 4443 1220 4497 sed
1246 4443 1316 4497 de
1338 4443 1507 4497 corde
1532 4441 1773 4513 protulit
1793 4442 2016 4513 aequale

367 4530 481 4587 sibi
511 4529 768 4586 Verbum
818 4546 920 4601 per
966 4530 1122 4601 quod
1171 4530 1325 4584 facta
1367 4535 1507 4585 sunt
1535 4530 1751 4585 omnia.
1788 4530 2013 4585 Bonum

371 4625 460 4675 est
488 4619 645 4675 enim
678 4619 788 4674 hoc
817 4618 1075 4674 Verbum
1102 4635 1114 4672 :
1148 4619 1287 4690 quia
1307 4620 1463 4691 quod
1490 4619 1707 4673 faetum
1730 4624 1820 4673 est
1843 4619 1903 4673 in
1925 4636 2012 4687 eo,

2125 3470 2345 3525 sanctis
2375 3469 2561 3540 gratia
2607 3467 2863 3538 Spiritus
2912 3465 3099 3520 sancti
3127 3468 3234 3530 est,
3267 3462 3353 3519 vel
3385 3461 3620 3517 Christi.
3655 3462 3773 3516 Dif-

2122 3560 2253 3614 fusa
2282 3563 2371 3613 est
2400 3557 2586 3628 gratia
2607 3556 2859 3627 Spiritus
2883 3554 3066 3609 sancti
3094 3553 3148 3607 in
3175 3552 3470 3624 baptismo
3491 3550 3550 3606 in
3580 3550 3773 3622 specie

2124 3647 2405 3702 columbae
2439 3663 2451 3700 :
2504 3662 2637 3700 cum
2685 3644 2987 3700 descendit
3028 3643 3087 3697 in
3121 3642 3329 3714 capite,
3360 3640 3520 3695 venit
3549 3640 3609 3694 in
3640 3640 3775 3695 bar-

2125 3737 2260 3791 bam
2294 3752 2305 3789 :
2349 3735 2560 3790 deinde
2588 3734 2649 3789 in
2683 3750 2845 3789 oram
2877 3731 3207 3788 vestimenti
3239 3730 3387 3801 ejus.
3421 3728 3608 3801 Caput
3639 3745 3773 3785 nos-

2124 3830 2303 3894 trum,
2348 3823 2614 3880 Christus
2663 3828 2787 3889 est;
2840 3822 3042 3889 barba,
3092 3820 3277 3876 sancti
3329 3816 3617 3891 apostoli;
3673 3834 3774 3873 ora
3864 3884 3869 3891 ν

2092 3942 2095 3943 ν
2125 3912 2456 3969 vestimenti
2488 3913 2636 3983 ejus,
2660 3911 2847 3967 sancti
2881 3909 3322 3982 praedicatores;
3358 3908 3513 3963 sicut
3542 3906 3624 3962 ait
3643 3911 3774 3961 Pro~

2126 4003 2303 4075 pheta
2331 4019 2343 4056 :
2379 4002 2529 4056 Sicut
2558 4004 2903 4070 unguentum
2933 4000 2993 4053 in
3022 3999 3219 4069 capite,
3249 3996 3388 4068 quod
3415 3996 3687 4051 descendit
3714 3998 3775 4049 in

2128 4092 2360 4146 barbam
2372 4092 2629 4158 Aaron,et
2646 4088 2785 4159 quod
2800 4087 3071 4143 descendit
3090 4087 3147 4139 in
3167 4102 3319 4140 oram
3336 4086 3647 4139 vestimenti
3659 4085 3777 4153 ejus

2126 4181 2296 4251 (Psal.
2330 4195 2543 4242 cxxxn,
2573 4178 2650 4247 2).
2690 4177 2876 4232 Gratia
2906 4177 2966 4230 in
2994 4175 3158 4229 labiis
3187 4176 3298 4228 tuis
3326 4191 3345 4227 :
3375 4174 3509 4245 quia
3538 4172 3651 4227 Lex
3673 4188 3775 4243 per

2124 4269 2337 4338 Moysen
2369 4267 2494 4321 data
2523 4274 2619 4336 est,
2644 4267 2827 4335 gratia
2857 4272 2908 4320 et
2936 4264 3134 4319 veritas
3161 4279 3259 4333 per
3285 4262 3469 4317 Iesum
3494 4260 3770 4320 Christum

2123 4360 2273 4428 facta
2300 4360 2377 4412 est
2401 4356 2578 4428 (Joan.
2607 4372 2646 4421 ι,
2677 4355 2785 4424 17).
2821 4376 2847 4402 ‹‹
2876 4357 3185 4424 Propterea
3214 4349 3510 4405 benedixit
3535 4352 3592 4404 te
3613 4348 3769 4404 Deus

2126 4449 2185 4502 in
2217 4450 2517 4501 aeternum.
2550 4468 2569 4493 ι
2606 4444 2690 4499 Ob
2720 4443 2869 4498 hanc
2900 4441 3167 4514 gratiam.
3196 4440 3343 4497 Nam
3375 4455 3509 4494 cum
3541 4453 3773 4509 semper

2125 4534 2390 4590 Christus
2441 4532 2721 4588 Dominus
2772 4533 2830 4586 in
2878 4532 3046 4586 Patre
3095 4530 3269 4585 fuerit
3318 4528 3680 4595 benedictus,
3714 4528 3774 4581 in

2126 4626 2430 4693 assumpta
2488 4618 2853 4675 benedicitur
2914 4634 3128 4684 carne;
3190 4634 3325 4672 cum
3388 4615 3775 4671 descendente

368 4709 488 4763 vita
517 4713 605 4764 est
635 4707 819 4779 (Joan.
854 4725 896 4775 1,
929 4708 1006 4776 4).
1056 4729 1084 4757 ‹‹
1118 4708 1254 4763 Dico
1286 4724 1391 4779 ego
1423 4724 1599 4781 opera
1629 4723 1760 4762 mea
1788 4708 1950 4781 Regi.
1986 4732 2013 4757 ››
2052 4727 2098 4790 D
2127 4710 2347 4782 Spiritu
2381 4715 2579 4764 sancto
2612 4724 2788 4779 super
2816 4724 2951 4762 eum
2983 4707 3043 4761 in
3076 4705 3390 4778 baptismo.
3412 4704 3555 4760 dicit
3574 4705 3772 4760 Pater:

372 4798 600 4869 Loquor
655 4796 769 4869 ipsi
826 4797 1040 4866 Verbo,
1100 4797 1221 4868 regi
1278 4797 1418 4866 ﬁlio,
1471 4803 1526 4853 et
1583 4801 1794 4852 cuncta
1850 4797 2021 4868 perfi-

370 4886 627 4941 ciuntur.

444 4997 473 5025 «
505 4975 729 5047 Lingua
768 4991 898 5032 mea
929 4975 1191 5033 calamus
1224 4977 1426 5033 scribae
1455 4977 1724 5033 velociter
1754 4977 2014 5033 scriben-

369 5064 465 5119 tis.
501 5085 529 5113 »
585 5064 751 5119 Sicut
802 5065 958 5120 enim
1013 5082 1139 5137 quas
1184 5065 1524 5121 scribuntur
1554 5083 1671 5121 non
1705 5072 1844 5122 sunt
1874 5065 2019 5121 levia

370 5170 562 5225 neque
592 5152 804 5221 facilia,
838 5155 940 5209 sed
971 5153 1143 5209 utilia
1175 5164 1348 5227 atque
1377 5154 1639 5211 salubria
1672 5173 1684 5209 :
1718 5155 1801 5211 sic
1831 5161 1887 5210 et
1918 5153 2019 5209 Dei

371 5242 672 5314 eloquium
704 5247 988 5313 tanquam
1021 5244 1332 5314 scribatur,
1354 5242 1437 5299 ita
1464 5244 1783 5315 perﬁcitur.
1820 5248 1897 5299 De
1926 5260 2018 5298 ve-

378 5330 611 5386 locitate
639 5347 796 5399 vero,
828 5330 939 5386 hoc
970 5336 1078 5403 est,
1112 5333 1267 5404 quod
1299 5350 1412 5388 non
1444 5334 1753 5387 tardantur
1783 5350 1907 5404 quas
1934 5332 2020 5387 di-

375 5421 543 5488 xerit,
595 5421 695 5475 sed
755 5419 1031 5476 velociter
1095 5421 1509 5494 adimplentur,
1568 5422 1697 5477 ideo
1764 5420 2024 5476 calamus

379 5509 541 5565 dicit.
574 5510 642 5564 Et
671 5509 742 5564 ad
772 5509 914 5581 quid
947 5509 1200 5581 pertinet
1229 5510 1492 5567 calamus
1522 5514 1544 5565 ?
1590 5515 1706 5565 Aut
1735 5511 2025 5582 quomodo

381 5603 759 5670 comparatur
805 5598 1067 5654 calamus
1097 5598 1326 5655 Christo
1348 5600 1375 5655 ?
1426 5600 1569 5666 Quia
1600 5599 1751 5656 sicut
1779 5600 2031 5670 pertinet

384 5691 549 5758 petra
579 5688 649 5742 ad
681 5687 1004 5758 Christum,
1038 5687 1149 5757 leo,
1183 5688 1401 5757 dextra,
1437 5706 1627 5755 mons,
1661 5686 1749 5744 vel
1781 5686 1895 5743 alia
1936 5687 2030 5742 his

385 5775 607 5831 similia
631 5793 643 5831 :
674 5776 759 5832 sic
789 5776 1040 5848 pertinet
1058 5781 1115 5832 et
1137 5775 1399 5835 calamus
1424 5795 1435 5835 :
1470 5779 1693 5835 scilicet
1712 5776 1848 5849 quia
1869 5792 2031 5832 men-

2134 4803 2232 4856 Hic
2258 4805 2334 4854 est
2366 4800 2539 4853 Filius
2570 4813 2721 4853 meus
2750 4796 2998 4861 dilectus,
3034 4797 3095 4851 in
3136 4812 3240 4867 quo
3282 4795 3425 4850 mihi
3472 4794 3778 4865 complacui

2126 4888 2332 4960 (Matth.
2369 4904 2456 4953 III,
2490 4888 2599 4955 17).
2650 4884 2754 4940 Vel
2796 4885 3091 4940 benedixit
3136 4884 3304 4940 Pater
3356 4890 3507 4939 Deus
3561 4882 3772 4939 Filium

2127 4993 2327 5047 suum,
2361 4982 2417 5031 et
2447 4975 2718 5031 Christus
2750 4991 2918 5029 suam
2948 4972 3288 5029 Ecclesiam.

2200 5088 2228 5115 ‹‹
2264 5064 2576 5137 Accingere
2597 5064 2790 5136 gladio
2813 5068 2912 5118 tuo
2937 5079 3115 5134 super
3142 5063 3332 5117 femur
3359 5066 3548 5129 tuum,
3582 5065 3778 5132 poten-

2127 5155 2421 5210 tissime.»
2447 5177 2473 5204 ‹‹
2495 5153 2767 5209 Gladium
2791 5153 2944 5207 circa
2965 5153 3171 5207 femur.
3190 5172 3217 5201 »
3240 5151 3348 5205 Per
3361 5149 3780 5222 gladium,ver-

2131 5246 2269 5300 bum
2292 5261 2304 5298 :
2326 5260 2426 5315 per
2451 5244 2657 5307 femur,
2674 5240 3017 5297 incarnatio.
3037 5239 3300 5311 Accingit
3322 5239 3496 5293 homo
3516 5237 3777 5309 gladium

2134 5334 2205 5389 ad
2239 5333 2643 5405 pugnandum.
2679 5331 2814 5399 Sed,
2866 5352 2892 5379 ‹‹
2926 5328 3237 5400 Accingere
3268 5327 3549 5399 gladium,
3582 5330 3782 5399 poten-

2133 5420 2383 5476 tissime.
2417 5443 2444 5469 »
2479 5426 2557 5473 Ac
2587 5420 2637 5474 si
2666 5418 2822 5473 dicat
2854 5416 3137 5488 Propheta
3163 5431 3177 5469 :
3212 5417 3298 5470 'I‘u
3329 5415 3575 5480 Christe,
3604 5414 3782 5469 indue

2136 5526 2370 5565 carnem
2405 5525 2419 5563 :
2475 5524 2675 5581 pugna
2716 5510 2917 5562 contra
2946 5503 3268 5572 diabolum,
3299 5508 3355 5560 et
3382 5503 3567 5559 libera
3595 5519 3780 5575 genus

2138 5598 2462 5654 humanum
2495 5598 2563 5652 de
2595 5597 2839 5651 inferno.
2885 5616 2912 5643 «
2943 5594 3255 5666 Accingere
3286 5593 3500 5665 gladio,
3534 5615 3562 5643 ››
3608 5593 3781 5648 verbo

2140 5685 2592 5759 praedicationis,
2625 5685 2725 5757 qui
2755 5684 2951 5739 divisit
2982 5683 3170 5737 filium
3201 5699 3235 5738 a
3266 5687 3431 5754 patre
3460 5700 3474 5751 ;
3530 5681 3709 5737 ﬁliam
3754 5698 3789 5737 a

2142 5781 2349 5845 matre,
2386 5790 2599 5831 nurum
2644 5791 2678 5829 a
2712 5789 2881 5830 socru
2914 5790 2926 5827 :
2983 5773 3150 5829 Circa
3178 5774 3361 5844 femur
3387 5787 3580 5840 tuum,
3612 5789 3789 5844 super
