4314 6600
495 438 649 500 1015

1988 432 2380 495 APPENDIX
2394 475 2412 493 .

3743 433 3900 492 1016

497 585 730 626 carnem
762 571 1150 639 assumptum.
1172 570 1572 636 Potentissime,
1598 585 1711 623 non
1744 567 2020 640 segniter,
2042 583 2138 622 ne-
2164 568 2217 634 Α
2249 565 2357 620 hoc
2375 570 2463 623 est
2484 564 3896 636 resurrectionis,ascensionis,dominationisque

498 674 611 731 que
640 656 864 723 leviter,
897 656 995 712 scd
1027 656 1291 711 viriliter.

571 769 600 797 «
635 744 838 818 Specie
866 749 969 799 tua
1006 750 1063 799 et
1105 745 1539 817 pulchritudine
1590 752 1709 803 tua.
1748 768 1774 796 »
1824 746 2144 802 Sanctitate

502 833 951 908 atquejustitia:
977 833 1063 888 vel
1086 834 1156 888 ad
1180 833 1540 890 divinitatem
1564 836 1833 908 pertinet.
1861 835 2145 890 «Intende

501 938 798 996 prospere,
827 923 1072 994 procede
1102 929 1157 977 et
1189 939 1386 995 regna.
1421 944 1441 972 ι
1479 924 1539 978 Si
1562 923 1667 978 tibi
1696 923 1972 989 intendis,
1998 939 2146 977 sem-

501 1028 605 1084 per
652 1011 759 1066 tibi
811 1026 1092 1083 prospera
1136 1014 1327 1066 erunt.
1375 1013 1636 1083 Procede,
1671 1011 1727 1066 id
1762 1015 1869 1077 est,
1904 1013 1973 1066 de
2003 1010 2144 1065 coelo

499 1100 632 1155 veni
667 1122 695 1149 «
730 1101 796 1155 Et
825 1115 1023 1171 regna,
1058 1121 1086 1148 »
1118 1099 1255 1171 quia
1286 1116 1530 1172 regnum
1562 1099 1773 1155 diaboli
1802 1104 1972 1154 antea
2001 1103 2142 1154 erat.

502 1188 665 1244 Unde
691 1187 942 1244 dicimus
965 1189 1022 1243 in
1049 1188 1321 1245 Oratione
1346 1189 1649 1265 Dominica
1673 1206 1684 1244 :
1713 1190 1899 1243 Veniat
1919 1204 2147 1257 regnum

500 1280 659 1334 tuum
716 1279 775 1332 in
828 1278 983 1333 nobis
1039 1280 1191 1346 (Lu'c.
1242 1295 1321 1345 x1,
1361 1279 1438 1348 2),
1485 1282 1542 1332 et
1588 1276 1850 1332 discedat
1901 1291 2145 1347 regnum

504 1367 737 1423 diaboli.
793 1389 821 1417 ‹‹
855 1366 1095 1421 Intende
1126 1383 1422 1438 prospere,
1460 1388 1488 1415 »
1536 1366 1666 1421 vide
1714 1365 1977 1421 feliciter.
2010 1367 2144 1419 Pro-

501 1456 649 1526 cede,
674 1456 745 1511 de
772 1454 1032 1510 thalamo
1065 1454 1214 1510 uteri
1245 1453 1582 1527 virginalis;
1616 1478 1643 1505 ‹‹
1678 1459 1733 1509 et
1764 1471 1962 1526 regna,
1994 1475 2021 1502 ››
2053 1471 2149 1525 op-

503 1561 703 1616 presso
735 1543 942 1600 mortis
974 1543 1242 1615 imperio.

580 1656 601 1683 σι
636 1634 876 1707 Propter
905 1631 1230 1700 veritatem,
1255 1635 1312 1689 et
1342 1632 1876 1699 mansuetudinem,
1900 1633 1955 1686 et
1976 1629 2151 1702 justi-

503 1723 668 1778 tiam.
698 1744 726 1771 »
749 1720 1001 1787 Veritas,
1025 1721 1150 1793 ipse
1172 1721 1436 1778 Christus
1462 1739 1472 1777 :
1504 1722 1643 1794 quia
1660 1721 1785 1794 ipse
1804 1725 1893 1777 est
1916 1720 2148 1776 veritas.

505 1810 672 1867 Unde
701 1812 772 1866 de
801 1810 900 1865 illa
925 1809 1170 1866 muliere
1202 1810 1346 1866 dixit
1370 1811 1441 1866 ad
1462 1811 1696 1867 Judaeos
1721 1829 1733 1866 :
1764 1812 1869 1879 Qui
1897 1812 2014 1864 sine
2035 1825 2154 1880 pec-

2252 657 2339 707 est
2386 654 2725 710 delibutus:
2780 657 2919 727 quia
2963 656 3231 711 Christus
3281 659 3493 709 natura
3524 658 3756 723 unctus,
3792 671 3897 709 nos

2251 761 2354 815 per
2373 745 2623 815 gratiam
2649 762 2662 801 :
2690 746 2828 815 quia
2847 745 2905 799 in
2927 743 3025 799 illo
3050 744 3297 816 pleniter
3318 743 3427 799 fuit
3449 742 3744 811 divinitas,
3761 759 3893 798 nam

2252 832 2311 886 in
2343 834 2563 889 sanctis
2592 851 2696 905 per
2723 838 2920 904 partes
2960 834 3150 888 datur.

2332 942 2359 973 α
2388 921 2622 993 Myrrha
2650 926 2705 977 et
2736 926 2902 993 gutta
2933 926 2989 976 et
3016 921 3175 977 casia
3204 938 3239 977 a
3281 920 3648 977 vestimentis
3696 920 3834 977 tuis.
3871 944 3895 971 ›ι

2254 1010 2474 1079 Myrrha
2521 1027 2624 1081 pro
2673 1010 2975 1081 sepultura
3021 1010 3305 1081 ponitur:
3353 1015 3526 1081 gutta,
3561 1015 3759 1066 contra
3804 1026 3895 1066 ve-

2254 1114 2406 1151 nena
2462 1098 2762 1168 accipitur.
2804 1098 2866 1153 In
2916 1098 3073 1154 casia
3119 1098 3314 1163 homo,
3366 1098 3468 1171 qui
3524 1115 3672 1169 saepe
3729 1099 3897 1155 arbor

2256 1186 2488 1253 dicitur,
2522 1187 2979 1242 demonstratur.
3014 1188 3162 1257 Ergo
3195 1188 3563 1243 defluxerunt
3595 1188 3716 1246 haec
3746 1206 3779 1244 a
3808 1206 3896 1244 ve-

2257 1275 2551 1330 stimentis
2603 1277 2776 1346 ejus:
2828 1276 3044 1345 idest,
3093 1277 3165 1332 ab
3212 1282 3516 1349 assumpta
3563 1293 3756 1348 carne,
3788 1294 3904 1349 qua

2255 1363 2409 1419 velut
2441 1365 2855 1419 vestimentum
2904 1382 2966 1419 se
3020 1365 3299 1420 divinitas
3331 1365 3733 1420 circumdedit.
3769 1364 3904 1421 Stil-

2255 1452 2395 1507 lavit
2441 1453 2583 1507 odor
2634 1453 2899 1524 myrrhae,
2936 1470 3070 1508 cum
3122 1458 3210 1509 est
3257 1453 3512 1509 traditus
3564 1453 3899 1526 sepulturae.

2258 1540 2448 1595 Fluxit
2467 1545 2652 1612 gutta,
2678 1559 2833 1613 cum,
2860 1559 3192 1615 compresso
3214 1544 3503 1615 serpentis
3529 1560 3769 1612 veneno,
3791 1547 3906 1599 tar-

2257 1633 2417 1685 tarea
2450 1630 2715 1686 restinxit
2746 1632 3035 1687 incendia.
3071 1631 3329 1688 Prodivit
3359 1636 3417 1688 et
3445 1632 3601 1689 casia
3633 1649 3646 1687 :
3680 1649 3812 1688 cum
3843 1632 3903 1687 in

2260 1735 2325 1774 eo
2356 1718 2592 1774 homine
2622 1736 2725 1791 per
2754 1738 2926 1792 quem
2957 1720 3127 1775 evicit
3159 1720 3396 1789 inferos,
3420 1720 3682 1777 ascendit
3710 1720 3769 1776 in
3801 1737 3906 1776 ca:-

2260 1808 2369 1863 los.
2404 1831 2432 1859 «
2456 1810 2499 1863 A
2527 1809 2797 1864 domibus
2829 1810 3125 1875 eburneis,
3147 1826 3215 1864 ex
3246 1810 3459 1881 quibus
3480 1809 3908 1866 delectaverunt

506 1908 623 1956 cato
678 1901 759 1955 est
812 1906 1067 1965 vestrum,
1120 1901 1280 1971 prior
1333 1901 1394 1955 in
1455 1901 1615 1955 illam
1676 1900 1914 1969 lapidem
1970 1900 2154 1952 mittat
2184 1945 2229 1971 η
2261 1900 2317 1952 te
2349 1897 2479 1951 ﬁlim
2511 1915 2713 1969 regum
2745 1899 2801 1952 in
2836 1899 3052 1954 honore
3090 1903 3212 1953 tuo.
3248 1920 3276 1948 »
3327 1899 3547 1955 Domus
3599 1900 3905 1967 eburneas,

508 1989 695 2060 (Joan.
752 2004 881 2054 vui,
937 1988 993 2059 7)
1052 1988 1457 2055 Mansuetudo,
1516 1990 1751 2060 quando
1806 1989 1996 2044 dixit:
2045 1989 2154 2043 Nec

508 2093 602 2149 ego
653 2082 703 2132 te
752 2077 1139 2133 condemnabo.
1187 2077 1447 2146 Justitia,
1483 2079 1714 2150 quando
1746 2078 1932 2133 dixit:
1991 2079 2150 2145 Vade,

509 2167 735 2234 mulier,
766 2174 820 2222 et
867 2168 1109 2238 amplius
1154 2167 1275 2223 noti
1315 2183 1558 2239 peccare.
1613 2168 1916 2240 «Propter
1943 2168 2152 2222 verita-

508 2261 650 2323 tem,
687 2278 714 2305 »
768 2272 884 2328 qua
930 2255 1031 2312 illa
1080 2274 1205 2329 qua;
1255 2272 1357 2331 per
1403 2256 1717 2330 prophetas
1774 2258 2149 2329 promiseras,

512 2344 866 2417 adimplesti.
903 2367 931 2396 «
961 2346 1031 2400 Et
1060 2345 1597 2416 mansuetudinem,
1627 2369 1647 2394 ι
1686 2346 1823 2418 quia
1852 2347 2003 2400 sicut
2032 2347 2154 2402 ovis

510 2450 615 2504 pro
640 2434 758 2489 vita
778 2432 975 2506 populi
1000 2432 1344 2489 immolaris.
1370 2456 1397 2483 «
1425 2433 1796 2504 Etjustitiam
1819 2454 1845 2484 ι)
1879 2452 2011 2489 cum
2040 2452 2153 2489 non

510 2527 818 2595 potestate,
852 2523 952 2577 sed
984 2521 1315 2576 humilitate
1349 2522 1615 2593 eripuisti
1647 2522 1966 2578 hominem.
2024 2546 2050 2571 ‹‹
2088 2524 2156 2577 Et

510 2610 757 2667 deducet
785 2615 842 2666 te
873 2610 1217 2667 mirabiliter
1247 2611 1482 2666 dextera
1511 2614 1632 2666 tua.
1666 2633 1693 2661 ››
1729 2612 2013 2679 Potentia,
2039 2612 2157 2666 sive

509 2700 713 2755 virtus.
729 2699 829 2755 Vel
851 2705 1109 2771 potestas
1132 2700 1379 2754 deducet
1399 2704 1474 2767 te,
1499 2699 1720 2755 scilicet
1742 2706 1817 2769 te,
1840 2701 1899 2755 in
1922 2700 2152 2755 coelum.

589 2812 609 2837 α
646 2788 884 2861 Sagitta
914 2793 1024 2843 tua:
1056 2794 1260 2843 acutae.
1286 2809 1312 2838 ››
1351 2788 1814 2860 Praedicationes,
1848 2790 2023 2844 corda
2054 2789 2155 2843 ho-

513 2878 743 2934 minum
764 2878 1197 2949 transﬁgentes.
1214 2878 1412 2943 Acutae,
1430 2875 1568 2947 quia
1583 2893 1769 2948 usque
1790 2878 1863 2932 ad
1886 2876 2160 2933 interiora

516 2965 708 3022 cordis
738 2968 1067 3036 penetrant.
1125 2988 1152 3013 «
1184 2964 1387 3034 Populi
1420 2965 1527 3019 sub
1561 2970 1615 3020 te
1656 2966 1864 3020 cadent
1894 2964 1952 3019 in
1987 2967 2157 3022 corda

515 3052 892 3109 inimicorum
923 3052 1097 3124 regis.
1127 3076 1147 3101 η
1182 3054 1228 3106 Α
1261 3053 1707 3124 compunctione
1731 3052 2159 3123 praedicationis

512 3143 574 3196 in
597 3143 771 3197 corda
791 3145 1073 3197 corruunt
1106 3145 1171 3195 ut
1198 3158 1313 3196 non
1348 3142 1713 3213 superbiant,
1737 3143 1835 3197 sed
1862 3142 2162 3198 humiliter

513 3232 773 3286 credant.
817 3230 925 3294 Qui
976 3229 1206 3285 fuerant
1236 3247 1351 3285 non
1386 3230 1672 3285 credendo
1718 3230 1938 3285 inimici
1985 3232 2157 3303 regis,

2184 1945 2231 2010 B

2263 1992 2497 2058 propter
2527 1988 2992 2060 magnitudinem
3039 1988 3505 2060 elephantorum,
3537 1988 3747 2044 domus
3778 2005 3909 2044 am-

2262 2077 2389 2147 plas
2439 2076 2759 2148 accipimus
2792 2093 2805 2133 :
2860 2078 3053 2148 Ampla
3091 2086 3169 2131 est
3212 2079 3359 2132 enim
3386 2079 3481 2133 via
3510 2092 3635 2149 qua
3663 2076 3813 2133 ducit
3840 2077 3909 2133 ad

2256 2166 2622 2239 perditionem
2647 2166 2857 2233 (Matth.
2890 2184 2989 2233 v11,
3028 2167 3137 2237 13).
3184 2167 3292 2221 Sed
3324 2166 3489 2235 ebur,
3523 2165 3637 2222 nisi
3668 2167 3909 2222 radatur

2261 2253 2440 2323 limis,
2475 2253 2767 2309 dividatur
2815 2254 3013 2324 serris,
3048 2271 3112 2311 ac
3163 2253 3391 2309 subulis
3434 2255 3780 2327 perforetur,
3811 2256 3910 2311 ob-

2264 2360 2500 2398 scurum
2533 2347 2589 2398 et
2618 2343 2897 2398 horribile
2942 2347 3030 2398 est
3063 2360 3076 2399 :
3126 2342 3208 2398 sic
3249 2347 3305 2398 et
3334 2343 3578 2414 apostoli
3611 2349 3777 2399 erant
3807 2361 3907 2400 an-

2264 2438 2496 2502 tequam
2517 2437 2860 2487 vocarentur
2880 2437 2936 2487 et
2956 2420 3444 2502 inhabitarent'ur.
3465 2434 3574 2487 Sed
3596 2437 3907 2505 postquam

2263 2522 2447 2576 vocati
2501 2526 2659 2591 sunt,
2716 2522 2890 2577 serris
2942 2522 3104 2591 secti,
3157 2520 3396 2593 ungulis
3447 2522 3586 2588 rasi,
3641 2521 3910 2594 scapellis

2266 2610 2491 2683 scalpti,
2526 2611 2779 2666 ﬂammis
2821 2611 2987 2681 igniti
3024 2627 3036 2666 :
3088 2627 3152 2665 ac
3202 2610 3447 2666 diversis
3478 2610 3778 2683 suppliciis
3809 2611 3910 2665 eli-

2267 2700 2429 2768 mati,
2463 2699 2597 2753 facti
2632 2704 2772 2754 sunt
2801 2700 3011 2754 domus
3040 2699 3141 2754 Dei
3173 2717 3186 2753 :
3242 2698 3300 2753 in
3345 2716 3461 2771 qua
3490 2699 3616 2770 ipse
3647 2699 3913 2755 Christus

2267 2790 2608 2861 dignaretur
2654 2789 2998 2843 inhabitare.
3030 2789 3248 2843 Horum
3292 2787 3557 2860 exempla
3600 2794 3910 2860 sequentes

2266 2884 2572 2949 martyres,
2620 2877 2807 2932 effecti
2859 2883 2998 2933 sunt
3055 2893 3296 2933 suorum
3357 2894 3665 2949 corporum
3722 2894 3908 2951 reges.

2269 2968 2522 3021 Istorum
2572 2982 2774 3037 regum
2826 2971 2966 3021 sunt
3015 2966 3166 3033 ﬁliae,
3213 2966 3422 3021 anima;
3471 2972 3732 3023 sancta):
3786 2984 3912 3039 quae

2270 3055 2567 3110 Christum
2597 3055 2893 3110 delectatae
2928 3060 3086 3123 sunt,
3119 3055 3458 3111 honorando
3488 3073 3704 3111 nomen
3736 3059 3914 3128 maje-

2269 3144 2437 3200 statis
2469 3146 2620 3215 ejus,
2642 3148 2698 3199 et
2729 3145 3110 3214 prmcouando
3144 3144 3606 3200 misericordiam
3638 3146 3788 3217 ejus.
3823 3167 3850 3195 ‹‹
3871 3148 3917 3201 Α

2271 3234 2544 3288 domibus
2592 3233 2882 3301 eburneis,
2919 3254 2945 3281 ››
3003 3235 3072 3288 de
3104 3233 3320 3306 quibus
3371 3233 3811 3290 laetificaverunt
3840 3241 3914 3290 te.

513 3320 657 3375 fiant
713 3319 998 3375 credendo
1058 3319 1249 3374 amici.
1305 3318 1451 3384 Quia
1508 3319 1607 3391 qui
1665 3319 1873 3375 Christi
1933 3321 2154 3375 inimici
2189 3310 2230 3376 C
2268 3322 2428 3377 Multi
2457 3338 2825 3393 pererrorem
2851 3339 2950 3393 pro
2973 3322 3920 3396 domibus,‘graves,dicunt:quia

513 3412 697 3477 erant,
732 3412 935 3480 postea
980 3408 1150 3463 amici
1202 3409 1386 3464 effecti
1431 3413 1587 3463 sunt.

584 3520 613 3549 ‹‹
648 3498 825 3553 Sedes
842 3506 963 3568 tua,
988 3497 1161 3564 Deus,
1186 3497 1245 3552 in
1268 3496 1548 3553 saeculum
1576 3498 1792 3553 saeculi.
1820 3521 1846 3547 ››
1871 3499 1995 3554 Non
2016 3503 2161 3553 tem-

511 3586 747 3657 poralis,
789 3587 891 3643 sed
922 3590 1154 3641 aeterna.
1187 3585 1289 3641 Vel
1320 3587 1487 3642 sedes
1519 3586 1640 3659 Dei,
1674 3592 1877 3642 sancta
1907 3588 2161 3642 Ecclesia

511 3680 623 3744 est,
658 3679 760 3731 aut
788 3674 1019 3730 anima:
1056 3673 1195 3747 quia
1224 3675 1421 3730 anima
1441 3676 1588 3747 justi
1619 3680 1709 3731 est
1737 3677 1904 3731 sedes
1936 3677 2162 3747 sapien-

510 3763 625 3818 tiae.
659 3786 687 3813 «
718 3762 894 3836 Virga
923 3762 1282 3828 directionis,
1315 3764 1479 3835 virga
1510 3765 1671 3836 regni
1707 3765 1812 3820 tui.
1852 3788 1879 3813 ››
1911 3769 2020 3820 Per
2048 3766 2159 3819 vir-

514 3868 672 3923 gam,
697 3851 983 3923 correptio
1004 3851 1359 3923 disciplinae:
1390 3852 1528 3937 quia
1559 3869 1661 3925 per
1688 3854 1876 3925 ipsam
1900 3854 2158 3926 regulam

512 3939 772 3996 veritatis
826 3940 1001 3996 corda
1053 3939 1288 3996 illorum
1340 3940 1675 4014 diriguntur
1721 3959 1847 4014 quae
1900 3948 2163 3999 tortuosa

515 4034 705 4085 erant.

590 4141 617 4169 ‹‹
650 4117 913 4174 Dilexisti
939 4118 1261 4189 justitiam,
1300 4123 1356 4174 et
1388 4119 1558 4175 odisti
1594 4119 1987 4192 iniquitatem.
2021 4142 2050 4170 η
2103 4122 2161 4176 Id

514 4212 622 4276 est,
656 4207 934 4264 mandata
980 4207 1080 4263 Dei
1133 4208 1316 4275 Patris
1370 4208 1705 4280 implevisti.
1740 4209 1806 4263 Et
1844 4210 2018 4265 odisti
2052 4210 2160 4264 ini-

515 4297 819 4369 quitatem,
852 4319 880 4348 »
924 4314 1038 4352 non
1072 4297 1228 4369 quod
1259 4297 1455 4352 odium
1493 4299 1657 4352 cadat
1688 4298 1744 4352 in
1779 4298 1962 4355 Deum
1998 4318 2011 4358 :
2060 4300 2159 4353 sed

515 4386 674 4442 odire
697 4386 851 4442 Deus
881 4386 1113 4457 dicitur,
1139 4386 1196 4440 id
1231 4392 1337 4452 est,
1363 4386 1689 4457 repudiare.
1722 4388 2006 4459 Iniquitas
2037 4388 2161 4459 ipse

513 4474 783 4530 diabolus
810 4473 1181 4546 intelligitur.
1214 4472 1311 4527 Vel
1354 4473 1538 4545 virga,
1571 4474 1881 4547 disciplina
1910 4476 2161 4531 caelestis

514 4563 843 4634 accipitur:
895 4577 997 4634 per
1052 4578 1229 4633 quam
1281 4561 1545 4633 iniquam
1592 4564 2022 4619 tortuositatem
2058 4583 2159 4619 no-

516 4656 695 4706 stram
753 4667 930 4722 quam
986 4650 1189 4716 odivit,
1239 4651 1309 4705 ad
1366 4668 1533 4706 suam
1585 4652 1795 4707 direxit
1840 4653 2157 4723 justitiam.

519 4761 549 4791 ‹‹
578 4740 886 4811 Propterea
933 4739 1099 4794 unxit
1149 4744 1205 4794 te
1259 4740 1411 4796 Deus
1460 4744 1619 4796 tuus.
1657 4764 1683 4789 ››
1736 4746 1940 4809 Deum,
1975 4742 2164 4814 inquit

513 4827 849 4901 Apostolus,
883 4833 941 4884 et
970 4827 1266 4885 Christum
1301 4847 1313 4883 :
1369 4834 1519 4885 Deus
1564 4829 1729 4885 illum
1764 4831 1895 4886 fecit
1930 4833 2063 4899 (Act.
2101 4850 2162 4900 ιι,

512 4918 624 4990 36).
660 4940 688 4968 ‹‹
712 4918 850 4973 Oleo
871 4918 1079 4972 laetitiae
1104 4935 1216 4990 prae
1240 4919 1612 4974 consortibus
1640 4920 1777 4975 tuis.
1810 4942 1829 4969 η
1862 4920 1970 4974 Alii
1998 4938 2160 4992 reges

503 4998 615 5081 qui
659 5012 865 5080 typum
913 5006 1073 5062 illius
1125 5006 1527 5079 prietulerunt,
1563 5013 1619 5063 et
1672 5010 1967 5080 regnando
2022 5027 2157 5065 con-

510 5102 696 5155 sortes
719 5095 857 5153 dicti
883 5102 1041 5168 sunt,
1068 5095 1192 5152 oleo
1220 5096 1584 5169 corruptibili
1609 5104 1746 5152 sunt
1769 5100 1993 5153 inuncti
2022 5118 2034 5155 :
2066 5100 2159 5154 hic

507 5204 640 5243 vero
696 5186 879 5243 Filius
929 5186 1031 5242 Dei
1080 5203 1113 5241 a
1161 5186 1276 5241 Deo
1308 5190 1496 5256 Patre,
1528 5186 1651 5242 oleo
1703 5188 2155 5244 exsultationis:

580 5299 597 5331 ί
633 5297 979 5366 Quanquam
1028 5297 1212 5348 totam
1262 5293 1380 5348 veri
1442 5293 1771 5365 Hieronymi
1824 5295 1892 5349 ad
1940 5296 2154 5350 Princi-

503 5368 655 5439 piam
696 5365 1037 5438 Epistolam,
1073 5366 1363 5439 innostra
1392 5367 1726 5421 recensione
1754 5368 1844 5432 63,
1880 5383 2004 5436 qum
2040 5372 2157 5421 tota

508 5436 567 5493 in
597 5439 706 5493 hoc
738 5436 826 5492 est
856 5437 1197 5508 exponendo
1231 5436 1455 5508 psalmo
1486 5454 1633 5503 κων,
1667 5453 1852 5507 operm
1904 5438 2152 5506 pretium

507 5510 682 5564 fuerit
711 5527 846 5564 cum
879 5510 984 5563 hac
1020 5509 1599 5579 pseudo-Hieronymi
1623 5509 1992 5562 enarratione
2016 5526 2153 5562 eun-

508 5580 721 5651 tulisse
751 5597 762 5633 :
816 5579 911 5634 hic
940 5585 1135 5634 tamen
1170 5586 1406 5651 praestat
1438 5580 1567 5650 ipsa
1596 5580 1924 5633 describere
1950 5581 2014 5651 VS.
2048 5585 2154 5634 Pa-

510 5652 619 5706 tris
659 5650 730 5704 ad
777 5650 933 5706 hunc
972 5650 1404 5719 locum'verba,
1437 5650 1559 5712 ubi,
1616 5672 1642 5697 ‹‹
1676 5666 1777 5719 pro
1827 5668 1912 5715 eo,
1943 5650 2152 5721 inquit,

512 5722 669 5793 quod
721 5737 827 5776 nos
879 5723 1317 5790 transtulimus,
1347 5721 1596 5776 domibus
1619 5721 1891 5788 eburneis,
1928 5722 2065 5793 quia
2094 5723 2154 5778 in

2268 3412 2419 3483 apud
2452 3415 2678 3466 Graecos
2708 3412 2949 3465 verbum
3001 3410 3206 3485 βάρεων
3258 3416 3576 3485 utrumque
3602 3412 3914 3485 signiﬁcat.

2345 3521 2371 3551 α
2403 3499 2603 3555 Astitit
2634 3500 2833 3572 regina
2881 3516 2915 3555 a
2961 3500 3180 3556 dextris
3230 3501 3371 3556 tuis.
3409 3524 3435 3551 »
3485 3502 3632 3569 Quia
3677 3501 3824 3557 nihil
3856 3502 3914 3557 in

2270 3606 2447 3661 regno
2476 3594 2576 3643 tuo
2610 3588 2936 3644 sinistrum.
2982 3610 3011 3638 ‹‹
3044 3594 3107 3643 ln
3136 3589 3349 3644 vestitu
3380 3591 3679 3645 deaurato.
3715 3613 3743 3640 ››
3789 3591 3916 3662 Spi-

2269 3678 2496 3733 ritualis
2543 3678 2907 3733 credulitatis
2948 3681 3307 3733 ornamento.
3361 3701 3382 3727 ιι
3418 3678 3790 3734 Circumdata
3818 3697 3915 3735 va-

2270 3769 2493 3823 rietate.
2531 3789 2558 3817 ››
2608 3767 2882 3821 Gentium
2935 3782 2999 3820 ac
3052 3766 3421 3838 populorum.
3457 3767 3572 3838 Ipsi
3622 3784 3777 3822 nunc
3809 3769 3914 3823 Ec-

2271 3856 2457 3912 clesia:
2515 3856 2798 3927 propheta
2854 3854 3131 3925 loquitur.
3189 3855 3425 3925 Regina,
3488 3853 3744 3911 Ecclesia
3812 3862 3920 3912 est.

2272 3946 2430 4002 Unde
2477 3944 2619 3998 dicit
2669 3943 2728 3997 in
2779 3943 3012 3998 Cantico
3062 3942 3473 3999 canticorum:
3525 3945 3660 4012 Quae
3697 3949 3775 4000 est
3816 3948 3925 4001 ista

2270 4050 2390 4105 quae
2453 4032 2691 4087 ascendit
2758 4032 3034 4097 deatbata,
3105 4034 3305 4087 innixa
3369 4049 3535 4104 super
3599 4036 3923 4105 fratruelem

2270 4139 2427 4177 suum
2462 4122 2640 4191 (Cant.
2677 4138 2801 4186 vni,
2833 4122 2888 4192 5)
2910 4120 2937 4174 ?
2969 4124 3173 4189 Regina
3207 4121 3441 4193 dicitur,
3470 4123 3610 4195 quia
3641 4124 3787 4196 regit
3818 4142 3924 4180 sua

2273 4211 2408 4266 vitia
2440 4217 2496 4265 et
2526 4217 2782 4282 peccata.
2836 4233 2862 4259 ‹‹
2895 4212 2939 4264 Α
2970 4210 3191 4265 dextris
3223 4212 3362 4266 tuis.
3398 4234 3427 4261 ››
3459 4211 3531 4267 Ut
3558 4211 3702 4268 illud
3736 4230 3749 4267 ε
3800 4214 3923 4270 Sta-

2272 4305 2381 4355 tuet
2426 4299 2647 4370 quidem
2701 4315 2819 4354 oves
2868 4316 2901 4353 a
2950 4299 3158 4354 dextris
3209 4302 3343 4371 suis,
3378 4301 3612 4371 quando
3656 4300 3920 4357 dicturus

2271 4389 2379 4444 erit
2413 4407 2425 4444 :
2483 4390 2684 4451 Venite,
2718 4387 2983 4443 benedicti
3012 4390 3196 4444 Patris
3228 4391 3354 4457 mei,
3382 4391 3653 4461 percipite
3683 4407 3917 4462 regnum

2272 4477 2411 4550 quod
2436 4495 2538 4550 pro
2568 4478 2717 4532 vobis
2743 4488 3005 4549 paratum
3031 4476 3107 4533 est
3135 4479 3199 4534 ab
3230 4480 3444 4550 origine
3473 4481 3670 4535 mundi
3700 4479 3913 4550 (Matth.

2269 4586 2398 4634 xxv,
2432 4568 2521 4637 33,
2555 4568 2645 4636 3’1)
2696 4592 2721 4616 ‹‹
2758 4568 2820 4621 In
2851 4568 3087 4633 vestitu,
3124 4589 3151 4616 ››
3202 4566 3260 4621 id
3315 4571 3423 4637 est,
3458 4585 3572 4622 non
3606 4569 3781 4634 nuda,
3815 4568 3915 4623 sed

2192 4679 2238 4742 Ι)
2270 4657 2481 4711 vestita
2501 4673 2675 4712 sensu
2702 4655 3013 4727 spirituali.
3050 4678 3078 4703 «
3102 4654 3552 4711 Circumamicta
3572 4655 3864 4711 varietate.
3889 4677 3917 4705 »

2273 4744 2351 4798 De
2384 4745 2756 4817 septuaginta
2787 4749 2844 4798 et
2874 4744 3106 4797 duabus
3136 4743 3391 4814 linguis:
3428 4743 3486 4801 id
3518 4749 3608 4800 est
3636 4745 3705 4800 de
3738 4745 3915 4801 diver-

2273 4834 2443 4887 sitate
2473 4833 2734 4904 gentium
2765 4832 2851 4887 vel
2886 4831 3207 4903 gratiarum
3242 4833 3488 4888 actione.

2346 4944 2373 4971 ‹‹
2404 4922 2578 4992 Audi,
2605 4921 2742 4987 ﬁlia,
2768 4925 2824 4975 et
2853 4921 3002 4976 vide.
3032 4943 3059 4970 n
3094 4923 3269 4977 Crede
3301 4927 3364 4976 ut
3397 4923 3718 4978 munderis.
3749 4923 3915 4992 Filia,

2271 5010 2408 5082 quia
2435 5011 2505 5064 ab
2538 5026 2603 5065 eo
2634 5012 2855 5064 renata.
2888 5010 3135 5081 Sponsa,
3164 5010 3303 5082 quia
3334 5011 3445 5082 ipsi
3469 5028 3529 5066 es
3554 5010 3789 5067 sociata.
3817 5011 3919 5066 Vel

2268 5100 2533 5154 Christus
2584 5103 2749 5153 vocat
2798 5098 3115 5154 Eeclesiam
3165 5116 3331 5153 suam
3374 5116 3475 5169 per
3500 5100 3673 5154 ﬁdem
3706 5100 3910 5155 ﬁliam.

2272 5190 2473 5243 Filiam
2504 5189 2646 5243 dicit
2672 5206 2683 5244 :
2717 5192 2780 5243 ut
2819 5195 2977 5244 easta
3001 5189 3077 5242 sit
3102 5191 3293 5242 mente
3313 5192 3371 5242 et
3391 5204 3647 5260 corpore.
3688 5212 3707 5237 α
3741 5189 3807 5242 Et
3827 5188 3915 5243 in-

2270 5296 2465 5371 (trazco
2499 5296 2782 5371 scriptum
2814 5299 2922 5371 est,
3112 5291 3343 5371 Bipsmv_
3369 5292 3750 5371 ἐλεφαντίνων,
3785 5295 3917 5371 qui-

2270 5326 2465 5351 Lll'GJUU
2499 5326 2782 5366 δυῐιμιυιιι
2814 5326 2922 5359 ObL,
2958 5326 3061 5345 ὲιόδυ
3112 5326 3178 5366 μυ.
3220 5326 3316 5346 ιυθν
3369 5326 3750 5371 ιιιιγυινυινων,
3785 5326 3913 5367 [illl-

2268 5369 2401 5421 dam
2435 5368 2764 5420 Latinorum
2793 5368 2864 5420 ob
2897 5365 3053 5420 verbi
3083 5326 3549 5438 ambiguitatem,
3573 5384 3605 5421 a
3635 5370 3913 5438 gravibus.

2267 5439 2631 5507 interpretati
2684 5444 2821 5490 sunt
2880 5453 3012 5489 cum
3077 5436 3231 5511 {Sig};
3265 5436 3529 5511 verbum
3578 5436 3653 5493 sit
3702 5437 3909 5511 ἐπιχώ-

2269 5528 2381 5582 ριον
2437 5510 2735 5582 Palestinae
2772 5515 2892 5582 :‘et
2941 5509 3350 5578 usque’hodie
3404 5511 3614 5565 domus
3653 5526 3721 5564 ex
3753 5509 3912 5565 omni

2267 5579 2428 5652 parte
2477 5581 2763 5652 conclusae
2808 5579 2863 5632 in
2916 5582 3157 5652 modum
3207 5582 3498 5636 aediﬁcatae
3556 5583 3804 5636 turrium
3848 5598 3913 5635 ac

2265 5650 2546 5707 moenium
2606 5650 2975 5725 publicorum
3038 5650 3223 5724 βάρεις
3279 5653 3657 5725 appellentur.
3698 5676 3719 5702 ι
3774 5652 3913 5708 Vide

2265 5729 2320 5778 et
2353 5740 2477 5796 quae
2513 5722 2617 5777 nos
2650 5722 2725 5775 ibi
2762 5722 3161 5777 observamus.
