4314 6586
353 466 502 526 101⁵1

1516 466 2017 530 BBEVIARIUM
2062 467 2143 527 IN
2187 467 2574 530 PSALMOS.

3598 467 3752 529 1018

349 596 501 652 clins
532 612 733 653 aurem
764 599 948 652 tuam.
982 618 1011 646 »
1060 596 1372 653 Humiliter
1420 613 1486 653 ao
1545 597 1838 669 sapienter
1895 615 1992 653 au-
2021 600 2070 663 Α
2178 621 2207 649 ‹‹
2235 597 2343 654 Pro
2369 598 2635 670 patribus
2665 597 2787 654 tuis
2814 598 2935 653 nati
2967 599 3107 653 sunt
3133 595 3241 652 tibi
3269 594 3395 653 ﬁlii.
3429 616 3457 646 »
3493 596 3753 653 Fuerunt

351 686 540 741 sculta
563 685 649 741 vel
683 686 968 741 desidera.
998 708 1027 736 ‹‹
1088 686 1158 740 Et
1210 686 1369 752 audi,
1402 708 1431 736 »
1492 703 1632 742 aure
1690 686 1904 753 cordis,
1935 692 1998 742 ut

350 774 494 830 illud
530 793 542 831 :
581 776 685 843 Qui
713 775 870 830 habet
899 791 1059 831 aures
1090 774 1370 843 audiendi,
1421 776 1612 831 audiat
1669 776 1821 847 (Luc.
1869 793 1993 847 xm,

348 864 425 934 8).
463 866 524 919 Et
555 864 675 919 vide
703 881 722 919 :
756 863 865 919 hoc
896 867 1006 933 est,
1039 863 1224 920 oculis
1272 864 1486 932 cordis,
1520 866 1674 933 unde
1736 867 1884 921 Deus
1913 865 1995 921 vi-

349 953 539 1023 detur,
573 956 638 1007 ut
688 952 769 1008 ait
819 970 831 1009 :
882 955 1042 1009 Beati
1090 954 1292 1010 mundo
1338 954 1515 1023 corde,
1575 956 1837 1027 quoniam
1890 954 1999 1027 ipsi

349 1042 519 1096 Deum
551 1040 814 1097 videbunt
842 1042 1051 1111 (Matth.
1084 1060 1138 1114 v,
1168 1045 1245 1114 8).
1308 1066 1338 1094 ‹‹
1391 1044 1461 1099 Et
1507 1043 1845 1100 obliviscere
1900 1061 1998 1116 po-

347 1129 553 1200 pulum
588 1135 784 1195 tuum,
820 1153 849 1180 »
882 1135 990 1187 etc.
1050 1133 1349 1188 Consortia
1405 1132 1844 1199 daemoniorum,
1902 1134 1992 1190 vel

343 1218 501 1286 vitia,
535 1223 591 1274 et
622 1224 875 1291 peccata,
907 1223 963 1275 et
993 1221 1232 1276 domum
1265 1222 1451 1293 patris
1492 1222 1576 1277 tui
1619 1222 1857 1289 diaboli,
1891 1222 1993 1295 qui

345 1310 401 1362 te
428 1296 591 1378 prius
613 1312 895 1380 genuerat
928 1325 940 1364 :
974 1309 1113 1381 quia
1167 1314 1307 1367 totus
1340 1311 1577 1366 mundus
1633 1313 1693 1367 in
1748 1314 1993 1384 maligno

341 1398 553 1468 positus
582 1406 700 1453 erat
725 1399 773 1468 (Ι
800 1402 1051 1468 Joan..v,
1082 1399 1172 1470 29)
1206 1417 1219 1455 :
1261 1400 1411 1471 ideo,
1444 1424 1472 1451 «
1521 1400 1743 1457 inclina
1789 1418 1988 1457 aurem

345 1488 531 1540 tuam.
565 1508 592 1536 »

416 1596 442 1623 ‹‹
474 1574 758 1638 Quoniam
790 1576 1120 1647 concupivit
1137 1593 1237 1633 rex
1265 1578 1532 1636 decorem
1563 1583 1788 1652 tuum,»
1835 1581 1994 1638 Chri-

304 1720 309 1729 ,
347 1665 474 1719 stus
503 1667 675 1719 Jesus
707 1680 740 1718 a
771 1681 884 1736 quo
916 1666 1154 1738 regeris,
1186 1671 1327 1739 puta
1350 1668 1517 1740 nigra
1565 1686 1693 1726 eras
1725 1670 1784 1725 in
1818 1672 1991 1727 domo

338 1751 524 1822 patris
557 1769 569 1807 :
603 1769 759 1809 nunc
787 1756 983 1809 autem
1014 1755 1326 1812 abscondis
1356 1761 1489 1828 post
1515 1758 1993 1832 baptismum,vel

351 1840 513 1896 vitiis
543 1839 764 1911 abluta,
796 1842 886 1898 vel
914 1844 1102 1916 gratia
1123 1844 1256 1901 ﬁdei
1287 1846 1554 1903 candida.
1589 1870 1618 1897 »
1677 1849 1823 1913 Quia
1871 1849 1996 1922 ipse

344 1934 434 1985 est
466 1931 766 2017 Dominus.
804 1953 832 1982 »
863 1938 910 1986 A
942 1949 1059 2004 quo
1089 1936 1390 2008 redempta
1421 1952 1501 1990 es.
1538 1958 1566 1987 α
1595 1937 1750 1992 Deus
1786 1941 1991 1992 tuus.»

342 2018 525 2082 Quem
558 2036 735 2088 nunc,
768 2019 984 2076 relictis
1018 2021 1372 2091 simulacris,
1405 2024 1619 2081 excolis
1649 2030 1706 2081 et
1756 2026 1985 2083 adoras.

339 2105 640 2170 Quomodo
672 2107 813 2163 dicit
842 2109 1095 2181 speciem
1127 2115 1183 2166 et
1229 2111 1727 2185 pulchritudinem
1775 2118 1938 2171 tuam
1970 2134 1983 2172 :

348 2211 483 2250 cum
518 2212 629 2250 non
661 2195 925 2267 pulchra,
959 2213 1065 2254 nec
1094 2200 1561 2273 speciosa,quam
1592 2205 1762 2258 antea
1791 2203 1987 2275 fetida,

346 2284 625 2341 deformis
679 2290 802 2341 erat
844 2285 1099 2344 Ecclesia
1136 2288 1164 2343 ?
1195 2288 1313 2345 Ded
1370 2294 1574 2361 postea
1630 2290 1877 2363 pulchra
1932 2297 1989 2350 et

346 2372 611 2443 speciosa
639 2390 742 2445 per
769 2373 1066 2432 lavacrum
1109 2377 1387 2449 baptismi
1420 2397 1439 2435 :
1467 2380 1608 2451 quia
1645 2381 1847 2452 justus
1886 2399 1989 2453 pro

346 2460 548 2533 impiis
589 2466 857 2519 mortuus
917 2470 1023 2535 est,
1074 2465 1133 2520 id
1182 2470 1291 2532 est,
1346 2466 1611 2523 Christus
1647 2484 1659 2524 :
1694 2471 1991 2527 mundans

348 2565 476 2604 eam
507 2567 608 2622 per
636 2550 931 2607 lavacrum
965 2555 1269 2626 sanguinis
1302 2555 1413 2623 sui,
1446 2561 1509 2613 ut
1539 2556 1621 2611 ait
1650 2557 1986 2629 Apostolus:

348 2638 465 2693 Non
496 2638 780 2695 habentem
809 2642 1084 2697 maculam
1111 2647 1208 2698 aut
1254 2661 1454 2714 rugam
1511 2644 1726 2716 (Ephes.
1788 2664 1842 2713 v,
1875 2648 1988 2719 27),

350 2747 378 2775 ‹‹
409 2728 477 2780 Et
519 2728 847 2784 adorabunt
894 2746 1028 2785 eum
1079 2730 1208 2785 ﬁliae
1266 2732 1418 2803 Tyri.
1472 2756 1493 2784 ω
1548 2734 1750 2805 Tyrus,
1811 2735 1989 2791 inter-

345 2820 626 2885 pretatur,
659 2820 942 2890 angustia.
976 2841 1004 2867 ‹‹
1040 2818 1193 2874 Filiae
1226 2820 1378 2892 Tyri,
1416 2842 1444 2871 »
1493 2821 1622 2877 ﬁlia:
1674 2825 1983 2897 angustiae.

344 2904 462 2976 Ipsi
495 2905 741 2961 adorant
771 2905 1091 2978 Christum,
1131 2909 1229 2980 qui
1263 2914 1401 2965 sunt
1430 2910 1487 2965 in
1549 2912 1843 2984 angustia,
1883 2913 1987 2971 Vel

343 2992 550 3050 animre
580 2995 881 3051 credentes
915 3012 982 3053 ex
1010 2998 1306 3069 gentibus.
1341 3022 1370 3049 «
1403 2999 1467 3055 In
1500 3000 1844 3059 muneribus
1870 3003 1992 3060 vul-

344 3085 467 3137 tum
500 3087 668 3139 tuum
695 3084 1167 3157 deprecabuntur
1196 3086 1404 3144 divites
1435 3087 1641 3160 plebis.
1677 3112 1706 3141 »
1739 3092 1868 3148 Istae
1899 3111 1987 3150 re-

343 3172 659 3228 condentes
682 3173 990 3230 thesauros
1022 3192 1179 3245 suos,
1215 3176 1285 3232 de
1328 3178 1501 3233 corde
1548 3181 1607 3234 te
1655 3181 1875 3235 mundo
1906 3198 1988 3239 re~

343 3259 605 3328 quirunt,
629 3259 767 3331 quia
796 3261 896 3316 ubi
930 3268 1069 3318 sunt
1098 3264 1360 3320 thesauri
1408 3282 1631 3334 corum,
1662 3267 1745 3322 ibi
1776 3268 1885 3324 erit
1931 3277 1988 3327 et

2106 703 2138 743 ο
2164 686 2439 755 Ecclesia,
2474 685 2717 759 apostoli
2751 691 2943 760 patres
2975 687 3060 741 tui
3094 686 3271 757 :quia
3299 683 3407 757 ipsi
3440 688 3497 740 te
3526 700 3749 758 genue-

2107 780 2264 831 runt.
2300 777 2465 833 Nunc
2491 781 2685 833 autem
2713 778 2852 849 quia
2880 775 2965 833 illi
3016 777 3387 831 recesserunt
3414 790 3448 829 a
3502 774 3743 844 mundo,

2105 864 2287 920 habes
2318 881 2420 937 pro
2451 864 2544 921 his
2574 864 2875 937 episcopos
2906 863 3059 921 ﬁlios
3093 862 3195 937 qui
3226 880 3259 919 a
3279 866 3335 921 te
3364 861 3540 918 creati
3584 866 3745 936 sunt,

2104 954 2253 1009 Sunt
2272 954 2429 1009 enim
2459 958 2514 1010 et
2545 954 2605 1010 hi
2636 958 2830 1026 patres
2862 954 2945 1009 tui
2981 970 2995 1010 :
3030 953 3170 1024 quia
3207 951 3279 1007 ab
3328 950 3472 1023 ipsis
3503 949 3743 1023 regeris.

2105 1065 2131 1092 «
2165 1042 2492 1099 Constitues
2522 1059 2621 1098 eos
2652 1042 2944 1114 principes
2975 1058 3152 1109 super
3181 1056 3415 1096 omnem
3442 1044 3680 1107 terram,
3711 1057 3740 1091 ν

2102 1131 2415 1187 Constituit
2445 1131 2710 1188 Christus
2741 1136 2973 1188 sanctos
3003 1147 3138 1187 suos
3169 1146 3348 1202 super
3375 1141 3605 1185 omnes”
3637 1145 3743 1201 po-

2104 1217 2293 1289 pulos.
2329 1218 2391 1273 In
2423 1218 2658 1274 nomine
2688 1218 2843 1275 enim
2875 1217 2977 1274 Dei
3008 1217 3321 1274 dilatatum
3365 1220 3454 1274 est
3485 1217 3741 1289 Evange-

2098 1306 2244 1361 lium
2277 1306 2336 1363 in
2367 1306 2643 1363 omnibus
2673 1307 2890 1363 ﬁnibus
2916 1306 3121 1363 mundi
3154 1324 3167 1361 :
3204 1306 3261 1360 in
3296 1306 3515 1378 quibus
3536 1304 3745 1378 princi-

2101 1410 2202 1466 pes
2233 1394 2519 1462 Ecclesiae,
2552 1395 2610 1452 id
2644 1401 2751 1465 est,
2783 1395 3062 1468 episcopi,
3093 1394 3392 1451 constituti
3422 1398 3579 1451 sunt.

2177 1506 2204 1534 «
2234 1484 2521 1541 Memores
2551 1489 2723 1541 erunt
2744 1484 2996 1541 nominis
3028 1485 3113 1541 tui
3142 1484 3202 1540 in
3234 1484 3351 1540 omi
3371 1481 3744 1557 generatione

2101 1576 2159 1628 et
2195 1573 2585 1646 generatione.
2622 1596 2651 1625 ››
2677 1574 2809 1630 Ideo
2850 1588 3139 1631 memores
3176 1576 3382 1630 erunt:
3419 1571 3555 1643 quia
3585 1588 3739 1628 nun-

2102 1678 2280 1733 quam
2348 1661 2810 1730 obliviscuntur,
2876 1663 2980 1723 sed
3045 1678 3276 1734 semper
3338 1665 3395 1718 te
3458 1660 3737 1734 pradica-

2102 1751 2271 1823 bunt,
2304 1750 2422 1807 sive
2453 1751 2825 1809 aediﬁcabunt
2872 1750 2931 1807 in
2983 1751 3457 1827 generationibus
3506 1755 3737 1809 sancto-

2102 1857 2254 1896 PUDD.

2176 1929 2543 2001 «Propterea
2572 1930 2771 2003 populi
2803 1930 3237 1988 conﬁtebuntur
3294 1928 3402 1986 tibi
3459 1929 3519 1985 in
3577 1931 3741 1984 teter-

2098 2034 2240 2073 num
2273 2017 2417 2074 etin
2448 2019 2730 2077 saeculum
2762 2019 2981 2077 saeculi.
3040 2039 3067 2073 υ
3132 2019 3215 2075 Ob
3271 2035 3474 2076 eorum
3533 2016 3738 2090 praedi-

2099 2106 2385 2163 cationem
2413 2124 2644 2181 semper
2672 2109 2780 2166 tibi
2813 2109 3025 2166 delicta
3081 2107 3280 2185 populi
3329 2107 3682 2164 conﬁtentur
3724 2123 3739 2177 ;

2098 2199 2263 2251 tuam
2292 2196 2542 2270 gloriam
2572 2199 2948 2269 enarrabunt,
2975 2202 3140 2256 tuam
3172 2198 3407 2257 laudem
3437 2195 3744 2254 annuntia-

2099 2284 2265 2341 bunt

2657 2414 2984 2470 PSALMUS
3015 2413 3177 2471 XLV.

2100 2501 2163 2556 1η
2189 2502 2374 2571 ﬁnem,
2399 2518 2500 2575 pro
2530 2504 2665 2571 ﬁliis
2705 2503 2843 2559 Core
2886 2520 2983 2575 pro
3027 2505 3270 2573 arcanis,
3319 2502 3584 2575 Psalmus.
3633 2503 3741 2559 Pro

2169 2573 2438 2646 arcanis:
2471 2574 2530 2646 id
2556 2578 2646 2630 est
2676 2592 2778 2646 pro
2821 2573 3075 2646 occultis
3108 2576 3179 2630 de
3234 2573 3534 2646 vocatione
3584 2590 3740 2646 gen-

2170 2645 2321 2700 tium
2371 2649 2428 2700 et
2473 2645 2544 2700 de
2593 2644 2992 2716 reprobatione
3057 2645 3417 2702 Judaiorum.
3473 2644 3740 2701 Psalmus

2172 2716 2337 2770 docet
2378 2733 2486 2788 nos
2534 2715 2699 2788 spem
2748 2722 3011 2773 nostram
3064 2717 3124 2771 in
3171 2715 3340 2788 illum
3387 2716 3739 2788 deberehpo-

2172 2802 2328 2853 nere,
2382 2787 2483 2858 qui
2550 2785 2711 2843 solus
2771 2793 2962 2859 potest
3025 2788 3094 2843 de
3155 2785 3531 2843 tribulatione
3599 2785 3740 2842 libe-

2170 2874 2318 2913 rare.

2170 3022 2199 3050 «
2239 3000 2387 3056 Deus
2420 3004 2619 3057 noster
2654 3000 2947 3074 refugium
3003 3003 3059 3056 et
3109 2999 3337 3057 virtus:
3399 2999 3634 3071 adjutor
3679 2997 3738 3053 in

2095 3088 2579 3146 tribulationibus
2601 3106 2729 3160 quae
2761 3089 3107 3146 invenerunt
3156 3105 3262 3146 nos
3321 3086 3517 3144 nimis.
3554 3108 3581 3135 »ι
3616 3086 3740 3143 Ple-

2098 3194 2211 3233 nus
2240 3183 2330 3234 est
2360 3178 2517 3234 enim
2550 3179 2809 3234 mundus
2841 3177 3122 3233 aerumnis
3165 3180 3341 3249 atque
3396 3175 3689 3250 pressuris
3722 3193 3737 3234 :

2095 3265 2343 3338 ideoque
2407 3266 2547 3339 quia
2623 3272 2764 3323 sunt
2820 3265 2933 3322 alia
2979 3266 3272 3338 adjutoria
3335 3281 3561 3337 regum,
3627 3265 3740 3320 vir-

343 3362 440 3401 cor
469 3363 669 3402 eorum
695 3349 901 3419 (Matth.
934 3367 1010 3420 vr,
1040 3352 1151 3421 21).
1189 3352 1472 3407 Fecerunt
1524 3353 1636 3409 hoc
1675 3355 1854 3428 magi,
1887 3358 1984 3429 qui
2018 3349 2060 3414 C
2096 3358 2254 3411 tutes
2283 3355 2632 3427 potentium,
2690 3355 2915 3426 refugia
2969 3354 3268 3410 civitatum
3306 3371 3318 3408 :
3351 3359 3554 3411 nostra
3610 3370 3742 3409 mu-

343 3452 478 3490 cum
508 3435 762 3504 thure,et
794 3439 1055 3509 myrrha,
1086 3445 1143 3495 et
1176 3456 1318 3496 auro
1347 3445 1632 3497 venerunt
1664 3460 1677 3498 :
1704 3443 1843 3515 quia
1870 3462 1983 3501 non

340 3528 568 3579 tantum
599 3526 811 3595 verbis,
845 3528 943 3582 sed
975 3527 1150 3583 etiam
1202 3528 1547 3587 muneribus
1597 3530 1987 3589 adoraverunt

340 3611 674 3682 Christum.§

415 3725 435 3750 α
472 3702 675 3759 Omnis
705 3702 889 3775 gloria
917 3696 1045 3776 ejus
1074 3704 1208 3763 ﬁlias
1242 3705 1419 3778 regis,
1455 3730 1482 3757 ‹‹
1517 3708 1727 3763 anima:
1772 3708 1983 3778 ﬁdelis,

338 3813 367 3840 ‹‹
400 3791 470 3847 ab
504 3792 685 3857 intus,
719 3793 776 3848 in
810 3794 1059 3850 ﬁmbriis
1091 3795 1284 3852 aureis
1312 3796 1750 3853 circumamicta
1804 3798 1985 3855 varie-

335 3882 579 3937 tatibus.
641 3883 921 3953 Superius
980 3884 1255 3953 diximus,
1333 3885 1613 3941 varietate
1669 3887 1979 3959 gentium;

336 3970 431 4025 hic
462 3972 807 4043 gratiarum.
843 3996 869 4022 «
905 3973 1107 4029 Omnis
1134 3974 1323 4046 gloria
1354 3975 1480 4046 ejus
1515 3976 1644 4031 ﬁiim
1703 3978 1856 4050 regis
1910 3977 1982 4034 ab

334 4062 517 4126 intus,
548 4086 577 4115 »
604 4063 683 4132 id,
716 4067 822 4128 est,
869 4064 1127 4120 seniores
1164 4063 1453 4132 Ecclesiae,
1484 4064 1572 4120 vel
1603 4081 1768 4137 reges
1801 4071 1857 4121 et
1888 4084 1983 4139 po-

334 4152 653 4223 tentes:qui
688 4152 906 4206 habent
930 4155 1101 4208 modo
1136 4154 1506 4225 spem,ﬁdem
1525 4157 1582 4209 et
1611 4154 1977 4211 charitatem:

334 4239 446 4311 ipsi
480 4239 819 4295 obtulerunt
848 4241 921 4294 ad
962 4240 1120 4294 intus
1154 4258 1166 4295 :
1203 4240 1313 4296 hoc
1369 4246 1459 4297 est
1505 4242 1564 4296 in
1625 4243 1981 4299 conscientia

335 4327 626 4384 Ecclesiae.
662 4352 689 4377 «
723 4329 787 4383 In
821 4327 1070 4383 ﬁmbriis
1101 4328 1293 4383 aureis
1342 4329 1782 4386 circumamicta
1803 4330 1981 4388 varie-

332 4421 468 4473 tate.
508 4442 528 4469 »
565 4416 687 4472 Non
720 4416 911 4472 solum
947 4415 1137 4472 littera
1190 4417 1290 4472 scd
1332 4418 1509 4473 etiam
1570 4436 1745 4475 sensu
1805 4420 1977 4492 spiri-

333 4506 498 4574 tuali,
533 4506 611 4561 illi
647 4507 742 4577 qui
780 4506 1026 4573 intrant,
1057 4504 1416 4577 obtulerunt,
1447 4505 1535 4562 vel
1566 4508 1843 4564 varietate
1871 4510 1981 4564 vir-

331 4600 522 4651 tutum
556 4594 760 4667 repleti
791 4600 947 4649 sunt.

2097 3442 2240 3499 nitio
2270 3442 2534 3499 Christus
2565 3448 2672 3512 est,
2707 3443 2807 3515 qui
2840 3459 2947 3499 nos
2978 3443 3049 3498 ab
3084 3442 3177 3498 his
3207 3445 3474 3514 potenter
3518 3441 3742 3514 eripere

2095 3534 2307 3603 potest.

2167 3641 2196 3670 ‹‹
2230 3622 2537 3692 Pr0pterea
2568 3636 2683 3675 non
2730 3620 3089 3677 timebimus.
3119 3643 3147 3672 ››
3165 3620 3311 3686 Quia
3348 3619 3407 3674 in
3439 3620 3565 3692 ipso
3617 3635 3739 3675 cre-

2096 3709 2403 3765 dulitatem
2457 3709 2634 3781 [Mart.
2693 3711 2882 3766 vitiose
2931 3709 3357 3779 crudelitatem]
3430 3709 3737 3766 habemus.

2098 3820 2126 3849 «
2177 3804 2323 3854 Dum
2370 3799 2708 3855 turbabitur
2752 3803 2925 3856 terra.
2974 3823 2997 3852 »
3052 3799 3355 3856 Generatio
3401 3798 3738 3854 Judaeorum

2095 3886 2196 3959 qui
2237 3890 2470 3944 terrena
2517 3887 2773 3960 sapiunt.
2828 3909 2855 3938 ‹‹
2902 3888 2971 3942 Et
3018 3888 3443 3944 transferentur
3511 3890 3739 3943 montes

2093 3976 2152 4031 in
2184 3993 2283 4032 cor
2314 3977 2513 4033 maris.
2551 3999 2577 4026 »
2609 3976 3053 4032 Praedicationes
3084 3974 3415 4048 apostolica
3470 3975 3527 4029 in
3563 3976 3739 4030 corda
3773 4038 3781 4046 ί

2091 4065 2394 4138 gentilium
2427 4064 2605 4136 hujus
2638 4066 2863 4133 mundi,
2896 4064 3050 4120 sicut
3078 4064 3135 4118 in
3169 4062 3474 4136 Evangelia
3508 4063 3607 4119 :Si
3633 4064 3735 4118 ha-

2093 4153 2340 4221 bueritis,
2375 4153 2586 4224 inquit,
2618 4153 2783 4223 ﬁdem
2809 4154 2953 4208 sicut
2980 4168 3215 4222 granum
3271 4152 3502 4223 sinapis,
3543 4151 3736 4209 dicetis

2090 4243 2217 4297 huic
2247 4243 2422 4297 monti
2450 4263 2468 4296 .-
2503 4243 2717 4312 Transi,
2748 4249 2802 4297 et
2845 4240 3014 4314 faciet
3060 4240 3274 4312 (Matth.
3334 4255 3468 4308 xvu,
3524 4239 3632 4311 19).
3670 4241 3730 4297 In

2090 4331 2262 4385 corde
2295 4330 2472 4386 maris
2507 4356 2521 4399 ;
2554 4331 2610 4385 id
2643 4335 2750 4397 est,
2784 4330 2843 4384 in
2876 4328 3217 4402 gentilitate.

2163 4419 2554 4475 «Sonuerunt
2609 4425 2666 4475 et
2725 4419 2971 4475 turbatae
3028 4421 3167 4474 sunt
3223 4433 3385 4488 aquas
3442 4432 3665 4473 eorum.
3704 4439 3726 4467 ι

2089 4508 2279 4579 Aquae,
2314 4509 2514 4581 populi
2546 4527 2559 4565 :
2597 4513 2790 4565 motus
2827 4509 3122 4564 damones
3158 4504 3587 4578 intelliguntur.
3621 4506 3729 4569 Qui

2088 4614 2245 4653 nunc
2288 4598 2504 4653 turbati
2552 4614 2763 4654 sonum
2812 4598 3136 4653 dederunt:
3172 4612 3305 4651 cum
3363 4595 3729 4653 eversoribus

406 4706 434 4733 ‹‹
464 4685 842 4739 Adducentur
871 4683 991 4755 regi
1044 4683 1298 4755 virgines
1342 4688 1473 4755 post
1509 4701 1661 4752 eam,
1702 4685 1975 4758 proximae
2008 4712 2053 4775 D
2089 4685 2563 4755 simulacrorum,
2592 4685 2680 4741 vel
2711 4686 3111 4755 restituerunt,
3126 4684 3214 4741 vel
3246 4688 3494 4740 mortem
3527 4700 3731 4755 parare

331 4766 477 4843 ejus.
513 4777 623 4827 Per
645 4790 822 4828 unam
884 4772 1221 4840 Ecclesium,
1284 4773 1603 4845 apostolica
1654 4773 1975 4831 institutio-

331 4878 401 4916 ne
449 4863 775 4926 fundatam,
836 4861 1003 4916 multi
1057 4866 1476 4917 convertuntur
1533 4864 1601 4917 ad
1655 4864 1972 4921 Christum.

332 4973 359 4999 ‹‹
391 4951 722 5005 Aﬁerentur
752 4950 852 5005 tibi
888 4951 949 5006 in
981 4950 1184 5006 laetitia
1205 4955 1261 5005 et
1291 4951 1729 5008 exsultatione»
1767 4954 1891 5009 Non
1914 4955 1972 5009 in

324 5038 567 5094 tristitia
598 5038 837 5110 peccati,
873 5056 1060 5109 neque
1091 5040 1149 5094 in
1211 5038 1484 5111 lacrymis
1542 5041 1894 5111 poenitentiae
1957 5059 1970 5097 :

325 5128 426 5182 scd
466 5127 525 5182 in
574 5127 770 5183 laetitia
807 5128 1086 5183 virtutum
1119 5132 1175 5183 et
1194 5127 1578 5185 exsultatione
1625 5130 1969 5201 gratiarum,

325 5240 351 5265 ‹‹
404 5216 785 5271 Adducentur
831 5217 889 5271 in
940 5216 1226 5289 templum
1275 5218 1448 5288 regis.
1507 5236 1533 5268 υ
1598 5218 1757 5274 Vidit
1811 5219 1969 5275 enim

325 5306 578 5361 Joannes
609 5304 935 5361 Jerusalem
966 5306 1261 5361 civitatem
1297 5310 1559 5362 sanctam
1610 5307 1966 5364 descenden-

326 5400 441 5451 tem
474 5396 544 5451 de
572 5396 733 5463 coelo,
767 5395 1073 5451 habentem
1109 5395 1427 5452 claritatem
1488 5396 1588 5451 Dei
1622 5412 1635 5452 :
1670 5397 1770 5451 sed
1820 5401 1965 5452 tem-

323 5484 486 5557 plum
510 5486 565 5539 in
597 5503 663 5540 ea
696 5502 805 5540 non
840 5485 1186 5558 vidit(Apoc.
1220 5504 1334 5557 xxx,
1366 5487 1456 5556 22)
1491 5502 1503 5539 :
1541 5487 1839 5554 Dominus,
1874 5488 1961 5542 in-

324 5576 471 5647 quit,
513 5579 601 5630 est
646 5574 930 5647 templum
983 5577 1129 5647 ejus.
1190 5575 1545 5631 Inducentur
1595 5592 1700 5647 ego
1752 5576 1811 5632 in
1856 5576 1964 5633 hoc

320 5664 609 5736 templum
634 5663 884 5736 virgines
915 5664 1060 5732 istac;
1093 5664 1201 5721 hoc
1233 5669 1339 5734 est,
1362 5666 1570 5720 anima:
1601 5669 1960 5723 sanctorum:

325 5757 387 5807 ut
412 5753 737 5808 conformes
768 5752 1095 5809 efﬁciantur
1124 5753 1348 5826 corpori
1379 5753 1574 5826 glorize
1607 5755 1754 5825 ejus.

2086 4776 2413 4831 voluerunt.
2455 4798 2475 4824 ε
2510 4775 2849 4830 Conturbati
2882 4778 3022 4830 sunt
3049 4778 3276 4829 montes
3296 4774 3355 4829 in
3390 4773 3730 4830 fortitudine

2084 4865 2232 4935 ejus.
2270 4886 2296 4913 ››
2330 4864 2682 4920 Excelsiores
2713 4862 2907 4919 saeculi
2940 4867 3273 4935 potestates.

2160 4973 2187 5004 α
2235 4953 2524 5009 Fluminis
2566 4953 2822 5026 impetus
2881 4951 3136 5008 laetiﬁcat
3188 4950 3481 5007 civitatem
3541 4949 3659 5018 Dei.
3696 4971 3724 4999 ››

2085 5042 2219 5098 Post
2248 5058 2478 5098 eversos
2510 5041 2705 5098 cultus
2737 5039 3412 5107 daamoniorum,ablutio
3444 5037 3723 5109 baptismi

2082 5130 2167 5186 vel
2198 5131 2458 5203 irrigatio
2480 5131 2730 5204 Spiritus
2754 5130 2938 5187 sancti
2986 5128 3239 5185 laetiﬁcat
3295 5128 3550 5183 animam
3583 5124 3718 5180 civi-

2082 5224 2260 5276 tatem
2285 5220 2385 5276 Dei
2416 5220 2556 5292 sive,
2589 5220 2931 5288 Ecclesium,
2965 5235 3091 5289 quas
3113 5222 3203 5274 est
3229 5217 3433 5272 civitas
3462 5215 3556 5270 Dei
3568 5231 3717 5286 ,quaz

2078 5326 2255 5382 super
2285 5314 2541 5366 montem
2575 5310 2783 5382 posita,
2819 5327 2931 5365 non
2981 5306 3364 5363 absconditur
3418 5303 3628 5375 (Matth.
3661 5320 3715 5370 v,

2080 5401 2187 5468 14).
2240 5424 2267 5452 ‹‹
2320 5400 2712 5457 Sanctiﬁcavit
2768 5396 3208 5455 tabernaculum
3257 5410 3429 5450 suum
3482 5392 3713 5449 Altissi-

2075 5507 2229 5546 mus.
2263 5512 2290 5541 »
2325 5490 2841 5562 Congregationem
2874 5486 3154 5555 ﬁdelium,
3177 5485 3234 5540 in
3264 5501 3379 5556 qua
3408 5498 3510 5554 per
3537 5482 3710 5540 ﬁdem

2073 5578 2318 5634 habitat.

2144 5690 2171 5717 ‹‹
2208 5673 2356 5724 Deus
2389 5668 2445 5722 in
2480 5667 2671 5723 medio
2700 5668 2829 5739 ejus
2859 5684 2973 5723 non
3002 5664 3481 5721 commovebitur.
3534 5685 3562 5712 »
3596 5664 3705 5720 Sed

2071 5756 2359 5823 ﬁrmatur,
2394 5760 2455 5811 ut
2502 5755 2625 5811 ait:
2659 5756 2740 5811 Ne
2786 5755 3013 5825 timeas,
3070 5752 3253 5808 Maria
3299 5755 3447 5825 (Luc.
3492 5770 3532 5819 1,
3563 5754 3653 5826 30)
3688 5772 3703 5824 ;
