4314 6574
551 463 704 524 1019

2037 463 2457 524 APPENDIX.

3789 460 3948 521 1020

545 594 635 650 vel
661 593 917 650 Ecclesia
945 595 1001 649 in
1035 595 1431 652 tribulatione.
1471 620 1491 644 «
1528 596 1840 667 Adjuvabit
1871 612 1999 651 eam
2033 596 2188 650 Deus
2217 597 2273 662 Α
2375 593 2540 671 calvi.
2585 594 2713 671 Vox
2767 594 3086 671 deridentis
3125 595 3250 671 Iest.
3276 593 3402 671 ligo
3454 591 3523 645 de
3555 589 3672 671 illis
3703 591 3949 671 quadra-

549 699 720 738 mane
753 682 1031 739 diluculo.
1067 706 1093 732 »
1130 685 1486 755 lnspectione
1519 689 1738 749 sancta,
1760 701 1874 755 qua
1903 685 2190 738 mundum

550 772 976 843 promerebitur
1008 789 1124 828 cor.
1155 775 1316 842 Beati
1367 777 1518 829 enim
1574 774 1779 828 mundo
1826 774 1982 828 corde
2014 793 2031 827 :
2063 790 2194 845 quo-

547 863 702 915 niam
731 862 842 932 ipsi
870 863 1042 916 Deum
1072 862 1328 917 videbunt
1360 863 1566 933 (Matth.
1591 881 1645 926 v,
1679 865 1748 928 8).

627 971 654 1002 α
683 951 1048 1006 Conturbatze
1081 955 1219 1006 sunt
1247 955 1470 1022 gentes.
1507 973 1535 1000 »
1567 950 1856 1005 Vitiorum
1899 967 1963 1004 ac
1995 950 2196 1004 crimi-

550 1056 714 1110 num,
755 1062 775 1087 ιι
809 1038 1182 1095 Etinclinata
1213 1044 1351 1095 sunt
1401 1056 1597 1112 regna.
1635 1060 1658 1088 υ
1713 1040 2038 1094 Potestates
2079 1039 2194 1094 dae-

551 1129 903 1194 moniorum,
939 1128 1047 1182 sub
1081 1132 1364 1199 potestate
1413 1128 1647 1183 Christi.
1699 1151 1725 1177 «
1765 1129 2057 1183 Dederunt
2096 1144 2194 1182 vo-

549 1233 674 1272 cem
711 1232 900 1272 suam.
933 1238 959 1266 »
995 1217 1056 1270 In
1091 1217 1658 1288 praedicationibus.«
1689 1219 1840 1271 Mota
1867 1222 1956 1272 est
1983 1221 2196 1272 terra.»

549 1306 918 1376 Obstupueru
932 1309 994 1358 nt
1023 1309 1224 1376 gentes
1257 1306 1315 1359 in
1348 1305 1758 1360 incredulitate
1772 1322 1881 1360 sua
1915 1323 1926 1360 :
1954 1305 2062 1361 hoc
2085 1310 2194 1372 est,

547 1394 843 1466 gentilitas
875 1395 945 1448 de
975 1393 1316 1450 inﬁdelitate
1349 1395 1418 1449 ad
1448 1395 1624 1449 ﬁdem
1647 1394 1882 1449 Christi.

620 1505 650 1534 ‹‹
697 1483 981 1538 Dominus
1027 1483 1311 1538 virtutum
1368 1483 1696 1538 nobiscum.
1738 1507 1760 1534 ι
1813 1484 1918 1538 Per
1965 1499 2197 1538 assum-

548 1572 804 1643 ptionem
831 1570 1042 1636 carnis,
1075 1572 1364 1643 particeps
1395 1571 1584 1627 factus
1613 1575 1700 1627 est
1729 1589 1832 1643 pro
1865 1571 2195 1626 nobis.Ideo

547 1664 605 1714 et
633 1657 1000 1728 Emmanuel,
1035 1658 1142 1713 hoc
1173 1664 1279 1727 est,
1329 1661 1610 1714 nobiscum
1655 1661 1816 1724 Deus,
1851 1681 1879 1707 «
1911 1657 2196 1712 Dominus

546 1747 851 1817 virtutum,
884 1769 913 1797 »
949 1747 1291 1818 angelorum
1324 1753 1382 1803 et
1427 1747 1758 1803 hominum.
1811 1767 1838 1798 α
1883 1747 2196 1818 Susceptor

2376 667 2537 736 ginta
2568 665 2795 720 duobus
2814 663 3291 737 puerisdicit,q_ui
3321 663 3944 737 Eliswumderiserunt

2375 734 2431 791 et
2486 738 2756 792 dixerunt
2807 734 3298 798 {Ascende,'catve
3343 751 3364 795 ;
3398 735 3650 798 ascende,
3682 734 3848 788 calve.
3892 738 3945 788 et

2374 810 2675 864 maledixit
2706 823 2794 862 eos
2850 809 2910 861 in
2951 808 3173 860 nomine
3219 807 3443 860 Domini
3473 807 3563 874 (IV
3590 808 3720 874 Reg.
3753 822 3813 872 ιι,
3845 806 3941 860 ‘23-

2372 881 2462 934 24.
2524 880 2593 932 Et
2651 878 2871 949 egressi
2945 877 3059 949 duo
3092 875 3236 942 ursi,
3270 876 3652 949 comederunt
3679 893 3797 949 eos.
3831 875 3944 930 Eli-

2377 967 2527 1005 saaus
2579 946 2825 1019 ﬁguram
2867 948 3079 1004 Christi
3111 952 3289 1016 tenet,
3363 946 3447 1000 illi
3479 948 3642 1018 pueri
3693 947 3940 1018 ﬁguram

2373 1021 2729 1087 Judeorum,
2781 1019 2881 1090 qui
2915 1089 2921 1090 γ
2949 1019 3220 1074 dixerunt
3260 1036 3273 1073 :
3302 1023 3442 1083 Ave,
3476 1035 3576 1073 rex
3603 1019 3940 1075 Judaaorum

2377 1091 2538 1146 Unde
2594 1089 2814 1145 Paulus
2869 1089 3010 1145 dicit
3043 1107 3054 1144 :
3089 1091 3268 1144 Nolite
3309 1092 3472 1160 pueri
3500 1092 3648 1161 efﬁci
3674 1091 3942 1153 sensibus,

2373 1162 2465 1216 sed
2513 1162 2732 1217 malitia
2779 1162 2999 1232 parvuli
3051 1165 3217 1216 estote
3240 1162 3287 1232 (ι
3321 1161 3444 1214 Cor.
3480 1179 3593 1226 xxv,
3625 1162 3740 1230 20).
3771 1161 3944 1216 Venit

2378 1233 2641 1305 medicus
2692 1249 2899 1305 sanare
2921 1232 3314 1305 zegrotos,sed
3369 1233 3568 1304 aegroti
3611 1233 3948 1305 occiderunt

2377 1304 2689 1359 medicum.
2743 1304 2871 1359 Ursi
2924 1303 3468 1376 propriedazmones
3512 1303 3942 1376 intelliguntur,

2377 1376 2515 1446 quia
2555 1374 2975 1430 devoraverunt
3040 1375 3214 1429 corda
3266 1374 3524 1428 illorum.
3551 1374 3818 1429 Psalmus
3847 1392 3944 1428 vo-

2376 1463 2500 1518 cem
2549 1447 2810 1518 continet
2875 1446 3278 1518 apostolicam,
3309 1447 3745 1518 admonentem,
3781 1450 3861 1518 ut“
3888 1447 3947 1499 in

2375 1517 2502 1587 ipso
2549 1518 2673 1574 solo
2713 1515 2999 1586 laetemur,
3034 1518 3204 1588 cujus
3245 1532 3453 1572 sumus
3497 1516 3785 1588 sanguine
3808 1515 3948 1572 libe-

2378 1589 2487 1643 rati
2498 1630 2510 1642 .

2380 1698 2408 1726 ‹‹
2439 1677 2654 1733 Omnes
2693 1681 2914 1749 gentes,
2975 1675 3236 1748 plaudite
3285 1676 3578 1732 manibus.
3627 1696 3652 1727 ι)
3693 1675 3946 1748 Spiritus

2304 1771 2541 1822 sanctus
2574 1783 2676 1838 per
2705 1765 3048 1837 prophetam
3079 1769 3244 1820 vocat
3275 1765 3345 1820 ad
3368 1765 3539 1820 ﬁdem
3572 1781 3774 1820 omnes
3802 1781 3947 1836 gen-

546 1839 748 1890 noster
780 1835 935 1890 Deus
964 1835 1166 1890 Jacob.
1202 1856 1232 1884 »
1255 1837 1382 1907 Ipse
1430 1835 1713 1891 virtutum
1757 1835 2061 1902 Dominus,
2093 1835 2192 1906 qui

2315 1860 2387 1909 tes
2416 1855 2629 1911 venire.
2667 1878 2688 1903 α
2727 1854 2940 1909 Omnes
2968 1858 3191 1926 gentes,
3227 1875 3253 1903 ››
3279 1854 3338 1908 id
3369 1858 3477 1921 est,
3500 1857 3658 1909 totus
3680 1855 3940 1908 mundus

544 1923 682 2029 vicit
713 1922 1037 1979 diabolum-
1073 1926 1203 2029 Ιρεςθ
1245 1930 1558 2029 ,εξιξοξεριον
1592 1929 1826 2029 foster:
1879 1930 1950 2029 ut.
1991 1924 2193 2029 nosnin
2223 1963 2272 2029 Β
2304 1943 2503 2009 simul,
2536 1967 2563 1992 ‹‹
2609 1943 2869 2015 plaudite
2923 1922 3214 1998 menibus.
3265 1964 3292 1992 ››
3339 1942 3640 2010 Plaudere,
3685 1942 3947 1998 laudare.

547 2017 840 2068 aeternum
875 2018 1195 2069 conservet.
1229 2014 1497 2085 Adjutor,
1533 2035 1562 2065 ‹‹
1592 2013 1746 2070 Deus
1793 2013 1994 2069 Jacob.
2031 2036 2059 2063 »
2091 2014 2197 2069 Per

544 2099 745 2169 Jacob,
778 2101 1174 2174 supplantatio
1225 2103 1523 2158 vitiorum.

623 2214 645 2241 ι
678 2191 884 2247 Venite
910 2196 967 2247 et
995 2191 1184 2248 videte
1214 2209 1389 2264 Opera
1419 2193 1670 2259 Domini,
1718 2215 1747 2241 »
1793 2193 2059 2248 Christus
2104 2209 2198 2248 vo-

551 2285 643 2335 cat
674 2297 842 2336 suam
878 2281 1193 2338 Ecclesium
1227 2282 1297 2336 ad
1330 2283 1505 2337 ﬁdem
1530 2281 1618 2336 vel
1648 2282 1720 2336 ad
1771 2281 2194 2337 credulitatem.

551 2370 758 2435 Videte,
790 2369 849 2424 id
881 2374 993 2440 est,
1043 2369 1350 2441 intelligite
1383 2389 1396 2439 ;
1430 2394 1456 2420 ‹‹
1509 2387 1684 2442 opera
1727 2371 1975 2438 Domini,
2021 2393 2051 2422 »
2083 2371 2196 2425 vir-

551 2462 707 2513 tutes
739 2458 990 2514 Domini.
1021 2457 1146 2524 Vel,
1187 2481 1215 2507 «
1249 2475 1426 2529 opera
1483 2458 1732 2526 Domini,
1771 2482 1797 2507 »
1830 2459 1987 2528 quia,
2026 2459 2199 2530 juxta

550 2547 869 2612 Danielem,
901 2547 1053 2618 lapis
1083 2547 1312 2602 excisus
1355 2548 1423 2602 de
1476 2553 1670 2603 monte
1718 2547 1844 2604 sine
1902 2549 2193 2616 manibus,

551 2635 932 2691 comminutis
965 2637 1162 2708 regnis
1210 2636 1436 2700 mundi,
1472 2637 1780 2708 occupavit
1829 2637 2196 2692 latitudinem

553 2725 746 2782 omnis
768 2731 933 2780 terrae
965 2727 1129 2794 (Dan,
1162 2743 1225 2795 ιι,
1270 2726 1381 2796 35).
1431 2748 1459 2774 ‹‹
1509 2727 1643 2790 Quis
1693 2726 1887 2798 posuit
1935 2726 2200 2799 prodigia

555 2832 732 2888 super
759 2820 997 2870 terram.
1033 2837 1061 2865 «
1095 2813 1280 2869 Multa
1310 2816 1464 2869 enim
1495 2816 1663 2887 signa
1701 2815 1789 2870 vel
1823 2820 1955 2870 ante
1986 2816 2196 2869 adven-

552 2909 679 2959 tum
712 2919 1078 2974 corporeum,
1112 2902 1200 2958 vel
1232 2909 1364 2975 post
1393 2902 1560 2958 illum
1591 2904 1846 2960 ostendit
1877 2905 1934 2958 in
1967 2903 2200 2975 p0pulis

555 3014 583 3042 ‹‹
623 2993 902 3049 Aut'erens
939 2991 1094 3047 bella
1124 3009 1311 3063 usque
1342 2992 1412 3047 ad
1457 2992 1602 3047 ﬁnes
1658 2996 1843 3048 terrae.
1906 3017 1926 3043 ι)
1993 2992 2202 3047 Omnia

554 3080 708 3136 bella
736 3080 795 3136 in
828 3081 1077 3136 adventu
1111 3080 1339 3135 Domini
1373 3080 1680 3150 quievisse,
1714 3080 2034 3136 multorum
2067 3098 2199 3136 nar-

554 3174 686 3225 rant
717 3168 996 3225 historiaa.
1027 3169 1138 3224 Sed
1169 3173 1225 3224 et
1248 3185 1399 3222 nunc
1431 3169 1488 3222 in
1522 3169 1780 3224 Ecclesia
1801 3187 1910 3225 sua
1940 3170 2201 3241 quotidie

554 3258 706 3313 bella
737 3263 985 3326 coercet,
1020 3263 1084 3313 ut
1115 3276 1227 3314 non
1261 3259 1520 3323 saeviant,
1552 3257 1640 3314 vel
1672 3257 1944 3326 haeretici,
1977 3259 2065 3314 vel
2093 3261 2200 3314 Ju-

553 3346 682 3401 diei.
717 3346 816 3402 Vel
852 3350 1126 3417 auferens,
1162 3345 1372 3402 tollens
1405 3364 1418 3413 ;
1452 3348 1610 3415 bella,
1646 3347 1753 3402 hoc
1774 3353 1881 3418 est,
1914 3365 2194 3420 pugnam,
2227 3329 2270 3396 C

554 3436 691 3507 quia
721 3453 953 3508 semper
981 3442 1069 3491 est
1108 3453 1306 3509 pugna
1362 3435 1633 3491 vitiorum
1692 3442 1749 3491 et
1805 3442 2193 3508 peccatorum.

555 3545 584 3575 «
616 3524 807 3597 Usque
839 3525 909 3580 ad
941 3525 1086 3581 ﬁnes
1117 3530 1305 3592 terrai,
1341 3547 1367 3574 ››
1402 3542 1587 3596 usque
1619 3525 1688 3580 ad
1724 3526 1896 3581 ﬁnem
1957 3525 2195 3582 saaculo-

553 3614 997 3669 rum.Dominus
1025 3615 1216 3669 aufert
1247 3631 1280 3668 a
1313 3613 1481 3668 nobis
1511 3613 1685 3669 istam
1723 3632 1980 3687 pugnam
2013 3631 2025 3668 :
2062 3631 2197 3669 nam

555 3718 659 3774 per
687 3719 794 3757 nos
835 3719 948 3757 non
983 3719 1321 3774 possumus.

630 3814 658 3841 «
689 3797 906 3845 Arcum
939 3796 1214 3846 conteret.
1243 3815 1270 3841 »
1304 3791 1571 3847 Occultas
1607 3791 1892 3847 malorum
1934 3792 2197 3847 insidias.

561 3902 588 3930 ‹‹
625 3881 690 3934 Et
722 3879 1050 3951 confringet
1080 3897 1262 3936 arma.
1326 3903 1354 3929 »
1414 3881 1738 3935 Paaesentes
1792 3897 2038 3952 pugnas.
2075 3903 2103 3929 «
2135 3882 2204 3935 Et

559 3973 725 4024 scuta
757 3970 1059 4023 comburat
1088 3968 1228 4040 igni.
1279 3991 1307 4018 ››
1364 3969 1606 4023 Insanus
1663 3969 1956 4024 diabolica:
2021 3975 2205 4040 prote-

559 4057 769 4113 ctionis
801 4057 1165 4128 phantasias,
1197 4075 1321 4130 quae
1356 4059 1554 4114 omnia
1584 4057 1682 4113 illo
1740 4059 1858 4130 igni
1917 4059 2204 4130 spirituali

560 4147 857 4202 consumit
890 4163 902 4202 :
938 4147 1008 4202 de
1041 4164 1155 4218 quo
1183 4149 1263 4202 ait
1296 4167 1308 4203 :
1342 4149 1535 4220 Ignem
1581 4149 1706 4202 veni
1759 4151 1974 4203 mittere
1999 4165 2060 4202 in
2098 4158 2205 4203 ter-

561 4252 700 4306 ram,
734 4235 842 4290 hoc
872 4241 984 4306 est,
1015 4235 1073 4290 in
1108 4235 1424 4290 Ecclesiam
1460 4237 1606 4306 (Luc.
1641 4254 1744 4304 x11,
1778 4237 1886 4308 49).

637 4346 658 4375 ς
695 4323 906 4380 Vacate
931 4328 988 4379 et
1015 4324 1203 4379 videte
1233 4325 1511 4394 quoniam
1543 4340 1647 4396 ego
1679 4343 1810 4380 sum
1843 4326 2144 4381 Dominus.
2183 4349 2203 4375 ι

560 4415 670 4482 Ego
697 4415 823 4484 Ieci,
874 4421 925 4468 et
976 4430 1088 4469 non
1141 4415 1316 4483 feram
1359 4431 1374 4466 :
1418 4429 1515 4483 ego
1572 4416 1758 4468 creavi
1803 4419 1855 4469 et
1901 4430 1994 4485 ego
2040 4417 2209 4470 susti-

560 4518 722 4556 neam
755 4519 767 4556 :
798 4502 1067 4557 redimam
1091 4519 1201 4570 vos,
1234 4505 1286 4556 et
1331 4502 1614 4556 dimittam
1637 4507 1857 4574 peccata
1902 4513 2100 4569 vestra,
2134 4506 2215 4558 ait

560 4591 824 4644 Dominus
852 4591 981 4660 (Isa.
1008 4608 1157 4661 vax,
1193 4591 1300 4661 11).
1335 4593 1548 4645 Vacate
1576 4607 1713 4663 ergo
1781 4597 1845 4646 ut
1877 4608 1967 4646 me
1997 4609 2214 4664 cogno-

2307 2033 2554 2088 Plausus
2605 2049 2857 2105 namque
2906 2031 3036 2087 laus
3086 2032 3319 2087 dicitur.
3365 2031 3619 2086 Gaudete
3671 2031 3731 2085 in
3780 2031 3950 2087 bonis

2307 2122 2599 2192 operibus.
2650 2143 2680 2170 «
2733 2119 2991 2175 Jubilate
3042 2120 3155 2176 Deo
3207 2121 3267 2175 in
3314 2136 3451 2176 voce
3494 2119 3884 2176 exultationis.
3919 2143 3947 2170 ι)

2305 2211 2456 2267 Voce
2485 2210 2726 2266 sublimi
2759 2211 3069 2266 Dominum
3103 2209 3461 2265 conﬁtemini
3504 2209 3563 2264 in
3596 2209 3724 2282 ipso
3757 2210 3948 2277 corde,

2307 2306 2364 2356 et
2394 2301 2554 2356 omni
2586 2301 2985 2356 membrorum
3017 2300 3207 2356 ofﬁcio
3239 2298 3544 2355 exsultate.
3565 2302 3808 2371 Propter
3830 2315 3950 2354 ma-

2306 2389 2675 2462 gnitudinem
2708 2388 2917 2443 laetitiae
2975 2388 3136 2443 dicit.
3197 2389 3321 2443 Vox
3379 2387 3756 2443 exultationis
3814 2392 3947 2442 est:

2307 2479 2460 2549 quod
2488 2494 2590 2533 nec
2621 2478 2834 2543 verbis,
2893 2493 2998 2532 nec
3043 2477 3276 2543 litteris,
3326 2493 3432 2531 nec
3490 2475 3730 2548 syllabis
3761 2480 3951 2547 potest

2306 2567 2482 2622 homo
2513 2566 3025 2639 comprehendere,
3059 2571 3350 2636 quantum
3382 2565 3564 2620 Deum
3596 2565 3948 2620 laudarede-

2307 2655 2461 2710 beat.

2382 2744 2724 2808 «Quoniam
2769 2748 2920 2799 Deus
2967 2742 3230 2800 excelsus
3286 2742 3584 2799 terribilis.
3622 2764 3650 2791 ››
3691 2741 3791 2797 Ille
3849 2742 3950 2814 qui

2308 2833 2562 2905 quodam
2594 2833 2934 2888 irritabatur
2965 2849 2999 2887 a
3045 2831 3284 2900 Judaeis,
3336 2832 3591 2888 obtentis
3651 2831 3950 2902 gentibus,

2308 2922 2574 2978 excelsus
2601 2921 2775 2977 caelos
2803 2921 3146 2991 ascendens,
3179 2920 3459 2976 terribilis
3495 2922 3681 2975 factus
3723 2926 3832 2987 est,
3865 2938 3953 2975 re-

2309 3012 2506 3067 sidens
2536 3011 2607 3066 ad
2631 3011 2925 3065 dexteram
2960 3009 3170 3065 Patris.
3211 3029 3232 3057 «
3264 3011 3336 3065 Et
3358 3027 3456 3065 rex
3495 3025 3746 3081 magnus
3777 3025 3954 3081 super

2310 3117 2543 3155 omnem
2578 3105 2814 3155 terram.
2848 3099 2974 3154 Non
3005 3098 3198 3155 solum
3229 3116 3406 3171 super
3441 3099 3779 3154 Judaeorum
3811 3115 3950 3170 gen-

2307 3195 2445 3257 tem,
2480 3207 2657 3261 super
2686 3205 2890 3244 omnes
2922 3188 3188 3244 nationes
3241 3193 3428 3244 terrae.
3489 3186 3611 3254 Vel,
3674 3209 3702 3236 «
3764 3189 3952 3258 Super

2310 3297 2542 3335 omnem
2575 3285 2813 3346 terram,
2852 3303 2872 3328 ι
2899 3279 2957 3334 id
2989 3287 3095 3347 est,
3134 3295 3312 3351 super
3342 3293 3576 3333 omnem
3610 3276 3951 3346 Ecclesiam,

2309 3369 2447 3440 quia
2476 3369 2736 3424 Ecclesia
2765 3373 2918 3424 terra
2960 3368 3174 3424 dicitur
3207 3386 3220 3424 :
3251 3367 3515 3423 Christus
3572 3383 3747 3437 super
3801 3383 3950 3432 eam,

2307 3457 2445 3528 quia
2475 3458 2610 3512 data
2640 3462 2728 3513 est
2757 3457 2807 3512 ei
2840 3462 3098 3530 potestas
3129 3458 3188 3512 in
3221 3461 3379 3513 terra
3406 3461 3463 3511 et
3491 3457 3551 3510 in
3582 3455 3853 3511 cmlo.Vel
3876 3456 3944 3510 de

2309 3564 2422 3618 quo
2448 3563 2603 3601 nunc
2629 3546 2876 3618 apostoli
2909 3547 3112 3601 dicunt
3145 3563 3158 3602 :

2383 3657 2410 3685 «
2440 3635 2700 3705 Subjecit
2730 3633 2979 3706 pppulos
3029 3634 3198 3689 nobis
3249 3638 3304 3688 et
3331 3637 3533 3706 gentes
3563 3635 3670 3689 sub
3701 3633 3945 3703 pedibus

2312 3725 2550 3779 nostris.
2587 3723 2771 3793 Elegit
2801 3723 2968 3778 nobis
2998 3722 3395 3777 haereditatem
3428 3738 3617 3777 suam.
3686 3746 3705 3770 ι
3753 3723 3952 3791 Subje-

2312 3818 2435 3867 ctas
2466 3812 2576 3867 sibi
2611 3829 2644 3866 a
2672 3810 2899 3866 Christo
2930 3815 3131 3882 gentes
3163 3815 3219 3866 et
3250 3809 3498 3882 populos
3529 3811 3736 3866 dicunt
3771 3827 3952 3881 :quo—

2315 3918 2445 3956 rum
2483 3900 2707 3955 malitia
2755 3899 3114 3963 conculcata,
3184 3898 3394 3969 dignos
3447 3899 3506 3954 in
3563 3899 3956 3954 haereditatem

2314 3987 2527 4044 Christi
2560 3988 2837 4041 fecerunt.
2871 3987 2971 4041 Vel
3003 3986 3312 4041 haareditas
3343 3986 3575 4050 Christi,
3629 3994 3832 4042 sancta
3861 3988 3962 4042 Ec-

2317 4075 2491 4131 clesia
2521 4082 2628 4130 est.
2657 4074 2820 4130 Unde
2862 4075 3007 4129 dixit
3051 4074 3110 4129 in
3145 4074 3258 4130 alio
3317 4075 3443 4130 looo
3480 4093 3492 4129 :
3528 4077 3788 4132 Dominus
3841 4091 3968 4147 pars

2318 4165 2661 4221 hzereditatis
2689 4180 2829 4220 mea?
2869 4167 3038 4236 (Psal.
3092 4182 3183 4232 xv,
3213 4166 3292 4236 5).
3353 4166 3423 4219 Et
3455 4183 3560 4221 nos
3624 4183 3752 4230 sua,
3784 4170 3840 4220 et
3871 4162 3965 4218 ille

2321 4259 2518 4309 nostra
2571 4270 2583 4308 :
2627 4253 2952 4308 secundum
3010 4251 3155 4308 illud
3219 4279 3232 4309 :
3290 4256 3480 4310 Portio
3535 4271 3656 4308 mea
3715 4255 3971 4309 Dominus

2323 4343 2498 4415 (Psal.
2527 4360 2718 4409 cxvm,
2766 4343 2878 4414 57).
2926 4343 3166 4414 Speciem
3210 4343 3377 4399 Jacob
3424 4360 3587 4415 quam
3633 4341 3849 4397 dilexit.
3892 4342 3971 4397 De

2321 4431 2757 4504 pulchritudine
2787 4431 2941 4488 enim
2965 4433 3142 4488 Jacob
3177 4431 3352 4503 elegit
3382 4430 3697 4502 apostolos,
3751 4430 3851 4501 qui
3883 4433 3954 4485 ab

2323 4523 2451 4593 ejus
2492 4523 2673 4594 stirpe
2703 4522 3146 4587 descendentes,
3178 4521 3298 4577 haec
3324 4520 3542 4575 dicunt.
3577 4519 3736 4583 Quod
3769 4523 3966 4573 autem

2325 4627 2459 4666 eum
2490 4609 2714 4682 diligat,
2746 4611 2880 4666 audi
2919 4611 3262 4682 prophetam
3299 4626 3311 4664 :
3343 4609 3501 4664 Jacob
3558 4607 3778 4679 dilexit,
3825 4608 3968 4663 Esau

562 4678 764 4743 scatis,
800 4684 857 4733 et
879 4695 993 4734 non
1027 4671 1106 4733 in
1130 4678 1287 4734 aliud
1335 4680 1784 4735 conturbemini.
1847 4704 1874 4730 »
1909 4680 2203 4736 Exaltabor

2325 4704 2506 4756 autem
2540 4671 2660 4753 odio
2691 4671 2866 4754 babui
2895 4671 3167 4770 (blalach.
3201 4716 3238 4756 ι.
3275 4697 3352 4769 3.)

562 4766 621 4820 in
656 4766 950 4837 gentibus.
989 4789 1016 4815 »
1070 4767 1204 4830 Quae
1247 4768 1462 4822 fuerint
1507 4769 1576 4823 ad
1630 4768 2035 4824 credulitatem
2077 4787 2215 4825 con-

559 4871 762 4909 versa.
816 4877 844 4903 ‹‹
894 4855 1208 4910 Exaltabor
1257 4856 1314 4910 in
1365 4860 1539 4912 terra.
1579 4879 1606 4907 »
1650 4857 1706 4910 Si
1764 4874 1831 4912 ex
1877 4858 2214 4914 Judaeorum

561 4947 736 5015 gente
769 4944 837 4998 ad
891 4961 981 5000 me
1042 4945 1256 5000 reversi
1314 4945 1596 5000 fuerunt:
1632 4963 1778 5017 quos
1810 4963 1924 5001 non
1981 4953 2212 5003 terrena

566 5048 776 5104 sapere
809 5035 1183 5088 manifestum
1209 5039 1318 5089 est.

638 5146 665 5171 ‹‹
701 5123 982 5178 Dominus
1002 5123 1286 5178 virtutum
1316 5123 1624 5178 nobiscum
1660 5130 1988 5194 :susceptor
2017 5131 2215 5181 noster

562 5211 742 5279 Deus,
775 5211 972 5267 Jacob.
1011 5235 1038 5260 »
1071 5217 1310 5284 Semper
1339 5213 1495 5267 enim
1528 5229 1660 5267 cum
1720 5214 2090 5268 credentibus
2122 5214 2210 5268 di-

564 5306 811 5372 gnanter
857 5299 1148 5357 inhabitat
1205 5301 1404 5358 :sicut
1457 5300 1735 5372 apostolis
1776 5307 1908 5372 post
1955 5318 2212 5357 resurre-

564 5389 781 5444 tionem
817 5389 1068 5460 polliceri
1095 5391 1371 5462 dignatus
1400 5395 1511 5456 est,
1563 5390 1762 5444 dicens
1798 5392 1974 5444 :-Ecce
2001 5407 2094 5460 ego
2121 5407 2214 5446 vo-

566 5479 772 5532 biscum
801 5495 922 5534 sum
951 5481 1198 5534 omnibus
1229 5479 1420 5534 diebus
1469 5495 1639 5549 usque
1668 5478 1737 5533 ad
1791 5482 2215 5536 consummatio-

564 5582 691 5620 nem
709 5567 910 5622 swculi
937 5569 1146 5637 (Matth.
1174 5585 1369 5623 xxvm.
1402 5568 1513 5638 20).

1146 5673 1467 5730 PSALMUS
1523 5672 1705 5726 XLVI.

571 5764 636 5816 In
660 5761 844 5831 ﬁnem,
873 5779 978 5832 pro
1026 5765 1162 5834 ﬁliis
1211 5763 1372 5832 Core,
1410 5762 1682 5817 Psalmus.
1734 5762 1862 5818 Filii
1909 5763 2068 5836 Core,
2114 5763 2219 5819 ﬁlii

2395 4811 2422 4838 ‹‹
2458 4788 2739 4843 Ascendit
2761 4793 2911 4843 Deus
2939 4787 3228 4859 injubilo.
3264 4810 3293 4837 «
3329 4786 3548 4842 Claruit
3575 4786 3731 4842 enim
3765 4804 3962 4842 ascen-

2328 4878 2412 4934 sio
2445 4877 2593 4947 ejus,
2627 4875 2685 4930 in
2718 4893 2835 4947 qua
2866 4876 3156 4932 mulitudo
3191 4876 3540 4948 angelorum
3590 4891 3722 4930 cum
3756 4891 3970 4947 magna

2315 4965 2663 5039 jubilalione
2695 4965 2926 5021 dicebat
2957 4983 2969 5021 :
3005 4967 3195 5021 Tollite
3223 4974 3428 5037 portas,
3460 4965 3991 5036 principes,veslras.

2321 5054 2494 5124 (Psal.
2529 5071 2689 5122 xxm,
2711 5057 2768 5122 7,
2797 5055 2851 5125 9)
2877 5072 2889 5122 ;
2914 5055 3042 5125 jam
3074 5054 3222 5110 redit
3250 5053 3431 5108 victor
3460 5070 3528 5107 cx
3577 5052 3810 5125 praeliis.
3846 5076 3873 5104 «
3905 5054 3972 5107 Et

2323 5145 2590 5199 Dominus
2622 5144 2681 5198 in
2712 5159 2835 5198 voce
2869 5144 3032 5200 tubae.
3070 5165 3098 5192 ››
3127 5142 3187 5198 In
3240 5157 3358 5212 qua
3413 5141 3529 5196 duo
3591 5142 3780 5213 angeli
3845 5147 3974 5196 tan-

2323 5250 2502 5304 quam
2532 5233 2694 5297 tuba,
2725 5231 2826 5287 illo
2850 5231 3219 5296 ascendente,
3246 5229 3528 5302 apostolis
3552 5230 3970 5286 clamaverunt:

2323 5321 2422 5374 Hic
2449 5321 2621 5386 Iesus,
2654 5319 2750 5390 qui
2777 5327 3020 5390 receptus
3066 5325 3197 5373 esta
3245 5319 3396 5374 vobis
3438 5320 3518 5375 sic
3564 5320 3745 5374 veniet
3794 5335 3976 5390 quem-

2324 5408 2616 5469 admodum
2647 5409 2860 5463 vidistis
2888 5423 3012 5462 eum
3038 5411 3257 5463 euntem
3289 5409 3350 5462 in
3396 5409 3596 5462 caelum
3631 5409 3762 5478 (Aet.
3792 5425 3832 5478 ι,
3866 5408 3972 5477 ll).

2323 5497 2427 5552 Vel
2462 5503 2594 5570 post
2625 5496 2946 5566 victoriam,
2971 5515 3088 5568 qua
3117 5497 3256 5553 vicit
3285 5496 3610 5567 diabolum,
3657 5497 3739 5552 sic
3767 5514 3970 5552 ascen-

2327 5588 2432 5642 dit.
2504 5586 2664 5642 Unde
2731 5584 2870 5639 dicit
2927 5586 2984 5640 in
3053 5586 3166 5642 alio
3235 5586 3730 5658 psalmo:Tollite
3791 5596 3972 5656 portas

2321 5677 2622 5748 principes,
2655 5682 2878 5740 vestras,
2911 5685 2960 5730 et
2987 5677 3303 5731 elevamini.
3334 5680 3512 5746 portae
3558 5677 3866 5746 aeternales,
3924 5683 3976 5730 et

2330 5765 2583 5820 introibit
2614 5765 2728 5818 Rex
2743 5765 2931 5835 gloria
2963 5764 3138 5837 (Psat.
3172 5782 3340 5833 χχιιι,
3369 5767 3424 5835 7,
3457 5765 3536 5835 9.)
3567 5764 3667 5821 Vel
3717 5765 3869 5822 sicut
3897 5764 3976 5819 le-
