  <div class='ocr_page' id='page_1' title='image "/cluster/home/n/w/nwhite01/storage/ocr_20150623/26/umn.31951002477320a/510.png"; bbox 0 0 4314 6586; ppageno 0'>
   <div class='ocr_carea' id='block_1_1' title="bbox 288 519 443 579">
    <p class='ocr_par' dir='ltr' id='par_1_1' title="bbox 288 519 443 579">
     <span class='ocr_line' id='line_1_1' title="bbox 288 519 443 579; baseline 0.013 -2"><span class='ocrx_word' id='word_1_1' title='bbox 288 519 443 579; x_wconf 77' lang='grc'>1021</span> 
     </span>
    </p>
   </div>
   <div class='ocr_carea' id='block_1_2' title="bbox 1456 511 2505 576">
    <p class='ocr_par' dir='ltr' id='par_1_2' title="bbox 1456 511 2505 576">
     <span class='ocr_line' id='line_1_2' title="bbox 1456 511 2505 576; baseline -0.002 0"><span class='ocrx_word' id='word_1_2' title='bbox 1456 511 1950 576; x_wconf 83' lang='lat' dir='ltr'>BREVIARIUM</span> <span class='ocrx_word' id='word_1_3' title='bbox 1995 512 2075 572; x_wconf 85' lang='lat' dir='ltr'>IN</span> <span class='ocrx_word' id='word_1_4' title='bbox 2119 513 2505 576; x_wconf 83' lang='lat' dir='ltr'>PSALMOS.</span> 
     </span>
    </p>
   </div>
   <div class='ocr_carea' id='block_1_3' title="bbox 3537 510 3717 579">
    <p class='ocr_par' dir='ltr' id='par_1_3' title="bbox 3537 510 3717 579">
     <span class='ocr_line' id='line_1_3' title="bbox 3537 510 3717 579; baseline -0.011 -2"><span class='ocrx_word' id='word_1_5' title='bbox 3537 518 3693 579; x_wconf 84' lang='grc'><strong>1022</strong></span> <span class='ocrx_word' id='word_1_6' title='bbox 3711 510 3717 517; x_wconf 72' lang='grc'><strong>’</strong></span> 
     </span>
    </p>
   </div>
   <div class='ocr_carea' id='block_1_4' title="bbox 286 643 3691 721">
    <p class='ocr_par' dir='ltr' id='par_1_4' title="bbox 286 643 3691 721">
     <span class='ocr_line' id='line_1_4' title="bbox 286 643 3691 721; baseline -0 -17"><span class='ocrx_word' id='word_1_7' title='bbox 286 650 483 721; x_wconf 88' lang='lat' dir='ltr'>gimus</span> <span class='ocrx_word' id='word_1_8' title='bbox 511 651 571 706; x_wconf 86' lang='lat' dir='ltr'>in</span> <span class='ocrx_word' id='word_1_9' title='bbox 604 651 843 706; x_wconf 83' lang='lat' dir='ltr'>Actibus</span> <span class='ocrx_word' id='word_1_10' title='bbox 875 647 1290 720; x_wconf 81' lang='lat' dir='ltr'>apostolorum,</span> <span class='ocrx_word' id='word_1_11' title='bbox 1315 647 1550 719; x_wconf 84' lang='lat' dir='ltr'>quando</span> <span class='ocrx_word' id='word_1_12' title='bbox 1582 644 1842 701; x_wconf 86' lang='lat' dir='ltr'>ascendit</span> <span class='ocrx_word' id='word_1_13' title='bbox 1861 643 1931 699; x_wconf 92' lang='lat' dir='ltr'>de</span> <span class='ocrx_word' id='word_1_14' title='bbox 1960 646 2013 711; x_wconf 82' lang='grc' dir='ltr'><strong>Α</strong></span> <span class='ocrx_word' id='word_1_15' title='bbox 2116 644 2263 721; x_wconf 81' lang='lat' dir='ltr'>rexit</span> <span class='ocrx_word' id='word_1_16' title='bbox 2292 643 2391 700; x_wconf 83' lang='lat' dir='ltr'>lux</span> <span class='ocrx_word' id='word_1_17' title='bbox 2420 644 2875 721; x_wconf 60' lang='lat' dir='ltr'>Christus.Un_de</span> <span class='ocrx_word' id='word_1_18' title='bbox 2906 644 3047 721; x_wconf 82' lang='lat' dir='ltr'>dicit</span> <span class='ocrx_word' id='word_1_19' title='bbox 3078 646 3135 700; x_wconf 92' lang='lat' dir='ltr'>in</span> <span class='ocrx_word' id='word_1_20' title='bbox 3168 646 3480 721; x_wconf 84' lang='lat' dir='ltr'>Evangelio</span> <span class='ocrx_word' id='word_1_21' title='bbox 3503 666 3521 703; x_wconf 92' lang='lat'><em>:</em></span> <span class='ocrx_word' id='word_1_22' title='bbox 3554 649 3691 703; x_wconf 86' lang='lat' dir='ltr'>Erat</span> 
     </span>
    </p>
   </div>
   <div class='ocr_carea' id='block_1_5' title="bbox 288 735 1937 809">
    <p class='ocr_par' dir='ltr' id='par_1_5' title="bbox 288 735 1937 809">
     <span class='ocr_line' id='line_1_5' title="bbox 288 735 1937 809; baseline -0.004 -16"><span class='ocrx_word' id='word_1_23' title='bbox 288 744 485 794; x_wconf 91' lang='lat' dir='ltr'>monte</span> <span class='ocrx_word' id='word_1_24' title='bbox 511 739 716 795; x_wconf 84' lang='lat' dir='ltr'>Oliveti</span> <span class='ocrx_word' id='word_1_25' title='bbox 752 756 765 796; x_wconf 86' lang='lat'><strong>:</strong></span> <span class='ocrx_word' id='word_1_26' title='bbox 806 739 923 795; x_wconf 84' lang='lat' dir='ltr'>Viri</span> <span class='ocrx_word' id='word_1_27' title='bbox 952 736 1196 803; x_wconf 69' lang='lat' dir='ltr'>Galilaei,</span> <span class='ocrx_word' id='word_1_28' title='bbox 1236 736 1367 809; x_wconf 85' lang='lat' dir='ltr'>quid</span> <span class='ocrx_word' id='word_1_29' title='bbox 1410 737 1569 791; x_wconf 79' lang='lat' dir='ltr'>statis</span> <span class='ocrx_word' id='word_1_30' title='bbox 1616 735 1937 805; x_wconf 78' lang='lat' dir='ltr'>aspicientes</span> 
     </span>
    </p>
   </div>
   <div class='ocr_carea' id='block_1_6' title="bbox 288 823 1939 897">
    <p class='ocr_par' dir='ltr' id='par_1_6' title="bbox 288 823 1939 897">
     <span class='ocr_line' id='line_1_6' title="bbox 288 823 1939 897; baseline -0.004 -14"><span class='ocrx_word' id='word_1_31' title='bbox 288 845 350 883; x_wconf 78' lang='lat' dir='ltr'>in</span> <span class='ocrx_word' id='word_1_32' title='bbox 379 829 611 883; x_wconf 67' lang='lat' dir='ltr'>caelum?</span> <span class='ocrx_word' id='word_1_33' title='bbox 638 830 737 883; x_wconf 90' lang='lat' dir='ltr'>Hic</span> <span class='ocrx_word' id='word_1_34' title='bbox 762 830 917 884; x_wconf 83' lang='lat' dir='ltr'>Jesus</span> <span class='ocrx_word' id='word_1_35' title='bbox 944 828 1040 897; x_wconf 92' lang='lat' dir='ltr'>qui</span> <span class='ocrx_word' id='word_1_36' title='bbox 1067 829 1376 897; x_wconf 83' lang='lat' dir='ltr'>assumptus</span> <span class='ocrx_word' id='word_1_37' title='bbox 1404 832 1481 880; x_wconf 89' lang='lat' dir='ltr'>est</span> <span class='ocrx_word' id='word_1_38' title='bbox 1509 841 1544 879; x_wconf 92' lang='lat' dir='ltr'>a</span> <span class='ocrx_word' id='word_1_39' title='bbox 1572 823 1719 878; x_wconf 89' lang='lat' dir='ltr'>vobis</span> <span class='ocrx_word' id='word_1_40' title='bbox 1750 824 1811 877; x_wconf 88' lang='lat' dir='ltr'>in</span> <span class='ocrx_word' id='word_1_41' title='bbox 1839 838 1939 876; x_wconf 70' lang='lat' dir='ltr'>caa-</span> 
     </span>
    </p>
   </div>
   <div class='ocr_carea' id='block_1_7' title="bbox 289 912 1939 988">
    <p class='ocr_par' dir='ltr' id='par_1_7' title="bbox 289 912 1939 988">
     <span class='ocr_line' id='line_1_7' title="bbox 289 912 1939 988; baseline -0.003 -17"><span class='ocrx_word' id='word_1_42' title='bbox 289 917 426 986; x_wconf 88' lang='lat' dir='ltr'>lum,</span> <span class='ocrx_word' id='word_1_43' title='bbox 458 920 537 972; x_wconf 92' lang='lat' dir='ltr'>sic</span> <span class='ocrx_word' id='word_1_44' title='bbox 566 918 745 973; x_wconf 79' lang='lat' dir='ltr'>veniet</span> <span class='ocrx_word' id='word_1_45' title='bbox 787 915 1240 988; x_wconf 84' lang='lat' dir='ltr'>quemadmodum</span> <span class='ocrx_word' id='word_1_46' title='bbox 1288 912 1501 968; x_wconf 82' lang='lat' dir='ltr'>vidistis</span> <span class='ocrx_word' id='word_1_47' title='bbox 1547 929 1673 967; x_wconf 88' lang='lat' dir='ltr'>cum</span> <span class='ocrx_word' id='word_1_48' title='bbox 1720 915 1939 967; x_wconf 88' lang='lat' dir='ltr'>euntem</span> 
     </span>
    </p>
   </div>
   <div class='ocr_carea' id='block_1_8' title="bbox 288 1006 955 1077">
    <p class='ocr_par' dir='ltr' id='par_1_8' title="bbox 288 1006 955 1077">
     <span class='ocr_line' id='line_1_8' title="bbox 288 1006 955 1077; baseline -0.001 -17"><span class='ocrx_word' id='word_1_49' title='bbox 288 1008 350 1060; x_wconf 91' lang='lat' dir='ltr'>in</span> <span class='ocrx_word' id='word_1_50' title='bbox 379 1006 574 1061; x_wconf 73' lang='lat' dir='ltr'>caelum</span> <span class='ocrx_word' id='word_1_51' title='bbox 606 1006 739 1076; x_wconf 82' lang='lat' dir='ltr'>(Act.</span> <span class='ocrx_word' id='word_1_52' title='bbox 774 1022 813 1073; x_wconf 83' lang='grc' dir='ltr'>ι,</span> <span class='ocrx_word' id='word_1_53' title='bbox 848 1006 955 1077; x_wconf 94' lang='grc'>11).</span> 
     </span>
    </p>
   </div>
   <div class='ocr_carea' id='block_1_9' title="bbox 361 1089 1937 1165">
    <p class='ocr_par' dir='ltr' id='par_1_9' title="bbox 361 1089 1937 1165">
     <span class='ocr_line' id='line_1_9' title="bbox 361 1089 1937 1165; baseline -0.003 -15"><span class='ocrx_word' id='word_1_54' title='bbox 361 1117 390 1144; x_wconf 91' lang='grc'>‹‹</span> <span class='ocrx_word' id='word_1_55' title='bbox 428 1094 657 1151; x_wconf 87' lang='lat' dir='ltr'>Psallite</span> <span class='ocrx_word' id='word_1_56' title='bbox 687 1094 802 1150; x_wconf 91' lang='lat' dir='ltr'>Deo</span> <span class='ocrx_word' id='word_1_57' title='bbox 835 1098 1055 1165; x_wconf 88' lang='lat' dir='ltr'>nostro,</span> <span class='ocrx_word' id='word_1_58' title='bbox 1092 1091 1339 1164; x_wconf 79' lang='lat' dir='ltr'>psallite,</span> <span class='ocrx_word' id='word_1_59' title='bbox 1374 1089 1606 1163; x_wconf 77' lang='lat' dir='ltr'>psallite</span> <span class='ocrx_word' id='word_1_60' title='bbox 1634 1090 1756 1160; x_wconf 90' lang='lat' dir='ltr'>regi</span> <span class='ocrx_word' id='word_1_61' title='bbox 1794 1105 1937 1145; x_wconf 90' lang='lat' dir='ltr'>nos-</span> 
     </span>
    </p>
   </div>
   <div class='ocr_carea' id='block_1_10' title="bbox 285 1176 1934 1255">
    <p class='ocr_par' dir='ltr' id='par_1_10' title="bbox 285 1176 1934 1255">
     <span class='ocr_line' id='line_1_10' title="bbox 285 1176 1934 1255; baseline -0.005 -17"><span class='ocrx_word' id='word_1_62' title='bbox 285 1185 397 1248; x_wconf 86' lang='lat' dir='ltr'>tro,</span> <span class='ocrx_word' id='word_1_63' title='bbox 448 1182 703 1255; x_wconf 78' lang='lat' dir='ltr'>psallite.</span> <span class='ocrx_word' id='word_1_64' title='bbox 754 1205 782 1232; x_wconf 93' lang='grc'><strong>››</strong></span> <span class='ocrx_word' id='word_1_65' title='bbox 829 1182 957 1251; x_wconf 89' lang='lat' dir='ltr'>Qui,</span> <span class='ocrx_word' id='word_1_66' title='bbox 1008 1197 1287 1254; x_wconf 89' lang='lat' dir='ltr'>oppresso</span> <span class='ocrx_word' id='word_1_67' title='bbox 1346 1178 1551 1234; x_wconf 91' lang='lat' dir='ltr'>mortis</span> <span class='ocrx_word' id='word_1_68' title='bbox 1607 1176 1934 1245; x_wconf 85' lang='lat' dir='ltr'>dominatu,</span> 
     </span>
    </p>
   </div>
   <div class='ocr_carea' id='block_1_11' title="bbox 286 1265 1933 1344">
    <p class='ocr_par' dir='ltr' id='par_1_11' title="bbox 286 1265 1933 1344">
     <span class='ocr_line' id='line_1_11' title="bbox 286 1265 1933 1344; baseline -0.005 -17"><span class='ocrx_word' id='word_1_69' title='bbox 286 1287 529 1327; x_wconf 90' lang='lat' dir='ltr'>carnem</span> <span class='ocrx_word' id='word_1_70' title='bbox 552 1288 685 1328; x_wconf 91' lang='lat' dir='ltr'>cum</span> <span class='ocrx_word' id='word_1_71' title='bbox 709 1288 827 1344; x_wconf 90' lang='lat' dir='ltr'>qua</span> <span class='ocrx_word' id='word_1_72' title='bbox 849 1271 1034 1341; x_wconf 86' lang='lat' dir='ltr'>jacuit</span> <span class='ocrx_word' id='word_1_73' title='bbox 1063 1271 1122 1325; x_wconf 91' lang='lat' dir='ltr'>in</span> <span class='ocrx_word' id='word_1_74' title='bbox 1153 1267 1596 1336; x_wconf 89' lang='lat' dir='ltr'>tumulo,evexit</span> <span class='ocrx_word' id='word_1_75' title='bbox 1615 1266 1687 1321; x_wconf 91' lang='lat' dir='ltr'>ad</span> <span class='ocrx_word' id='word_1_76' title='bbox 1704 1265 1933 1321; x_wconf 83' lang='lat' dir='ltr'>coelum.</span> 
     </span>
    </p>
   </div>
   <div class='ocr_carea' id='block_1_12' title="bbox 358 1355 1935 1426">
    <p class='ocr_par' dir='ltr' id='par_1_12' title="bbox 358 1355 1935 1426">
     <span class='ocr_line' id='line_1_12' title="bbox 358 1355 1935 1426; baseline -0.005 -9"><span class='ocrx_word' id='word_1_77' title='bbox 358 1384 385 1410; x_wconf 88' lang='grc'>‹‹</span> <span class='ocrx_word' id='word_1_78' title='bbox 422 1360 709 1426; x_wconf 86' lang='lat' dir='ltr'>Quoniam</span> <span class='ocrx_word' id='word_1_79' title='bbox 762 1377 862 1415; x_wconf 81' lang='lat' dir='ltr'>rex</span> <span class='ocrx_word' id='word_1_80' title='bbox 909 1359 1101 1415; x_wconf 89' lang='lat' dir='ltr'>omnis</span> <span class='ocrx_word' id='word_1_81' title='bbox 1156 1361 1333 1413; x_wconf 61' lang='lat' dir='ltr'>terra:</span> <span class='ocrx_word' id='word_1_82' title='bbox 1367 1363 1539 1412; x_wconf 92' lang='lat' dir='ltr'>Deus.</span> <span class='ocrx_word' id='word_1_83' title='bbox 1587 1378 1608 1405; x_wconf 74' lang='grc' dir='ltr'><strong>ι</strong></span> <span class='ocrx_word' id='word_1_84' title='bbox 1644 1355 1790 1420; x_wconf 88' lang='lat' dir='ltr'>Quia</span> <span class='ocrx_word' id='word_1_85' title='bbox 1809 1356 1935 1426; x_wconf 90' lang='lat' dir='ltr'>jam</span> 
     </span>
    </p>
   </div>
   <div class='ocr_carea' id='block_1_13' title="bbox 282 1443 1935 1511">
    <p class='ocr_par' dir='ltr' id='par_1_13' title="bbox 282 1443 1935 1511">
     <span class='ocr_line' id='line_1_13' title="bbox 282 1443 1935 1511; baseline -0.004 -7"><span class='ocrx_word' id='word_1_86' title='bbox 282 1465 399 1504; x_wconf 90' lang='lat' dir='ltr'>non</span> <span class='ocrx_word' id='word_1_87' title='bbox 438 1448 631 1504; x_wconf 89' lang='lat' dir='ltr'>solum</span> <span class='ocrx_word' id='word_1_88' title='bbox 678 1448 737 1503; x_wconf 90' lang='lat' dir='ltr'>in</span> <span class='ocrx_word' id='word_1_89' title='bbox 783 1448 987 1505; x_wconf 73' lang='lat' dir='ltr'>Judaea</span> <span class='ocrx_word' id='word_1_90' title='bbox 1034 1453 1092 1503; x_wconf 91' lang='lat' dir='ltr'>et</span> <span class='ocrx_word' id='word_1_91' title='bbox 1140 1446 1470 1503; x_wconf 86' lang='lat' dir='ltr'>Jerusalem</span> <span class='ocrx_word' id='word_1_92' title='bbox 1515 1449 1709 1511; x_wconf 90' lang='lat' dir='ltr'>notus,</span> <span class='ocrx_word' id='word_1_93' title='bbox 1744 1443 1845 1499; x_wconf 91' lang='lat' dir='ltr'>sed</span> <span class='ocrx_word' id='word_1_94' title='bbox 1875 1443 1935 1497; x_wconf 92' lang='lat' dir='ltr'>in</span> 
     </span>
    </p>
   </div>
   <div class='ocr_carea' id='block_1_14' title="bbox 282 1531 1938 1592">
    <p class='ocr_par' dir='ltr' id='par_1_14' title="bbox 282 1531 1938 1592">
     <span class='ocr_line' id='line_1_14' title="bbox 282 1531 1938 1592; baseline -0.004 0"><span class='ocrx_word' id='word_1_95' title='bbox 282 1538 443 1592; x_wconf 92' lang='lat' dir='ltr'>omni</span> <span class='ocrx_word' id='word_1_96' title='bbox 491 1541 649 1592; x_wconf 87' lang='lat' dir='ltr'>terra</span> <span class='ocrx_word' id='word_1_97' title='bbox 693 1537 828 1591; x_wconf 90' lang='lat' dir='ltr'>ﬁdei</span> <span class='ocrx_word' id='word_1_98' title='bbox 878 1536 1102 1591; x_wconf 86' lang='lat' dir='ltr'>lumine</span> <span class='ocrx_word' id='word_1_99' title='bbox 1134 1534 1483 1590; x_wconf 82' lang='lat' dir='ltr'>declaratus.</span> <span class='ocrx_word' id='word_1_100' title='bbox 1513 1554 1541 1583; x_wconf 85' lang='grc'>‹‹</span> <span class='ocrx_word' id='word_1_101' title='bbox 1575 1531 1809 1587; x_wconf 91' lang='lat' dir='ltr'>Psallite</span> <span class='ocrx_word' id='word_1_102' title='bbox 1839 1547 1938 1586; x_wconf 87' lang='lat' dir='ltr'>sa-</span> 
     </span>
    </p>
   </div>
   <div class='ocr_carea' id='block_1_15' title="bbox 284 1619 1938 1698">
    <p class='ocr_par' dir='ltr' id='par_1_15' title="bbox 284 1619 1938 1698">
     <span class='ocr_line' id='line_1_15' title="bbox 284 1619 1938 1698; baseline -0.004 -18"><span class='ocrx_word' id='word_1_103' title='bbox 284 1625 530 1698; x_wconf 90' lang='lat' dir='ltr'>pienter.</span> <span class='ocrx_word' id='word_1_104' title='bbox 568 1648 595 1675; x_wconf 84' lang='lat'>»</span> <span class='ocrx_word' id='word_1_105' title='bbox 624 1626 694 1681; x_wconf 97' lang='lat' dir='ltr'>Ut</span> <span class='ocrx_word' id='word_1_106' title='bbox 724 1642 852 1696; x_wconf 84' lang='lat' dir='ltr'>quae</span> <span class='ocrx_word' id='word_1_107' title='bbox 883 1624 1091 1680; x_wconf 89' lang='lat' dir='ltr'>canitis</span> <span class='ocrx_word' id='word_1_108' title='bbox 1141 1640 1244 1695; x_wconf 91' lang='lat' dir='ltr'>per</span> <span class='ocrx_word' id='word_1_109' title='bbox 1290 1623 1565 1690; x_wconf 89' lang='lat' dir='ltr'>litteram,</span> <span class='ocrx_word' id='word_1_110' title='bbox 1598 1619 1938 1693; x_wconf 90' lang='lat' dir='ltr'>intelligatis</span> 
     </span>
    </p>
   </div>
   <div class='ocr_carea' id='block_1_16' title="bbox 289 1714 878 1787">
    <p class='ocr_par' dir='ltr' id='par_1_16' title="bbox 289 1714 878 1787">
     <span class='ocr_line' id='line_1_16' title="bbox 289 1714 878 1787; baseline -0.003 -17"><span class='ocrx_word' id='word_1_111' title='bbox 289 1714 675 1787; x_wconf 87' lang='lat' dir='ltr'>spiritualiter</span> <span class='ocrx_word' id='word_1_112' title='bbox 704 1714 878 1780; x_wconf 85' lang='lat' dir='ltr'>dicta,</span> 
     </span>
    </p>
   </div>
   <div class='ocr_carea' id='block_1_17' title="bbox 362 1798 1939 1875">
    <p class='ocr_par' dir='ltr' id='par_1_17' title="bbox 362 1798 1939 1875">
     <span class='ocr_line' id='line_1_17' title="bbox 362 1798 1939 1875; baseline -0.003 -17"><span class='ocrx_word' id='word_1_113' title='bbox 362 1825 390 1853; x_wconf 86' lang='lat'><strong><em>«</em></strong></span> <span class='ocrx_word' id='word_1_114' title='bbox 423 1803 712 1875; x_wconf 88' lang='lat' dir='ltr'>Regnabit</span> <span class='ocrx_word' id='word_1_115' title='bbox 742 1802 1031 1858; x_wconf 89' lang='lat' dir='ltr'>Dominus</span> <span class='ocrx_word' id='word_1_116' title='bbox 1064 1818 1240 1874; x_wconf 88' lang='lat' dir='ltr'>super</span> <span class='ocrx_word' id='word_1_117' title='bbox 1271 1817 1473 1857; x_wconf 90' lang='lat' dir='ltr'>omnes</span> <span class='ocrx_word' id='word_1_118' title='bbox 1498 1804 1754 1873; x_wconf 81' lang='lat' dir='ltr'>gentes.»</span> <span class='ocrx_word' id='word_1_119' title='bbox 1785 1798 1939 1862; x_wconf 88' lang='lat' dir='ltr'>Quas</span> 
     </span>
    </p>
   </div>
   <div class='ocr_carea' id='block_1_18' title="bbox 292 1886 1940 1963">
    <p class='ocr_par' dir='ltr' id='par_1_18' title="bbox 292 1886 1940 1963">
     <span class='ocr_line' id='line_1_18' title="bbox 292 1886 1940 1963; baseline -0.004 -16"><span class='ocrx_word' id='word_1_120' title='bbox 292 1892 354 1947; x_wconf 90' lang='lat' dir='ltr'>in</span> <span class='ocrx_word' id='word_1_121' title='bbox 401 1891 801 1947; x_wconf 63' lang='lat' dir='ltr'>haereditatem</span> <span class='ocrx_word' id='word_1_122' title='bbox 853 1891 1076 1963; x_wconf 89' lang='lat' dir='ltr'>accepit</span> <span class='ocrx_word' id='word_1_123' title='bbox 1123 1907 1157 1946; x_wconf 87' lang='lat' dir='ltr'>a</span> <span class='ocrx_word' id='word_1_124' title='bbox 1201 1894 1393 1948; x_wconf 87' lang='lat' dir='ltr'>Patre.</span> <span class='ocrx_word' id='word_1_125' title='bbox 1428 1890 1589 1945; x_wconf 87' lang='lat' dir='ltr'>Unde</span> <span class='ocrx_word' id='word_1_126' title='bbox 1634 1892 1692 1944; x_wconf 88' lang='lat' dir='ltr'>et</span> <span class='ocrx_word' id='word_1_127' title='bbox 1738 1888 1797 1944; x_wconf 92' lang='lat' dir='ltr'>in</span> <span class='ocrx_word' id='word_1_128' title='bbox 1828 1886 1940 1942; x_wconf 89' lang='lat' dir='ltr'>alio</span> 
     </span>
    </p>
   </div>
   <div class='ocr_carea' id='block_1_19' title="bbox 295 1978 2018 2077">
    <p class='ocr_par' dir='ltr' id='par_1_19' title="bbox 295 1978 2018 2077">
     <span class='ocr_line' id='line_1_19' title="bbox 295 1978 2018 2077; baseline -0.003 -41"><span class='ocrx_word' id='word_1_129' title='bbox 295 1980 523 2053; x_wconf 89' lang='lat' dir='ltr'>psalmo</span> <span class='ocrx_word' id='word_1_130' title='bbox 554 1980 695 2036; x_wconf 88' lang='lat' dir='ltr'>dicit</span> <span class='ocrx_word' id='word_1_131' title='bbox 729 1999 741 2037; x_wconf 92' lang='lat'>:</span> <span class='ocrx_word' id='word_1_132' title='bbox 779 1981 926 2037; x_wconf 89' lang='lat' dir='ltr'>Dabo</span> <span class='ocrx_word' id='word_1_133' title='bbox 956 1980 1057 2035; x_wconf 87' lang='lat' dir='ltr'>tibi</span> <span class='ocrx_word' id='word_1_134' title='bbox 1086 1983 1267 2049; x_wconf 83' lang='lat' dir='ltr'>gentes</span> <span class='ocrx_word' id='word_1_135' title='bbox 1296 1978 1669 2034; x_wconf 59' lang='lat' dir='ltr'>hareditatem</span> <span class='ocrx_word' id='word_1_136' title='bbox 1695 1986 1867 2042; x_wconf 87' lang='lat' dir='ltr'>tuam,</span> <span class='ocrx_word' id='word_1_137' title='bbox 1887 1983 1939 2077; x_wconf 78' lang='lat' dir='ltr'>et</span> <span class='ocrx_word' id='word_1_138' title='bbox 1970 2012 2018 2077; x_wconf 83' lang='grc' dir='ltr'><strong>Β</strong></span> 
     </span>
    </p>
   </div>
   <div class='ocr_carea' id='block_1_20' title="bbox 292 2065 1937 2141">
    <p class='ocr_par' dir='ltr' id='par_1_20' title="bbox 292 2065 1937 2141">
     <span class='ocr_line' id='line_1_20' title="bbox 292 2065 1937 2141; baseline -0.004 -16"><span class='ocrx_word' id='word_1_139' title='bbox 292 2071 685 2141; x_wconf 83' lang='lat' dir='ltr'>possessionem</span> <span class='ocrx_word' id='word_1_140' title='bbox 713 2077 871 2125; x_wconf 88' lang='lat' dir='ltr'>tuam</span> <span class='ocrx_word' id='word_1_141' title='bbox 908 2070 1167 2125; x_wconf 81' lang='lat' dir='ltr'>terminos</span> <span class='ocrx_word' id='word_1_142' title='bbox 1197 2072 1362 2125; x_wconf 70' lang='lat' dir='ltr'>terrae</span> <span class='ocrx_word' id='word_1_143' title='bbox 1408 2068 1577 2138; x_wconf 90' lang='lat' dir='ltr'>(Psal.</span> <span class='ocrx_word' id='word_1_144' title='bbox 1611 2084 1669 2137; x_wconf 38' lang='grc' dir='ltr'>ιιι</span> <span class='ocrx_word' id='word_1_145' title='bbox 1704 2068 1782 2135; x_wconf 88' lang='grc'>8).</span> <span class='ocrx_word' id='word_1_146' title='bbox 1813 2065 1937 2128; x_wconf 82' lang='lat' dir='ltr'>Vel,</span> 
     </span>
    </p>
   </div>
   <div class='ocr_carea' id='block_1_21' title="bbox 303 2154 1941 2230">
    <p class='ocr_par' dir='ltr' id='par_1_21' title="bbox 303 2154 1941 2230">
     <span class='ocr_line' id='line_1_21' title="bbox 303 2154 1941 2230; baseline -0.002 -17"><span class='ocrx_word' id='word_1_147' title='bbox 303 2159 561 2213; x_wconf 74' lang='lat' dir='ltr'>Excelsus</span> <span class='ocrx_word' id='word_1_148' title='bbox 590 2160 860 2213; x_wconf 86' lang='lat' dir='ltr'>Dominus</span> <span class='ocrx_word' id='word_1_149' title='bbox 888 2175 1056 2230; x_wconf 82' lang='lat' dir='ltr'>super</span> <span class='ocrx_word' id='word_1_150' title='bbox 1083 2174 1268 2213; x_wconf 90' lang='lat' dir='ltr'>omnes</span> <span class='ocrx_word' id='word_1_151' title='bbox 1294 2165 1477 2229; x_wconf 84' lang='lat' dir='ltr'>gentes</span> <span class='ocrx_word' id='word_1_152' title='bbox 1505 2165 1559 2212; x_wconf 87' lang='lat' dir='ltr'>et</span> <span class='ocrx_word' id='word_1_153' title='bbox 1584 2154 1747 2227; x_wconf 81' lang='lat' dir='ltr'>super</span> <span class='ocrx_word' id='word_1_154' title='bbox 1770 2154 1941 2210; x_wconf 66' lang='lat' dir='ltr'>caelos</span> 
     </span>
    </p>
   </div>
   <div class='ocr_carea' id='block_1_22' title="bbox 302 2245 1945 2319">
    <p class='ocr_par' dir='ltr' id='par_1_22' title="bbox 302 2245 1945 2319">
     <span class='ocr_line' id='line_1_22' title="bbox 302 2245 1945 2319; baseline -0.001 -18"><span class='ocrx_word' id='word_1_155' title='bbox 302 2248 483 2316; x_wconf 81' lang='lat' dir='ltr'>gloria</span> <span class='ocrx_word' id='word_1_156' title='bbox 524 2249 641 2319; x_wconf 87' lang='lat' dir='ltr'>ejus</span> <span class='ocrx_word' id='word_1_157' title='bbox 683 2248 857 2319; x_wconf 89' lang='lat' dir='ltr'>(Psat.</span> <span class='ocrx_word' id='word_1_158' title='bbox 890 2264 1022 2315; x_wconf 80' lang='lat' dir='ltr'>exn,</span> <span class='ocrx_word' id='word_1_159' title='bbox 1056 2247 1132 2318; x_wconf 82' lang='grc'>4).</span> <span class='ocrx_word' id='word_1_160' title='bbox 1164 2247 1303 2302; x_wconf 89' lang='lat' dir='ltr'>Deus</span> <span class='ocrx_word' id='word_1_161' title='bbox 1343 2245 1490 2301; x_wconf 83' lang='lat' dir='ltr'>sedet</span> <span class='ocrx_word' id='word_1_162' title='bbox 1539 2260 1702 2316; x_wconf 89' lang='lat' dir='ltr'>super</span> <span class='ocrx_word' id='word_1_163' title='bbox 1753 2246 1945 2300; x_wconf 87' lang='lat' dir='ltr'>sedem</span> 
     </span>
    </p>
   </div>
   <div class='ocr_carea' id='block_1_23' title="bbox 300 2332 1944 2405">
    <p class='ocr_par' dir='ltr' id='par_1_23' title="bbox 300 2332 1944 2405">
     <span class='ocr_line' id='line_1_23' title="bbox 300 2332 1944 2405; baseline -0.003 -13"><span class='ocrx_word' id='word_1_164' title='bbox 300 2340 550 2393; x_wconf 82' lang='lat' dir='ltr'>sanetam</span> <span class='ocrx_word' id='word_1_165' title='bbox 575 2353 754 2392; x_wconf 92' lang='lat' dir='ltr'>suam.</span> <span class='ocrx_word' id='word_1_166' title='bbox 789 2338 875 2391; x_wconf 88' lang='lat' dir='ltr'>Ad</span> <span class='ocrx_word' id='word_1_167' title='bbox 909 2337 1202 2391; x_wconf 84' lang='lat' dir='ltr'>dexteram</span> <span class='ocrx_word' id='word_1_168' title='bbox 1233 2335 1439 2390; x_wconf 86' lang='lat' dir='ltr'>Patris.</span> <span class='ocrx_word' id='word_1_169' title='bbox 1472 2333 1575 2389; x_wconf 89' lang='lat' dir='ltr'>Vel</span> <span class='ocrx_word' id='word_1_170' title='bbox 1606 2332 1797 2405; x_wconf 85' lang='lat' dir='ltr'>angeli</span> <span class='ocrx_word' id='word_1_171' title='bbox 1841 2349 1944 2405; x_wconf 89' lang='lat' dir='ltr'>pro</span> 
     </span>
    </p>
   </div>
   <div class='ocr_carea' id='block_1_24' title="bbox 301 2422 1943 2495">
    <p class='ocr_par' dir='ltr' id='par_1_24' title="bbox 301 2422 1943 2495">
     <span class='ocr_line' id='line_1_24' title="bbox 301 2422 1943 2495; baseline 0 -18"><span class='ocrx_word' id='word_1_172' title='bbox 301 2424 633 2480; x_wconf 87' lang='lat' dir='ltr'>innocentia</span> <span class='ocrx_word' id='word_1_173' title='bbox 664 2441 866 2481; x_wconf 90' lang='lat' dir='ltr'>eorum</span> <span class='ocrx_word' id='word_1_174' title='bbox 898 2425 1174 2480; x_wconf 89' lang='lat' dir='ltr'>dicuntur</span> <span class='ocrx_word' id='word_1_175' title='bbox 1203 2425 1391 2489; x_wconf 88' lang='lat' dir='ltr'>sedes,</span> <span class='ocrx_word' id='word_1_176' title='bbox 1424 2422 1561 2495; x_wconf 89' lang='lat' dir='ltr'>quia</span> <span class='ocrx_word' id='word_1_177' title='bbox 1589 2439 1706 2477; x_wconf 90' lang='lat' dir='ltr'>non</span> <span class='ocrx_word' id='word_1_178' title='bbox 1737 2436 1943 2493; x_wconf 89' lang='lat' dir='ltr'>pecca-</span> 
     </span>
    </p>
   </div>
   <div class='ocr_carea' id='block_1_25' title="bbox 297 2512 1941 2582">
    <p class='ocr_par' dir='ltr' id='par_1_25' title="bbox 297 2512 1941 2582">
     <span class='ocr_line' id='line_1_25' title="bbox 297 2512 1941 2582; baseline -0.001 -15"><span class='ocrx_word' id='word_1_179' title='bbox 297 2518 526 2569; x_wconf 89' lang='lat' dir='ltr'>verunt.</span> <span class='ocrx_word' id='word_1_180' title='bbox 587 2515 726 2569; x_wconf 91' lang='lat' dir='ltr'>Inde</span> <span class='ocrx_word' id='word_1_181' title='bbox 784 2513 929 2569; x_wconf 84' lang='lat' dir='ltr'>dixit</span> <span class='ocrx_word' id='word_1_182' title='bbox 977 2532 989 2569; x_wconf 92' lang='lat'><strong>:</strong></span> <span class='ocrx_word' id='word_1_183' title='bbox 1053 2513 1263 2568; x_wconf 78' lang='lat' dir='ltr'>Ccelum</span> <span class='ocrx_word' id='word_1_184' title='bbox 1301 2512 1444 2567; x_wconf 90' lang='lat' dir='ltr'>mihi</span> <span class='ocrx_word' id='word_1_185' title='bbox 1487 2512 1642 2568; x_wconf 84' lang='lat' dir='ltr'>sedes</span> <span class='ocrx_word' id='word_1_186' title='bbox 1687 2515 1765 2567; x_wconf 90' lang='lat' dir='ltr'>est</span> <span class='ocrx_word' id='word_1_187' title='bbox 1814 2512 1941 2582; x_wconf 90' lang='lat' dir='ltr'>(lsa.</span> 
     </span>
    </p>
   </div>
   <div class='ocr_carea' id='block_1_26' title="bbox 302 2602 1943 2674">
    <p class='ocr_par' dir='ltr' id='par_1_26' title="bbox 302 2602 1943 2674">
     <span class='ocr_line' id='line_1_26' title="bbox 302 2602 1943 2674; baseline -0.004 -18"><span class='ocrx_word' id='word_1_188' title='bbox 302 2619 453 2673; x_wconf 80' lang='lat' dir='ltr'>LXVI,</span> <span class='ocrx_word' id='word_1_189' title='bbox 487 2603 594 2673; x_wconf 78' lang='lat' dir='ltr'>l).«</span> <span class='ocrx_word' id='word_1_190' title='bbox 610 2603 763 2659; x_wconf 88' lang='lat' dir='ltr'>Deus</span> <span class='ocrx_word' id='word_1_191' title='bbox 795 2603 957 2657; x_wconf 90' lang='lat' dir='ltr'>sedet</span> <span class='ocrx_word' id='word_1_192' title='bbox 984 2618 1161 2674; x_wconf 86' lang='lat' dir='ltr'>super</span> <span class='ocrx_word' id='word_1_193' title='bbox 1190 2602 1385 2657; x_wconf 90' lang='lat' dir='ltr'>sedem</span> <span class='ocrx_word' id='word_1_194' title='bbox 1420 2606 1682 2657; x_wconf 88' lang='lat' dir='ltr'>sanctam</span> <span class='ocrx_word' id='word_1_195' title='bbox 1704 2616 1896 2665; x_wconf 84' lang='lat' dir='ltr'>suam,</span> <span class='ocrx_word' id='word_1_196' title='bbox 1916 2622 1943 2649; x_wconf 86' lang='lat'>»</span> 
     </span>
    </p>
   </div>
   <div class='ocr_carea' id='block_1_27' title="bbox 300 2689 1945 2759">
    <p class='ocr_par' dir='ltr' id='par_1_27' title="bbox 300 2689 1945 2759">
     <span class='ocr_line' id='line_1_27' title="bbox 300 2689 1945 2759; baseline -0.001 -16"><span class='ocrx_word' id='word_1_197' title='bbox 300 2689 410 2745; x_wconf 91' lang='lat' dir='ltr'>hoc</span> <span class='ocrx_word' id='word_1_198' title='bbox 440 2695 551 2755; x_wconf 89' lang='lat' dir='ltr'>est,</span> <span class='ocrx_word' id='word_1_199' title='bbox 584 2689 642 2745; x_wconf 93' lang='lat' dir='ltr'>in</span> <span class='ocrx_word' id='word_1_200' title='bbox 677 2689 949 2746; x_wconf 90' lang='lat' dir='ltr'>Ecclesia.</span> <span class='ocrx_word' id='word_1_201' title='bbox 984 2690 1146 2745; x_wconf 91' lang='lat' dir='ltr'>Unde</span> <span class='ocrx_word' id='word_1_202' title='bbox 1176 2690 1400 2745; x_wconf 91' lang='lat' dir='ltr'>dictum</span> <span class='ocrx_word' id='word_1_203' title='bbox 1427 2694 1517 2745; x_wconf 88' lang='lat' dir='ltr'>est</span> <span class='ocrx_word' id='word_1_204' title='bbox 1548 2707 1561 2745; x_wconf 92' lang='lat'><strong>:</strong></span> <span class='ocrx_word' id='word_1_205' title='bbox 1592 2690 1795 2745; x_wconf 79' lang='lat' dir='ltr'>Anima</span> <span class='ocrx_word' id='word_1_206' title='bbox 1821 2689 1945 2759; x_wconf 84' lang='lat' dir='ltr'>jus-</span> 
     </span>
    </p>
   </div>
   <div class='ocr_carea' id='block_1_28' title="bbox 299 2780 1434 2851">
    <p class='ocr_par' dir='ltr' id='par_1_28' title="bbox 299 2780 1434 2851">
     <span class='ocr_line' id='line_1_28' title="bbox 299 2780 1434 2851; baseline 0 -19"><span class='ocrx_word' id='word_1_207' title='bbox 299 2781 367 2849; x_wconf 84' lang='lat' dir='ltr'>ti,</span> <span class='ocrx_word' id='word_1_208' title='bbox 402 2780 561 2834; x_wconf 83' lang='lat' dir='ltr'>sedes</span> <span class='ocrx_word' id='word_1_209' title='bbox 592 2787 670 2834; x_wconf 90' lang='lat' dir='ltr'>est</span> <span class='ocrx_word' id='word_1_210' title='bbox 696 2781 984 2850; x_wconf 48' lang='lat' dir='ltr'>sapientia</span> <span class='ocrx_word' id='word_1_211' title='bbox 1015 2780 1163 2851; x_wconf 87' lang='lat' dir='ltr'>(Sap.</span> <span class='ocrx_word' id='word_1_212' title='bbox 1195 2796 1292 2847; x_wconf 80' lang='lat' dir='ltr'>vn,</span> <span class='ocrx_word' id='word_1_213' title='bbox 1328 2780 1434 2850; x_wconf 82' lang='grc'>12).</span> 
     </span>
    </p>
   </div>
   <div class='ocr_carea' id='block_1_29' title="bbox 375 2866 1945 2940">
    <p class='ocr_par' dir='ltr' id='par_1_29' title="bbox 375 2866 1945 2940">
     <span class='ocr_line' id='line_1_29' title="bbox 375 2866 1945 2940; baseline 0.001 -20"><span class='ocrx_word' id='word_1_214' title='bbox 375 2888 403 2915; x_wconf 91' lang='grc'>‹‹</span> <span class='ocrx_word' id='word_1_215' title='bbox 432 2867 730 2939; x_wconf 89' lang='lat' dir='ltr'>Principes</span> <span class='ocrx_word' id='word_1_216' title='bbox 762 2867 1134 2940; x_wconf 89' lang='lat' dir='ltr'>populorum.</span> <span class='ocrx_word' id='word_1_217' title='bbox 1167 2890 1196 2919; x_wconf 86' lang='lat'><strong>»</strong></span> <span class='ocrx_word' id='word_1_218' title='bbox 1224 2867 1507 2940; x_wconf 89' lang='lat' dir='ltr'>Apostoli.</span> <span class='ocrx_word' id='word_1_219' title='bbox 1540 2889 1567 2916; x_wconf 83' lang='lat'><strong>«</strong></span> <span class='ocrx_word' id='word_1_220' title='bbox 1602 2866 1945 2939; x_wconf 88' lang='lat' dir='ltr'>Congregati</span> 
     </span>
    </p>
   </div>
   <div class='ocr_carea' id='block_1_30' title="bbox 302 2955 1945 3027">
    <p class='ocr_par' dir='ltr' id='par_1_30' title="bbox 302 2955 1945 3027">
     <span class='ocr_line' id='line_1_30' title="bbox 302 2955 1945 3027; baseline 0 -18"><span class='ocrx_word' id='word_1_221' title='bbox 302 2960 461 3010; x_wconf 88' lang='lat' dir='ltr'>sunt.</span> <span class='ocrx_word' id='word_1_222' title='bbox 508 2980 529 3008; x_wconf 78' lang='grc' dir='ltr'><strong><em>ι</em></strong></span> <span class='ocrx_word' id='word_1_223' title='bbox 582 2956 669 3010; x_wconf 83' lang='lat' dir='ltr'>Ad</span> <span class='ocrx_word' id='word_1_224' title='bbox 710 2957 1123 3027; x_wconf 90' lang='lat' dir='ltr'>judicandum.</span> <span class='ocrx_word' id='word_1_225' title='bbox 1166 2955 1291 3027; x_wconf 92' lang='lat' dir='ltr'>Vel,</span> <span class='ocrx_word' id='word_1_226' title='bbox 1349 2980 1370 3006; x_wconf 73' lang='grc' dir='ltr'><strong>α</strong></span> <span class='ocrx_word' id='word_1_227' title='bbox 1419 2955 1713 3027; x_wconf 87' lang='lat' dir='ltr'>Principes</span> <span class='ocrx_word' id='word_1_228' title='bbox 1754 2972 1945 3027; x_wconf 90' lang='lat' dir='ltr'>popu-</span> 
     </span>
    </p>
   </div>
   <div class='ocr_carea' id='block_1_31' title="bbox 300 3044 1944 3116">
    <p class='ocr_par' dir='ltr' id='par_1_31' title="bbox 300 3044 1944 3116">
     <span class='ocr_line' id='line_1_31' title="bbox 300 3044 1944 3116; baseline -0.001 -16"><span class='ocrx_word' id='word_1_229' title='bbox 300 3046 513 3115; x_wconf 86' lang='lat' dir='ltr'>lorum,</span> <span class='ocrx_word' id='word_1_230' title='bbox 546 3068 567 3094; x_wconf 74' lang='grc' dir='ltr'><strong><em>ι</em></strong></span> <span class='ocrx_word' id='word_1_231' title='bbox 601 3045 660 3100; x_wconf 91' lang='lat' dir='ltr'>id</span> <span class='ocrx_word' id='word_1_232' title='bbox 700 3051 808 3115; x_wconf 92' lang='lat' dir='ltr'>est,</span> <span class='ocrx_word' id='word_1_233' title='bbox 850 3047 1107 3102; x_wconf 88' lang='lat' dir='ltr'>seniores</span> <span class='ocrx_word' id='word_1_234' title='bbox 1151 3044 1641 3116; x_wconf 84' lang='lat' dir='ltr'>Christianorum,</span> <span class='ocrx_word' id='word_1_235' title='bbox 1695 3060 1944 3116; x_wconf 91' lang='lat' dir='ltr'>quorum</span> 
     </span>
    </p>
   </div>
   <div class='ocr_carea' id='block_1_32' title="bbox 302 3133 1948 3207">
    <p class='ocr_par' dir='ltr' id='par_1_32' title="bbox 302 3133 1948 3207">
     <span class='ocr_line' id='line_1_32' title="bbox 302 3133 1948 3207; baseline 0 -18"><span class='ocrx_word' id='word_1_236' title='bbox 302 3135 549 3207; x_wconf 90' lang='lat' dir='ltr'>ﬁguram</span> <span class='ocrx_word' id='word_1_237' title='bbox 582 3136 819 3191; x_wconf 88' lang='lat' dir='ltr'>tenebat</span> <span class='ocrx_word' id='word_1_238' title='bbox 842 3137 1131 3205; x_wconf 90' lang='lat' dir='ltr'>centurio;</span> <span class='ocrx_word' id='word_1_239' title='bbox 1162 3134 1252 3191; x_wconf 87' lang='lat' dir='ltr'>vel</span> <span class='ocrx_word' id='word_1_240' title='bbox 1296 3136 1469 3191; x_wconf 90' lang='lat' dir='ltr'>modo</span> <span class='ocrx_word' id='word_1_241' title='bbox 1500 3133 1584 3189; x_wconf 92' lang='lat' dir='ltr'>illi</span> <span class='ocrx_word' id='word_1_242' title='bbox 1616 3134 1717 3206; x_wconf 91' lang='lat' dir='ltr'>qui</span> <span class='ocrx_word' id='word_1_243' title='bbox 1746 3138 1948 3190; x_wconf 87' lang='lat' dir='ltr'>tenent</span> 
     </span>
    </p>
   </div>
   <div class='ocr_carea' id='block_1_33' title="bbox 300 3222 1943 3294">
    <p class='ocr_par' dir='ltr' id='par_1_33' title="bbox 300 3222 1943 3294">
     <span class='ocr_line' id='line_1_33' title="bbox 300 3222 1943 3294; baseline 0.002 -18"><span class='ocrx_word' id='word_1_244' title='bbox 300 3223 491 3294; x_wconf 84' lang='lat' dir='ltr'>ipsam</span> <span class='ocrx_word' id='word_1_245' title='bbox 522 3224 722 3291; x_wconf 92' lang='lat' dir='ltr'>ﬁdem,</span> <span class='ocrx_word' id='word_1_246' title='bbox 744 3240 921 3294; x_wconf 92' lang='lat' dir='ltr'>quam</span> <span class='ocrx_word' id='word_1_247' title='bbox 952 3223 1160 3280; x_wconf 88' lang='lat' dir='ltr'>habuit</span> <span class='ocrx_word' id='word_1_248' title='bbox 1189 3223 1504 3280; x_wconf 91' lang='lat' dir='ltr'>Abraham.</span> <span class='ocrx_word' id='word_1_249' title='bbox 1539 3222 1703 3278; x_wconf 91' lang='lat' dir='ltr'>Unde</span> <span class='ocrx_word' id='word_1_250' title='bbox 1723 3222 1943 3279; x_wconf 88' lang='lat' dir='ltr'>dictum</span> 
     </span>
    </p>
   </div>
   <div class='ocr_carea' id='block_1_34' title="bbox 302 3312 1942 3379">
    <p class='ocr_par' dir='ltr' id='par_1_34' title="bbox 302 3312 1942 3379">
     <span class='ocr_line' id='line_1_34' title="bbox 302 3312 1942 3379; baseline 0.001 -14"><span class='ocrx_word' id='word_1_251' title='bbox 302 3316 390 3366; x_wconf 89' lang='lat' dir='ltr'>est</span> <span class='ocrx_word' id='word_1_252' title='bbox 423 3328 435 3365; x_wconf 89' lang='lat'>:</span> <span class='ocrx_word' id='word_1_253' title='bbox 468 3312 628 3367; x_wconf 81' lang='lat' dir='ltr'>Multi</span> <span class='ocrx_word' id='word_1_254' title='bbox 670 3315 893 3368; x_wconf 80' lang='lat' dir='ltr'>venient</span> <span class='ocrx_word' id='word_1_255' title='bbox 937 3314 1005 3368; x_wconf 91' lang='lat' dir='ltr'>ab</span> <span class='ocrx_word' id='word_1_256' title='bbox 1054 3314 1269 3368; x_wconf 83' lang='lat' dir='ltr'>Oriente</span> <span class='ocrx_word' id='word_1_257' title='bbox 1314 3321 1365 3367; x_wconf 91' lang='lat' dir='ltr'>et</span> <span class='ocrx_word' id='word_1_258' title='bbox 1412 3313 1719 3379; x_wconf 85' lang='lat' dir='ltr'>Occidente,</span> <span class='ocrx_word' id='word_1_259' title='bbox 1760 3317 1813 3368; x_wconf 92' lang='lat' dir='ltr'>et</span> <span class='ocrx_word' id='word_1_260' title='bbox 1861 3328 1942 3367; x_wconf 87' lang='lat' dir='ltr'>re-</span> 
     </span>
    </p>
   </div>
   <div class='ocr_carea' id='block_1_35' title="bbox 2116 716 3694 787">
    <p class='ocr_par' dir='ltr' id='par_1_35' title="bbox 2116 716 3694 787">
     <span class='ocr_line' id='line_1_35' title="bbox 2116 716 3694 787; baseline 0.004 -18"><span class='ocrx_word' id='word_1_261' title='bbox 2116 716 2305 773; x_wconf 84' lang='lat' dir='ltr'>lumen</span> <span class='ocrx_word' id='word_1_262' title='bbox 2335 732 2541 784; x_wconf 88' lang='lat' dir='ltr'>verum,</span> <span class='ocrx_word' id='word_1_263' title='bbox 2575 717 2713 787; x_wconf 87' lang='lat' dir='ltr'>quod</span> <span class='ocrx_word' id='word_1_264' title='bbox 2742 717 3027 772; x_wconf 80' lang='lat' dir='ltr'>illuminat</span> <span class='ocrx_word' id='word_1_265' title='bbox 3057 733 3274 773; x_wconf 85' lang='lat' dir='ltr'>onmem</span> <span class='ocrx_word' id='word_1_266' title='bbox 3302 716 3576 774; x_wconf 76' lang='lat' dir='ltr'>hominem</span> <span class='ocrx_word' id='word_1_267' title='bbox 3600 735 3694 775; x_wconf 84' lang='lat' dir='ltr'>ve-</span> 
     </span>
    </p>
   </div>
   <div class='ocr_carea' id='block_1_36' title="bbox 2112 788 3693 860">
    <p class='ocr_par' dir='ltr' id='par_1_36' title="bbox 2112 788 3693 860">
     <span class='ocr_line' id='line_1_36' title="bbox 2112 788 3693 860; baseline 0.003 -19"><span class='ocrx_word' id='word_1_268' title='bbox 2112 788 2361 860; x_wconf 16' lang='lat' dir='ltr'>nientem,</span> <span class='ocrx_word' id='word_1_269' title='bbox 2402 790 2461 843; x_wconf 90' lang='lat' dir='ltr'>in</span> <span class='ocrx_word' id='word_1_270' title='bbox 2503 788 2647 842; x_wconf 85' lang='lat' dir='ltr'>hunc</span> <span class='ocrx_word' id='word_1_271' title='bbox 2694 788 3181 860; x_wconf 22' lang='lat' dir='ltr'>mundum,(loan.</span> <span class='ocrx_word' id='word_1_272' title='bbox 3220 807 3257 859; x_wconf 80' lang='grc' dir='ltr'>ι,</span> <span class='ocrx_word' id='word_1_273' title='bbox 3284 790 3359 860; x_wconf 89' lang='grc'>9).</span> <span class='ocrx_word' id='word_1_274' title='bbox 3419 791 3693 846; x_wconf 90' lang='lat' dir='ltr'>Secunda</span> 
     </span>
    </p>
   </div>
   <div class='ocr_carea' id='block_1_37' title="bbox 2127 858 3698 929">
    <p class='ocr_par' dir='ltr' id='par_1_37' title="bbox 2127 858 3698 929">
     <span class='ocr_line' id='line_1_37' title="bbox 2127 858 3698 929; baseline 0.003 -16"><span class='ocrx_word' id='word_1_275' title='bbox 2127 858 2388 929; x_wconf 90' lang='lat' dir='ltr'>Sabbati,</span> <span class='ocrx_word' id='word_1_276' title='bbox 2441 860 2670 914; x_wconf 89' lang='lat' dir='ltr'>ﬁrmata</span> <span class='ocrx_word' id='word_1_277' title='bbox 2718 864 2808 915; x_wconf 86' lang='lat' dir='ltr'>est</span> <span class='ocrx_word' id='word_1_278' title='bbox 2863 858 3117 915; x_wconf 89' lang='lat' dir='ltr'>Ecclesia</span> <span class='ocrx_word' id='word_1_279' title='bbox 3173 858 3249 915; x_wconf 90' lang='lat' dir='ltr'>in</span> <span class='ocrx_word' id='word_1_280' title='bbox 3290 858 3424 928; x_wconf 87' lang='lat' dir='ltr'>ﬁde,</span> <span class='ocrx_word' id='word_1_281' title='bbox 3463 863 3698 929; x_wconf 88' lang='lat' dir='ltr'>quando</span> 
     </span>
    </p>
   </div>
   <div class='ocr_carea' id='block_1_38' title="bbox 2117 879 3693 1004">
    <p class='ocr_par' dir='ltr' id='par_1_38' title="bbox 2117 879 3693 1004">
     <span class='ocr_line' id='line_1_38' title="bbox 2127 879 3693 929; baseline 0.003 -16"><span class='ocrx_word' id='word_1_282' title='bbox 2127 879 2388 929; x_wconf 71' lang='lat' dir='ltr'>oannau,</span> <span class='ocrx_word' id='word_1_283' title='bbox 2441 879 2670 914; x_wconf 76' lang='lat' dir='ltr'>urmata</span> <span class='ocrx_word' id='word_1_284' title='bbox 2718 879 2808 915; x_wconf 67' lang='lat' dir='ltr'>esu</span> <span class='ocrx_word' id='word_1_285' title='bbox 2864 879 3117 915; x_wconf 62' lang='lat'>150018818.</span> <span class='ocrx_word' id='word_1_286' title='bbox 3173 879 3233 915; x_wconf 79' lang='lat' dir='ltr'>in</span> <span class='ocrx_word' id='word_1_287' title='bbox 3290 879 3424 928; x_wconf 86' lang='lat' dir='ltr'>nne,</span> <span class='ocrx_word' id='word_1_288' title='bbox 3504 879 3693 917; x_wconf 83' lang='lat' dir='ltr'>uanae</span> 
     </span>
     <span class='ocr_line' id='line_1_39' title="bbox 2117 879 3693 1004; baseline 0.003 -21"><span class='ocrx_word' id='word_1_289' title='bbox 2117 929 2263 1004; x_wconf 72' lang='lat' dir='ltr'>dixit</span> <span class='ocrx_word' id='word_1_290' title='bbox 2300 930 2585 1004; x_wconf 89' lang='lat' dir='ltr'>Dominus</span> <span class='ocrx_word' id='word_1_291' title='bbox 2619 948 2631 985; x_wconf 90' lang='lat'>:</span> <span class='ocrx_word' id='word_1_292' title='bbox 2663 931 2729 1004; x_wconf 77' lang='lat' dir='ltr'>Et</span> <span class='ocrx_word' id='word_1_293' title='bbox 2757 947 2923 1004; x_wconf 86' lang='lat' dir='ltr'>super</span> <span class='ocrx_word' id='word_1_294' title='bbox 2970 931 3111 986; x_wconf 88' lang='lat' dir='ltr'>hanc</span> <span class='ocrx_word' id='word_1_295' title='bbox 3153 936 3367 1004; x_wconf 85' lang='lat' dir='ltr'>petram</span> <span class='ocrx_word' id='word_1_296' title='bbox 3417 879 3693 1004; x_wconf 59' lang='lat' dir='ltr'>wgiﬁeabo</span> 
     </span>
    </p>
   </div>
   <div class='ocr_carea' id='block_1_39' title="bbox 2112 1001 3695 1085">
    <p class='ocr_par' dir='ltr' id='par_1_39' title="bbox 2112 1001 3695 1085">
     <span class='ocr_line' id='line_1_40' title="bbox 2112 1001 3695 1085; baseline 0.003 -31"><span class='ocrx_word' id='word_1_297' title='bbox 2112 1001 2410 1080; x_wconf 79' lang='lat' dir='ltr'>Ecclesiam</span> <span class='ocrx_word' id='word_1_298' title='bbox 2440 1018 2619 1085; x_wconf 82' lang='lat' dir='ltr'>meam</span> <span class='ocrx_word' id='word_1_299' title='bbox 2639 1003 2849 1085; x_wconf 51' lang='lat' dir='ltr'>(Matth.</span> <span class='ocrx_word' id='word_1_300' title='bbox 2900 1018 3014 1085; x_wconf 58' lang='lat' dir='ltr'>avi,</span> <span class='ocrx_word' id='word_1_301' title='bbox 3070 1001 3180 1085; x_wconf 84' lang='lat'>18),</span> <span class='ocrx_word' id='word_1_302' title='bbox 3233 1001 3695 1085; x_wconf 38' lang='lat' dir='ltr'>Psalmus&#39;totus</span> 
     </span>
    </p>
   </div>
   <div class='ocr_carea' id='block_1_40' title="bbox 2123 1072 3699 1144">
    <p class='ocr_par' dir='ltr' id='par_1_40' title="bbox 2123 1072 3699 1144">
     <span class='ocr_line' id='line_1_41' title="bbox 2123 1072 3699 1144; baseline 0.005 -20"><span class='ocrx_word' id='word_1_303' title='bbox 2123 1072 2277 1127; x_wconf 89' lang='lat' dir='ltr'>circa</span> <span class='ocrx_word' id='word_1_304' title='bbox 2304 1077 2567 1144; x_wconf 87' lang='lat' dir='ltr'>sanctam</span> <span class='ocrx_word' id='word_1_305' title='bbox 2599 1072 2849 1144; x_wconf 87' lang='lat' dir='ltr'>plebem,</span> <span class='ocrx_word' id='word_1_306' title='bbox 2899 1077 3059 1128; x_wconf 90' lang='lat' dir='ltr'>totus</span> <span class='ocrx_word' id='word_1_307' title='bbox 3106 1072 3259 1129; x_wconf 92' lang='lat' dir='ltr'>circa</span> <span class='ocrx_word' id='word_1_308' title='bbox 3307 1074 3699 1132; x_wconf 87' lang='lat' dir='ltr'>ecclesiastica</span> 
     </span>
    </p>
   </div>
   <div class='ocr_carea' id='block_1_41' title="bbox 2116 1143 2830 1215">
    <p class='ocr_par' dir='ltr' id='par_1_41' title="bbox 2116 1143 2830 1215">
     <span class='ocr_line' id='line_1_42' title="bbox 2116 1143 2830 1215; baseline 0.004 -19"><span class='ocrx_word' id='word_1_309' title='bbox 2116 1143 2391 1215; x_wconf 85' lang='lat' dir='ltr'>mysteria</span> <span class='ocrx_word' id='word_1_310' title='bbox 2417 1143 2830 1200; x_wconf 86' lang='lat' dir='ltr'>commoratur.</span> 
     </span>
    </p>
   </div>
   <div class='ocr_carea' id='block_1_42' title="bbox 2119 1268 3695 1341">
    <p class='ocr_par' dir='ltr' id='par_1_42' title="bbox 2119 1268 3695 1341">
     <span class='ocr_line' id='line_1_43' title="bbox 2119 1268 3695 1341; baseline 0.006 -22"><span class='ocrx_word' id='word_1_311' title='bbox 2119 1290 2148 1318; x_wconf 85' lang='lat'><strong>«</strong></span> <span class='ocrx_word' id='word_1_312' title='bbox 2180 1268 2426 1341; x_wconf 89' lang='lat' dir='ltr'>Magnus</span> <span class='ocrx_word' id='word_1_313' title='bbox 2475 1268 2759 1325; x_wconf 87' lang='lat' dir='ltr'>Dominus</span> <span class='ocrx_word' id='word_1_314' title='bbox 2805 1273 2862 1325; x_wconf 85' lang='lat' dir='ltr'>et</span> <span class='ocrx_word' id='word_1_315' title='bbox 2908 1268 3221 1325; x_wconf 90' lang='lat' dir='ltr'>laudabilis</span> <span class='ocrx_word' id='word_1_316' title='bbox 3272 1270 3449 1326; x_wconf 92' lang='lat' dir='ltr'>nimis</span> <span class='ocrx_word' id='word_1_317' title='bbox 3514 1294 3544 1321; x_wconf 84' lang='lat'>»</span> <span class='ocrx_word' id='word_1_318' title='bbox 3573 1272 3695 1329; x_wconf 83' lang='lat' dir='ltr'>Vox</span> 
     </span>
    </p>
   </div>
   <div class='ocr_carea' id='block_1_43' title="bbox 2045 1356 3692 1430">
    <p class='ocr_par' dir='ltr' id='par_1_43' title="bbox 2045 1356 3692 1430">
     <span class='ocr_line' id='line_1_44' title="bbox 2045 1356 3692 1430; baseline 0.003 -20"><span class='ocrx_word' id='word_1_319' title='bbox 2045 1356 2331 1411; x_wconf 71' lang='lat' dir='ltr'>Ecclesiae.</span> <span class='ocrx_word' id='word_1_320' title='bbox 2364 1360 2606 1429; x_wconf 84' lang='lat' dir='ltr'>Magnus</span> <span class='ocrx_word' id='word_1_321' title='bbox 2634 1357 2869 1426; x_wconf 91' lang='lat' dir='ltr'>dicitur,</span> <span class='ocrx_word' id='word_1_322' title='bbox 2919 1374 3034 1412; x_wconf 92' lang='lat' dir='ltr'>non</span> <span class='ocrx_word' id='word_1_323' title='bbox 3085 1358 3540 1430; x_wconf 86' lang='lat' dir='ltr'>comparatione,</span> <span class='ocrx_word' id='word_1_324' title='bbox 3591 1360 3692 1415; x_wconf 91' lang='lat' dir='ltr'>sed</span> 
     </span>
    </p>
   </div>
   <div class='ocr_carea' id='block_1_44' title="bbox 2047 1444 3692 1520">
    <p class='ocr_par' dir='ltr' id='par_1_44' title="bbox 2047 1444 3692 1520">
     <span class='ocr_line' id='line_1_45' title="bbox 2047 1444 3692 1520; baseline 0.002 -21"><span class='ocrx_word' id='word_1_325' title='bbox 2047 1460 2149 1516; x_wconf 91' lang='lat' dir='ltr'>pro</span> <span class='ocrx_word' id='word_1_326' title='bbox 2181 1446 2583 1516; x_wconf 82' lang='lat' dir='ltr'>magnitudine</span> <span class='ocrx_word' id='word_1_327' title='bbox 2614 1444 2808 1518; x_wconf 68' lang='lat' dir='ltr'>gloriae</span> <span class='ocrx_word' id='word_1_328' title='bbox 2839 1463 2978 1501; x_wconf 66' lang='grc' dir='ltr'>θυῖε.</span> <span class='ocrx_word' id='word_1_329' title='bbox 3006 1447 3183 1511; x_wconf 89' lang='lat' dir='ltr'>Quasi</span> <span class='ocrx_word' id='word_1_330' title='bbox 3212 1446 3692 1520; x_wconf 86' lang='lat' dir='ltr'>interrogaretur.</span> 
     </span>
    </p>
   </div>
   <div class='ocr_carea' id='block_1_45' title="bbox 2034 1533 3693 1608">
    <p class='ocr_par' dir='ltr' id='par_1_45' title="bbox 2034 1533 3693 1608">
     <span class='ocr_line' id='line_1_46' title="bbox 2034 1533 3693 1608; baseline 0.001 -20"><span class='ocrx_word' id='word_1_331' title='bbox 2034 1533 2146 1603; x_wconf 11' lang='lat' dir='ltr'>(ubi</span> <span class='ocrx_word' id='word_1_332' title='bbox 2178 1550 2450 1605; x_wconf 91' lang='lat' dir='ltr'>magnus,</span> <span class='ocrx_word' id='word_1_333' title='bbox 2500 1534 2600 1589; x_wconf 92' lang='lat' dir='ltr'>ubi</span> <span class='ocrx_word' id='word_1_334' title='bbox 2652 1534 2967 1589; x_wconf 90' lang='lat' dir='ltr'>laudabilis</span> <span class='ocrx_word' id='word_1_335' title='bbox 2988 1535 3016 1589; x_wconf 85' lang='lat'><strong>?</strong></span> <span class='ocrx_word' id='word_1_336' title='bbox 3048 1534 3380 1608; x_wconf 83' lang='lat' dir='ltr'>Respondet</span> <span class='ocrx_word' id='word_1_337' title='bbox 3408 1552 3420 1591; x_wconf 90' lang='lat'>:</span> <span class='ocrx_word' id='word_1_338' title='bbox 3457 1559 3486 1586; x_wconf 88' lang='lat'><strong>«</strong></span> <span class='ocrx_word' id='word_1_339' title='bbox 3519 1537 3580 1591; x_wconf 92' lang='lat' dir='ltr'>In</span> <span class='ocrx_word' id='word_1_340' title='bbox 3612 1536 3693 1592; x_wconf 87' lang='lat' dir='ltr'>ci-</span> 
     </span>
    </p>
   </div>
   <div class='ocr_carea' id='block_1_46' title="bbox 2046 1621 3695 1695">
    <p class='ocr_par' dir='ltr' id='par_1_46' title="bbox 2046 1621 3695 1695">
     <span class='ocr_line' id='line_1_47' title="bbox 2046 1621 3695 1695; baseline 0.001 -18"><span class='ocrx_word' id='word_1_341' title='bbox 2046 1622 2221 1677; x_wconf 87' lang='lat' dir='ltr'>vitate</span> <span class='ocrx_word' id='word_1_342' title='bbox 2250 1621 2349 1677; x_wconf 92' lang='lat' dir='ltr'>Dei</span> <span class='ocrx_word' id='word_1_343' title='bbox 2382 1623 2587 1677; x_wconf 87' lang='lat' dir='ltr'>nostri.</span> <span class='ocrx_word' id='word_1_344' title='bbox 2624 1644 2652 1671; x_wconf 85' lang='lat'>»</span> <span class='ocrx_word' id='word_1_345' title='bbox 2680 1622 2887 1677; x_wconf 82' lang='lat' dir='ltr'>Anima</span> <span class='ocrx_word' id='word_1_346' title='bbox 2913 1623 3316 1693; x_wconf 89' lang='lat' dir='ltr'>sancta,cujus</span> <span class='ocrx_word' id='word_1_347' title='bbox 3347 1623 3499 1679; x_wconf 88' lang='lat' dir='ltr'>cives</span> <span class='ocrx_word' id='word_1_348' title='bbox 3520 1627 3695 1695; x_wconf 91' lang='lat' dir='ltr'>atque</span> 
     </span>
    </p>
   </div>
   <div class='ocr_carea' id='block_1_47' title="bbox 2049 1709 3694 1783">
    <p class='ocr_par' dir='ltr' id='par_1_47' title="bbox 2049 1709 3694 1783">
     <span class='ocr_line' id='line_1_48' title="bbox 2049 1709 3694 1783; baseline 0 -16"><span class='ocrx_word' id='word_1_349' title='bbox 2049 1710 2374 1777; x_wconf 89' lang='lat' dir='ltr'>domestici,</span> <span class='ocrx_word' id='word_1_350' title='bbox 2434 1709 2571 1765; x_wconf 89' lang='lat' dir='ltr'>boni</span> <span class='ocrx_word' id='word_1_351' title='bbox 2620 1717 2783 1767; x_wconf 87' lang='lat' dir='ltr'>actus</span> <span class='ocrx_word' id='word_1_352' title='bbox 2830 1709 3258 1783; x_wconf 89' lang='lat' dir='ltr'>intelliguntur.</span> <span class='ocrx_word' id='word_1_353' title='bbox 3304 1734 3333 1761; x_wconf 87' lang='lat'><strong><em>«</em></strong></span> <span class='ocrx_word' id='word_1_354' title='bbox 3385 1712 3447 1766; x_wconf 93' lang='lat' dir='ltr'>In</span> <span class='ocrx_word' id='word_1_355' title='bbox 3495 1716 3694 1768; x_wconf 91' lang='lat' dir='ltr'>monte</span> 
     </span>
    </p>
   </div>
   <div class='ocr_carea' id='block_1_48' title="bbox 2049 1798 3695 1872">
    <p class='ocr_par' dir='ltr' id='par_1_48' title="bbox 2049 1798 3695 1872">
     <span class='ocr_line' id='line_1_49' title="bbox 2049 1798 3695 1872; baseline -0.001 -16"><span class='ocrx_word' id='word_1_356' title='bbox 2049 1804 2251 1857; x_wconf 89' lang='lat' dir='ltr'>sancto</span> <span class='ocrx_word' id='word_1_357' title='bbox 2282 1800 2431 1872; x_wconf 87' lang='lat' dir='ltr'>ejus.</span> <span class='ocrx_word' id='word_1_358' title='bbox 2459 1821 2487 1850; x_wconf 84' lang='grc'>››</span> <span class='ocrx_word' id='word_1_359' title='bbox 2524 1801 2587 1855; x_wconf 90' lang='lat' dir='ltr'>In</span> <span class='ocrx_word' id='word_1_360' title='bbox 2618 1804 2923 1872; x_wconf 90' lang='lat' dir='ltr'>assumpto</span> <span class='ocrx_word' id='word_1_361' title='bbox 2953 1798 3240 1855; x_wconf 91' lang='lat' dir='ltr'>Dominici</span> <span class='ocrx_word' id='word_1_362' title='bbox 3272 1798 3529 1855; x_wconf 88' lang='lat' dir='ltr'>hominis</span> <span class='ocrx_word' id='word_1_363' title='bbox 3564 1816 3695 1855; x_wconf 89' lang='lat' dir='ltr'>cor-</span> 
     </span>
    </p>
   </div>
   <div class='ocr_carea' id='block_1_49' title="bbox 2049 1906 2207 1963">
    <p class='ocr_par' dir='ltr' id='par_1_49' title="bbox 2049 1906 2207 1963">
     <span class='ocr_line' id='line_1_50' title="bbox 2049 1906 2207 1963; baseline -0.019 -17"><span class='ocrx_word' id='word_1_364' title='bbox 2049 1906 2207 1963; x_wconf 90' lang='lat' dir='ltr'>pore.</span> 
     </span>
    </p>
   </div>
   <div class='ocr_carea' id='block_1_50' title="bbox 2129 1977 3694 2035">
    <p class='ocr_par' dir='ltr' id='par_1_50' title="bbox 2129 1977 3694 2035">
     <span class='ocr_line' id='line_1_51' title="bbox 2129 1977 3694 2035; baseline 0.004 -6"><span class='ocrx_word' id='word_1_365' title='bbox 2129 2003 2149 2029; x_wconf 76' lang='lat' dir='ltr'>a</span> <span class='ocrx_word' id='word_1_366' title='bbox 2186 1978 2486 2035; x_wconf 88' lang='lat' dir='ltr'>Fundatur</span> <span class='ocrx_word' id='word_1_367' title='bbox 2533 1977 2886 2034; x_wconf 86' lang='lat' dir='ltr'>exultatione</span> <span class='ocrx_word' id='word_1_368' title='bbox 2941 1977 3225 2034; x_wconf 69' lang='lat' dir='ltr'>universae</span> <span class='ocrx_word' id='word_1_369' title='bbox 3275 1980 3462 2034; x_wconf 68' lang='lat' dir='ltr'>terrae.</span> <span class='ocrx_word' id='word_1_370' title='bbox 3498 1998 3528 2028; x_wconf 88' lang='lat'>»</span> <span class='ocrx_word' id='word_1_371' title='bbox 3557 1978 3694 2034; x_wconf 89' lang='lat' dir='ltr'>Ter-</span> 
     </span>
    </p>
   </div>
   <div class='ocr_carea' id='block_1_51' title="bbox 2052 2066 3698 2142">
    <p class='ocr_par' dir='ltr' id='par_1_51' title="bbox 2052 2066 3698 2142">
     <span class='ocr_line' id='line_1_52' title="bbox 2052 2066 3698 2142; baseline -0.001 -17"><span class='ocrx_word' id='word_1_372' title='bbox 2052 2085 2178 2125; x_wconf 87' lang='lat' dir='ltr'>ram</span> <span class='ocrx_word' id='word_1_373' title='bbox 2201 2086 2327 2142; x_wconf 82' lang='lat' dir='ltr'>quae</span> <span class='ocrx_word' id='word_1_374' title='bbox 2350 2068 2514 2140; x_wconf 89' lang='lat' dir='ltr'>prius</span> <span class='ocrx_word' id='word_1_375' title='bbox 2539 2066 2791 2140; x_wconf 87' lang='lat' dir='ltr'>peccatis</span> <span class='ocrx_word' id='word_1_376' title='bbox 2821 2071 2879 2123; x_wconf 87' lang='lat' dir='ltr'>et</span> <span class='ocrx_word' id='word_1_377' title='bbox 2908 2066 3416 2124; x_wconf 49' lang='lat' dir='ltr'>maledictionibus</span> <span class='ocrx_word' id='word_1_378' title='bbox 3438 2067 3698 2138; x_wconf 88' lang='lat' dir='ltr'>subjace-</span> 
     </span>
    </p>
   </div>
   <div class='ocr_carea' id='block_1_52' title="bbox 2051 2156 3697 2231">
    <p class='ocr_par' dir='ltr' id='par_1_52' title="bbox 2051 2156 3697 2231">
     <span class='ocr_line' id='line_1_53' title="bbox 2051 2156 3697 2231; baseline -0.002 -17"><span class='ocrx_word' id='word_1_379' title='bbox 2051 2159 2172 2230; x_wconf 91' lang='lat' dir='ltr'>bat,</span> <span class='ocrx_word' id='word_1_380' title='bbox 2221 2156 2560 2213; x_wconf 89' lang='lat' dir='ltr'>ascensione</span> <span class='ocrx_word' id='word_1_381' title='bbox 2589 2173 2696 2213; x_wconf 90' lang='lat' dir='ltr'>sua</span> <span class='ocrx_word' id='word_1_382' title='bbox 2752 2156 3074 2231; x_wconf 87' lang='lat' dir='ltr'>occupavit,</span> <span class='ocrx_word' id='word_1_383' title='bbox 3107 2160 3283 2229; x_wconf 91' lang='lat' dir='ltr'>atque</span> <span class='ocrx_word' id='word_1_384' title='bbox 3310 2157 3368 2211; x_wconf 93' lang='lat' dir='ltr'>in</span> <span class='ocrx_word' id='word_1_385' title='bbox 3398 2173 3466 2212; x_wconf 88' lang='lat' dir='ltr'>ea</span> <span class='ocrx_word' id='word_1_386' title='bbox 3494 2156 3697 2211; x_wconf 90' lang='lat' dir='ltr'>credu-</span> 
     </span>
    </p>
   </div>
   <div class='ocr_carea' id='block_1_53' title="bbox 2051 2242 3695 2303">
    <p class='ocr_par' dir='ltr' id='par_1_53' title="bbox 2051 2242 3695 2303">
     <span class='ocr_line' id='line_1_54' title="bbox 2051 2242 3695 2303; baseline -0.002 -1"><span class='ocrx_word' id='word_1_387' title='bbox 2051 2247 2234 2303; x_wconf 90' lang='lat' dir='ltr'>litatis</span> <span class='ocrx_word' id='word_1_388' title='bbox 2266 2263 2382 2301; x_wconf 66' lang='lat' dir='ltr'>suae</span> <span class='ocrx_word' id='word_1_389' title='bbox 2412 2246 2858 2302; x_wconf 83' lang='lat' dir='ltr'>exsultationem</span> <span class='ocrx_word' id='word_1_390' title='bbox 2898 2262 2965 2302; x_wconf 90' lang='lat' dir='ltr'>ac</span> <span class='ocrx_word' id='word_1_391' title='bbox 2992 2245 3252 2301; x_wconf 64' lang='lat' dir='ltr'>laetitiam</span> <span class='ocrx_word' id='word_1_392' title='bbox 3283 2244 3562 2301; x_wconf 89' lang='lat' dir='ltr'>dilatavit.</span> <span class='ocrx_word' id='word_1_393' title='bbox 3595 2242 3695 2301; x_wconf 85' lang='lat' dir='ltr'>Vel</span> 
     </span>
    </p>
   </div>
   <div class='ocr_carea' id='block_1_54' title="bbox 2054 2333 3693 2403">
    <p class='ocr_par' dir='ltr' id='par_1_54' title="bbox 2054 2333 3693 2403">
     <span class='ocr_line' id='line_1_55' title="bbox 2054 2333 3693 2403; baseline -0.003 -10"><span class='ocrx_word' id='word_1_394' title='bbox 2054 2338 2298 2393; x_wconf 82' lang='lat' dir='ltr'>fundata</span> <span class='ocrx_word' id='word_1_395' title='bbox 2327 2336 2458 2403; x_wconf 85' lang='lat' dir='ltr'>luit,</span> <span class='ocrx_word' id='word_1_396' title='bbox 2491 2340 2549 2391; x_wconf 91' lang='lat' dir='ltr'>et</span> <span class='ocrx_word' id='word_1_397' title='bbox 2573 2340 2663 2391; x_wconf 89' lang='lat' dir='ltr'>est</span> <span class='ocrx_word' id='word_1_398' title='bbox 2691 2334 3034 2401; x_wconf 87' lang='lat' dir='ltr'>Ecclesia,in</span> <span class='ocrx_word' id='word_1_399' title='bbox 3064 2339 3182 2391; x_wconf 91' lang='lat' dir='ltr'>toto</span> <span class='ocrx_word' id='word_1_400' title='bbox 3216 2335 3435 2391; x_wconf 91' lang='lat' dir='ltr'>mundo</span> <span class='ocrx_word' id='word_1_401' title='bbox 3464 2334 3525 2389; x_wconf 91' lang='lat' dir='ltr'>in</span> <span class='ocrx_word' id='word_1_402' title='bbox 3559 2333 3693 2389; x_wconf 88' lang='lat' dir='ltr'>ﬁde.</span> 
     </span>
    </p>
   </div>
   <div class='ocr_carea' id='block_1_55' title="bbox 2055 2422 3695 2497">
    <p class='ocr_par' dir='ltr' id='par_1_55' title="bbox 2055 2422 3695 2497">
     <span class='ocr_line' id='line_1_56' title="bbox 2055 2422 3695 2497; baseline -0.001 -21"><span class='ocrx_word' id='word_1_403' title='bbox 2055 2426 2255 2481; x_wconf 67' lang='lat' dir='ltr'>.Mons</span> <span class='ocrx_word' id='word_1_404' title='bbox 2286 2425 2447 2493; x_wconf 91' lang='lat' dir='ltr'>Sion,</span> <span class='ocrx_word' id='word_1_405' title='bbox 2478 2425 2660 2481; x_wconf 88' lang='lat' dir='ltr'>latera</span> <span class='ocrx_word' id='word_1_406' title='bbox 2689 2423 3209 2496; x_wconf 89' lang='lat' dir='ltr'>aquilonis,civitas</span> <span class='ocrx_word' id='word_1_407' title='bbox 3236 2424 3406 2497; x_wconf 85' lang='lat' dir='ltr'>Regi</span> <span class='ocrx_word' id='word_1_408' title='bbox 3430 2422 3695 2495; x_wconf 84' lang='lat' dir='ltr'>magni.»</span> 
     </span>
    </p>
   </div>
   <div class='ocr_carea' id='block_1_56' title="bbox 2052 2512 3695 2585">
    <p class='ocr_par' dir='ltr' id='par_1_56' title="bbox 2052 2512 3695 2585">
     <span class='ocr_line' id='line_1_57' title="bbox 2052 2512 3695 2585; baseline -0.002 -16"><span class='ocrx_word' id='word_1_409' title='bbox 2052 2516 2139 2570; x_wconf 83' lang='lat' dir='ltr'>Ad</span> <span class='ocrx_word' id='word_1_410' title='bbox 2171 2514 2328 2569; x_wconf 92' lang='lat' dir='ltr'>hunc</span> <span class='ocrx_word' id='word_1_411' title='bbox 2358 2518 2637 2585; x_wconf 91' lang='lat' dir='ltr'>montem,</span> <span class='ocrx_word' id='word_1_412' title='bbox 2668 2514 2727 2569; x_wconf 91' lang='lat' dir='ltr'>id</span> <span class='ocrx_word' id='word_1_413' title='bbox 2757 2518 2866 2581; x_wconf 87' lang='lat' dir='ltr'>est,</span> <span class='ocrx_word' id='word_1_414' title='bbox 2896 2513 2968 2568; x_wconf 90' lang='lat' dir='ltr'>ad</span> <span class='ocrx_word' id='word_1_415' title='bbox 3012 2513 3307 2569; x_wconf 88' lang='lat' dir='ltr'>Christum</span> <span class='ocrx_word' id='word_1_416' title='bbox 3356 2512 3695 2579; x_wconf 90' lang='lat' dir='ltr'>Dominum,</span> 
     </span>
    </p>
   </div>
   <div class='ocr_carea' id='block_1_57' title="bbox 2053 2599 3696 2675">
    <p class='ocr_par' dir='ltr' id='par_1_57' title="bbox 2053 2599 3696 2675">
     <span class='ocr_line' id='line_1_58' title="bbox 2053 2599 3696 2675; baseline -0.002 -16"><span class='ocrx_word' id='word_1_417' title='bbox 2053 2607 2425 2659; x_wconf 87' lang='lat' dir='ltr'>accesserunt</span> <span class='ocrx_word' id='word_1_418' title='bbox 2455 2603 2571 2658; x_wconf 92' lang='lat' dir='ltr'>duo</span> <span class='ocrx_word' id='word_1_419' title='bbox 2603 2601 2798 2675; x_wconf 91' lang='lat' dir='ltr'>populi</span> <span class='ocrx_word' id='word_1_420' title='bbox 2830 2619 2898 2657; x_wconf 82' lang='lat' dir='ltr'>ex</span> <span class='ocrx_word' id='word_1_421' title='bbox 2936 2601 3073 2656; x_wconf 92' lang='lat' dir='ltr'>Sion</span> <span class='ocrx_word' id='word_1_422' title='bbox 3103 2618 3293 2657; x_wconf 90' lang='lat' dir='ltr'>:unus</span> <span class='ocrx_word' id='word_1_423' title='bbox 3315 2602 3385 2656; x_wconf 92' lang='lat' dir='ltr'>de</span> <span class='ocrx_word' id='word_1_424' title='bbox 3412 2599 3696 2655; x_wconf 89' lang='lat' dir='ltr'>lateribus</span> 
     </span>
    </p>
   </div>
   <div class='ocr_carea' id='block_1_58' title="bbox 2052 2688 3697 2764">
    <p class='ocr_par' dir='ltr' id='par_1_58' title="bbox 2052 2688 3697 2764">
     <span class='ocr_line' id='line_1_59' title="bbox 2052 2688 3697 2764; baseline -0.004 -16"><span class='ocrx_word' id='word_1_425' title='bbox 2052 2691 2368 2764; x_wconf 87' lang='lat' dir='ltr'>aquilonis,</span> <span class='ocrx_word' id='word_1_426' title='bbox 2401 2691 2501 2763; x_wconf 92' lang='lat' dir='ltr'>qui</span> <span class='ocrx_word' id='word_1_427' title='bbox 2525 2695 2613 2747; x_wconf 90' lang='lat' dir='ltr'>est</span> <span class='ocrx_word' id='word_1_428' title='bbox 2642 2707 2711 2745; x_wconf 81' lang='lat' dir='ltr'>ex</span> <span class='ocrx_word' id='word_1_429' title='bbox 2739 2690 3041 2762; x_wconf 75' lang='lat' dir='ltr'>praeputio,</span> <span class='ocrx_word' id='word_1_430' title='bbox 3093 2689 3236 2746; x_wconf 87' lang='lat' dir='ltr'>alter</span> <span class='ocrx_word' id='word_1_431' title='bbox 3282 2706 3351 2745; x_wconf 81' lang='lat' dir='ltr'>ex</span> <span class='ocrx_word' id='word_1_432' title='bbox 3396 2688 3697 2744; x_wconf 89' lang='lat' dir='ltr'>circumci-</span> 
     </span>
    </p>
   </div>
   <div class='ocr_carea' id='block_1_59' title="bbox 2053 2779 3691 2851">
    <p class='ocr_par' dir='ltr' id='par_1_59' title="bbox 2053 2779 3691 2851">
     <span class='ocr_line' id='line_1_60' title="bbox 2053 2779 3691 2851; baseline -0.004 -13"><span class='ocrx_word' id='word_1_433' title='bbox 2053 2782 2237 2839; x_wconf 90' lang='lat' dir='ltr'>sione.</span> <span class='ocrx_word' id='word_1_434' title='bbox 2270 2780 2537 2836; x_wconf 89' lang='lat' dir='ltr'>Cbristus</span> <span class='ocrx_word' id='word_1_435' title='bbox 2563 2796 2698 2851; x_wconf 89' lang='lat' dir='ltr'>ergo</span> <span class='ocrx_word' id='word_1_436' title='bbox 2730 2780 3035 2846; x_wconf 89' lang='lat' dir='ltr'>Dominus,</span> <span class='ocrx_word' id='word_1_437' title='bbox 3068 2779 3169 2851; x_wconf 89' lang='lat' dir='ltr'>qui</span> <span class='ocrx_word' id='word_1_438' title='bbox 3200 2782 3288 2833; x_wconf 88' lang='lat' dir='ltr'>est</span> <span class='ocrx_word' id='word_1_439' title='bbox 3319 2795 3429 2850; x_wconf 84' lang='lat' dir='ltr'>pax</span> <span class='ocrx_word' id='word_1_440' title='bbox 3469 2781 3691 2843; x_wconf 90' lang='lat' dir='ltr'>nostra,</span> 
     </span>
    </p>
   </div>
   <div class='ocr_carea' id='block_1_60' title="bbox 2054 2864 3696 2936">
    <p class='ocr_par' dir='ltr' id='par_1_60' title="bbox 2054 2864 3696 2936">
     <span class='ocr_line' id='line_1_61' title="bbox 2054 2864 3696 2936; baseline -0.005 -9"><span class='ocrx_word' id='word_1_441' title='bbox 2054 2870 2297 2927; x_wconf 91' lang='lat' dir='ltr'>abstulit</span> <span class='ocrx_word' id='word_1_442' title='bbox 2353 2869 2666 2925; x_wconf 88' lang='lat' dir='ltr'>maceriam</span> <span class='ocrx_word' id='word_1_443' title='bbox 2714 2868 3029 2924; x_wconf 65' lang='lat' dir='ltr'>inimicitia</span> <span class='ocrx_word' id='word_1_444' title='bbox 3076 2868 3149 2923; x_wconf 92' lang='lat' dir='ltr'>de</span> <span class='ocrx_word' id='word_1_445' title='bbox 3194 2867 3407 2936; x_wconf 92' lang='lat' dir='ltr'>medio,</span> <span class='ocrx_word' id='word_1_446' title='bbox 3457 2870 3514 2921; x_wconf 91' lang='lat' dir='ltr'>et</span> <span class='ocrx_word' id='word_1_447' title='bbox 3560 2864 3696 2920; x_wconf 89' lang='lat' dir='ltr'>fecit</span> 
     </span>
    </p>
   </div>
   <div class='ocr_carea' id='block_1_61' title="bbox 2054 2955 3693 3029">
    <p class='ocr_par' dir='ltr' id='par_1_61' title="bbox 2054 2955 3693 3029">
     <span class='ocr_line' id='line_1_62' title="bbox 2054 2955 3693 3029; baseline -0.004 -15"><span class='ocrx_word' id='word_1_448' title='bbox 2054 2962 2295 3029; x_wconf 91' lang='lat' dir='ltr'>utraque</span> <span class='ocrx_word' id='word_1_449' title='bbox 2326 2974 2510 3013; x_wconf 90' lang='lat' dir='ltr'>unum</span> <span class='ocrx_word' id='word_1_450' title='bbox 2545 2976 2558 3013; x_wconf 89' lang='lat'><strong>:</strong></span> <span class='ocrx_word' id='word_1_451' title='bbox 2592 2962 2648 3013; x_wconf 91' lang='lat' dir='ltr'>et</span> <span class='ocrx_word' id='word_1_452' title='bbox 2678 2956 2978 3012; x_wconf 89' lang='lat' dir='ltr'>collocavit</span> <span class='ocrx_word' id='word_1_453' title='bbox 3029 2956 3090 3011; x_wconf 90' lang='lat' dir='ltr'>in</span> <span class='ocrx_word' id='word_1_454' title='bbox 3117 2955 3376 3011; x_wconf 89' lang='lat' dir='ltr'>Ecclesia</span> <span class='ocrx_word' id='word_1_455' title='bbox 3404 2971 3531 3020; x_wconf 90' lang='lat' dir='ltr'>sua,</span> <span class='ocrx_word' id='word_1_456' title='bbox 3566 2970 3693 3025; x_wconf 76' lang='lat' dir='ltr'>quae</span> 
     </span>
    </p>
   </div>
   <div class='ocr_carea' id='block_1_62' title="bbox 2053 3043 3691 3119">
    <p class='ocr_par' dir='ltr' id='par_1_62' title="bbox 2053 3043 3691 3119">
     <span class='ocr_line' id='line_1_63' title="bbox 2053 3043 3691 3119; baseline -0.005 -15"><span class='ocrx_word' id='word_1_457' title='bbox 2053 3052 2143 3104; x_wconf 89' lang='lat' dir='ltr'>est</span> <span class='ocrx_word' id='word_1_458' title='bbox 2191 3047 2394 3103; x_wconf 87' lang='lat' dir='ltr'>civitas</span> <span class='ocrx_word' id='word_1_459' title='bbox 2442 3047 2616 3119; x_wconf 85' lang='lat' dir='ltr'>Regis</span> <span class='ocrx_word' id='word_1_460' title='bbox 2662 3046 2861 3118; x_wconf 88' lang='lat' dir='ltr'>magni</span> <span class='ocrx_word' id='word_1_461' title='bbox 2907 3045 3016 3101; x_wconf 90' lang='lat' dir='ltr'>hos</span> <span class='ocrx_word' id='word_1_462' title='bbox 3069 3044 3317 3117; x_wconf 90' lang='lat' dir='ltr'>populos</span> <span class='ocrx_word' id='word_1_463' title='bbox 3346 3061 3451 3116; x_wconf 89' lang='lat' dir='ltr'>per</span> <span class='ocrx_word' id='word_1_464' title='bbox 3496 3043 3691 3097; x_wconf 88' lang='lat' dir='ltr'>ﬁdem.</span> 
     </span>
    </p>
   </div>
   <div class='ocr_carea' id='block_1_63' title="bbox 2052 3131 3693 3207">
    <p class='ocr_par' dir='ltr' id='par_1_63' title="bbox 2052 3131 3693 3207">
     <span class='ocr_line' id='line_1_64' title="bbox 2052 3131 3693 3207; baseline -0.004 -13"><span class='ocrx_word' id='word_1_465' title='bbox 2052 3136 2150 3194; x_wconf 88' lang='lat' dir='ltr'>Vel</span> <span class='ocrx_word' id='word_1_466' title='bbox 2179 3158 2207 3186; x_wconf 95' lang='grc'>‹‹</span> <span class='ocrx_word' id='word_1_467' title='bbox 2240 3152 2410 3192; x_wconf 87' lang='lat' dir='ltr'>mons</span> <span class='ocrx_word' id='word_1_468' title='bbox 2437 3135 2594 3207; x_wconf 88' lang='lat' dir='ltr'>Sion,</span> <span class='ocrx_word' id='word_1_469' title='bbox 2626 3157 2655 3186; x_wconf 89' lang='lat'>»</span> <span class='ocrx_word' id='word_1_470' title='bbox 2688 3135 2797 3191; x_wconf 91' lang='lat' dir='ltr'>hoc</span> <span class='ocrx_word' id='word_1_471' title='bbox 2826 3139 2934 3203; x_wconf 88' lang='lat' dir='ltr'>est,</span> <span class='ocrx_word' id='word_1_472' title='bbox 2966 3141 3171 3190; x_wconf 86' lang='lat' dir='ltr'>sancta</span> <span class='ocrx_word' id='word_1_473' title='bbox 3200 3132 3473 3189; x_wconf 83' lang='lat' dir='ltr'>Ecclesia.</span> <span class='ocrx_word' id='word_1_474' title='bbox 3507 3132 3589 3187; x_wconf 92' lang='lat' dir='ltr'>De</span> <span class='ocrx_word' id='word_1_475' title='bbox 3612 3131 3693 3187; x_wconf 91' lang='lat' dir='ltr'>la-</span> 
     </span>
    </p>
   </div>
   <div class='ocr_carea' id='block_1_64' title="bbox 2053 3220 3696 3297">
    <p class='ocr_par' dir='ltr' id='par_1_64' title="bbox 2053 3220 3696 3297">
     <span class='ocr_line' id='line_1_65' title="bbox 2053 3220 3696 3297; baseline -0.003 -16"><span class='ocrx_word' id='word_1_476' title='bbox 2053 3231 2174 3281; x_wconf 90' lang='lat' dir='ltr'>tere</span> <span class='ocrx_word' id='word_1_477' title='bbox 2204 3225 2495 3297; x_wconf 91' lang='lat' dir='ltr'>aquilonis</span> <span class='ocrx_word' id='word_1_478' title='bbox 2529 3242 2543 3281; x_wconf 87' lang='lat'>:</span> <span class='ocrx_word' id='word_1_479' title='bbox 2577 3224 2715 3297; x_wconf 90' lang='lat' dir='ltr'>quia</span> <span class='ocrx_word' id='word_1_480' title='bbox 2739 3225 2809 3280; x_wconf 91' lang='lat' dir='ltr'>de</span> <span class='ocrx_word' id='word_1_481' title='bbox 2836 3222 3007 3280; x_wconf 90' lang='lat' dir='ltr'>malis</span> <span class='ocrx_word' id='word_1_482' title='bbox 3035 3227 3124 3280; x_wconf 88' lang='lat' dir='ltr'>est</span> <span class='ocrx_word' id='word_1_483' title='bbox 3152 3220 3696 3295; x_wconf 89' lang='lat' dir='ltr'>congregata.Unde</span> 
     </span>
    </p>
   </div>
   <div class='ocr_carea' id='block_1_65' title="bbox 2054 3312 3699 3385">
    <p class='ocr_par' dir='ltr' id='par_1_65' title="bbox 2054 3312 3699 3385">
     <span class='ocr_line' id='line_1_66' title="bbox 2054 3312 3699 3385; baseline -0.004 -15"><span class='ocrx_word' id='word_1_484' title='bbox 2054 3315 2275 3370; x_wconf 91' lang='lat' dir='ltr'>dictum</span> <span class='ocrx_word' id='word_1_485' title='bbox 2307 3318 2395 3371; x_wconf 89' lang='lat' dir='ltr'>est</span> <span class='ocrx_word' id='word_1_486' title='bbox 2426 3331 2439 3369; x_wconf 90' lang='lat'><strong>:</strong></span> <span class='ocrx_word' id='word_1_487' title='bbox 2474 3315 2550 3369; x_wconf 82' lang='lat' dir='ltr'>Ab</span> <span class='ocrx_word' id='word_1_488' title='bbox 2581 3315 2842 3385; x_wconf 87' lang='lat' dir='ltr'>aquilone</span> <span class='ocrx_word' id='word_1_489' title='bbox 2870 3315 3200 3368; x_wconf 70' lang='lat' dir='ltr'>exorientur</span> <span class='ocrx_word' id='word_1_490' title='bbox 3226 3312 3384 3367; x_wconf 80' lang='lat' dir='ltr'>mala</span> <span class='ocrx_word' id='word_1_491' title='bbox 3413 3327 3535 3382; x_wconf 66' lang='lat' dir='ltr'>quae</span> <span class='ocrx_word' id='word_1_492' title='bbox 3572 3313 3699 3365; x_wconf 85' lang='lat' dir='ltr'>sunt</span> 
     </span>
    </p>
   </div>
   <div class='ocr_carea' id='block_1_66' title="bbox 301 3380 3694 3475">
    <p class='ocr_par' dir='ltr' id='par_1_66' title="bbox 301 3380 3694 3475">
     <span class='ocr_line' id='line_1_67' title="bbox 301 3380 3694 3475; baseline -0.001 -20"><span class='ocrx_word' id='word_1_493' title='bbox 301 3401 698 3456; x_wconf 86' lang='lat' dir='ltr'>cumbentcum</span> <span class='ocrx_word' id='word_1_494' title='bbox 730 3401 1022 3469; x_wconf 81' lang='lat' dir='ltr'>Abraham,</span> <span class='ocrx_word' id='word_1_495' title='bbox 1054 3406 1210 3458; x_wconf 87' lang='lat' dir='ltr'>Isaac</span> <span class='ocrx_word' id='word_1_496' title='bbox 1238 3409 1292 3457; x_wconf 89' lang='lat' dir='ltr'>et</span> <span class='ocrx_word' id='word_1_497' title='bbox 1319 3402 1487 3457; x_wconf 77' lang='lat' dir='ltr'>Iacob</span> <span class='ocrx_word' id='word_1_498' title='bbox 1538 3401 1595 3455; x_wconf 85' lang='lat' dir='ltr'>in</span> <span class='ocrx_word' id='word_1_499' title='bbox 1640 3417 1804 3471; x_wconf 87' lang='lat' dir='ltr'>regno</span> <span class='ocrx_word' id='word_1_500' title='bbox 1848 3418 1944 3455; x_wconf 70' lang='grc' dir='ltr'>δίε·</span> <span class='ocrx_word' id='word_1_501' title='bbox 1974 3380 2016 3445; x_wconf 77' lang='lat' dir='ltr'>C</span> <span class='ocrx_word' id='word_1_502' title='bbox 2052 3420 2220 3475; x_wconf 86' lang='lat' dir='ltr'>super</span> <span class='ocrx_word' id='word_1_503' title='bbox 2265 3412 2468 3458; x_wconf 89' lang='lat' dir='ltr'>terram</span> <span class='ocrx_word' id='word_1_504' title='bbox 2519 3380 2734 3473; x_wconf 70' lang='lat' dir='ltr'>(.‘erem.</span> <span class='ocrx_word' id='word_1_505' title='bbox 2772 3419 2812 3468; x_wconf 83' lang='grc' dir='ltr'>ι,</span> <span class='ocrx_word' id='word_1_506' title='bbox 2847 3402 2955 3473; x_wconf 85' lang='grc'>14).</span> <span class='ocrx_word' id='word_1_507' title='bbox 3008 3400 3112 3455; x_wconf 89' lang='lat' dir='ltr'>Hic</span> <span class='ocrx_word' id='word_1_508' title='bbox 3161 3399 3356 3471; x_wconf 91' lang='lat' dir='ltr'>aquilo</span> <span class='ocrx_word' id='word_1_509' title='bbox 3404 3380 3694 3464; x_wconf 89' lang='lat' dir='ltr'>diabolus,</span> 
     </span>
    </p>
   </div>
   <div class='ocr_carea' id='block_1_67' title="bbox 307 3488 1947 3562">
    <p class='ocr_par' dir='ltr' id='par_1_67' title="bbox 307 3488 1947 3562">
     <span class='ocr_line' id='line_1_68' title="bbox 307 3488 1947 3562; baseline 0.001 -20"><span class='ocrx_word' id='word_1_510' title='bbox 307 3488 489 3544; x_wconf 88' lang='lat' dir='ltr'>lorum</span> <span class='ocrx_word' id='word_1_511' title='bbox 530 3490 753 3560; x_wconf 81' lang='lat' dir='ltr'>(Matth.</span> <span class='ocrx_word' id='word_1_512' title='bbox 806 3505 883 3559; x_wconf 78' lang='lat' dir='ltr'>vr,</span> <span class='ocrx_word' id='word_1_513' title='bbox 937 3490 1045 3562; x_wconf 93' lang='grc'>11).</span> <span class='ocrx_word' id='word_1_514' title='bbox 1104 3490 1241 3545; x_wconf 85' lang='lat' dir='ltr'>Cum</span> <span class='ocrx_word' id='word_1_515' title='bbox 1286 3491 1393 3545; x_wconf 88' lang='lat' dir='ltr'>Deo</span> <span class='ocrx_word' id='word_1_516' title='bbox 1442 3490 1733 3546; x_wconf 81' lang='lat' dir='ltr'>Abraham.</span> <span class='ocrx_word' id='word_1_517' title='bbox 1793 3489 1947 3545; x_wconf 90' lang='lat' dir='ltr'>Deus</span> 
     </span>
    </p>
   </div>
   <div class='ocr_carea' id='block_1_68' title="bbox 302 3577 1943 3650">
    <p class='ocr_par' dir='ltr' id='par_1_68' title="bbox 302 3577 1943 3650">
     <span class='ocr_line' id='line_1_69' title="bbox 302 3577 1943 3650; baseline 0.001 -19"><span class='ocrx_word' id='word_1_518' title='bbox 302 3578 573 3646; x_wconf 71' lang='lat' dir='ltr'>Abrahae,</span> <span class='ocrx_word' id='word_1_519' title='bbox 610 3580 759 3634; x_wconf 91' lang='lat' dir='ltr'>Deus</span> <span class='ocrx_word' id='word_1_520' title='bbox 788 3595 959 3634; x_wconf 84' lang='lat' dir='ltr'>verus</span> <span class='ocrx_word' id='word_1_521' title='bbox 989 3583 1096 3644; x_wconf 87' lang='lat' dir='ltr'>est,</span> <span class='ocrx_word' id='word_1_522' title='bbox 1130 3578 1231 3650; x_wconf 92' lang='lat' dir='ltr'>qui</span> <span class='ocrx_word' id='word_1_523' title='bbox 1274 3584 1363 3633; x_wconf 87' lang='lat' dir='ltr'>est</span> <span class='ocrx_word' id='word_1_524' title='bbox 1413 3583 1560 3633; x_wconf 89' lang='lat' dir='ltr'>Deus</span> <span class='ocrx_word' id='word_1_525' title='bbox 1605 3577 1943 3647; x_wconf 90' lang='lat' dir='ltr'>viventium,</span> 
     </span>
    </p>
   </div>
   <div class='ocr_carea' id='block_1_69' title="bbox 303 3666 1947 3739">
    <p class='ocr_par' dir='ltr' id='par_1_69' title="bbox 303 3666 1947 3739">
     <span class='ocr_line' id='line_1_70' title="bbox 303 3666 1947 3739; baseline -0.001 -18"><span class='ocrx_word' id='word_1_526' title='bbox 303 3682 437 3721; x_wconf 91' lang='lat' dir='ltr'>cum</span> <span class='ocrx_word' id='word_1_527' title='bbox 490 3683 606 3738; x_wconf 92' lang='lat' dir='ltr'>quo</span> <span class='ocrx_word' id='word_1_528' title='bbox 648 3668 795 3739; x_wconf 88' lang='lat' dir='ltr'>justi</span> <span class='ocrx_word' id='word_1_529' title='bbox 838 3667 1125 3737; x_wconf 88' lang='lat' dir='ltr'>judicium</span> <span class='ocrx_word' id='word_1_530' title='bbox 1158 3666 1399 3723; x_wconf 82' lang='lat' dir='ltr'>faciunt.</span> <span class='ocrx_word' id='word_1_531' title='bbox 1432 3667 1526 3722; x_wconf 91' lang='lat' dir='ltr'>Sic</span> <span class='ocrx_word' id='word_1_532' title='bbox 1555 3666 1712 3722; x_wconf 90' lang='lat' dir='ltr'>enim</span> <span class='ocrx_word' id='word_1_533' title='bbox 1742 3670 1799 3721; x_wconf 91' lang='lat' dir='ltr'>et</span> <span class='ocrx_word' id='word_1_534' title='bbox 1837 3666 1947 3720; x_wconf 95' lang='lat' dir='ltr'>Do-</span> 
     </span>
    </p>
   </div>
   <div class='ocr_carea' id='block_1_70' title="bbox 304 3755 1946 3828">
    <p class='ocr_par' dir='ltr' id='par_1_70' title="bbox 304 3755 1946 3828">
     <span class='ocr_line' id='line_1_71' title="bbox 304 3755 1946 3828; baseline -0.001 -18"><span class='ocrx_word' id='word_1_535' title='bbox 304 3755 501 3810; x_wconf 91' lang='lat' dir='ltr'>minus</span> <span class='ocrx_word' id='word_1_536' title='bbox 550 3756 611 3811; x_wconf 90' lang='lat' dir='ltr'>in</span> <span class='ocrx_word' id='word_1_537' title='bbox 662 3755 975 3828; x_wconf 87' lang='lat' dir='ltr'>Evangelio</span> <span class='ocrx_word' id='word_1_538' title='bbox 1006 3756 1085 3811; x_wconf 90' lang='lat' dir='ltr'>ait</span> <span class='ocrx_word' id='word_1_539' title='bbox 1121 3773 1133 3811; x_wconf 90' lang='lat'>:</span> <span class='ocrx_word' id='word_1_540' title='bbox 1165 3757 1296 3811; x_wconf 86' lang='lat' dir='ltr'>Cum</span> <span class='ocrx_word' id='word_1_541' title='bbox 1335 3757 1541 3811; x_wconf 89' lang='lat' dir='ltr'>sederit</span> <span class='ocrx_word' id='word_1_542' title='bbox 1570 3756 1744 3811; x_wconf 84' lang='lat' dir='ltr'>Filius</span> <span class='ocrx_word' id='word_1_543' title='bbox 1772 3756 1946 3810; x_wconf 86' lang='lat' dir='ltr'>homi-</span> 
     </span>
    </p>
   </div>
   <div class='ocr_carea' id='block_1_71' title="bbox 303 3846 1950 3917">
    <p class='ocr_par' dir='ltr' id='par_1_71' title="bbox 303 3846 1950 3917">
     <span class='ocr_line' id='line_1_72' title="bbox 303 3846 1950 3917; baseline -0.001 -18"><span class='ocrx_word' id='word_1_544' title='bbox 303 3847 391 3899; x_wconf 87' lang='lat' dir='ltr'>nis</span> <span class='ocrx_word' id='word_1_545' title='bbox 441 3848 497 3899; x_wconf 84' lang='lat' dir='ltr'>in</span> <span class='ocrx_word' id='word_1_546' title='bbox 545 3846 669 3901; x_wconf 90' lang='lat' dir='ltr'>sede</span> <span class='ocrx_word' id='word_1_547' title='bbox 711 3847 1016 3917; x_wconf 82' lang='lat' dir='ltr'>majestatis</span> <span class='ocrx_word' id='word_1_548' title='bbox 1056 3863 1208 3911; x_wconf 70' lang='lat' dir='ltr'>suae;</span> <span class='ocrx_word' id='word_1_549' title='bbox 1249 3846 1504 3901; x_wconf 78' lang='lat' dir='ltr'>sedebitis</span> <span class='ocrx_word' id='word_1_550' title='bbox 1549 3854 1601 3901; x_wconf 89' lang='lat' dir='ltr'>et</span> <span class='ocrx_word' id='word_1_551' title='bbox 1649 3861 1740 3901; x_wconf 90' lang='lat' dir='ltr'>vos</span> <span class='ocrx_word' id='word_1_552' title='bbox 1787 3860 1950 3916; x_wconf 88' lang='lat' dir='ltr'>super</span> 
     </span>
    </p>
   </div>
   <div class='ocr_carea' id='block_1_72' title="bbox 303 3933 1949 4005">
    <p class='ocr_par' dir='ltr' id='par_1_72' title="bbox 303 3933 1949 4005">
     <span class='ocr_line' id='line_1_73' title="bbox 303 3933 1949 4005; baseline -0.001 -16"><span class='ocrx_word' id='word_1_553' title='bbox 303 3935 459 3990; x_wconf 89' lang='lat' dir='ltr'>sedes</span> <span class='ocrx_word' id='word_1_554' title='bbox 506 3934 805 4001; x_wconf 79' lang='lat' dir='ltr'>duodecim,</span> <span class='ocrx_word' id='word_1_555' title='bbox 846 3936 1169 4005; x_wconf 82' lang='lat' dir='ltr'>judicantes</span> <span class='ocrx_word' id='word_1_556' title='bbox 1214 3934 1498 3990; x_wconf 86' lang='lat' dir='ltr'>duodecim</span> <span class='ocrx_word' id='word_1_557' title='bbox 1543 3934 1719 3989; x_wconf 88' lang='lat' dir='ltr'>tribus</span> <span class='ocrx_word' id='word_1_558' title='bbox 1776 3933 1949 3988; x_wconf 90' lang='lat' dir='ltr'>Israel</span> 
     </span>
    </p>
   </div>
   <div class='ocr_carea' id='block_1_73' title="bbox 305 4021 1947 4095">
    <p class='ocr_par' dir='ltr' id='par_1_73' title="bbox 305 4021 1947 4095">
     <span class='ocr_line' id='line_1_74' title="bbox 305 4021 1947 4095; baseline -0.001 -17"><span class='ocrx_word' id='word_1_559' title='bbox 305 4023 528 4094; x_wconf 87' lang='lat' dir='ltr'>(Matth.</span> <span class='ocrx_word' id='word_1_560' title='bbox 560 4040 676 4090; x_wconf 75' lang='lat' dir='ltr'>xm,</span> <span class='ocrx_word' id='word_1_561' title='bbox 710 4024 816 4095; x_wconf 88' lang='grc'>18).</span> <span class='ocrx_word' id='word_1_562' title='bbox 850 4047 876 4073; x_wconf 92' lang='grc'><em>‹‹</em></span> <span class='ocrx_word' id='word_1_563' title='bbox 910 4023 1192 4088; x_wconf 88' lang='lat' dir='ltr'>Quoniam</span> <span class='ocrx_word' id='word_1_564' title='bbox 1224 4022 1303 4076; x_wconf 91' lang='lat' dir='ltr'>dii</span> <span class='ocrx_word' id='word_1_565' title='bbox 1336 4024 1512 4078; x_wconf 86' lang='lat' dir='ltr'>fortes</span> <span class='ocrx_word' id='word_1_566' title='bbox 1542 4027 1728 4093; x_wconf 66' lang='lat' dir='ltr'>terrae,</span> <span class='ocrx_word' id='word_1_567' title='bbox 1777 4021 1947 4077; x_wconf 91' lang='lat' dir='ltr'>vehe-</span> 
     </span>
    </p>
   </div>
   <div class='ocr_carea' id='block_1_74' title="bbox 306 4110 1951 4181">
    <p class='ocr_par' dir='ltr' id='par_1_74' title="bbox 306 4110 1951 4181">
     <span class='ocr_line' id='line_1_75' title="bbox 306 4110 1951 4181; baseline 0 -16"><span class='ocrx_word' id='word_1_568' title='bbox 306 4116 535 4166; x_wconf 83' lang='lat' dir='ltr'>menter</span> <span class='ocrx_word' id='word_1_569' title='bbox 565 4110 767 4167; x_wconf 89' lang='lat' dir='ltr'>elevati</span> <span class='ocrx_word' id='word_1_570' title='bbox 808 4118 963 4167; x_wconf 87' lang='lat' dir='ltr'>sunt.</span> <span class='ocrx_word' id='word_1_571' title='bbox 1006 4132 1035 4161; x_wconf 83' lang='lat'><strong>»</strong></span> <span class='ocrx_word' id='word_1_572' title='bbox 1069 4114 1179 4179; x_wconf 91' lang='lat' dir='ltr'>Dii,</span> <span class='ocrx_word' id='word_1_573' title='bbox 1228 4113 1416 4167; x_wconf 89' lang='lat' dir='ltr'>sancti</span> <span class='ocrx_word' id='word_1_574' title='bbox 1464 4115 1622 4181; x_wconf 88' lang='lat' dir='ltr'>sunt,</span> <span class='ocrx_word' id='word_1_575' title='bbox 1671 4112 1823 4165; x_wconf 87' lang='lat' dir='ltr'>sicut</span> <span class='ocrx_word' id='word_1_576' title='bbox 1870 4110 1951 4165; x_wconf 88' lang='lat' dir='ltr'>ait</span> 
     </span>
    </p>
   </div>
   <div class='ocr_carea' id='block_1_75' title="bbox 304 4199 1949 4270">
    <p class='ocr_par' dir='ltr' id='par_1_75' title="bbox 304 4199 1949 4270">
     <span class='ocr_line' id='line_1_76' title="bbox 304 4199 1949 4270; baseline 0.001 -17"><span class='ocrx_word' id='word_1_577' title='bbox 304 4199 634 4270; x_wconf 90' lang='lat' dir='ltr'>Propheta:</span> <span class='ocrx_word' id='word_1_578' title='bbox 666 4202 773 4269; x_wconf 84' lang='lat' dir='ltr'>Ego</span> <span class='ocrx_word' id='word_1_579' title='bbox 804 4201 931 4254; x_wconf 69' lang='lat' dir='ltr'>dixi</span> <span class='ocrx_word' id='word_1_580' title='bbox 959 4218 978 4254; x_wconf 88' lang='lat'><strong><em>:</em></strong></span> <span class='ocrx_word' id='word_1_581' title='bbox 1007 4201 1102 4254; x_wconf 89' lang='lat' dir='ltr'>Dii</span> <span class='ocrx_word' id='word_1_582' title='bbox 1119 4201 1249 4255; x_wconf 85' lang='lat' dir='ltr'>estis</span> <span class='ocrx_word' id='word_1_583' title='bbox 1276 4208 1327 4254; x_wconf 88' lang='lat' dir='ltr'>et</span> <span class='ocrx_word' id='word_1_584' title='bbox 1357 4199 1466 4268; x_wconf 81' lang='lat' dir='ltr'>ﬁlii</span> <span class='ocrx_word' id='word_1_585' title='bbox 1501 4200 1715 4255; x_wconf 74' lang='lat' dir='ltr'>Excelsi</span> <span class='ocrx_word' id='word_1_586' title='bbox 1766 4214 1949 4255; x_wconf 84' lang='lat' dir='ltr'>omnes</span> 
     </span>
    </p>
   </div>
   <div class='ocr_carea' id='block_1_76' title="bbox 306 4286 1949 4358">
    <p class='ocr_par' dir='ltr' id='par_1_76' title="bbox 306 4286 1949 4358">
     <span class='ocr_line' id='line_1_77' title="bbox 306 4286 1949 4358; baseline 0.002 -18"><span class='ocrx_word' id='word_1_587' title='bbox 306 4288 480 4358; x_wconf 82' lang='lat' dir='ltr'>(Psat.</span> <span class='ocrx_word' id='word_1_588' title='bbox 517 4305 699 4354; x_wconf 69' lang='lat' dir='ltr'>nam,</span> <span class='ocrx_word' id='word_1_589' title='bbox 729 4288 805 4358; x_wconf 89' lang='lat'>6).</span> <span class='ocrx_word' id='word_1_590' title='bbox 846 4310 866 4336; x_wconf 78' lang='grc' dir='ltr'>ι</span> <span class='ocrx_word' id='word_1_591' title='bbox 898 4286 1112 4342; x_wconf 87' lang='lat' dir='ltr'>Elevati</span> <span class='ocrx_word' id='word_1_592' title='bbox 1145 4291 1284 4343; x_wconf 88' lang='lat' dir='ltr'>sunt</span> <span class='ocrx_word' id='word_1_593' title='bbox 1310 4287 1698 4343; x_wconf 89' lang='lat' dir='ltr'>vehementer.</span> <span class='ocrx_word' id='word_1_594' title='bbox 1721 4309 1787 4337; x_wconf 90' lang='grc'><strong>››‹‹</strong></span> <span class='ocrx_word' id='word_1_595' title='bbox 1818 4287 1949 4342; x_wconf 88' lang='lat' dir='ltr'>Ele-</span> 
     </span>
    </p>
   </div>
   <div class='ocr_carea' id='block_1_77' title="bbox 303 4375 1946 4448">
    <p class='ocr_par' dir='ltr' id='par_1_77' title="bbox 303 4375 1946 4448">
     <span class='ocr_line' id='line_1_78' title="bbox 303 4375 1946 4448; baseline -0.001 -17"><span class='ocrx_word' id='word_1_596' title='bbox 303 4376 421 4431; x_wconf 89' lang='lat' dir='ltr'>vati</span> <span class='ocrx_word' id='word_1_597' title='bbox 452 4381 610 4446; x_wconf 91' lang='lat' dir='ltr'>sunt,</span> <span class='ocrx_word' id='word_1_598' title='bbox 639 4398 667 4425; x_wconf 83' lang='grc'><strong>››</strong></span> <span class='ocrx_word' id='word_1_599' title='bbox 701 4392 804 4447; x_wconf 89' lang='lat' dir='ltr'>per</span> <span class='ocrx_word' id='word_1_600' title='bbox 833 4376 1007 4430; x_wconf 90' lang='lat' dir='ltr'>ﬁdem</span> <span class='ocrx_word' id='word_1_601' title='bbox 1037 4380 1095 4430; x_wconf 90' lang='lat' dir='ltr'>et</span> <span class='ocrx_word' id='word_1_602' title='bbox 1115 4375 1716 4448; x_wconf 74' lang='lat' dir='ltr'>praedicationem.Vel</span> <span class='ocrx_word' id='word_1_603' title='bbox 1740 4375 1822 4430; x_wconf 90' lang='lat' dir='ltr'>illi</span> <span class='ocrx_word' id='word_1_604' title='bbox 1848 4376 1946 4447; x_wconf 91' lang='lat' dir='ltr'>qui</span> 
     </span>
    </p>
   </div>
   <div class='ocr_carea' id='block_1_78' title="bbox 306 4462 1948 4535">
    <p class='ocr_par' dir='ltr' id='par_1_78' title="bbox 306 4462 1948 4535">
     <span class='ocr_line' id='line_1_79' title="bbox 306 4462 1948 4535; baseline 0 -16"><span class='ocrx_word' id='word_1_605' title='bbox 306 4465 508 4520; x_wconf 87' lang='lat' dir='ltr'>elevati</span> <span class='ocrx_word' id='word_1_606' title='bbox 542 4468 680 4520; x_wconf 90' lang='lat' dir='ltr'>sunt</span> <span class='ocrx_word' id='word_1_607' title='bbox 707 4464 765 4518; x_wconf 91' lang='lat' dir='ltr'>in</span> <span class='ocrx_word' id='word_1_608' title='bbox 800 4463 1093 4535; x_wconf 89' lang='lat' dir='ltr'>superbia,</span> <span class='ocrx_word' id='word_1_609' title='bbox 1117 4468 1175 4519; x_wconf 92' lang='lat' dir='ltr'>et</span> <span class='ocrx_word' id='word_1_610' title='bbox 1204 4462 1418 4518; x_wconf 90' lang='lat' dir='ltr'>relictis</span> <span class='ocrx_word' id='word_1_611' title='bbox 1450 4463 1806 4532; x_wconf 65' lang='lat' dir='ltr'>caelestibus,</span> <span class='ocrx_word' id='word_1_612' title='bbox 1834 4468 1948 4520; x_wconf 93' lang='lat' dir='ltr'>ter-</span> 
     </span>
    </p>
   </div>
   <div class='ocr_carea' id='block_1_79' title="bbox 306 4551 1951 4625">
    <p class='ocr_par' dir='ltr' id='par_1_79' title="bbox 306 4551 1951 4625">
     <span class='ocr_line' id='line_1_80' title="bbox 306 4551 1951 4625; baseline -0.001 -16"><span class='ocrx_word' id='word_1_613' title='bbox 306 4570 447 4609; x_wconf 90' lang='lat' dir='ltr'>rena</span> <span class='ocrx_word' id='word_1_614' title='bbox 475 4553 900 4624; x_wconf 90' lang='lat' dir='ltr'>concupierunt</span> <span class='ocrx_word' id='word_1_615' title='bbox 932 4570 945 4607; x_wconf 93' lang='lat'>:</span> <span class='ocrx_word' id='word_1_616' title='bbox 979 4553 1194 4625; x_wconf 89' lang='lat' dir='ltr'>quibus</span> <span class='ocrx_word' id='word_1_617' title='bbox 1223 4551 1438 4607; x_wconf 88' lang='lat' dir='ltr'>dicitur</span> <span class='ocrx_word' id='word_1_618' title='bbox 1468 4570 1481 4607; x_wconf 90' lang='lat'>:</span> <span class='ocrx_word' id='word_1_619' title='bbox 1514 4553 1665 4608; x_wconf 89' lang='lat' dir='ltr'>Sicut</span> <span class='ocrx_word' id='word_1_620' title='bbox 1705 4553 1951 4609; x_wconf 89' lang='lat' dir='ltr'>homines</span> 
     </span>
    </p>
   </div>
   <div class='ocr_carea' id='block_1_80' title="bbox 304 4640 1952 4714">
    <p class='ocr_par' dir='ltr' id='par_1_80' title="bbox 304 4640 1952 4714">
     <span class='ocr_line' id='line_1_81' title="bbox 304 4640 1952 4714; baseline 0.001 -17"><span class='ocrx_word' id='word_1_621' title='bbox 304 4644 622 4698; x_wconf 87' lang='lat' dir='ltr'>moriemini</span> <span class='ocrx_word' id='word_1_622' title='bbox 650 4641 808 4713; x_wconf 89' lang='lat' dir='ltr'>(Ibid.</span> <span class='ocrx_word' id='word_1_623' title='bbox 853 4642 930 4713; x_wconf 87' lang='lat'>7),</span> <span class='ocrx_word' id='word_1_624' title='bbox 974 4640 1074 4697; x_wconf 90' lang='lat' dir='ltr'>isti</span> <span class='ocrx_word' id='word_1_625' title='bbox 1121 4658 1155 4696; x_wconf 90' lang='lat' dir='ltr'>a</span> <span class='ocrx_word' id='word_1_626' title='bbox 1202 4645 1313 4695; x_wconf 92' lang='lat' dir='ltr'>Deo</span> <span class='ocrx_word' id='word_1_627' title='bbox 1360 4640 1626 4708; x_wconf 63' lang='lat' dir='ltr'>Abrahae,</span> <span class='ocrx_word' id='word_1_628' title='bbox 1672 4641 1758 4697; x_wconf 91' lang='lat' dir='ltr'>vel</span> <span class='ocrx_word' id='word_1_629' title='bbox 1807 4659 1952 4714; x_wconf 90' lang='lat' dir='ltr'>apo-</span> 
     </span>
    </p>
   </div>
   <div class='ocr_carea' id='block_1_81' title="bbox 2055 3487 3698 3560">
    <p class='ocr_par' dir='ltr' id='par_1_81' title="bbox 2055 3487 3698 3560">
     <span class='ocr_line' id='line_1_82' title="bbox 2055 3487 3698 3560; baseline -0.003 -14"><span class='ocrx_word' id='word_1_630' title='bbox 2055 3492 2151 3547; x_wconf 90' lang='lat' dir='ltr'>cui</span> <span class='ocrx_word' id='word_1_631' title='bbox 2211 3489 2427 3545; x_wconf 91' lang='lat' dir='ltr'>dicitur</span> <span class='ocrx_word' id='word_1_632' title='bbox 2478 3507 2490 3544; x_wconf 93' lang='lat'>:</span> <span class='ocrx_word' id='word_1_633' title='bbox 2548 3491 2694 3557; x_wconf 84' lang='lat' dir='ltr'>Veni,</span> <span class='ocrx_word' id='word_1_634' title='bbox 2754 3487 2965 3560; x_wconf 85' lang='lat' dir='ltr'>aquilo,</span> <span class='ocrx_word' id='word_1_635' title='bbox 3024 3489 3199 3560; x_wconf 84' lang='lat' dir='ltr'>perﬂa</span> <span class='ocrx_word' id='word_1_636' title='bbox 3239 3488 3458 3544; x_wconf 88' lang='lat' dir='ltr'>hortum</span> <span class='ocrx_word' id='word_1_637' title='bbox 3515 3504 3698 3541; x_wconf 87' lang='lat' dir='ltr'>meum</span> 
     </span>
    </p>
   </div>
   <div class='ocr_carea' id='block_1_82' title="bbox 2055 3576 3693 3651">
    <p class='ocr_par' dir='ltr' id='par_1_82' title="bbox 2055 3576 3693 3651">
     <span class='ocr_line' id='line_1_83' title="bbox 2055 3576 3693 3651; baseline -0.002 -16"><span class='ocrx_word' id='word_1_638' title='bbox 2055 3580 2235 3651; x_wconf 82' lang='lat' dir='ltr'>(Cant.</span> <span class='ocrx_word' id='word_1_639' title='bbox 2294 3596 2369 3647; x_wconf 83' lang='lat' dir='ltr'>1v,</span> <span class='ocrx_word' id='word_1_640' title='bbox 2420 3578 2477 3649; x_wconf 89' lang='lat'>6)</span> <span class='ocrx_word' id='word_1_641' title='bbox 2527 3596 2541 3633; x_wconf 88' lang='lat'>:</span> <span class='ocrx_word' id='word_1_642' title='bbox 2587 3579 2695 3634; x_wconf 92' lang='lat' dir='ltr'>hoc</span> <span class='ocrx_word' id='word_1_643' title='bbox 2745 3582 2852 3649; x_wconf 90' lang='lat' dir='ltr'>est,</span> <span class='ocrx_word' id='word_1_644' title='bbox 2901 3577 3219 3633; x_wconf 88' lang='lat' dir='ltr'>Ecclesiam</span> <span class='ocrx_word' id='word_1_645' title='bbox 3250 3576 3693 3632; x_wconf 87' lang='lat' dir='ltr'>tentationibus.</span> 
     </span>
    </p>
   </div>
   <div class='ocr_carea' id='block_1_83' title="bbox 2055 3666 3699 3741">
    <p class='ocr_par' dir='ltr' id='par_1_83' title="bbox 2055 3666 3699 3741">
     <span class='ocr_line' id='line_1_84' title="bbox 2055 3666 3699 3741; baseline -0.004 -16"><span class='ocrx_word' id='word_1_646' title='bbox 2055 3669 2217 3725; x_wconf 92' lang='lat' dir='ltr'>Unde</span> <span class='ocrx_word' id='word_1_647' title='bbox 2245 3666 2557 3741; x_wconf 87' lang='lat' dir='ltr'>Apostolus</span> <span class='ocrx_word' id='word_1_648' title='bbox 2581 3667 2723 3722; x_wconf 88' lang='lat' dir='ltr'>dicit</span> <span class='ocrx_word' id='word_1_649' title='bbox 2756 3683 2769 3721; x_wconf 88' lang='lat'>:</span> <span class='ocrx_word' id='word_1_650' title='bbox 2804 3666 3021 3739; x_wconf 88' lang='lat' dir='ltr'>Oportet</span> <span class='ocrx_word' id='word_1_651' title='bbox 3049 3667 3276 3721; x_wconf 79' lang='lat' dir='ltr'>haereses</span> <span class='ocrx_word' id='word_1_652' title='bbox 3321 3682 3457 3733; x_wconf 88' lang='lat' dir='ltr'>esse,</span> <span class='ocrx_word' id='word_1_653' title='bbox 3501 3674 3560 3721; x_wconf 89' lang='lat' dir='ltr'>ut</span> <span class='ocrx_word' id='word_1_654' title='bbox 3604 3681 3699 3736; x_wconf 77' lang='lat' dir='ltr'>qui</span> 
     </span>
    </p>
   </div>
   <div class='ocr_carea' id='block_1_84' title="bbox 2054 3754 3695 3829">
    <p class='ocr_par' dir='ltr' id='par_1_84' title="bbox 2054 3754 3695 3829">
     <span class='ocr_line' id='line_1_85' title="bbox 2054 3754 3695 3829; baseline -0.004 -16"><span class='ocrx_word' id='word_1_655' title='bbox 2054 3759 2272 3829; x_wconf 86' lang='lat' dir='ltr'>probati</span> <span class='ocrx_word' id='word_1_656' title='bbox 2297 3765 2447 3824; x_wconf 88' lang='lat' dir='ltr'>sunt,</span> <span class='ocrx_word' id='word_1_657' title='bbox 2478 3757 2766 3828; x_wconf 77' lang='lat' dir='ltr'>manifesti</span> <span class='ocrx_word' id='word_1_658' title='bbox 2792 3758 2928 3827; x_wconf 86' lang='lat' dir='ltr'>ﬁant</span> <span class='ocrx_word' id='word_1_659' title='bbox 2952 3757 3017 3812; x_wconf 90' lang='lat' dir='ltr'>in</span> <span class='ocrx_word' id='word_1_660' title='bbox 3044 3755 3193 3811; x_wconf 89' lang='lat' dir='ltr'>vobis</span> <span class='ocrx_word' id='word_1_661' title='bbox 3223 3756 3269 3825; x_wconf 87' lang='lat' dir='ltr'>(l</span> <span class='ocrx_word' id='word_1_662' title='bbox 3316 3754 3440 3809; x_wconf 84' lang='lat' dir='ltr'>Cor.</span> <span class='ocrx_word' id='word_1_663' title='bbox 3474 3772 3553 3825; x_wconf 74' lang='grc' dir='ltr'>χι,</span> <span class='ocrx_word' id='word_1_664' title='bbox 3587 3754 3695 3825; x_wconf 88' lang='grc'>19).</span> 
     </span>
    </p>
   </div>
   <div class='ocr_carea' id='block_1_85' title="bbox 2055 3844 3699 3918">
    <p class='ocr_par' dir='ltr' id='par_1_85' title="bbox 2055 3844 3699 3918">
     <span class='ocr_line' id='line_1_86' title="bbox 2055 3844 3699 3918; baseline -0.003 -15"><span class='ocrx_word' id='word_1_665' title='bbox 2055 3847 2176 3916; x_wconf 90' lang='lat' dir='ltr'>Vel,</span> <span class='ocrx_word' id='word_1_666' title='bbox 2208 3870 2236 3897; x_wconf 84' lang='lat'><strong>«</strong></span> <span class='ocrx_word' id='word_1_667' title='bbox 2270 3847 2473 3902; x_wconf 83' lang='lat' dir='ltr'>civitas</span> <span class='ocrx_word' id='word_1_668' title='bbox 2505 3845 2679 3916; x_wconf 87' lang='lat' dir='ltr'>Regis</span> <span class='ocrx_word' id='word_1_669' title='bbox 2706 3845 2959 3918; x_wconf 87' lang='lat' dir='ltr'>magni,»</span> <span class='ocrx_word' id='word_1_670' title='bbox 2992 3844 3103 3900; x_wconf 91' lang='lat' dir='ltr'>hoc</span> <span class='ocrx_word' id='word_1_671' title='bbox 3134 3848 3241 3909; x_wconf 89' lang='lat' dir='ltr'>est,</span> <span class='ocrx_word' id='word_1_672' title='bbox 3274 3848 3479 3899; x_wconf 89' lang='lat' dir='ltr'>sancta</span> <span class='ocrx_word' id='word_1_673' title='bbox 3509 3844 3699 3899; x_wconf 84' lang='lat' dir='ltr'>Eccle-</span> 
     </span>
    </p>
   </div>
   <div class='ocr_carea' id='block_1_86' title="bbox 2058 3952 2164 3992">
    <p class='ocr_par' dir='ltr' id='par_1_86' title="bbox 2058 3952 2164 3992">
     <span class='ocr_line' id='line_1_87' title="bbox 2058 3952 2164 3992; baseline 0.009 -1"><span class='ocrx_word' id='word_1_674' title='bbox 2058 3952 2164 3992; x_wconf 77' lang='lat'>818..</span> 
     </span>
    </p>
   </div>
   <div class='ocr_carea' id='block_1_87' title="bbox 2128 4018 3700 4093">
    <p class='ocr_par' dir='ltr' id='par_1_87' title="bbox 2128 4018 3700 4093">
     <span class='ocr_line' id='line_1_88' title="bbox 2128 4018 3700 4093; baseline 0 -19"><span class='ocrx_word' id='word_1_675' title='bbox 2128 4047 2157 4075; x_wconf 83' lang='lat'><strong>«</strong></span> <span class='ocrx_word' id='word_1_676' title='bbox 2192 4025 2345 4079; x_wconf 91' lang='lat' dir='ltr'>Deus</span> <span class='ocrx_word' id='word_1_677' title='bbox 2377 4024 2435 4078; x_wconf 92' lang='lat' dir='ltr'>in</span> <span class='ocrx_word' id='word_1_678' title='bbox 2464 4021 2739 4078; x_wconf 75' lang='lat' dir='ltr'>domibus</span> <span class='ocrx_word' id='word_1_679' title='bbox 2767 4022 2895 4092; x_wconf 89' lang='lat' dir='ltr'>ejus</span> <span class='ocrx_word' id='word_1_680' title='bbox 2926 4025 3310 4093; x_wconf 89' lang='lat' dir='ltr'>cognoscetur</span> <span class='ocrx_word' id='word_1_681' title='bbox 3338 4036 3472 4076; x_wconf 92' lang='lat' dir='ltr'>cum</span> <span class='ocrx_word' id='word_1_682' title='bbox 3513 4018 3700 4075; x_wconf 89' lang='lat' dir='ltr'>susci-</span> 
     </span>
    </p>
   </div>
   <div class='ocr_carea' id='block_1_88' title="bbox 2057 4107 3704 4184">
    <p class='ocr_par' dir='ltr' id='par_1_88' title="bbox 2057 4107 3704 4184">
     <span class='ocr_line' id='line_1_89' title="bbox 2057 4107 3704 4184; baseline -0.002 -19"><span class='ocrx_word' id='word_1_683' title='bbox 2057 4112 2179 4184; x_wconf 90' lang='lat' dir='ltr'>piet</span> <span class='ocrx_word' id='word_1_684' title='bbox 2208 4128 2357 4167; x_wconf 91' lang='lat' dir='ltr'>eam.</span> <span class='ocrx_word' id='word_1_685' title='bbox 2392 4134 2412 4159; x_wconf 82' lang='grc'><strong>»</strong></span> <span class='ocrx_word' id='word_1_686' title='bbox 2448 4109 2717 4180; x_wconf 90' lang='lat' dir='ltr'>Suscepit</span> <span class='ocrx_word' id='word_1_687' title='bbox 2747 4124 2873 4164; x_wconf 91' lang='lat' dir='ltr'>eam</span> <span class='ocrx_word' id='word_1_688' title='bbox 2904 4124 3007 4179; x_wconf 90' lang='lat' dir='ltr'>per</span> <span class='ocrx_word' id='word_1_689' title='bbox 3034 4107 3704 4180; x_wconf 86' lang='lat' dir='ltr'>gratiam.Cognoscitur</span> 
     </span>
    </p>
   </div>
   <div class='ocr_carea' id='block_1_89' title="bbox 2058 4195 3701 4270">
    <p class='ocr_par' dir='ltr' id='par_1_89' title="bbox 2058 4195 3701 4270">
     <span class='ocr_line' id='line_1_90' title="bbox 2058 4195 3701 4270; baseline -0.002 -15"><span class='ocrx_word' id='word_1_690' title='bbox 2058 4204 2252 4255; x_wconf 90' lang='lat' dir='ltr'>autem</span> <span class='ocrx_word' id='word_1_691' title='bbox 2284 4200 2344 4253; x_wconf 92' lang='lat' dir='ltr'>in</span> <span class='ocrx_word' id='word_1_692' title='bbox 2375 4198 2655 4270; x_wconf 90' lang='lat' dir='ltr'>gradibus</span> <span class='ocrx_word' id='word_1_693' title='bbox 2686 4198 2835 4267; x_wconf 90' lang='lat' dir='ltr'>ejus,</span> <span class='ocrx_word' id='word_1_694' title='bbox 2866 4196 2925 4250; x_wconf 91' lang='lat' dir='ltr'>id</span> <span class='ocrx_word' id='word_1_695' title='bbox 2958 4200 3065 4264; x_wconf 89' lang='lat' dir='ltr'>est,</span> <span class='ocrx_word' id='word_1_696' title='bbox 3097 4196 3156 4250; x_wconf 90' lang='lat' dir='ltr'>in</span> <span class='ocrx_word' id='word_1_697' title='bbox 3189 4195 3580 4268; x_wconf 86' lang='lat' dir='ltr'>apostolis,vel</span> <span class='ocrx_word' id='word_1_698' title='bbox 3614 4211 3701 4251; x_wconf 90' lang='lat' dir='ltr'>re-</span> 
     </span>
    </p>
   </div>
   <div class='ocr_carea' id='block_1_90' title="bbox 2058 4284 3701 4360">
    <p class='ocr_par' dir='ltr' id='par_1_90' title="bbox 2058 4284 3701 4360">
     <span class='ocr_line' id='line_1_91' title="bbox 2058 4284 3701 4360; baseline -0.002 -17"><span class='ocrx_word' id='word_1_699' title='bbox 2058 4287 2238 4359; x_wconf 89' lang='lat' dir='ltr'>liquis</span> <span class='ocrx_word' id='word_1_700' title='bbox 2271 4286 2747 4360; x_wconf 72' lang='lat' dir='ltr'>prtedicatoribus</span> <span class='ocrx_word' id='word_1_701' title='bbox 2781 4302 2797 4340; x_wconf 92' lang='lat'><strong>:</strong></span> <span class='ocrx_word' id='word_1_702' title='bbox 2830 4300 2932 4357; x_wconf 91' lang='lat' dir='ltr'>per</span> <span class='ocrx_word' id='word_1_703' title='bbox 2961 4302 3109 4357; x_wconf 90' lang='lat' dir='ltr'>quos</span> <span class='ocrx_word' id='word_1_704' title='bbox 3140 4284 3403 4341; x_wconf 69' lang='lat' dir='ltr'>Ecclesiae</span> <span class='ocrx_word' id='word_1_705' title='bbox 3435 4285 3580 4340; x_wconf 88' lang='lat' dir='ltr'>ﬁdes</span> <span class='ocrx_word' id='word_1_706' title='bbox 3599 4301 3701 4339; x_wconf 88' lang='lat' dir='ltr'>an—</span> 
     </span>
    </p>
   </div>
   <div class='ocr_carea' id='block_1_91' title="bbox 2060 4373 3699 4446">
    <p class='ocr_par' dir='ltr' id='par_1_91' title="bbox 2060 4373 3699 4446">
     <span class='ocr_line' id='line_1_92' title="bbox 2060 4373 3699 4446; baseline -0.002 -13"><span class='ocrx_word' id='word_1_707' title='bbox 2060 4378 2333 4433; x_wconf 87' lang='lat' dir='ltr'>nuntiata</span> <span class='ocrx_word' id='word_1_708' title='bbox 2362 4375 2689 4432; x_wconf 89' lang='lat' dir='ltr'>est.Gratia</span> <span class='ocrx_word' id='word_1_709' title='bbox 2718 4373 2873 4430; x_wconf 92' lang='lat' dir='ltr'>enim</span> <span class='ocrx_word' id='word_1_710' title='bbox 2904 4390 3111 4430; x_wconf 89' lang='lat' dir='ltr'>sumus</span> <span class='ocrx_word' id='word_1_711' title='bbox 3141 4373 3345 4430; x_wconf 89' lang='lat' dir='ltr'>salvati</span> <span class='ocrx_word' id='word_1_712' title='bbox 3370 4390 3473 4446; x_wconf 90' lang='lat' dir='ltr'>per</span> <span class='ocrx_word' id='word_1_713' title='bbox 3499 4373 3699 4429; x_wconf 87' lang='lat' dir='ltr'>ﬁdem.</span> 
     </span>
    </p>
   </div>
   <div class='ocr_carea' id='block_1_92' title="bbox 2060 4462 3701 4529">
    <p class='ocr_par' dir='ltr' id='par_1_92' title="bbox 2060 4462 3701 4529">
     <span class='ocr_line' id='line_1_93' title="bbox 2060 4462 3701 4529; baseline -0.004 -7"><span class='ocrx_word' id='word_1_714' title='bbox 2060 4471 2117 4523; x_wconf 92' lang='lat' dir='ltr'>et</span> <span class='ocrx_word' id='word_1_715' title='bbox 2147 4466 2257 4522; x_wconf 88' lang='lat' dir='ltr'>hoc</span> <span class='ocrx_word' id='word_1_716' title='bbox 2289 4482 2403 4521; x_wconf 94' lang='lat' dir='ltr'>non</span> <span class='ocrx_word' id='word_1_717' title='bbox 2435 4481 2502 4521; x_wconf 83' lang='lat' dir='ltr'>ex</span> <span class='ocrx_word' id='word_1_718' title='bbox 2533 4463 2721 4520; x_wconf 90' lang='lat' dir='ltr'>nobis.</span> <span class='ocrx_word' id='word_1_719' title='bbox 2754 4462 2853 4519; x_wconf 90' lang='lat' dir='ltr'>Dei</span> <span class='ocrx_word' id='word_1_720' title='bbox 2884 4463 3102 4518; x_wconf 91' lang='lat' dir='ltr'>donum</span> <span class='ocrx_word' id='word_1_721' title='bbox 3151 4467 3258 4529; x_wconf 88' lang='lat' dir='ltr'>est,</span> <span class='ocrx_word' id='word_1_722' title='bbox 3310 4468 3371 4517; x_wconf 90' lang='lat' dir='ltr'>ut</span> <span class='ocrx_word' id='word_1_723' title='bbox 3419 4478 3590 4517; x_wconf 90' lang='lat' dir='ltr'>nemo</span> <span class='ocrx_word' id='word_1_724' title='bbox 3631 4462 3701 4516; x_wconf 89' lang='lat' dir='ltr'>de</span> 
     </span>
    </p>
   </div>
   <div class='ocr_carea' id='block_1_93' title="bbox 2060 4551 3704 4628">
    <p class='ocr_par' dir='ltr' id='par_1_93' title="bbox 2060 4551 3704 4628">
     <span class='ocr_line' id='line_1_94' title="bbox 2060 4551 3704 4628; baseline -0.005 -15"><span class='ocrx_word' id='word_1_725' title='bbox 2060 4572 2121 4613; x_wconf 89' lang='lat' dir='ltr'>se</span> <span class='ocrx_word' id='word_1_726' title='bbox 2152 4554 2449 4628; x_wconf 88' lang='lat' dir='ltr'>glorietur.</span> <span class='ocrx_word' id='word_1_727' title='bbox 2486 4553 2605 4621; x_wconf 82' lang='lat' dir='ltr'>Vel,</span> <span class='ocrx_word' id='word_1_728' title='bbox 2637 4575 2665 4603; x_wconf 90' lang='lat'><strong>«</strong></span> <span class='ocrx_word' id='word_1_729' title='bbox 2701 4552 2758 4607; x_wconf 90' lang='lat' dir='ltr'>in</span> <span class='ocrx_word' id='word_1_730' title='bbox 2790 4551 3084 4619; x_wconf 91' lang='lat' dir='ltr'>domibus,</span> <span class='ocrx_word' id='word_1_731' title='bbox 3118 4574 3148 4601; x_wconf 88' lang='grc'>››</span> <span class='ocrx_word' id='word_1_732' title='bbox 3178 4551 3237 4606; x_wconf 90' lang='lat' dir='ltr'>id</span> <span class='ocrx_word' id='word_1_733' title='bbox 3266 4556 3377 4622; x_wconf 89' lang='lat' dir='ltr'>est,</span> <span class='ocrx_word' id='word_1_734' title='bbox 3410 4551 3469 4606; x_wconf 91' lang='lat' dir='ltr'>in</span> <span class='ocrx_word' id='word_1_735' title='bbox 3502 4555 3704 4605; x_wconf 90' lang='lat' dir='ltr'>sancta</span> 
     </span>
    </p>
   </div>
   <div class='ocr_carea' id='block_1_94' title="bbox 2062 4640 3701 4713">
    <p class='ocr_par' dir='ltr' id='par_1_94' title="bbox 2062 4640 3701 4713">
     <span class='ocr_line' id='line_1_95' title="bbox 2062 4640 3701 4713; baseline -0.004 -13"><span class='ocrx_word' id='word_1_736' title='bbox 2062 4644 2334 4700; x_wconf 89' lang='lat' dir='ltr'>Ecclesia.</span> <span class='ocrx_word' id='word_1_737' title='bbox 2370 4666 2398 4694; x_wconf 85' lang='grc'>‹‹</span> <span class='ocrx_word' id='word_1_738' title='bbox 2431 4643 2577 4698; x_wconf 86' lang='lat' dir='ltr'>Cum</span> <span class='ocrx_word' id='word_1_739' title='bbox 2608 4641 2884 4713; x_wconf 88' lang='lat' dir='ltr'>suscipiet</span> <span class='ocrx_word' id='word_1_740' title='bbox 2913 4656 3066 4709; x_wconf 89' lang='lat' dir='ltr'>eam,</span> <span class='ocrx_word' id='word_1_741' title='bbox 3096 4659 3121 4691; x_wconf 74' lang='grc' dir='ltr'>ι</span> <span class='ocrx_word' id='word_1_742' title='bbox 3158 4640 3215 4695; x_wconf 77' lang='lat' dir='ltr'>in</span> <span class='ocrx_word' id='word_1_743' title='bbox 3250 4640 3396 4707; x_wconf 91' lang='lat' dir='ltr'>ﬁde;</span> <span class='ocrx_word' id='word_1_744' title='bbox 3431 4640 3571 4712; x_wconf 90' lang='lat' dir='ltr'>quia</span> <span class='ocrx_word' id='word_1_745' title='bbox 3599 4657 3701 4695; x_wconf 83' lang='lat' dir='ltr'>an-</span> 
     </span>
    </p>
   </div>
   <div class='ocr_carea' id='block_1_95' title="bbox 307 4730 2717 4811">
    <p class='ocr_par' dir='ltr' id='par_1_95' title="bbox 307 4730 2717 4811">
     <span class='ocr_line' id='line_1_96' title="bbox 307 4730 2717 4811; baseline 0 -25"><span class='ocrx_word' id='word_1_746' title='bbox 307 4730 475 4787; x_wconf 90' lang='lat' dir='ltr'>stolis</span> <span class='ocrx_word' id='word_1_747' title='bbox 506 4732 798 4802; x_wconf 91' lang='lat' dir='ltr'>ejus,sunt</span> <span class='ocrx_word' id='word_1_748' title='bbox 819 4730 1147 4801; x_wconf 89' lang='lat' dir='ltr'>judicandi.</span> <span class='ocrx_word' id='word_1_749' title='bbox 1175 4730 1291 4785; x_wconf 86' lang='lat' dir='ltr'>Nos</span> <span class='ocrx_word' id='word_1_750' title='bbox 1319 4745 1453 4785; x_wconf 90' lang='lat' dir='ltr'>vero</span> <span class='ocrx_word' id='word_1_751' title='bbox 1483 4746 1719 4786; x_wconf 91' lang='lat' dir='ltr'>oremus</span> <span class='ocrx_word' id='word_1_752' title='bbox 1748 4730 1945 4785; x_wconf 92' lang='lat' dir='ltr'>Domi-</span> <span class='ocrx_word' id='word_1_753' title='bbox 1977 4747 2024 4811; x_wconf 84' lang='lat' dir='ltr'><strong>D</strong></span> <span class='ocrx_word' id='word_1_754' title='bbox 2056 4738 2149 4789; x_wconf 91' lang='lat' dir='ltr'>tea</span> <span class='ocrx_word' id='word_1_755' title='bbox 2179 4733 2331 4788; x_wconf 90' lang='lat' dir='ltr'>inter</span> <span class='ocrx_word' id='word_1_756' title='bbox 2359 4731 2542 4788; x_wconf 87' lang='lat' dir='ltr'>malos</span> <span class='ocrx_word' id='word_1_757' title='bbox 2574 4735 2717 4787; x_wconf 90' lang='lat' dir='ltr'>erat.</span> 
     </span>
    </p>
   </div>
   <div class='ocr_carea' id='block_1_96' title="bbox 307 4818 1946 4891">
    <p class='ocr_par' dir='ltr' id='par_1_96' title="bbox 307 4818 1946 4891">
     <span class='ocr_line' id='line_1_97' title="bbox 307 4818 1946 4891; baseline 0 -16"><span class='ocrx_word' id='word_1_758' title='bbox 307 4835 452 4875; x_wconf 92' lang='lat' dir='ltr'>num</span> <span class='ocrx_word' id='word_1_759' title='bbox 482 4824 565 4890; x_wconf 88' lang='lat' dir='ltr'>ut,</span> <span class='ocrx_word' id='word_1_760' title='bbox 600 4819 861 4891; x_wconf 87' lang='lat' dir='ltr'>deposito</span> <span class='ocrx_word' id='word_1_761' title='bbox 912 4818 1073 4874; x_wconf 91' lang='lat' dir='ltr'>omni</span> <span class='ocrx_word' id='word_1_762' title='bbox 1115 4824 1345 4875; x_wconf 90' lang='lat' dir='ltr'>tumore</span> <span class='ocrx_word' id='word_1_763' title='bbox 1392 4818 1698 4890; x_wconf 78' lang='lat' dir='ltr'>superbiae,</span> <span class='ocrx_word' id='word_1_764' title='bbox 1740 4819 1822 4875; x_wconf 81' lang='lat' dir='ltr'>ita</span> <span class='ocrx_word' id='word_1_765' title='bbox 1863 4818 1946 4875; x_wconf 92' lang='lat' dir='ltr'>illi</span> 
     </span>
    </p>
   </div>
   <div class='ocr_carea' id='block_1_97' title="bbox 308 4907 1952 4980">
    <p class='ocr_par' dir='ltr' id='par_1_97' title="bbox 308 4907 1952 4980">
     <span class='ocr_line' id='line_1_98' title="bbox 308 4907 1952 4980; baseline -0.001 -15"><span class='ocrx_word' id='word_1_766' title='bbox 308 4910 738 4980; x_wconf 89' lang='lat' dir='ltr'>conjungamur</span> <span class='ocrx_word' id='word_1_767' title='bbox 765 4909 824 4963; x_wconf 91' lang='lat' dir='ltr'>in</span> <span class='ocrx_word' id='word_1_768' title='bbox 856 4907 964 4963; x_wconf 89' lang='lat' dir='ltr'>hoc</span> <span class='ocrx_word' id='word_1_769' title='bbox 993 4907 1235 4975; x_wconf 58' lang='lat' dir='ltr'>aesculo;</span> <span class='ocrx_word' id='word_1_770' title='bbox 1268 4912 1331 4963; x_wconf 90' lang='lat' dir='ltr'>ut</span> <span class='ocrx_word' id='word_1_771' title='bbox 1362 4908 1422 4963; x_wconf 90' lang='lat' dir='ltr'>in</span> <span class='ocrx_word' id='word_1_772' title='bbox 1446 4907 1670 4979; x_wconf 87' lang='lat' dir='ltr'>judicio</span> <span class='ocrx_word' id='word_1_773' title='bbox 1699 4926 1733 4964; x_wconf 88' lang='lat' dir='ltr'>a</span> <span class='ocrx_word' id='word_1_774' title='bbox 1772 4908 1952 4965; x_wconf 89' lang='lat' dir='ltr'>sinis-</span> 
     </span>
    </p>
   </div>
   <div class='ocr_carea' id='block_1_98' title="bbox 306 4996 1949 5070">
    <p class='ocr_par' dir='ltr' id='par_1_98' title="bbox 306 4996 1949 5070">
     <span class='ocr_line' id='line_1_99' title="bbox 306 4996 1949 5070; baseline 0.001 -18"><span class='ocrx_word' id='word_1_775' title='bbox 306 5002 397 5053; x_wconf 88' lang='lat' dir='ltr'>tra</span> <span class='ocrx_word' id='word_1_776' title='bbox 428 5002 589 5069; x_wconf 89' lang='lat' dir='ltr'>parte</span> <span class='ocrx_word' id='word_1_777' title='bbox 618 4997 920 5067; x_wconf 80' lang='lat' dir='ltr'>disjuncti,</span> <span class='ocrx_word' id='word_1_778' title='bbox 952 5014 1067 5054; x_wconf 92' lang='lat' dir='ltr'>non</span> <span class='ocrx_word' id='word_1_779' title='bbox 1097 4996 1427 5052; x_wconf 87' lang='lat' dir='ltr'>inveniatur</span> <span class='ocrx_word' id='word_1_780' title='bbox 1472 4996 1533 5051; x_wconf 91' lang='lat' dir='ltr'>in</span> <span class='ocrx_word' id='word_1_781' title='bbox 1581 4997 1749 5053; x_wconf 89' lang='lat' dir='ltr'>nobis</span> <span class='ocrx_word' id='word_1_782' title='bbox 1797 4998 1949 5070; x_wconf 92' lang='lat' dir='ltr'>quod</span> 
     </span>
    </p>
   </div>
   <div class='ocr_carea' id='block_1_99' title="bbox 307 5084 1949 5159">
    <p class='ocr_par' dir='ltr' id='par_1_99' title="bbox 307 5084 1949 5159">
     <span class='ocr_line' id='line_1_100' title="bbox 307 5084 1949 5159; baseline 0.001 -18"><span class='ocrx_word' id='word_1_783' title='bbox 307 5087 546 5141; x_wconf 90' lang='lat' dir='ltr'>damnet</span> <span class='ocrx_word' id='word_1_784' title='bbox 575 5086 634 5140; x_wconf 90' lang='lat' dir='ltr'>in</span> <span class='ocrx_word' id='word_1_785' title='bbox 662 5086 1019 5158; x_wconf 79' lang='lat' dir='ltr'>pcsnam,sed</span> <span class='ocrx_word' id='word_1_786' title='bbox 1051 5086 1204 5158; x_wconf 92' lang='lat' dir='ltr'>quod</span> <span class='ocrx_word' id='word_1_787' title='bbox 1237 5085 1448 5157; x_wconf 87' lang='lat' dir='ltr'>pietate</span> <span class='ocrx_word' id='word_1_788' title='bbox 1480 5084 1790 5158; x_wconf 90' lang='lat' dir='ltr'>multiplici</span> <span class='ocrx_word' id='word_1_789' title='bbox 1821 5104 1949 5159; x_wconf 87' lang='lat' dir='ltr'>pro-</span> 
     </span>
    </p>
   </div>
   <div class='ocr_carea' id='block_1_100' title="bbox 304 5174 901 5231">
    <p class='ocr_par' dir='ltr' id='par_1_100' title="bbox 304 5174 901 5231">
     <span class='ocr_line' id='line_1_101' title="bbox 304 5174 901 5231; baseline 0.002 -3"><span class='ocrx_word' id='word_1_790' title='bbox 304 5174 478 5231; x_wconf 88' lang='lat' dir='ltr'>vehat</span> <span class='ocrx_word' id='word_1_791' title='bbox 501 5174 571 5229; x_wconf 92' lang='lat' dir='ltr'>ad</span> <span class='ocrx_word' id='word_1_792' title='bbox 606 5190 901 5230; x_wconf 91' lang='lat' dir='ltr'>coronam.</span> 
     </span>
    </p>
   </div>
   <div class='ocr_carea' id='block_1_101' title="bbox 840 5280 1423 5337">
    <p class='ocr_par' dir='ltr' id='par_1_101' title="bbox 840 5280 1423 5337">
     <span class='ocr_line' id='line_1_102' title="bbox 840 5280 1423 5337; baseline 0.002 -1"><span class='ocrx_word' id='word_1_793' title='bbox 840 5281 1163 5337; x_wconf 88' lang='lat' dir='ltr'>PSALMUS</span> <span class='ocrx_word' id='word_1_794' title='bbox 1204 5280 1423 5337; x_wconf 84' lang='lat' dir='ltr'>XLVII.</span> 
     </span>
    </p>
   </div>
   <div class='ocr_carea' id='block_1_102' title="bbox 304 5367 1952 5440">
    <p class='ocr_par' dir='ltr' id='par_1_102' title="bbox 304 5367 1952 5440">
     <span class='ocr_line' id='line_1_103' title="bbox 304 5367 1952 5440; baseline 0.002 -18"><span class='ocrx_word' id='word_1_795' title='bbox 304 5370 557 5424; x_wconf 87' lang='lat' dir='ltr'>Psatmus</span> <span class='ocrx_word' id='word_1_796' title='bbox 611 5370 811 5425; x_wconf 86' lang='lat' dir='ltr'>cantici</span> <span class='ocrx_word' id='word_1_797' title='bbox 860 5370 993 5440; x_wconf 85' lang='lat' dir='ltr'>ﬁliis</span> <span class='ocrx_word' id='word_1_798' title='bbox 1051 5369 1204 5437; x_wconf 88' lang='lat' dir='ltr'>Core,</span> <span class='ocrx_word' id='word_1_799' title='bbox 1253 5369 1494 5425; x_wconf 86' lang='lat' dir='ltr'>secunda</span> <span class='ocrx_word' id='word_1_800' title='bbox 1548 5367 1790 5424; x_wconf 89' lang='lat' dir='ltr'>Sabbati.</span> <span class='ocrx_word' id='word_1_801' title='bbox 1847 5368 1952 5425; x_wconf 88' lang='lat' dir='ltr'>Per</span> 
     </span>
    </p>
   </div>
   <div class='ocr_carea' id='block_1_103' title="bbox 380 5440 1952 5523">
    <p class='ocr_par' dir='ltr' id='par_1_103' title="bbox 380 5440 1952 5523">
     <span class='ocr_line' id='line_1_104' title="bbox 380 5440 1952 5523; baseline 0.001 -28"><span class='ocrx_word' id='word_1_802' title='bbox 380 5440 695 5523; x_wconf 79' lang='lat' dir='ltr'>Psalmum,</span> <span class='ocrx_word' id='word_1_803' title='bbox 746 5440 1373 5523; x_wconf 46' lang='lat' dir='ltr'>opusvelprmdicat‘io</span> <span class='ocrx_word' id='word_1_804' title='bbox 1414 5440 1785 5523; x_wconf 58' lang='lat' dir='ltr'>intelligitur:</span> <span class='ocrx_word' id='word_1_805' title='bbox 1844 5441 1952 5496; x_wconf 86' lang='lat' dir='ltr'>Per</span> 
     </span>
    </p>
   </div>
   <div class='ocr_carea' id='block_1_104' title="bbox 375 5511 1949 5583">
    <p class='ocr_par' dir='ltr' id='par_1_104' title="bbox 375 5511 1949 5583">
     <span class='ocr_line' id='line_1_105' title="bbox 375 5511 1949 5583; baseline 0 -16"><span class='ocrx_word' id='word_1_806' title='bbox 375 5513 691 5583; x_wconf 89' lang='lat' dir='ltr'>canticum,</span> <span class='ocrx_word' id='word_1_807' title='bbox 715 5511 959 5567; x_wconf 89' lang='lat' dir='ltr'>scientia</span> <span class='ocrx_word' id='word_1_808' title='bbox 987 5511 1214 5568; x_wconf 29' lang='lat' dir='ltr'>et‘laus.</span> <span class='ocrx_word' id='word_1_809' title='bbox 1248 5513 1375 5567; x_wconf 82' lang='lat' dir='ltr'>Filii</span> <span class='ocrx_word' id='word_1_810' title='bbox 1409 5512 1566 5577; x_wconf 88' lang='lat' dir='ltr'>Core,</span> <span class='ocrx_word' id='word_1_811' title='bbox 1600 5511 1787 5583; x_wconf 86' lang='lat' dir='ltr'>sancti</span> <span class='ocrx_word' id='word_1_812' title='bbox 1810 5529 1949 5583; x_wconf 90' lang='lat' dir='ltr'>apo-</span> 
     </span>
    </p>
   </div>
   <div class='ocr_carea' id='block_1_105' title="bbox 377 5582 1946 5655">
    <p class='ocr_par' dir='ltr' id='par_1_105' title="bbox 377 5582 1946 5655">
     <span class='ocr_line' id='line_1_106' title="bbox 377 5582 1946 5655; baseline 0 -17"><span class='ocrx_word' id='word_1_813' title='bbox 377 5582 534 5649; x_wconf 88' lang='lat' dir='ltr'>stoli,</span> <span class='ocrx_word' id='word_1_814' title='bbox 572 5582 996 5655; x_wconf 36' lang='lat' dir='ltr'>vel&#39;martyres.</span> <span class='ocrx_word' id='word_1_815' title='bbox 1029 5584 1225 5639; x_wconf 90' lang='lat' dir='ltr'>Prima</span> <span class='ocrx_word' id='word_1_816' title='bbox 1261 5584 1518 5647; x_wconf 85' lang='lat' dir='ltr'>Sabbati,</span> <span class='ocrx_word' id='word_1_817' title='bbox 1546 5584 1679 5639; x_wconf 84' lang='lat' dir='ltr'>fecit</span> <span class='ocrx_word' id='word_1_818' title='bbox 1716 5582 1946 5646; x_wconf 79' lang='lat' dir='ltr'>lucem,-</span> 
     </span>
    </p>
   </div>
   <div class='ocr_carea' id='block_1_106' title="bbox 378 5656 1947 5722">
    <p class='ocr_par' dir='ltr' id='par_1_106' title="bbox 378 5656 1947 5722">
     <span class='ocr_line' id='line_1_107' title="bbox 378 5656 1947 5722; baseline -0.001 -12"><span class='ocrx_word' id='word_1_819' title='bbox 378 5656 637 5710; x_wconf 88' lang='lat' dir='ltr'>secunda</span> <span class='ocrx_word' id='word_1_820' title='bbox 665 5656 920 5722; x_wconf 88' lang='lat' dir='ltr'>Sabbati,</span> <span class='ocrx_word' id='word_1_821' title='bbox 945 5656 1078 5710; x_wconf 86' lang='lat' dir='ltr'>fecit</span> <span class='ocrx_word' id='word_1_822' title='bbox 1109 5657 1569 5720; x_wconf 90' lang='lat' dir='ltr'>ﬁrmamentum,</span> <span class='ocrx_word' id='word_1_823' title='bbox 1605 5656 1947 5721; x_wconf 88' lang='lat' dir='ltr'>Lucem,an-</span> 
     </span>
    </p>
   </div>
   <div class='ocr_carea' id='block_1_107' title="bbox 377 5726 1946 5797">
    <p class='ocr_par' dir='ltr' id='par_1_107' title="bbox 377 5726 1946 5797">
     <span class='ocr_line' id='line_1_108' title="bbox 377 5726 1946 5797; baseline 0.001 -17"><span class='ocrx_word' id='word_1_824' title='bbox 377 5726 567 5797; x_wconf 82' lang='lat' dir='ltr'>gelos;</span> <span class='ocrx_word' id='word_1_825' title='bbox 605 5727 1063 5797; x_wconf 83' lang='lat' dir='ltr'>ﬁrmamentum,</span> <span class='ocrx_word' id='word_1_826' title='bbox 1114 5726 1401 5782; x_wconf 87' lang='lat' dir='ltr'>homines.</span> <span class='ocrx_word' id='word_1_827' title='bbox 1449 5728 1632 5782; x_wconf 88' lang='lat' dir='ltr'>Habet</span> <span class='ocrx_word' id='word_1_828' title='bbox 1678 5726 1813 5781; x_wconf 92' lang='lat' dir='ltr'>inde</span> <span class='ocrx_word' id='word_1_829' title='bbox 1842 5726 1946 5781; x_wconf 91' lang='lat' dir='ltr'>ali-</span> 
     </span>
    </p>
   </div>
   <div class='ocr_carea' id='block_1_108' title="bbox 379 5796 1944 5868">
    <p class='ocr_par' dir='ltr' id='par_1_108' title="bbox 379 5796 1944 5868">
     <span class='ocr_line' id='line_1_109' title="bbox 379 5796 1944 5868; baseline 0.002 -17"><span class='ocrx_word' id='word_1_830' title='bbox 379 5796 519 5868; x_wconf 85' lang='lat' dir='ltr'>quid</span> <span class='ocrx_word' id='word_1_831' title='bbox 550 5797 609 5852; x_wconf 91' lang='lat' dir='ltr'>in</span> <span class='ocrx_word' id='word_1_832' title='bbox 642 5796 797 5853; x_wconf 90' lang='lat' dir='ltr'>Novo</span> <span class='ocrx_word' id='word_1_833' title='bbox 829 5799 1224 5856; x_wconf 87' lang='lat' dir='ltr'>Testamento.</span> <span class='ocrx_word' id='word_1_834' title='bbox 1259 5798 1455 5855; x_wconf 91' lang='lat' dir='ltr'>Prima</span> <span class='ocrx_word' id='word_1_835' title='bbox 1482 5797 1944 5866; x_wconf 90' lang='lat' dir='ltr'>Sabbati,resur-</span> 
     </span>
    </p>
   </div>
   <div class='ocr_carea' id='block_1_109' title="bbox 2131 4817 3696 4892">
    <p class='ocr_par' dir='ltr' id='par_1_109' title="bbox 2131 4817 3696 4892">
     <span class='ocr_line' id='line_1_110' title="bbox 2131 4817 3696 4892; baseline -0.001 -21"><span class='ocrx_word' id='word_1_836' title='bbox 2131 4844 2159 4871; x_wconf 86' lang='grc'>‹‹</span> <span class='ocrx_word' id='word_1_837' title='bbox 2194 4821 2481 4885; x_wconf 90' lang='lat' dir='ltr'>Quoniam</span> <span class='ocrx_word' id='word_1_838' title='bbox 2511 4835 2643 4876; x_wconf 91' lang='lat' dir='ltr'>ecce</span> <span class='ocrx_word' id='word_1_839' title='bbox 2672 4835 2837 4891; x_wconf 89' lang='lat' dir='ltr'>reges</span> <span class='ocrx_word' id='word_1_840' title='bbox 2882 4823 3047 4874; x_wconf 69' lang='lat' dir='ltr'>terra:</span> <span class='ocrx_word' id='word_1_841' title='bbox 3092 4817 3422 4892; x_wconf 87' lang='lat' dir='ltr'>congregati</span> <span class='ocrx_word' id='word_1_842' title='bbox 3470 4822 3627 4875; x_wconf 90' lang='lat' dir='ltr'>sunt.</span> <span class='ocrx_word' id='word_1_843' title='bbox 3670 4838 3696 4869; x_wconf 71' lang='grc' dir='ltr'><strong>η</strong></span> 
     </span>
    </p>
   </div>
   <div class='ocr_carea' id='block_1_110' title="bbox 2060 4906 3708 4982">
    <p class='ocr_par' dir='ltr' id='par_1_110' title="bbox 2060 4906 3708 4982">
     <span class='ocr_line' id='line_1_111' title="bbox 2060 4906 3708 4982; baseline -0.001 -17"><span class='ocrx_word' id='word_1_844' title='bbox 2060 4909 2358 4982; x_wconf 90' lang='lat' dir='ltr'>Principes</span> <span class='ocrx_word' id='word_1_845' title='bbox 2389 4907 2606 4976; x_wconf 67' lang='lat' dir='ltr'>saeculi,</span> <span class='ocrx_word' id='word_1_846' title='bbox 2634 4925 2887 4980; x_wconf 87' lang='lat' dir='ltr'>quorum</span> <span class='ocrx_word' id='word_1_847' title='bbox 2920 4924 3168 4981; x_wconf 87' lang='lat' dir='ltr'>regnum</span> <span class='ocrx_word' id='word_1_848' title='bbox 3216 4907 3276 4963; x_wconf 88' lang='lat' dir='ltr'>in</span> <span class='ocrx_word' id='word_1_849' title='bbox 3325 4906 3484 4963; x_wconf 89' lang='lat' dir='ltr'>cultu</span> <span class='ocrx_word' id='word_1_850' title='bbox 3528 4906 3708 4964; x_wconf 83' lang='lat' dir='ltr'>idolo-</span> 
     </span>
    </p>
   </div>
   <div class='ocr_carea' id='block_1_111' title="bbox 2062 4996 3704 5070">
    <p class='ocr_par' dir='ltr' id='par_1_111' title="bbox 2062 4996 3704 5070">
     <span class='ocr_line' id='line_1_112' title="bbox 2062 4996 3704 5070; baseline -0.002 -16"><span class='ocrx_word' id='word_1_851' title='bbox 2062 5015 2193 5054; x_wconf 89' lang='lat' dir='ltr'>rum</span> <span class='ocrx_word' id='word_1_852' title='bbox 2224 5004 2401 5070; x_wconf 84' lang='lat' dir='ltr'>atque</span> <span class='ocrx_word' id='word_1_853' title='bbox 2429 4997 2851 5053; x_wconf 60' lang='lat' dir='ltr'>daemoniorum</span> <span class='ocrx_word' id='word_1_854' title='bbox 2882 5004 3024 5052; x_wconf 89' lang='lat' dir='ltr'>erat.</span> <span class='ocrx_word' id='word_1_855' title='bbox 3057 4998 3139 5052; x_wconf 83' lang='lat' dir='ltr'>Ex</span> <span class='ocrx_word' id='word_1_856' title='bbox 3167 4996 3450 5052; x_wconf 88' lang='lat' dir='ltr'>lateribus</span> <span class='ocrx_word' id='word_1_857' title='bbox 3479 4996 3704 5067; x_wconf 88' lang='lat' dir='ltr'>aquilo-</span> 
     </span>
    </p>
   </div>
   <div class='ocr_carea' id='block_1_112' title="bbox 2062 5083 3703 5157">
    <p class='ocr_par' dir='ltr' id='par_1_112' title="bbox 2062 5083 3703 5157">
     <span class='ocr_line' id='line_1_113' title="bbox 2062 5083 3703 5157; baseline -0.002 -16"><span class='ocrx_word' id='word_1_858' title='bbox 2062 5088 2177 5154; x_wconf 89' lang='lat' dir='ltr'>nis,</span> <span class='ocrx_word' id='word_1_859' title='bbox 2207 5088 2266 5142; x_wconf 93' lang='lat' dir='ltr'>id</span> <span class='ocrx_word' id='word_1_860' title='bbox 2298 5091 2407 5153; x_wconf 90' lang='lat' dir='ltr'>est,</span> <span class='ocrx_word' id='word_1_861' title='bbox 2452 5085 2668 5141; x_wconf 91' lang='lat' dir='ltr'>diaboli</span> <span class='ocrx_word' id='word_1_862' title='bbox 2716 5086 3076 5142; x_wconf 88' lang='lat' dir='ltr'>accedentes.</span> <span class='ocrx_word' id='word_1_863' title='bbox 3121 5084 3246 5151; x_wconf 89' lang='lat' dir='ltr'>Vel,</span> <span class='ocrx_word' id='word_1_864' title='bbox 3296 5108 3322 5134; x_wconf 82' lang='lat'><strong>«</strong></span> <span class='ocrx_word' id='word_1_865' title='bbox 3370 5083 3703 5157; x_wconf 88' lang='lat' dir='ltr'>congregati</span> 
     </span>
    </p>
   </div>
   <div class='ocr_carea' id='block_1_113' title="bbox 2061 5173 3705 5245">
    <p class='ocr_par' dir='ltr' id='par_1_113' title="bbox 2061 5173 3705 5245">
     <span class='ocr_line' id='line_1_114' title="bbox 2061 5173 3705 5245; baseline -0.004 -14"><span class='ocrx_word' id='word_1_866' title='bbox 2061 5180 2220 5244; x_wconf 90' lang='lat' dir='ltr'>sunt,</span> <span class='ocrx_word' id='word_1_867' title='bbox 2251 5181 2307 5231; x_wconf 91' lang='lat' dir='ltr'>et</span> <span class='ocrx_word' id='word_1_868' title='bbox 2337 5180 2733 5231; x_wconf 87' lang='lat' dir='ltr'>convenerunt</span> <span class='ocrx_word' id='word_1_869' title='bbox 2761 5174 2820 5230; x_wconf 90' lang='lat' dir='ltr'>in</span> <span class='ocrx_word' id='word_1_870' title='bbox 2853 5192 3058 5245; x_wconf 89' lang='lat' dir='ltr'>unum,</span> <span class='ocrx_word' id='word_1_871' title='bbox 3095 5196 3122 5223; x_wconf 88' lang='grc'>››</span> <span class='ocrx_word' id='word_1_872' title='bbox 3152 5174 3207 5229; x_wconf 92' lang='lat' dir='ltr'>id</span> <span class='ocrx_word' id='word_1_873' title='bbox 3241 5178 3350 5244; x_wconf 89' lang='lat' dir='ltr'>est,</span> <span class='ocrx_word' id='word_1_874' title='bbox 3396 5173 3456 5228; x_wconf 92' lang='lat' dir='ltr'>in</span> <span class='ocrx_word' id='word_1_875' title='bbox 3508 5173 3705 5227; x_wconf 88' lang='lat' dir='ltr'>unita-</span> 
     </span>
    </p>
   </div>
   <div class='ocr_carea' id='block_1_114' title="bbox 2059 5261 3705 5333">
    <p class='ocr_par' dir='ltr' id='par_1_114' title="bbox 2059 5261 3705 5333">
     <span class='ocr_line' id='line_1_115' title="bbox 2059 5261 3705 5333; baseline -0.002 -13"><span class='ocrx_word' id='word_1_876' title='bbox 2059 5271 2176 5321; x_wconf 90' lang='lat' dir='ltr'>tem</span> <span class='ocrx_word' id='word_1_877' title='bbox 2207 5264 2495 5321; x_wconf 74' lang='lat' dir='ltr'>Ecclesiae.</span> <span class='ocrx_word' id='word_1_878' title='bbox 2530 5286 2558 5314; x_wconf 85' lang='lat'><strong>«</strong></span> <span class='ocrx_word' id='word_1_879' title='bbox 2589 5264 2992 5320; x_wconf 88' lang='lat' dir='ltr'>Convenerunt</span> <span class='ocrx_word' id='word_1_880' title='bbox 3022 5264 3081 5318; x_wconf 92' lang='lat' dir='ltr'>in</span> <span class='ocrx_word' id='word_1_881' title='bbox 3114 5279 3320 5318; x_wconf 90' lang='lat' dir='ltr'>unum.</span> <span class='ocrx_word' id='word_1_882' title='bbox 3354 5286 3382 5312; x_wconf 84' lang='lat'><strong>«</strong></span> <span class='ocrx_word' id='word_1_883' title='bbox 3432 5261 3705 5333; x_wconf 84' lang='lat' dir='ltr'>Lapidem</span> 
     </span>
    </p>
   </div>
   <div class='ocr_carea' id='block_1_115' title="bbox 2060 5351 3597 5426">
    <p class='ocr_par' dir='ltr' id='par_1_115' title="bbox 2060 5351 3597 5426">
     <span class='ocr_line' id='line_1_116' title="bbox 2060 5351 3597 5426; baseline -0.003 -16"><span class='ocrx_word' id='word_1_884' title='bbox 2060 5371 2361 5410; x_wconf 90' lang='lat' dir='ltr'>summum</span> <span class='ocrx_word' id='word_1_885' title='bbox 2392 5352 2735 5426; x_wconf 88' lang='lat' dir='ltr'>angularem</span> <span class='ocrx_word' id='word_1_886' title='bbox 2767 5351 2826 5407; x_wconf 93' lang='lat' dir='ltr'>in</span> <span class='ocrx_word' id='word_1_887' title='bbox 2854 5351 3234 5407; x_wconf 81' lang='lat' dir='ltr'>fundamento</span> <span class='ocrx_word' id='word_1_888' title='bbox 3265 5351 3597 5407; x_wconf 87' lang='lat' dir='ltr'>fundatum.</span> 
     </span>
    </p>
   </div>
   <div class='ocr_carea' id='block_1_116' title="bbox 2129 5439 3706 5516">
    <p class='ocr_par' dir='ltr' id='par_1_116' title="bbox 2129 5439 3706 5516">
     <span class='ocr_line' id='line_1_117' title="bbox 2129 5439 3706 5516; baseline 0.001 -23"><span class='ocrx_word' id='word_1_889' title='bbox 2129 5466 2157 5494; x_wconf 89' lang='grc'>‹‹</span> <span class='ocrx_word' id='word_1_890' title='bbox 2192 5444 2307 5516; x_wconf 88' lang='lat' dir='ltr'>Ipsi</span> <span class='ocrx_word' id='word_1_891' title='bbox 2339 5444 2603 5499; x_wconf 89' lang='lat' dir='ltr'>videntes</span> <span class='ocrx_word' id='word_1_892' title='bbox 2655 5441 2739 5497; x_wconf 92' lang='lat' dir='ltr'>sic</span> <span class='ocrx_word' id='word_1_893' title='bbox 2788 5440 3060 5497; x_wconf 88' lang='lat' dir='ltr'>admirati</span> <span class='ocrx_word' id='word_1_894' title='bbox 3092 5444 3249 5494; x_wconf 91' lang='lat' dir='ltr'>sunt.</span> <span class='ocrx_word' id='word_1_895' title='bbox 3281 5462 3308 5489; x_wconf 84' lang='grc'>))</span> <span class='ocrx_word' id='word_1_896' title='bbox 3341 5439 3595 5496; x_wconf 91' lang='lat' dir='ltr'>Gloriam</span> <span class='ocrx_word' id='word_1_897' title='bbox 3640 5455 3706 5495; x_wconf 90' lang='lat' dir='ltr'>ac</span> 
     </span>
    </p>
   </div>
   <div class='ocr_carea' id='block_1_117' title="bbox 2057 5527 3705 5605">
    <p class='ocr_par' dir='ltr' id='par_1_117' title="bbox 2057 5527 3705 5605">
     <span class='ocr_line' id='line_1_118' title="bbox 2057 5527 3705 5605; baseline -0.003 -17"><span class='ocrx_word' id='word_1_898' title='bbox 2057 5534 2379 5605; x_wconf 88' lang='lat' dir='ltr'>potentiam</span> <span class='ocrx_word' id='word_1_899' title='bbox 2411 5529 2835 5603; x_wconf 89' lang='lat' dir='ltr'>Redemptoris.</span> <span class='ocrx_word' id='word_1_900' title='bbox 2866 5528 2969 5585; x_wconf 91' lang='lat' dir='ltr'>Vel</span> <span class='ocrx_word' id='word_1_901' title='bbox 3011 5527 3256 5584; x_wconf 89' lang='lat' dir='ltr'>virtutes</span> <span class='ocrx_word' id='word_1_902' title='bbox 3309 5528 3705 5600; x_wconf 89' lang='lat' dir='ltr'>apostolorum</span> 
     </span>
    </p>
   </div>
   <div class='ocr_carea' id='block_1_118' title="bbox 2057 5616 3706 5691">
    <p class='ocr_par' dir='ltr' id='par_1_118' title="bbox 2057 5616 3706 5691">
     <span class='ocr_line' id='line_1_119' title="bbox 2057 5616 3706 5691; baseline -0.002 -14"><span class='ocrx_word' id='word_1_903' title='bbox 2057 5623 2329 5678; x_wconf 89' lang='lat' dir='ltr'>admirati</span> <span class='ocrx_word' id='word_1_904' title='bbox 2367 5626 2524 5691; x_wconf 91' lang='lat' dir='ltr'>sunt,</span> <span class='ocrx_word' id='word_1_905' title='bbox 2559 5625 2616 5675; x_wconf 91' lang='lat' dir='ltr'>et</span> <span class='ocrx_word' id='word_1_906' title='bbox 2646 5618 2919 5675; x_wconf 90' lang='lat' dir='ltr'>commoti</span> <span class='ocrx_word' id='word_1_907' title='bbox 2970 5623 3112 5673; x_wconf 88' lang='lat' dir='ltr'>sunt</span> <span class='ocrx_word' id='word_1_908' title='bbox 3158 5617 3229 5671; x_wconf 92' lang='lat' dir='ltr'>de</span> <span class='ocrx_word' id='word_1_909' title='bbox 3260 5616 3602 5673; x_wconf 88' lang='lat' dir='ltr'>inﬁdelitate</span> <span class='ocrx_word' id='word_1_910' title='bbox 3632 5619 3706 5674; x_wconf 90' lang='lat' dir='ltr'>ad</span> 
     </span>
    </p>
   </div>
   <div class='ocr_carea' id='block_1_119' title="bbox 2056 5704 3708 5778">
    <p class='ocr_par' dir='ltr' id='par_1_119' title="bbox 2056 5704 3708 5778">
     <span class='ocr_line' id='line_1_120' title="bbox 2056 5704 3708 5778; baseline -0.001 -14"><span class='ocrx_word' id='word_1_911' title='bbox 2056 5711 2252 5766; x_wconf 87' lang='lat' dir='ltr'>ﬁdem.</span> <span class='ocrx_word' id='word_1_912' title='bbox 2287 5734 2313 5760; x_wconf 89' lang='grc'>‹‹</span> <span class='ocrx_word' id='word_1_913' title='bbox 2343 5708 2686 5766; x_wconf 90' lang='lat' dir='ltr'>Conturbati</span> <span class='ocrx_word' id='word_1_914' title='bbox 2720 5712 2856 5762; x_wconf 90' lang='lat' dir='ltr'>sunt</span> <span class='ocrx_word' id='word_1_915' title='bbox 2882 5711 2937 5762; x_wconf 92' lang='lat' dir='ltr'>et</span> <span class='ocrx_word' id='word_1_916' title='bbox 2966 5704 3241 5762; x_wconf 89' lang='lat' dir='ltr'>commoti</span> <span class='ocrx_word' id='word_1_917' title='bbox 3290 5710 3448 5778; x_wconf 91' lang='lat' dir='ltr'>sunt,</span> <span class='ocrx_word' id='word_1_918' title='bbox 3490 5711 3708 5763; x_wconf 86' lang='lat' dir='ltr'>tremor</span> 
     </span>
    </p>
   </div>
   <div class='ocr_carea' id='block_1_120' title="bbox 2055 5794 3708 5871">
    <p class='ocr_par' dir='ltr' id='par_1_120' title="bbox 2055 5794 3708 5871">
     <span class='ocr_line' id='line_1_121' title="bbox 2055 5794 3708 5871; baseline -0.001 -18"><span class='ocrx_word' id='word_1_919' title='bbox 2055 5798 2441 5871; x_wconf 89' lang='lat' dir='ltr'>apprehendit</span> <span class='ocrx_word' id='word_1_920' title='bbox 2469 5814 2587 5853; x_wconf 91' lang='lat' dir='ltr'>eos.</span> <span class='ocrx_word' id='word_1_921' title='bbox 2625 5820 2652 5846; x_wconf 88' lang='grc'><strong>››</strong></span> <span class='ocrx_word' id='word_1_922' title='bbox 2684 5802 2731 5851; x_wconf 82' lang='grc' dir='ltr'>Α</span> <span class='ocrx_word' id='word_1_923' title='bbox 2761 5794 3119 5852; x_wconf 86' lang='lat' dir='ltr'>conscientia</span> <span class='ocrx_word' id='word_1_924' title='bbox 3147 5794 3491 5851; x_wconf 86' lang='lat' dir='ltr'>delictorum</span> <span class='ocrx_word' id='word_1_925' title='bbox 3528 5813 3540 5850; x_wconf 90' lang='lat'><strong>:</strong></span> <span class='ocrx_word' id='word_1_926' title='bbox 3568 5796 3708 5867; x_wconf 64' lang='lat' dir='ltr'>quis</span> 
     </span>
    </p>
   </div>
  </div>
