4314 6568
589 450 747 512 1093

2079 444 2500 508 APPENDIX.

3838 441 3995 501 1024

585 582 808 637 dictum
839 584 926 636 est
960 597 972 635 :
1010 583 1061 634 Α
1086 582 1284 636 timore
1312 584 1403 635 tuo
1433 582 1773 651 concepimus
1821 584 1875 636 et
1923 581 2230 652 peperimus
2258 579 2312 645 Α
2344 580 2574 633 nostros
2604 576 2813 633 direxit
2833 576 2893 635 in
2926 591 3008 644 se,
3041 575 3141 648 qui
3173 577 3263 630 est
3290 573 3385 629 via
3415 572 3597 646 pacis,
3630 576 3689 628 et
3717 588 3830 643 pax
3859 588 3996 628 nos—

582 670 841 741 spiritum
867 669 1067 724 salutis
1096 669 1225 739 (Isa.
1257 686 1408 735 xxvr,
1443 671 1552 740 In).

658 779 687 807 «
718 757 801 812 Ibi
832 756 1060 813 dolores
1106 761 1171 812 ut
1218 757 1598 829 parturientis
1645 776 1657 813 :
1712 758 1772 812 in
1823 757 2032 829 spiritu
2062 756 2232 813 vehe-

585 846 789 903 menti.
826 867 854 896 >>
881 849 1022 901 Cum
1054 860 1296 918 corpora
1343 860 1605 902 exercere
1658 861 1761 917 per
1815 844 2232 902 abstinentiam

585 934 865 1008 cmperint
920 953 933 991 :
984 935 1044 990 in
1093 933 1303 1006 spiritu
1359 933 1700 1001 fortissimo,
1749 934 1807 989 id
1852 938 1963 1005 est,
2006 938 2229 989 sancto.

589 1047 610 1073 ι
648 1024 964 1080 Conterens
996 1039 1171 1079 naves
1203 1022 1497 1078 Tharsis.»
1534 1022 1865 1078 Humilians
1894 1022 2233 1093 superbiam

582 1112 846 1183 gentium
876 1131 890 1168 :
925 1113 1064 1184 quia
1093 1111 1353 1178 Tharsis,
1388 1111 1448 1165 in
1479 1111 1765 1183 principio
1814 1127 1941 1177 suo,
1990 1128 2024 1166 a
2070 1111 2229 1165 navi-

584 1202 816 1273 gatione
847 1200 1276 1274 negotiatorum
1309 1200 1564 1272 superba
1594 1216 1660 1255 ac
1700 1198 2035 1272 praacellens
2083 1199 2233 1254 facta

586 1295 697 1347 est.
750 1290 883 1345 Ideo
933 1289 1027 1345 hic
1075 1293 1495 1361 comparantur
1542 1288 1678 1343 huic
1727 1288 1977 1361 navigio,
2021 1288 2122 1360 qui
2170 1287 2229 1341 in

584 1378 766 1449 huius
795 1378 993 1434 saeculi
1026 1377 1302 1434 fluctibus
1333 1378 1827 1433 circumferuntur
1871 1376 2031 1433 omni
2061 1378 2230 1431 vento

580 1467 826 1524 luxuria:
858 1473 1031 1540 atque
1061 1467 1356 1523 vanitatis.
1394 1468 1513 1539 Ipsi
1543 1484 1699 1523 nunc
1731 1466 1791 1522 in
1822 1482 1889 1523 ea
1928 1465 2230 1521 credentes

580 1557 786 1613 dicunt
816 1574 830 1613 :

657 1669 679 1697 ι
714 1646 882 1702 Sicut
910 1644 1263 1702 audivimus.
1296 1666 1325 1696 »
1361 1644 1469 1700 Per
1497 1644 1832 1718 prophetas.
1874 1662 1895 1691 ε
1948 1643 2041 1698 Sic
2083 1642 2225 1697 vidi-

581 1752 717 1792 mus
745 1734 806 1792 in
836 1734 1067 1790 civitate
1108 1733 1337 1789 Domini
1386 1734 1692 1802 virtutum,
1738 1731 1798 1787 in
1849 1731 2078 1787 civitate
2127 1730 2228 1787 Dei

580 1823 764 1880 nostri
803 1839 816 1877 :
850 1823 1007 1877 Deus
1038 1821 1303 1877 fundavit
1329 1838 1458 1876 eam
1488 1820 1547 1875 in
1581 1826 1928 1876 aeternum.»
1959 1820 2229 1877 Vidimus

2341 670 2442 721 trze
2474 665 2705 722 salutis.

2867 822 3184 879 PSALMUS
3224 821 3464 879 XLVIII.

2343 977 2401 1031 In
2435 978 2630 1046 ﬁnem,
2650 990 2771 1046 pro
2790 975 2925 1045 ﬁliis
2956 975 3108 1040 Core,
3138 974 3418 1030 Psalmus.
3454 973 3583 1028 Filii
3614 974 3774 1039 Core,
3803 978 3989 1046 sapcti

2415 1040 3097 1127 apostOIi'vel'martyres
3125 1050 3281 1127 sunt.
3316 1050 3502 1127 Istum
3536 1046 3828 1117 psalmum
3860 1040 3987 1127 Spi-

2415 1066 2660 1127 ﬂPOSlOIl
2689 1066 2776 1100 νει
2808 1066 3097 1117 martyres
3125 1066 3281 1101 sunt.
3316 1066 3502 1127 ιεξιιω
3536 1066 3828 1117 psalmum
3860 1066 3986 1173 δὲι-

2412 1124 2560 1172 ritus
2592 1121 2833 1172 sanctus
2865 1134 2967 1187 per
2995 1117 3338 1189 prophetam
3380 1133 3441 1172 in
3486 1134 3734 1189 persona
3780 1134 3894 1189 prae
3942 1119 3986 1173 i-

2413 1193 2675 1245 catorum
2703 1189 2975 1261 cantavit.
3007 1188 3110 1261 Vel
3142 1188 3272 1243 ideo
3305 1188 3425 1261 iste
3445 1188 3800 1261 psalmus,eo
3829 1191 3984 1261 quod

2412 1261 2615 1333 doceat
2647 1260 2851 1314 mundi
2885 1260 3117 1333 divitias
3141 1276 3273 1316 cum
3298 1260 3463 1313 vanis
3496 1260 3812 1333 honoribus
3832 1260 3991 1333 Sper-

2412 1332 2666 1398 nendas;
2716 1332 2999 1385 cavendas
3043 1331 3219 1386 etiam
3271 1332 3556 1402 serpentis
3610 1331 3881 1397 astutias,
3932 1338 3989 1387 et

2411 1420 2645 1457 omnem
2674 1403 2873 1457 orbem
2917 1404 2986 1457 ad
3039 1402 3396 1458 audiendum
3445 1403 3546 1458 Dei
3594 1404 3833 1458 verbum
3864 1404 3983 1459 ins-

2412 1479 2603 1530 tanter
2634 1475 2907 1530 admonet
2938 1474 3139 1529 dicens
3173 1491 3187 1530 ι

2410 1667 2435 1693 ‹‹
2474 1644 2677 1699 Audite
2708 1644 2849 1711 haec,
2880 1660 3082 1699 omnes
3112 1650 3308 1714 gentes
3352 1660 3367 1699 :
3410 1644 3655 1700 auribus
3685 1645 3985 1719 percipite,

2339 1730 2441 1802 qui
2472 1730 2751 1786 habitatis
2779 1732 2999 1786 orbem.
3036 1752 3063 1779 n
3097 1731 3395 1801 Sapienter
3421 1731 3728 1804 iutelligite
3774 1731 3833 1787 in
3865 1732 3986 1804 spi-

2339 1819 2650 1875 ritualibus
2682 1820 2943 1884 auribus,
2978 1836 3124 1891 quas
3168 1820 3443 1877 Dominus
3504 1820 3575 1875 ad
3623 1820 3985 1877 audiendum

580 1913 644 1970 in
673 1911 1003 1983 Evangelio,
1054 1928 1180 1983 qua
1228 1914 1317 1966 est
1364 1910 1569 1966 civitas
1613 1910 1919 1965 virtutum.
1959 1910 2227 1966 Vidimus
2257 1947 2306 2012 B
2339 1908 2532 1979 elegit.
2587 1911 2648 1963 In
2684 1908 2990 1981 Evangelio
3035 1914 3227 1964 autem
3277 1910 3470 1965 cordis
3517 1908 3778 1981 requirit,
3830 1910 3985 1966 unde

580 2001 644 2058 in
675 2000 950 2070 Ecclesia,
1002 2017 1130 2072 qua:
1158 2003 1248 2055 est
1276 2000 1479 2055 civitas
1511 1999 1611 2055 Dei
1642 2000 1702 2056 in
1734 1999 1833 2056 illo
1877 2016 2056 2072 regno
2104 2017 2226 2056 ma-

582 2106 696 2163 gno
720 2090 981 2146 fundata.

654 2202 683 2231 ‹‹
717 2178 1309 2251 Suscepimus,Deus,
1330 2178 1789 2234 misericordiam
1820 2182 1984 2234 tuam
2015 2178 2074 2234 in
2105 2195 2227 2234 me-

583 2265 678 2321 dio
708 2266 913 2339 templi
942 2267 1049 2322 tui.
1086 2289 1115 2318 »
1149 2267 1211 2322 In
1241 2266 1500 2323 Ecclesia
1548 2272 1649 2322 tua
1697 2267 2069 2339 suscepimus
2099 2285 2229 2323 san-

584 2360 743 2410 ctum
772 2355 1078 2427 Spiritum,
1113 2356 1265 2412 sicut
1293 2361 1350 2411 et
1381 2355 1463 2411 illi
1496 2355 1659 2427 prius
1712 2374 1889 2429 super
1944 2373 2091 2428 quos
2168 2357 2226 2412 in

584 2444 829 2500 Actibus
859 2443 1254 2516 apostolorum
1288 2449 1373 2499 est
1405 2446 1648 2500 effusus.

2338 1998 2492 2053 Deus
2523 1999 2782 2054 auditur.
2817 2022 2844 2047 ‹‹
2880 1998 2986 2064 Qui
3020 1998 3301 2054 habitatis
3332 1998 3553 2068 orbem,
3591 2020 3619 2050 ››
3651 1999 3708 2054 id
3740 2003 3988 2067 est,cor—

2338 2103 2480 2159 pora
2499 2091 2711 2142 vestra.

2409 2200 2436 2225 α
2472 2176 2697 2248 Quique
2746 2176 3048 2249 terrigenae
3100 2181 3157 2232 et
3198 2176 3301 2231 ﬁlii
3333 2176 3680 2245 hominum;
3712 2176 3771 2232 in
3803 2194 3985 2233 unum

2337 2266 2495 2321 dives
2526 2270 2582 2321 et
2612 2283 2850 2338 pauper.
2893 2290 2913 2315 ι
2945 2265 3394 2339 Intelligendum
3448 2271 3537 2321 est
3580 2266 3735 2336 quod
3784 2282 3985 2322 omnes

2337 2354 2693 2415 habitatores
2726 2359 2888 2409 terrm
2921 2355 2993 2410 ad
3024 2354 3380 2410 audiendum
3408 2355 3499 2410 Dei
3522 2355 3762 2411 verbum
3794 2360 3982 2413 vocat:

2338 2443 2558 2498 scilicet
2599 2446 2663 2498 ut
2694 2442 2838 2498 nulli
2890 2443 3199 2499 hominum
3238 2444 3603 2499 occultantur
3648 2444 3861 2515 divina,
3894 2444 3981 2499 vel

658 2555 687 2583 «
718 2533 1051 2589 Secundum
1086 2550 1299 2588 nomen
1328 2538 1517 2597 tuum,
1552 2534 1727 2603 Deus,
1757 2534 1841 2590 sic
1887 2538 1944 2589 et
1966 2534 2096 2592 laus
2126 2540 2229 2592 tua
2327 2531 2571 2602 judicia,
2603 2530 2692 2586 vel
2724 2532 3019 2586 mandata.
3054 2531 3154 2587 Vel
3188 2530 3386 2604 simul,
3415 2556 3443 2583 ‹‹
3476 2534 3541 2588 In
3592 2550 3773 2588 unum
3822 2532 3981 2590 dives

589 2622 649 2678 in
681 2622 829 2678 fines
880 2626 1066 2677 terrae.
1124 2644 1154 2671 »
1211 2622 1377 2693 Cum,
1434 2627 1671 2692 accepto
1728 2622 1943 2695 Spiritu
2002 2629 2224 2691 sancto,

583 2716 927 2767 cunctarum
987 2712 1251 2782 gentium
1306 2710 1483 2766 locuti
1540 2720 1677 2767 sunt
1722 2711 1961 2783 linguis.
2014 2713 2122 2767 Sed
2174 2717 2230 2768 et

582 2801 642 2855 in
674 2799 1061 2871 amplitudine
1092 2799 1282 2855 fidelis
1310 2798 1511 2872 populi
1544 2817 1776 2874 semper
1828 2809 1926 2856 tua
1969 2800 2227 2857 laudatio

582 2892 999 2945 commoratur.
1031 2911 1059 2939 «
1088 2888 1328 2944 Justitia
1374 2888 1547 2961 plena
1603 2894 1693 2944 est
1738 2890 1973 2946 dextera
2022 2894 2143 2945 tua.
2194 2910 2223 2942 ι»

581 2979 645 3032 In
676 2977 769 3033 his
801 2977 901 3049 qui
931 2977 990 3032 in
1015 2977 1239 3049 judicio
1285 2977 1345 3033 in
1390 2977 1627 3033 dextera
1667 2982 1829 3049 parte
1876 2983 2016 3035 sunt
2054 2979 2227 3035 collo-

585 3065 776 3122 candi.

661 3176 688 3204 «
725 3157 973 3209 Laetetur
1004 3170 1172 3209 mons
1201 3153 1361 3210 Sion.
1396 3176 1425 3205 »
1458 3155 1712 3211 Ecclesia
1740 3155 1801 3211 in
1833 3155 2077 3213 Christo.
2106 3179 2133 3208 ‹‹
2167 3158 2233 3214 Et

586 3241 877 3299 exsultent
906 3241 1034 3298 ﬁlia:
1065 3243 1249 3299 Judai.
1286 3264 1314 3293 »
1345 3244 1567 3299 Anima:
1597 3245 1997 3301 confessorum
2028 3263 2040 3300 :
2094 3247 2231 3319 quia

582 3330 789 3397 Judas,
836 3334 1100 3402 confessio
1148 3331 1581 3403 interpretatur.
1643 3353 1664 3383 α
1718 3338 1957 3405 Propter
2005 3335 2233 3404 judicia
2262 3320 2304 3385 C

582 3423 705 3491 tua,
734 3419 998 3475 Domine.
1033 3442 1061 3470 ››
1094 3419 1240 3487 Quia
1289 3421 1692 3477 custodierunt
1718 3438 1787 3477 ea
1837 3426 1903 3477 ut
1941 3424 2223 3496 poeniten-

580 3510 724 3564 tiam
756 3512 1011 3582 agerent.
1047 3509 1170 3575 Vel,
1203 3509 1484 3580 «judicia
1510 3513 1633 3572 tua,
1665 3532 1693 3561 »
1721 3511 1946 3581 judicia
1991 3512 2092 3567 Dei
2124 3530 2226 3569 oc-

581 3597 783 3653 culta:
819 3598 958 3669 quia
982 3597 1271 3670 reprobati
1303 3602 1444 3653 sunt
1486 3597 1693 3665 Judaei,
1743 3603 1800 3655 et
1844 3598 2037 3656 electae
2085 3605 2227 3657 sunt

582 3690 784 3758 gentes
814 3685 875 3741 in
906 3686 1039 3742 fide.

655 3797 682 3823 ‹‹
717 3774 1081 3831 Circumdate
1109 3775 1266 3831 Sion.
1300 3797 1322 3825 ι
1357 3777 1417 3831 Id
1448 3780 1555 3844 est,
1589 3777 1880 3835 defendite
1913 3778 2224 3835 Ecclesiam

581 3863 1010 3920 incredulitate
1045 3869 1251 3919 vestra.
1302 3888 1329 3914 ‹‹
1382 3867 1452 3920 Et
1502 3866 1957 3938 complectimini
2007 3885 2221 3924 eam.»

585 3956 647 4009 In
680 3952 980 4009 charitate.
1022 3976 1048 4005 «
1080 3954 1323 4010 Narrate
1353 3954 1412 4010 in
1441 3954 1704 4011 turribus
1733 3956 1933 4026 ejus.»
1969 3957 2223 4013 Laudem

562 4046 637 4097 .et
684 4041 931 4115 gloriam
981 4042 1213 4099 Christi.
1264 4047 1517 4112 Narrate,
1568 4043 1678 4099 hoc
1734 4049 1841 4113 est,
1895 4046 2221 4117 pradicate.

580 4132 814 4200 Turres,
847 4131 908 4187 hi
929 4138 1070 4188 sunt
1098 4132 1390 4204 principes
1422 4132 1686 4189 Ecclesiae
1729 4138 1841 4190 tuae
1876 4153 1889 4190 :
1923 4136 2063 4206 quia
2101 4140 2222 4191 tur-

582 4222 664 4278 ris
696 4221 861 4277 fortis
892 4226 1001 4289 est,
1035 4225 1092 4277 et
1124 4221 1384 4293 undique
1416 4221 1773 4293 speculatur.
1806 4224 1900 4279 Sic
1939 4228 1997 4280 et
2039 4225 2227 4281 sancti

579 4314 635 4364 et
665 4310 860 4381 fortes,
893 4314 949 4366 et
977 4309 1372 4382 speculatores
1399 4310 1613 4366 debent
1639 4328 1770 4367 esse
1815 4312 1873 4369 in
1915 4317 2086 4385 gente
2116 4313 2223 4369 hu-

582 4416 775 4456 mana.

650 4511 677 4539 ‹‹
713 4487 913 4544 Ponite
940 4487 1115 4543 corda
1143 4490 1335 4543 vestra
1362 4487 1422 4543 in
1453 4487 1665 4545 virtute
1694 4489 1842 4559 ejus.
1879 4513 1900 4544 ι
1937 4492 2019 4547 Ne
2065 4509 2228 4565 sepa-

580 4575 789 4632 remini
822 4574 1164 4631 acharitate
1212 4592 1390 4646 quam
1440 4576 1657 4633 docuit.
1712 4578 1918 4645 Ponite,
1970 4579 2076 4635 hoc
2116 4585 2224 4652 est,

579 4662 907 4752 intelligite.
948 4684 975 4752 (ς
1009 4664 1069 4717 In
1101 4664 1311 4718 virtute
1340 4665 1490 4734 eius,
1542 4687 1570 4713 »
1601 4665 1660 4721 in
1693 4665 1978 4723 cbaritate
2026 4670 2155 4739 ejus
2210 4686 2223 4725 :
2260 4688 2306 4752 D

578 4751 720 4823 quia
747 4768 860 4807 non
894 4750 1084 4807 solum
1116 4752 1341 4825 docere,
1361 4754 1459 4808 sed
1493 4754 1668 4810 etiam
1704 4755 1856 4827 quod
1888 4757 2228 4828 praedicant,

577 4857 749 4912 opere
780 4840 991 4896 debent
1021 4841 1319 4911 implerem
1350 4843 1418 4897 Et
1448 4842 1784 4899 distribuitc
1805 4844 2010 4901 domos
2032 4846 2214 4917 ejus.»

577 4929 621 4985 Ο
668 4946 791 4997 vos,
837 4918 1111 4985 Doctores
1159 4929 1573 5001 Ecclesiarum,
1625 4931 1957 4989 distribuitc
2002 4935 2223 5006 gradus

575 5018 1032 5087 ordiuationum,
1092 5019 1370 5075 canonice
1420 5023 1477 5076 et
1525 5025 1758 5087 sancte;
1808 5038 1924 5077 non
1970 5024 2225 5095 praemiis

573 5107 867 5180 corrupti;
902 5125 1016 5163 non
1048 5124 1433 5180 personarum
1464 5109 1797 5181 acceptione
1819 5127 1921 5183 per
1945 5110 2225 5168 adulatio-

573 5214 704 5253 nem
741 5196 985 5269 decepti.
1021 5220 1048 5247 α
1082 5197 1155 5253 Ut
1184 5197 1463 5253 enarretis
1509 5198 1567 5253 in
1619 5200 1892 5271 progenie
1941 5199 2143 5255 altera.
2194 5222 2221 5251 »

572 5285 697 5340 Non
729 5285 920 5342 solum
953 5284 1046 5341 his
1072 5285 1171 5357 qui
1205 5286 1468 5350 credunt,
1502 5287 1602 5342 sed
1636 5291 1693 5342 et
1726 5287 1814 5343 his
1847 5288 1948 5361 qui
1980 5289 2227 5345 creditu-

573 5375 620 5429 ri
648 5379 804 5430 sunt.
839 5376 949 5431 Sed
983 5374 1146 5446 quid,
1182 5375 1398 5445 inquis,
1430 5391 1794 5431 enarremus.

643 5487 670 5513 ‹‹
704 5464 989 5527 Quoniam
1021 5464 1118 5519 hic
1148 5469 1238 5519 est
1271 5466 1419 5519 Deus
1454 5470 1651 5520 noster
1682 5465 1739 5519 in
1769 5469 2136 5533 mternum,et
2164 5467 2223 5521 in

574 5552 850 5608 sacculum
884 5552 1160 5620 saeculi,el
1191 5552 1316 5625 ipse
1346 5558 1506 5625 reget
1538 5570 1641 5608 nos
1674 5553 1730 5607 in
1763 5553 2029 5610 saecula.»
2047 5555 2222 5623 Deus,

575 5641 713 5709 quia
762 5657 863 5711 per
912 5643 1103 5715 ipsum
1167 5642 1299 5698 facti
1349 5658 1578 5697 sumus.
1613 5641 1751 5709 Rex,
1787 5641 1926 5713 quia
1973 5644 2046 5698 ab
2096 5644 2223 5717 ipso

574 5727 850 5801 regimur.
885 5731 1014 5803 Ipse
1042 5730 1199 5788 enim
1233 5729 1489 5787 lubricos
1537 5734 1595 5785 et
1641 5734 1937 5789 tortuosos
1985 5749 2224 5805 gressus

2335 2625 2393 2676 et
2424 2637 2666 2693 pauper,
2697 2640 2723 2670 η
2760 2620 2870 2675 hoc
2897 2626 3009 2685 est,
3040 2637 3243 2676 servus
3274 2629 3330 2675 et
3361 2621 3528 2677 liber.
3582 2621 3702 2690 Vel,
3750 2639 3976 2694 pauper,

2336 2712 2491 2765 unde
2537 2710 2683 2765 dixit
2715 2729 2727 2765 :
2762 2711 2915 2765 Beati
2949 2727 3220 2783 pauperes
3270 2714 3473 2783 spiritu
3505 2730 3519 2768 :
3549 2714 3808 2783 quoniam
3836 2714 3978 2784 ipso-

2336 2817 2462 2855 rum
2490 2804 2566 2856 est
2595 2816 2828 2870 regnum
2851 2800 3111 2854 caelorum
3142 2800 3358 2872 (Matth.
3391 2818 3445 2867 v,
3477 2804 3552 2873 3).

2411 2911 2440 2940 «
2470 2888 2547 2945 Os
2594 2904 2791 2943 meum
2822 2887 3094 2958 loquetur
3124 2890 3494 2961 sapientiam.
3529 2913 3557 2940 »
3590 2890 3885 2962 Loquetur
3906 2889 3984 2945 il-

2337 2977 2455 3032 lam
2487 2976 2833 3049 sapientiam
2882 2993 3010 3048 quaa
3054 2976 3285 3032 occulta
3331 2982 3421 3033 est
3461 2978 3533 3033 ab
3576 2978 3755 3050 hujus
3786 2978 3981 3035 saeculi

2340 3067 2726 3140 sapientibus,
2755 3070 2813 3120 et
2842 3064 3093 3121 revelata
3134 3070 3226 3122 est
3281 3067 3559 3137 parvulis,
3608 3067 3717 3123 hoc
3762 3072 3869 3135 est,
3920 3072 3986 3122 ut

2338 3158 2696 3228 cognoscant
2722 3153 2947 3227 parvuli
2977 3154 3412 3228 Ecclesire,quia
3439 3156 3707 3212 Christus
3752 3161 3841 3211 est
3891 3173 3984 3212 sa-

2342 3244 2560 3316 pientia
2589 3244 2815 3313 Patris;
2847 3244 2916 3300 de
2944 3260 3059 3316 quo
3082 3260 3286 3300 omnes
3316 3244 3607 3317 propheta:
3640 3244 3979 3316 loquuntur.

2342 3334 2466 3399 Vel,
2500 3356 2528 3384 «
2580 3333 2656 3389 Os
2712 3350 2908 3388 meum
2939 3332 3211 3405 loquetur
3273 3334 3641 3405 sapientiam,
3682 3357 3711 3385 »
3757 3334 3816 3389 id
3870 3338 3979 3403 est,

2339 3423 2635 3478 Christum
2694 3439 2867 3495 quem
2902 3423 3178 3493 presdicat
3205 3422 3476 3477 Ecclesia.
3501 3445 3528 3473 «
3590 3427 3656 3478 Et
3682 3422 3980 3478 meditatio

2338 3512 2530 3567 cordis
2556 3512 2669 3567 mci
2700 3511 3093 3584 prudentiam.
3128 3534 3156 3561 ››
3189 3511 3431 3583 Semper
3455 3512 3513 3566 in
3544 3513 3716 3568 corde
3748 3511 3984 3567 medita-

2339 3601 2462 3670 bar,
2510 3606 2578 3656 ut
2608 3601 3005 3672 relinquentes
3035 3600 3304 3656 homines
3349 3601 3624 3656 stolidam
3645 3600 3979 3671 vanitatem,

2335 3690 2549 3745 Christi
2573 3689 2944 3760 prudentiam
2976 3695 3378 3759 sequerentur.

2413 3801 2433 3828 ι
2476 3778 2771 3834 Inclinabo
2802 3776 2861 3831 in
2894 3777 3232 3849 parabolam
3283 3793 3481 3832 aurem
3534 3794 3746 3835 meam.
3784 3803 3805 3830 ιι
3842 3778 3984 3843 Quia

2338 3867 2448 3923 scit
2497 3866 2777 3938 propheta
2830 3864 3127 3920 Christum
3182 3865 3499 3921 Dominum
3564 3871 3874 3923 venturum
3923 3868 3983 3924 in

2338 3956 2648 4021 mundum,
2681 3954 2781 4025 qui
2814 3953 2874 4009 in
2906 3953 3291 4010 similitudine
3323 3953 3601 4026 loquatur
3629 3973 3641 4010 :
3677 3956 3804 4012 ideo
3826 3974 3887 4012 se
3913 3957 3983 4012 ad

2335 4043 2691 4099 audiendum
2727 4046 3028 4114 praeparat,
3061 4042 3121 4096 id
3152 4048 3258 4113 est,
3290 4043 3677 4115 spiritualiter
3706 4047 3775 4100 ad
3816 4045 3984 4102 intel-

2335 4134 2656 4204 ligendum.
2692 4155 2718 4181 «
2771 4131 3044 4202 Aperiam
3087 4131 3145 4186 in
3194 4130 3469 4203 psalterio
3528 4136 3982 4207 propositionem

2337 4239 2552 4277 meam.
2588 4243 2614 4271 ››
2646 4225 2764 4275 IIoc
2797 4237 3075 4293 propono,
3107 4225 3169 4275 ut
3192 4222 3349 4293 quod
3378 4220 3473 4277 ille
3506 4222 3815 4296 decalogus
3849 4241 3984 4296 prae-

2338 4310 2504 4376 dixit,
2538 4310 2585 4364 si
2617 4310 3002 4378 custodiatur,
3025 4309 3283 4366 cmlestia
3314 4326 3491 4382 regna
3522 4310 3981 4383 largiuntur.Vel

2337 4399 2492 4471 quod
2527 4399 2804 4471 proposui
2836 4399 2894 4453 in
2926 4399 3116 4465 corde,
3152 4399 3478 4471 praedicabo
3517 4399 3577 4455 in
3630 4417 3896 4456 sermone
3926 4406 3986 4458 et

2337 4476 2684 4560 intelligam.

2410 4601 2437 4628 «
2470 4578 2584 4633 Cur
2613 4576 2830 4633 timebo
2860 4578 2920 4632 in
2952 4577 3045 4633 die
3075 4576 3249 4632 mala.
3284 4599 3312 4626 »
3347 4579 3409 4632 In
3437 4577 3526 4632 die
3548 4575 3776 4647 judicii.
3806 4598 3832 4629 ι
3861 4579 3982 4634 Ini-

2340 4668 2536 4738 quitas
2584 4666 2839 4721 calcanei
2885 4666 2999 4721 mei
3047 4666 3435 4722 circumdabit
3480 4682 3593 4721 me.
3645 4688 3672 4715 ››
3723 4666 3869 4729 Quia
3923 4667 3982 4723 in

2341 4754 2612 4811 calcaneo
2645 4753 2914 4826 quisquis
2945 4755 3285 4825 peccaverit,
3336 4755 3574 4810 labitur.
3625 4755 3737 4811 Sed
3769 4762 3827 4813 et
3869 4757 3984 4812 ini-

2332 4844 2525 4915 quitas
2572 4842 2847 4910 calcanei,
2899 4844 3180 4916 originale
3227 4849 3532 4917 peccatum
3581 4845 3867 4918 accipitur
3915 4864 3984 4903 ex

2334 4932 2540 4999 Adam,
2574 4935 2641 4986 ut
2662 4933 2883 4987 dictum
2914 4937 3005 4988 est
3035 4934 3106 4988 ad
3140 4932 3444 4988 mulierem
3482 4951 3494 4989 :
3527 4934 3854 4990 Inimicitias
3879 4952 3978 5006 po-

2334 5038 2464 5075 nam
2497 5022 2641 5075 inter
2669 5026 2724 5076 te
2749 5025 2800 5077 et
2828 5026 3153 5092 serpentem,
3185 5026 3237 5077 et
3266 5037 3446 5076 semen
3476 5026 3654 5089 tuum,
3701 5032 3755 5079 et
3800 5041 3984 5079 semen

2334 5110 2489 5164 illius
2518 5108 2667 5180 (Gen.
2703 5127 2790 5177 III,
2826 5111 2932 5181 15).
2965 5111 3048 5164 Tu
3083 5108 3438 5177 observabis,
3470 5110 3527 5166 id
3561 5116 3668 5183 est,
3722 5117 3983 5169 conteres

2337 5203 2511 5270 caput
2541 5216 2738 5265 suum,
2769 5204 2825 5255 et
2854 5199 2978 5270 ipse
3008 5197 3345 5253 calcaneum
3380 5203 3568 5255 tuum.

2410 5310 2437 5338 ‹‹
2471 5289 2577 5354 Qui
2610 5289 2911 5343 confidunt
2937 5287 2995 5341 in
3026 5288 3238 5342 virtute
3269 5304 3396 5359 sua,
3430 5293 3485 5344 et
3520 5290 3574 5344 in
3609 5291 3982 5348 multitudine

2340 5377 2674 5433 divitiarum
2724 5394 2967 5433 suarum
3018 5375 3363 5448 gloriantur.
3400 5400 3427 5426 »
3464 5379 3563 5433 Isti
3608 5378 3886 5436 labuntur
3922 5381 3980 5437 in

2338 5465 2610 5522 calcaneo
2641 5482 2656 5522 :
2690 5467 2826 5537 quia
2852 5482 2955 5537 per
2979 5464 3145 5521 illum
3178 5483 3291 5522 non
3323 5466 3601 5523 incedunt
3623 5470 3722 5539 qui
3752 5475 3841 5525 est
3868 5470 3980 5537 via,

2335 5556 2548 5610 veritas
2578 5559 2635 5610 et
2663 5555 2798 5621 vita,
2827 5554 2936 5609 vel.
2977 5577 3005 5604 ‹‹
3024 5554 3130 5618 Qui
3158 5555 3533 5611 conliduntin
3558 5558 3772 5613 virtute
3793 5576 3926 5625 sua;
3947 5581 3975 5608 »

2334 5644 2553 5716 quique
2571 5644 2627 5698 in
2648 5644 3007 5699 abundantia
3024 5644 3354 5700 divitiarum
3376 5663 3615 5701 suarum
3635 5647 3977 5719 gloriantur.

2408 5757 2435 5785 ‹‹
2510 5734 2707 5789 Frater
2766 5750 2882 5789 non
2949 5734 3218 5803 redemit,
3276 5734 3522 5791 redimet
3574 5735 3770 5793 homo.
3834 5759 3863 5789 »
3921 5738 3977 5792 Si
