4314 6574
348 460 370 517 l
382 462 499 521 025

1513 451 2010 516 BREVIARIUM
2052 455 2132 515 IN
2175 455 2556 518 PSALMOS.

3586 463 3740 524 1026

342 590 609 646 Christus
660 605 775 643 non
814 586 1077 651 redemit,
1112 583 1213 655 qui
1245 599 1307 639 se
1342 583 1581 640 fratrem
1628 584 1770 640 dixit
1816 601 1981 656 apos-
2012 599 2063 664 Α
2094 585 2358 657 rapinam
2391 586 2707 642 arbitratus
2738 590 2828 643 est
2857 604 2986 644 esse
3017 603 3078 643 se
3108 588 3387 660 aequalem
3418 590 3534 647 Deo
3566 608 3579 647 :
3634 596 3737 650 sed

342 679 617 749 telorum,
659 682 717 733 et
773 674 1127 747 resurgendo
1174 673 1367 728 factus
1428 676 1516 728 est
1561 673 1985 746 primogenitus

343 767 820 839 resurgentium:
871 781 986 819 non
1038 763 1285 819 redimet
1329 762 1536 829 Adam,
1568 763 1707 834 quia
1751 762 1984 834 primus

341 857 514 912 homo
549 859 815 911 mortuus
845 871 959 909 non
1001 851 1336 909 resurrexit.
1368 853 1515 907 Nam
1566 852 1741 907 frater
1789 856 1987 907 noster

322 945 608 1001 Christus
656 948 746 1000 est
794 944 945 999 Deus
990 945 1047 997 et
1086 942 1284 1007 homo,
1315 940 1415 1012 qui
1445 957 1553 996 nos
1584 940 1846 997 redemit.
1882 940 1983 995 Vel

342 1035 495 1107 quod
530 1050 644 1088 non
676 1031 926 1088 redemit
955 1031 1164 1103 Myses,
1197 1029 1443 1085 redemit
1471 1028 1758 1085 Christus.
1792 1051 1820 1079 ‹‹
1855 1029 1981 1084 Non

341 1122 501 1178 dabit
533 1123 648 1178 Deo
678 1120 1064 1193 placationem
1098 1135 1286 1174 suam.
1314 1140 1343 1168 »
1378 1116 1484 1181 Qui
1516 1134 1634 1173 non
1656 1117 1775 1189 agit
1806 1116 1983 1190 pceni-

340 1212 715 1283 tentiam,per
745 1226 922 1281 quam
946 1207 1212 1281 placatur
1240 1207 1413 1263 Deus.

411 1325 439 1352 ‹‹
476 1307 541 1356 Et
589 1299 839 1372 pretium
884 1296 1301 1369 redemptionis
1343 1295 1549 1353 animae
1601 1312 1739 1351 suae.
1775 1318 1802 1346 ››
1854 1296 1981 1351 Non

341 1391 475 1449 fecit
530 1390 952 1460 eleemosynam
1009 1404 1111 1459 per
1166 1402 1341 1459 quam
1401 1389 1637 1457 peccata
1692 1384 1978 1441 delentur.

343 1507 369 1532 «
405 1480 708 1537 Laboravit
739 1479 795 1532 in
829 1482 1132 1532 aeternum.
1163 1498 1192 1527 ››
1248 1475 1311 1530 In
1342 1473 1655 1530 tormentis
1686 1475 1981 1546 perpetuis

341 1571 588 1644 positus.
642 1592 668 1618 ‹‹
703 1568 772 1622 Et
802 1566 952 1621 vivet
981 1565 1041 1620 in
1074 1566 1270 1619 ﬁnem.
1304 1585 1333 1614 »
1383 1564 1530 1629 Quia
1558 1580 1672 1619 non
1703 1562 1981 1619 interfici-

339 1666 455 1728 tur,
487 1659 589 1714 sed
622 1673 851 1729 semper
882 1659 1185 1726 reparatur
1218 1655 1291 1708 ad
1336 1669 1591 1725 pcsnam.

418 1778 439 1807 κ
473 1762 597 1812 Non
628 1752 845 1810 videbit
875 1751 1201 1808 interitum.
1233 1771 1261 1802 ››
1311 1750 1439 1805 Non
1478 1748 1755 1821 intelligit
1785 1748 1978 1803 immi-

340 1864 474 1903 nere
524 1845 636 1901 sibi
687 1846 954 1898 mortem.
1004 1863 1031 1890 «
1064 1840 1209 1895 Cum
1253 1838 1469 1894 videris
1515 1838 1810 1910 sapientes
1850 1853 1980 1892 mo-

337 1941 572 1993 rientes.
600 1957 628 1984 »
659 1933 720 1987 Si
745 1929 957 1985 viderit
986 1928 1288 1984 hominem
1320 1928 1643 1999 sapientem
1676 1928 1734 1982 in
1758 1927 1873 1982 Deo
1906 1927 1979 1981 ab

337 2025 445 2081 hoc
496 2021 716 2079 mundo
774 2020 1046 2090 migrare,
1096 2017 1281 2072 dicit:
1332 2016 1480 2082 Quid
1538 2014 1675 2071 huic
1727 2014 1977 2086 jejunia,

337 2114 477 2187 quid
501 2111 756 2176 castitas,
780 2108 919 2180 quid
951 2105 1327 2177 eleemosynze
1360 2103 1745 2176 profuerunt?
1774 2104 1979 2159 Nonne

336 2207 393 2259 et
422 2203 546 2274 ipse
578 2203 845 2255 mortuus
876 2196 1010 2253 est?
1059 2194 1197 2250 Tale
1244 2194 1483 2265 quidam
1524 2198 1580 2248 et
1608 2192 1980 2264 Redemptori

338 2296 535 2348 nostro
581 2288 767 2345 Judaei
816 2285 1186 2350 insultantes,
1236 2282 1552 2339 dicebant:
1606 2282 1880 2354 Numquid
1923 2291 1982 2338 tu

336 2384 513 2448 major
568 2395 624 2434 es
674 2385 831 2449 patre
876 2380 1064 2431 nostro
1114 2373 1389 2428 Abraham
1431 2373 1531 2443 qui
1579 2380 1835 2429 mortuus
1880 2379 1976 2439 est,

337 2479 389 2526 et
429 2468 699 2540 propheta:
742 2466 955 2521 mortui
998 2470 1125 2517 sunt
1176 2462 1352 2530 (Joan.
1383 2478 1507 2528 vm,
1538 2460 1678 2531 52)?
1726 2483 1755 2510 «
1789 2460 1979 2515 Simul

338 2558 622 2629 insipiens
652 2558 709 2611 et
737 2553 954 2610 stultus
985 2550 1278 2623 peribunt,
1311 2554 1368 2605 et
1396 2548 1728 2620 relinquent
1769 2547 1979 2603 alienis

340 2645 570 2701 divitias
630 2659 787 2698 suas.
824 2666 844 2693 ι
906 2639 1195 2711 Insipiens
1252 2642 1363 2705 est,
1396 2636 1496 2709 qui
1549 2636 1653 2692 Dei
1710 2636 1978 2693 notitiam

336 2734 549 2789 habere
578 2729 899 2788 contemnit
930 2744 942 2781 :
994 2728 1064 2782 de
1109 2743 1223 2798 quo
1254 2724 1568 2796 Apostolus
1614 2724 1695 2779 ait
1727 2741 1740 2779 :
1792 2724 1978 2780 Omnis

335 2826 593 2895 ignorans
644 2818 992 2891 ignorabitur
1035 2818 1080 2886 (ι
1112 2817 1233 2871 Cor.
1264 2832 1378 2885 xw,
1411 2815 1522 2885 38).
1577 2812 1805 2868 Stultus
1844 2829 1975 2868 vero

335 2916 422 2967 est
469 2910 568 2982 qui
615 2909 675 2963 in
725 2906 941 2962 divitiis
989 2909 1047 2960 et
1088 2921 1205 2959 non
1247 2904 1311 2959 in
1358 2908 1541 2958 Deum
1586 2906 1800 2974 sperat.
1843 2902 1975 2957 Per-

332 3000 482 3055 dunt
518 3015 654 3071 ergo
695 2998 867 3053 ambo
899 2994 1150 3060 divitias,
1181 2992 1322 3064 quia
1350 2992 1432 3047 ibi
1465 2993 1839 3064 congregant,
1874 2990 1975 3046 ubi

334 3088 491 3144 fures
523 3086 807 3142 effodiunt
833 3088 890 3140 et
919 3084 1193 3138 furantur
1223 3082 1440 3153 (Matth.
1468 3098 1547 3146 vx,
1581 3082 1688 3152 19).

409 3208 436 3235 ‹‹
467 3181 743 3254 Sepulcra
770 3197 974 3236 eorum
1007 3180 1219 3235 domus
1269 3178 1507 3234 illorum
1560 3178 1619 3233 in
1668 3181 1969 3233 aeternum.

333 3270 733 3328 Tabernacula
754 3285 955 3325 eorum
987 3268 1045 3321 in
1073 3268 1347 3340 progenie
1378 3271 1435 3322 et
1462 3266 1755 3337 progenie.
1785 3287 1815 3315 »
1846 3266 1974 3320 Haec

2097 675 2480 746 semetipsum
2519 675 2853 743 exinanivit,
2889 677 3135 732 formam
3186 678 3515 751 suscipiens
3564 683 3734 737 servi.

2093 766 2373 834 Suscepta
2392 762 2565 820 etiam
2591 769 2797 832 morte,
2822 765 3203 821 resuscitatus
3228 771 3471 838 paterna
3498 769 3734 836 virtute,

2094 849 2391 908 hominem
2421 852 2520 923 qui
2552 858 2850 910 corruerat
2890 854 3200 925 reparavit.

2166 963 2195 991 «
2228 940 2309 996 Ne
2338 939 2607 996 timueris
2639 957 2771 996 cum
2802 941 2964 997 dives
3004 942 3191 998 factus
3235 943 3407 1000 fuerit
3452 945 3648 1017 homo,
3681 952 3739 1003 et

2093 1044 2226 1083 cum
2261 1027 2649 1100 multiplicata
2678 1028 2852 1084 fuerit
2880 1030 3067 1102 gloria
3097 1031 3310 1088 domus
3357 1033 3504 1104 ejus,
3536 1053 3563 1085 ιι
3623 1040 3732 1090 etc.

2096 1116 2261 1173 Dives
2292 1116 2530 1172 effectus
2562 1122 2652 1173 est
2677 1118 2708 1173 J
2716 1117 2861 1174 udas
2908 1118 3170 1191 proditor
3218 1122 3520 1179 vendendo
3551 1122 3734 1197 Magi-

2092 1209 2279 1261 strum
2314 1221 2326 1260 :
2379 1206 2478 1261 sed
2513 1204 2659 1260 nihil
2690 1206 2860 1277 pretii
2891 1207 3046 1278 quod
3078 1215 3501 1281 assumpserat,
3532 1228 3733 1269 secum

2091 1312 2224 1350 cum
2272 1296 2521 1351 moritur
2564 1295 2904 1368 deportavit.
2938 1295 3032 1352 Sic
3063 1313 3199 1370 ergo
3228 1314 3383 1355 nunc
3414 1302 3731 1370 unusquis-

2092 1401 2223 1457 que,
2246 1401 2523 1458 oppresso
2554 1401 2827 1456 paupere,
2852 1385 3011 1441 dives
3034 1386 3287 1442 efficitur
3304 1392 3361 1442 et
3382 1388 3734 1462 multiplica-

2090 1477 2204 1528 tur.
2252 1472 2380 1528 Noli
2432 1472 2679 1541 timere;
2734 1474 2846 1530 cito
2899 1475 3177 1546 prasterit,
3228 1479 3285 1531 et
3332 1476 3478 1532 nihil
3531 1494 3728 1535 secum

2090 1563 2160 1617 de
2190 1561 2282 1617 his
2317 1578 2441 1633 quae
2474 1566 2764 1633 rapuerat,
2798 1561 2950 1618 tollit
2981 1580 2994 1617 :
3042 1563 3283 1619 Domino
3312 1564 3371 1619 in
3403 1565 3732 1639 Evangeliis

2090 1651 2176 1708 sic
2206 1650 2434 1706 dicente
2465 1665 2478 1703 :
2532 1649 2725 1718 Stulte,
2757 1652 2860 1708 hac
2897 1655 3048 1707 nocte
3081 1654 3324 1709 animam
3374 1659 3529 1710 tuam
3573 1672 3729 1727 repe-

2090 1748 2202 1795 tent
2257 1756 2291 1795 a
2338 1744 2388 1795 te
2414 1757 2437 1793 .’
2482 1754 2610 1812 qua:
2659 1751 2847 1797 autem
2890 1743 3103 1812 parasti
3157 1743 3312 1814 cujus
3367 1752 3531 1799 erunt
3578 1745 3728 1816 (Luc.

2090 1844 2193 1899 xn,
2223 1830 2315 1897 20)
2334 1829 2363 1883 ?

2163 1941 2191 1968 «
2225 1917 2371 1983 Quia
2399 1917 2598 1975 anima
2626 1919 2753 1989 ejus
2784 1918 2843 1974 in
2882 1918 3000 1974 vita
3037 1918 3224 1991 ipsius
3273 1920 3666 1978 benedicetur.
3702 1944 3724 1975 ιι

2090 2007 2469 2064 Benedicetur
2488 2025 2523 2063 a
2551 2007 2747 2064 stultis
2769 2012 3005 2079 propter
3028 2007 3347 2081 potentiam
3373 2026 3387 2066 :
3420 2010 3521 2067 sed
3541 2011 3730 2070 victus

2089 2096 2388 2152 afﬂuentia
2418 2113 2483 2151 ac
2513 2100 2707 2169 potus,
2731 2097 3034 2168 proferunt
3060 2113 3175 2153 non
3207 2097 3277 2154 de
3307 2098 3453 2156 bene
3480 2100 3727 2176 vivente,

2090 2185 2189 2242 sed
2240 2186 2310 2241 de
2354 2186 2500 2241 bene
2551 2190 2825 2257 pascente
2875 2186 3246 2243 sententiam.
3278 2188 3389 2243 Sed
3443 2205 3560 2246 non
3605 2190 3729 2248 haec

2089 2278 2367 2330 excusant
2409 2291 2443 2329 a
2480 2291 2670 2347 poena.
2722 2296 2752 2325 ‹‹
2785 2273 3167 2331 Confitebitur
3194 2275 3299 2332 tibi
3331 2293 3466 2333 cum
3497 2279 3731 2337 benefe-

2090 2363 2235 2419 ceris
2266 2363 2337 2419 ei.
2369 2384 2398 2414 »
2449 2364 2615 2419 Tunc
2643 2363 2861 2436 gratias
2892 2363 3031 2437 agit,
3063 2365 3298 2437 quando
3328 2365 3550 2440 aliquid
3585 2369 3729 2427 lucri

2089 2451 2399 2525 conquirit.

2164 2564 2184 2591 α
2220 2543 2288 2597 Et
2332 2541 2597 2597 introibit
2628 2558 2814 2613 usque
2843 2544 2914 2599 ad
2948 2544 3255 2616 progenies
3296 2549 3532 2617 patrum
3583 2564 3727 2605 suo-

2087 2646 2218 2685 rum
2251 2648 2263 2684 :
2316 2630 2378 2685 in
2410 2634 2690 2686 aeternum
2720 2648 2837 2687 non
2865 2632 3083 2687 videbit
3109 2632 3329 2689 lumen.
3366 2656 3395 2683 »
3450 2635 3637 2709 Magis
3665 2638 3725 2694 in

2086 2719 2303 2775 divitiis
2329 2736 2507 2791 quam
2538 2720 2596 2774 in
2629 2719 2744 2775 Deo
2772 2721 3042 2792 speravit,
3067 2721 3218 2777 sicut
3246 2727 3514 2794 parentes
3542 2726 3673 2796 ejus
3708 2742 3724 2783 :

2084 2808 2330 2880 ideoque
2376 2809 2447 2864 de
2494 2825 2560 2864 eo
2618 2807 2877 2864 dicitur:
2928 2811 3126 2881 Ejieite
3182 2827 3307 2866 eum
3362 2813 3421 2866 in
3477 2815 3725 2871 tenebras

2083 2899 2419 2959 exteriores;
2466 2898 2547 2952 ibi
2590 2899 2696 2953 erit
2737 2899 2892 2967 ﬂetus
2933 2906 2983 2954 et
3009 2898 3209 2955 stridor
3237 2900 3485 2956 dentium
3512 2902 3722 2975 (Matth.

2082 3002 2223 3053 xxu,
2264 2987 2371 3053 13).

2155 3096 2184 3123 ‹‹
2216 3073 2399 3129 Homo
2457 3090 2593 3130 cum
2642 3075 2702 3129 in
2752 3074 2970 3131 honore
3023 3080 3196 3147 esset,
3229 3093 3343 3132 non
3394 3077 3720 3136 intellexit:

2084 3165 2458 3233 comparatus
2507 3167 2595 3218 est
2632 3162 2923 3233 jumentis
2952 3162 3386 3235 insipientibus,
3421 3170 3478 3221 et
3509 3166 3724 3224 similis

2084 3250 2271 3307 factus
2301 3255 2391 3305 est
2418 3250 2558 3305 illis.
2593 3271 2622 3300 »
2673 3250 2799 3308 Non
2829 3251 3095 3323 cognovit
3124 3253 3264 3324 quia
3295 3254 3413 3310 haec
3444 3256 3640 3312 omnia
3670 3257 3722 3311 ei

333 3360 450 3415 illis
475 3359 583 3415 erit
612 3362 891 3431 perpetua
919 3333 1211 3411 habitatio
1238 3373 1251 3410 :
1303 3355 1442 3425 quia
1463 3333 1607 3409 mon
1647 3358 1973 3424 resurgent,

2086 3355 2120 3394 a
2146 3338 2262 3393 Deo
2293 3339 2525 3394 fuerant
2567 3339 2896 3394 attributa:
2947 3339 3162 3396 idcirco
3213 3341 3550 3414 insipientia
3594 3345 3723 3415 ejus

336 3454 403 3504 ut
454 3425 736 3503 habegnf
764 3449 1038 3501 aeternam
1094 3443 1297 3515 vitam,
1347 3444 1449 3499 sed
1508 3446 1572 3497 ut
1624 3444 1976 3498 damnentur
2074 3425 2362 3497 jumentis
2407 3425 2851 3484 insensibilibus
2890 3432 3280 3499 comparatur.
3313 3430 3428 3485 Nos
3456 3447 3590 3487 vero
3621 3433 3721 3488 de-

335 3555 395 3593 in
438 3554 628 3610 poena.

412 3647 432 3675 α
467 3625 831 3682 Vocaverunt
860 3622 1099 3679 nomina
1128 3638 1254 3687 sua,
1282 3620 1342 3675 in
1372 3619 1542 3676 terris
1574 3619 1718 3675 suis.
1754 3641 1773 3669 ιι
1812 3619 1973 3691 Saepe

328 3715 482 3771 enim
506 3712 716 3786 pagani
739 3728 916 3783 super
932 3712 1341 3766 defunctorum
1358 3708 1661 3781 epulantes
1680 3706 1970 3780 sepulcra,

325 3810 501 3877 atque
533 3804 590 3858 in
622 3801 860 3857 nomine
892 3816 1094 3856 eorum
1127 3799 1227 3871 qui
1259 3798 1473 3855 mortui
1513 3802 1652 3854 sunt
1681 3797 1967 3867 bibentes,

322 3894 523 3949 inania
551 3908 685 3947 cum
717 3893 974 3963 quodam
1006 3888 1404 3945 modulamine
1436 3892 1674 3944 cantant
1706 3905 1720 3944 :
1755 3887 1852 3943 sed
1887 3887 1971 3942 ni-

323 3982 409 4038 hil
438 3983 676 4054 prodest
706 3981 766 4035 in
799 3980 1028 4035 inferno
1052 3978 1374 4034 damnatis.

400 4093 428 4121 ι(
459 4071 641 4126 Homo
673 4085 808 4125 cum
848 4069 908 4123 in
952 4068 1172 4124 honore
1225 4071 1399 4136 esset,
1431 4083 1549 4122 non
1602 4064 1905 4122 intellexit.
1938 4088 1962 4116 π

324 4161 465 4215 Esse
494 4175 556 4214 se
587 4158 659 4213 ad
692 4157 1010 4228 imaginem
1032 4156 1132 4211 Dei
1165 4156 1501 4211 formatum.
1535 4176 1562 4205 «
1587 4153 1969 4225 Comparatus

328 4253 417 4303 est
457 4246 745 4318 jumentis
798 4243 1235 4315 insipientibus,
1277 4247 1335 4299 et
1382 4241 1593 4300 similis
1646 4242 1835 4298 factus
1884 4245 1973 4297 est

324 4336 461 4392 illis.
499 4358 526 4386 ››
579 4334 847 4406 Deposita
885 4334 1072 4387 forma
1099 4331 1341 4397 cmlesti,
1374 4332 1561 4387 factus
1592 4336 1682 4387 est
1709 4331 1769 4387 in
1799 4330 1969 4387 simi-

327 4425 637 4480 litudinem
670 4419 1076 4493 insipientium
1113 4421 1541 4491 jumentorum.

400 4537 429 4564 ‹‹
460 4518 591 4570 Haec
639 4513 735 4568 via
776 4510 1012 4567 illorum
1058 4508 1402 4565 scandalum
1440 4509 1607 4580 ipsis.
1642 4530 1671 4557 ››
1726 4508 1871 4572 Quia
1901 4508 1971 4563 de

320 4603 541 4674 judicio
573 4603 645 4658 ad
678 4617 907 4674 pcenam
939 4615 1038 4655 eos
1068 4596 1303 4654 deducit
1336 4616 1349 4655 :
1394 4618 1423 4649 «
1452 4598 1519 4653 Et
1550 4600 1750 4669 postea
1777 4597 1838 4651 in
1871 4612 1968 4653 ore

2081 3528 2388 3587 precemur
2415 3515 2749 3583 Dominum,
2781 3520 2847 3571 ut
2888 3516 3013 3589 ipse
3062 3516 3232 3572 nobis
3283 3518 3504 3574 tribuat
3548 3519 3720 3576 intel-

2081 3601 2317 3670 lectum,
2351 3608 2408 3659 et
2452 3603 2594 3659 dum
2638 3620 2706 3660 ea
2743 3620 2870 3676 quas
2900 3604 3186 3672 videntur,
3222 3607 3589 3679 abjiciamus,
3622 3609 3723 3666 illa

2081 3708 2208 3764 quae
2237 3709 2353 3748 non
2381 3693 2669 3759 videntur,
2702 3693 2945 3765 adipisci
2977 3711 3327 3753 mereamur.

2623 3781 2947 3838 PSALMUS
2985 3782 3173 3839 XLIX.

2081 3871 2331 3946 Psalmus
2377 3871 2574 3946 Asaph.
2626 3871 2822 3946 Assph
2876 3871 3310 3946 interpretatur,
3354 3878 3717 3946 congregatio.

2149 3943 2416 4016 Psalmus
2469 3942 2758 3998 discernit
2787 3944 2984 4013 justos
3026 3942 3113 4016 ab,
3143 3944 3361 4016 impiis,
3395 3942 3659 4003 caelestes
3688 3964 3723 4002 a

2150 4014 2416 4081 terrenis,
2451 4018 2684 4085 sanctos
2733 4029 2768 4069 a
2811 4015 3216 4085 peccatoribus
3231 4014 3620 4085 'prOtestatur.
3656 4020 3720 4074 In

2151 4102 2265 4157 quo
2299 4102 2414 4140 non
2444 4083 2731 4158 propheta
2759 4083 2828 4158 se
2853 4084 3135 4153 locutum,
3164 4083 3267 4141 sed
3297 4087 3494 4158 ipsum
3523 4088 3719 4145 Domi-

2150 4153 2292 4212 num
2331 4153 2695 4227 pronuntiat,
2745 4153 2990 4209 dicens:

2152 4266 2182 4294 «
2213 4248 2364 4299 Deus
2394 4247 2638 4300 deorum
2669 4242 2951 4298 Dominus
2980 4241 3211 4299 locutus
3251 4248 3361 4301 est.
3395 4268 3425 4296 »
3474 4245 3628 4303 Deus
3659 4246 3716 4302 in

2080 4331 2382 4403 Trinitate,
2433 4336 2621 4402 Pater,
2675 4335 2733 4387 et
2787 4330 2989 4400 Filius,
3041 4336 3101 4388 et
3154 4332 3405 4405 Spiritus
3457 4339 3718 4404 sanctus,

2080 4437 2234 4477 unus
2289 4421 2482 4491 Deus;
2543 4443 2571 4471 «
2618 4422 2859 4477 deorum
2914 4419 3088 4491 Deus,
3136 4444 3164 4471 ›ι
3223 4422 3365 4494 quia
3420 4424 3721 4480 credentes

2080 4510 2220 4565 deos
2265 4508 2448 4565 voluit
2494 4508 2841 4581 nuncupari.
2884 4508 3043 4565 Dedit
3089 4512 3239 4566 enim
3288 4512 3366 4566 eis
3413 4494 3722 4583 potestatem

2082 4598 2228 4668 ﬁlios
2259 4599 2356 4653 Dei
2377 4598 2501 4669 ﬁeri
2522 4616 2540 4651 :
2571 4597 2656 4653 his
2680 4598 2777 4669 qui
2798 4597 3033 4653 credunt
3054 4601 3116 4654 in
3140 4600 3361 4655 nomine
3390 4602 3504 4673 ejus
3535 4600 3720 4673 (Joan.

329 4709 436 4748 suo
485 4690 946 4762 complacebunt.
982 4713 1003 4741 ι
1058 4688 1168 4744 Sed
1218 4686 1363 4742 nihil
1415 4686 1643 4759 proﬁcit
1684 4685 1971 4743 confessio
2001 4698 2048 4762 D
2083 4705 2121 4758 ι,
2157 4688 2266 4757 12).
2300 4687 2581 4743 Dominus
2613 4690 2808 4742 autem
2839 4689 2928 4742 est
2958 4703 2972 4741 :
3028 4704 3094 4743 eo
3137 4689 3293 4760 quod
3325 4690 3586 4746 omnium
3621 4691 3723 4747 do-

332 4780 391 4836 in
423 4781 668 4836 inferno.

403 4893 431 4922 «
463 4870 622 4926 Sicut
664 4885 795 4925 oves
844 4868 902 4923 in
953 4867 1178 4923 inferno
1228 4866 1403 4938 positi
1450 4870 1622 4935 sunt;
1675 4881 1834 4921 mors
1872 4865 1972 4920 de-

332 4964 532 5032 pascet
581 4974 699 5013 eos.
734 4978 763 5006 »
812 4956 1015 5012 Merito
1073 4973 1107 5010 a
1162 4959 1350 5010 morte
1406 4954 1824 5026 depascuntur,
1874 4953 1972 5025 qui

330 5049 627 5105 Christum
662 5046 975 5101 noluerunt
1005 5044 1218 5099 habere
1247 5048 1563 5115 pastorem.

408 5161 427 5187 ι
466 5138 536 5192 Et
555 5135 1018 5191 dominabuntur
1038 5148 1238 5188 eorum
1257 5129 1407 5202 justi
1428 5129 1487 5186 in
1515 5130 1826 5187 matutino.
1856 5153 1882 5178 »
1910 5131 1973 5185 In

333 5225 776 5283 resurrectione.
832 5247 858 5273 α
892 5223 961 5277 Et
998 5220 1281 5278 auxilium
1329 5235 1532 5275 eorum
1562 5224 1884 5276 veterascet
1912 5219 1973 5273 in

333 5317 581 5372 inferno.
603 5338 625 5368 ι
655 5314 994 5369 Habuerunt
1014 5310 1263 5382 divitias,
1279 5309 1379 5366 sed
1402 5325 1536 5364 cum
1559 5307 1976 5364 descenderent

332 5407 390 5462 in
439 5405 756 5469 infernum,
806 5404 1183 5458 evanuerunt.
1236 5422 1263 5449 ι(
1296 5405 1345 5452 Α
1375 5395 1559 5471 gloria
1589 5414 1717 5453 sua.
1752 5418 1781 5446 »
1830 5395 1975 5461 Quia

332 5513 448 5551 non
500 5492 855 5565 quaesierunt
904 5490 1150 5563 gloriam
1199 5486 1433 5558 Christi,
1466 5487 1567 5559 qui
1618 5502 1773 5542 nunc
1813 5486 1882 5541 de
1913 5502 1975 5541 se

333 5583 613 5656 loquitur.

405 5697 432 5724 ‹‹
465 5676 882 5727 Verumtamen
920 5670 1069 5724 Deus
1100 5665 1349 5721 redimet
1392 5666 1647 5722 animam
1681 5681 1868 5720 meam
1902 5665 1974 5720 de

334 5777 514 5819 manu
542 5758 715 5814 inferi
743 5775 878 5814 cum
909 5754 1196 5826 acceperit
1233 5770 1346 5812 me.
1382 5777 1413 5806 »
1463 5755 1646 5812 Homo
1676 5758 1825 5812 Deus
1855 5769 1972 5810 non

2082 4775 2435 4831 minantium
2470 4774 2842 4833 dominetur.
2878 4776 2948 4831 Et
2977 4776 3180 4847 utique
3211 4777 3337 4850 ipse
3366 4779 3465 4850 qui
3499 4778 3722 4836 dudum

2082 4864 2142 4919 in
2192 4863 2537 4937 patriarchis
2587 4863 2935 4936 loquebatur
2990 4868 3165 4937 atque
3221 4866 3544 4939 prophetis,
3597 4867 3723 4940 ipse

2084 4969 2240 5009 nunc
2299 4951 2576 5025 loquitur.
2626 4952 2697 5006 Et
2745 4952 2908 5024 quid,
2960 4952 3176 5026 inquis,
3228 4953 3537 5026 loquitur?
3594 4978 3621 5006 ‹‹
3655 4956 3725 5011 Et

2083 5042 2307 5098 vocavit
2338 5045 2573 5097 terram.
2609 5064 2636 5090 ››
2686 5041 2809 5098 Non
2841 5046 3066 5114 partem
3098 5042 3356 5116 aliquam
3384 5061 3397 5114 ;
3452 5044 3551 5100 sed
3584 5044 3723 5099 audi

2085 5130 2226 5202 quid
2258 5130 2471 5201 adjecit
2503 5147 2515 5183 :

2155 5242 2183 5270 ‹‹
2217 5221 2263 5275 Α
2293 5218 2433 5275 solis
2466 5221 2595 5274 ortu
2629 5235 2815 5291 usque
2858 5218 2929 5274 ad
2978 5235 3269 5276 occasum.
3308 5243 3329 5269 ι
3386 5219 3539 5279 Nihil
3589 5219 3721 5277 reli-

2084 5307 2231 5380 quit,
2258 5308 2412 5381 quod
2440 5325 2557 5363 non
2585 5325 2693 5363 sua
2717 5306 3015 5364 vocatione
3046 5307 3257 5364 faceret
3283 5309 3547 5382 dignum.
3583 5332 3610 5360 ‹‹
3646 5310 3724 5366 Ex

2083 5396 2221 5452 Sion
2254 5396 2476 5469 species
2506 5395 2730 5451 decoris
2769 5395 2914 5466 ejus.
2949 5418 2977 5445 »
3030 5396 3165 5460 Quae
3218 5402 3307 5451 est
3356 5398 3500 5453 ﬁdes
3547 5401 3723 5471 atque

2084 5485 2401 5543 credulitas
2451 5503 2575 5557 quas
2619 5502 2686 5539 ex
2728 5484 2864 5540 Sion
2896 5484 3120 5555 incipit.
3154 5484 3317 5540 Unde
3352 5485 3630 5543 Dominus
3660 5488 3720 5543 in

2082 5574 2454 5648 Evangeliis:
2508 5573 2792 5644 Oportebat
2839 5575 2987 5628 enim
3034 5574 3147 5629 haec
3178 5575 3452 5630 Christum
3498 5575 3626 5648 pali
3672 5582 3723 5633 et

2082 5679 2363 5737 resurgere
2391 5680 2425 5717 a
2451 5664 2687 5717 mortuis
2707 5663 2867 5717 tertia
2894 5661 2999 5732 die,
3025 5666 3077 5717 et
3099 5662 3398 5734 pradicari
3419 5666 3479 5719 in
3498 5666 3724 5722 nomine

2081 5753 2197 5823 ejus
2220 5752 2605 5823 paenitentiam
2632 5752 2682 5805 et
2712 5750 3093 5807 remissionem
3136 5755 3481 5822 peccatorum
3509 5756 3571 5810 in
3599 5770 3717 5811 am-
