4314 6570
641 412 794 470 1027

635 628 763 684 Sion
796 628 946 698 (Luc.
980 643 1130 692 xx1v,
1165 627 1253 690 46,
1288 626 1398 695 47).

708 717 920 772 «Deus
966 714 1271 769 manifeste
1315 715 1529 770 veniet.
1563 736 1592 762 »
1643 714 1767 769 Non
1817 712 2098 769 occultus.
2149 710 2273 782 Vel,

640 829 661 857 α
698 806 850 860 Deus
882 803 1190 858 manifeste
1219 804 1430 869 veniet,
1469 825 1495 850 »
1547 801 1655 857 hoc
1686 806 1796 869 est,
1827 803 1886 856 in
1919 802 2012 856 die
2043 800 2274 872 judicii,

634 894 772 967 quia
803 892 994 948 omnis
1026 892 1197 946 homo
1231 907 1364 945 cum
1409 890 1625 945 videbit
1657 906 1669 944 :
1725 893 1788 943 ut
1837 889 1897 942 in
1930 888 2276 960 Apocalypsi

635 984 760 1039 ait:
811 985 873 1037 Et
927 981 1131 1036 videbit
1191 997 1319 1034 eum
1376 981 1556 1033 omnis
1613 980 1799 1032 oculus
1858 979 2044 1046 (Apoc.
2100 996 2147 1041 1,
2195 979 2272 1047 7).

638 1096 665 1125 «
694 1073 847 1127 Deus
895 1076 1091 1126 noster
1135 1075 1190 1124 et
1239 1085 1354 1123 non
1399 1067 1612 1122 silebit.
1649 1089 1676 1116 »
1731 1067 1876 1129 Quia
1907 1068 1976 1121 ad
2006 1068 2275 1136 judican-

635 1163 774 1217 dum
807 1161 996 1216 veniet
1027 1177 1039 1214 :
1083 1160 1252 1228 juxta
1291 1157 1436 1211 illud
1472 1176 1484 1212 :
1539 1158 1718 1223 Tacui,
1752 1155 2023 1226 numquid
2067 1171 2278 1225 semper

631 1254 815 1308 tacebo
845 1253 968 1322 (Isa.
1003 1266 1138 1314 xui,
1173 1249 1280 1317 14).
1323 1247 1492 1301 Modo
1541 1251 1714 1310 tacet,
1745 1250 1938 1300 tamen
1987 1251 2041 1298 et
2091 1245 2136 1298 si
2187 1249 2272 1300 ta-

635 1347 723 1396 cet
745 1340 989 1412 judicio,
1024 1355 1138 1392 non
1168 1341 1319 1391 tacet
1349 1335 1647 1390 mandato.
1683 1339 1743 1388 ln
1788 1333 1973 1405 primo
2024 1334 2275 1388 adventu

634 1431 835 1499 tacuit,
870 1429 1008 1501 quia
1035 1425 1280 1482 humilis
1311 1423 1603 1496 apparuit.

706 1543 744 1572 (ι
769 1518 925 1590 Ignis
970 1517 1026 1571 in
1080 1519 1391 1586 conspectu
1440 1514 1568 1583 ejus
1618 1511 1860 1567 ardebit.
1899 1533 1925 1559 »
1975 1510 2274 1582 Duplicem

635 1609 728 1663 hic
777 1607 930 1679 ignis
981 1604 1328 1675 intelligitur
1379 1603 1589 1656 habere
1641 1602 1935 1655 virtutem.
1977 1599 2277 1654 Illuminat

634 1697 813 1766 enim,
846 1699 903 1750 et
944 1693 1150 1749 exurit.
1188 1693 1491 1747 Gaudeant
1534 1689 1704 1760 justi,
1748 1689 1886 1760 quia
1933 1687 2274 1743 illuminan-

633 1791 730 1840 tur
759 1802 826 1838 ex
855 1800 942 1838 eo.
973 1782 1243 1836 Timeant
1290 1783 1639 1851 peccatores,
1686 1778 1785 1849 qui
1830 1777 2106 1832 exurendi
2139 1782 2277 1831 sunt

633 1875 707 1929 ab
754 1889 841 1928 eo.
891 1895 919 1921 «
956 1871 1022 1924 Et
1068 1871 1128 1924 in
1173 1868 1416 1923 circuitu
1469 1868 1596 1937 ejus
1646 1871 1964 1938 tempestas
2001 1865 2210 1921 valida.
2247 1889 2273 1914 ››

632 1963 764 2026 Qua:
813 1959 1067 2032 ﬂagellat
1115 1962 1171 2013 et
1216 1957 1453 2028 corrigit
1498 1949 1849 2028 peccatores,
1891 1955 2272 2026 triticumque

631 2051 881 2108 secernit
929 2066 962 2104 a
1010 2047 1212 2120 paleis.
1245 2047 1315 2101 Et
1347 2062 1494 2117 quos
1524 2045 1676 2118 ignis
1716 2045 1922 2112 exurit,
1955 2047 2274 2116 tempestas

630 2139 893 2196 involvit.
945 2139 1013 2192 Et
1059 2137 1120 2191 in
1175 2135 1290 2191 alio
1339 2135 1464 2190 loco
1520 2135 1660 2189 dicit
1702 2151 1714 2189 :
1764 2135 2029 2204 Purgabit
2081 2150 2275 2189 aream

631 2247 809 2297 suam,
843 2237 893 2283 et
943 2226 1290 2297 congregabit
1338 2226 1585 2280 triticum
1633 2226 1692 2278 in
1739 2223 1992 2279 horreum
2023 2241 2041 2277 :
2085 2225 2274 2294 paleas

630 2327 817 2374 autem
844 2317 1118 2373 comburet
1149 2317 1269 2383 igni
1300 2314 1745 2381 inercstinguibili
1787 2315 1937 2383 (Luc.
1971 2331 2058 2378 III,
2090 2314 2199 2384 17).

703 2430 731 2457 ‹‹
766 2407 833 2461 Et
876 2405 1100 2460 vocavit
1143 2403 1349 2458 cmlum
1382 2404 1713 2458 desursum.
1751 2425 1777 2451 ››
1826 2401 2136 2473 Apostolos
2185 2401 2272 2456 vel

629 2496 886 2568 reliquos
934 2499 1186 2563 sanctos,
1222 2493 1321 2562 qui
1365 2492 1652 2562 despectis
1684 2492 1952 2557 terrenis,
1985 2508 2110 2562 quae
2143 2508 2270 2544 sur-

631 2601 761 2641 sum
791 2589 928 2640 sunt
949 2582 1204 2654 sapiunt.
1239 2605 1266 2629 ‹‹
1292 2581 1361 2635 Et
1392 2585 1604 2635 terram
1632 2579 1957 2634 discernere
1990 2578 2272 2650 populum

630 2691 827 2730 suum.
863 2694 890 2722 ››
941 2671 1226 2726 Discernit
1274 2674 1467 2725 autem
1500 2675 1555 2724 et
1582 2675 1864 2733 terrenos,
1898 2673 1962 2722 ut
1991 2685 2123 2723 cum
2159 2685 2270 2722 coc-

625 2763 802 2818 lestes
825 2767 1125 2834 ponuntur
1145 2760 1216 2814 ad
1239 2758 1633 2827 dexteram,hi
1665 2757 1735 2812 ad
1769 2758 2068 2812 sinistram
2094 2755 2269 2811 collo-

627 2857 852 2907 centur.
893 2849 997 2904 Vel
1047 2849 1335 2904 discernet
1384 2846 1664 2919 populum
1714 2862 1910 2912 suum,
1965 2845 2021 2898 in
2075 2845 2269 2899 futuro

620 2939 842 3012 judicio
901 2938 1133 3008 quando
1192 2936 1457 2990 dicturus
1503 2935 1612 2990 erit
1654 2951 1667 2989 :
1719 2936 1812 3004 Ite,
1862 2933 2156 2998 maledicti,
2208 2935 2271 2988 in

625 3029 808 3097 ignem
849 3034 1123 3082 aeternum
1177 3025 1388 3094 (Matth.
1421 3039 1551 3087 xxv,
1584 3023 1691 3092 41).
1749 3023 1817 3076 Et
1865 3023 1936 3076 ad
1987 3026 2263 3077 sanctos:

629 3117 711 3170 [te
741 3115 799 3170 in
831 3114 1012 3171 vitam
1044 3116 1318 3167 aeternam
1352 3112 1508 3182 (Ibid.
1551 3112 1662 3181 34).

703 3225 730 3253 ‹‹
763 3204 1118 3274 Congregate
1148 3200 1230 3255 illi
1262 3205 1492 3256 sanctos
1524 3201 1670 3270 ejus.
1707 3222 1734 3248 κ)
1785 3199 1828 3254 Ο
1859 3216 2036 3270 quam
2086 3200 2265 3254 mira-

627 3292 820 3348 biliter
849 3291 970 3346 haec
1003 3289 1309 3361 Evangelio
1341 3293 1540 3344 sancto
1570 3288 1946 3344 conveniunt!
1982 3288 2265 3344 Dominus
2297 3278 2338 3344 C

626 3383 780 3438 enim
814 3387 945 3453 post
973 3379 1470 3451 dispensationem
1502 3379 1659 3446 ﬁnis,
1692 3377 1856 3432 audit
1884 3378 2024 3450 quid
2073 3378 2214 3432 dicit
2248 3395 2260 3432 :

623 3473 788 3528 Mittet
816 3472 987 3525 Filius
1029 3471 1266 3525 hominis
1312 3469 1530 3538 angelos
1578 3484 1701 3523 suos
1741 3485 1865 3522 cum
1895 3469 2032 3522 tuba.
2070 3471 2119 3522 et
2148 3469 2261 3522 vir-

623 3566 738 3616 tute
785 3577 1004 3630 magna,
1037 3562 1090 3613 et
1118 3558 1516 3628 congregabunt
1546 3559 1744 3613 electos
1786 3559 1903 3620 eius
1950 3575 1984 3612 a
2033 3559 2266 3629 quatuor

622 3652 816 3715 ventis,
848 3666 882 3702 a
926 3664 1136 3702 summo
1183 3647 1445 3702 calorum
1489 3646 1696 3716 (Matth.
1731 3664 1880 3714 xxix,
1916 3647 2024 3717 31).
2072 3649 2140 3701 Et
2168 3645 2264 3701 hic

615 3733 796 3792 dicit:
822 3761 847 3785 «
871 3737 1226 3808 Congregate
1248 3734 1332 3788 illi
1355 3751 1557 3790 omnes
1579 3740 1813 3790 sanctos
1833 3736 1980 3805 ejus.
2004 3757 2031 3783 »
2051 3735 2263 3790 Intelli-

622 3826 738 3899 gite
785 3842 920 3898 ergo
971 3841 1073 3896 per
1119 3824 1257 3891 haec,
1300 3840 1481 3878 unum
1514 3823 1736 3878 Veteris
1766 3823 2025 3895 Novique
2057 3825 2260 3880 Testa-

622 3914 801 3970 menti
834 3931 962 3969 esse
988 3913 1421 3984 dispositorem.
1461 3935 1480 3960 α
1507 3913 1612 3976 Qui
1645 3912 1918 3967 ordinant
1948 3917 2260 3967 testamen-

619 4008 744 4059 tum
775 4006 902 4073 ejus
934 4019 1112 4074 super
1140 4001 1448 4058 sacriﬁcia.
1485 4024 1512 4050 ››
1555 4000 1617 4056 In
1651 4017 1899 4072 quorum
1932 4001 2260 4056 miseratio-

620 4093 792 4148 nibus
823 4093 976 4147 Deus
1024 4108 1200 4163 super
1246 4091 1520 4146 omnibus
1568 4089 1868 4145 sacrificiis
1917 4089 2254 4144 delectatur.

614 4181 715 4238 Vel
749 4183 1058 4249 ordimant,
1092 4180 1410 4252 praedicant
1452 4184 1508 4234 et
1539 4179 1785 4250 implent
1814 4179 2256 4234 Testamentum

613 4275 838 4325 Novum
870 4286 1046 4340 super
1076 4269 1276 4334 Vetus,
1308 4269 1439 4338 quia
1470 4271 1756 4322 transeunt
1786 4276 1959 4322 vetera
1993 4285 2011 4320 .·
2054 4272 2104 4322 et
2141 4284 2259 4323 ecce

609 4363 758 4430 facta
787 4361 915 4413 sunt
945 4359 1133 4412 omnia
1160 4373 1302 4411 nova
1339 4358 1408 4426 (ll
1442 4355 1561 4409 Cor.
1594 4373 1649 4422 v,
1683 4356 1792 4426 17).

683 4470 712 4497 ‹‹
746 4449 814 4502 Et
845 4445 1278 4500 annuntiabunt
1309 4443 1435 4498 coeli
1476 4444 1768 4514 justitiam
1808 4446 1954 4515 ejus.
1993 4469 2020 4493 ››
2076 4446 2254 4501 Evan-

612 4537 851 4607 gelistae,
877 4534 964 4589 vel
998 4534 1085 4589 lex
1113 4533 1317 4604 Moysi.
1351 4556 1377 4580 ‹‹
1407 4533 1690 4597 Quoniam
1718 4533 1871 4589 Deus
1890 4535 2070 4605 judcx
2093 4540 2200 4599 est,
2227 4559 2254 4585 ››

612 4623 716 4689 Qui
746 4639 1014 4694 separare
1037 4622 1174 4677 facit
1199 4623 1382 4676 bonos
1414 4639 1448 4676 a
1479 4621 1669 4676 malis.
1702 4621 1804 4677 Vel
1837 4623 1985 4688 coeli,
2019 4625 2202 4680 sancti
2237 4642 2249 4680 :
2287 4649 2329 4712 Ι)

610 4711 1051 4777 Annuntiabnnl,
1103 4710 1544 4783 praedicabunt:
1596 4716 1660 4766 ut
1707 4711 2037 4785 illud,Ca’li
2089 4731 2249 4769 enar-

609 4804 736 4856 rant
764 4801 1007 4870 gloriam
1040 4801 1140 4855 Dei
1169 4800 1333 4870 (Psal.
1370 4817 1525 4867 xvm,
1549 4803 1625 4871 2).
1662 4825 1689 4850 «
1718 4802 2017 4858 Justitiam
2049 4803 2193 4872 ejus,
2217 4823 2242 4854 η

609 4890 888 4946 mandata
935 4890 1083 4960 ejus.
1134 4888 1480 4951 «Quoniam
1540 4890 1692 4945 Deus
1738 4891 1920 4962 judex
1973 4897 2080 4961 est,
2115 4893 2252 4963 quia

606 4981 731 5052 ipse
752 4979 1038 5048 estjudex
1065 4978 1324 5032 vivorum
1353 4983 1409 5033 et
1435 4985 1821 5034 mortuorum.
1842 4985 1906 5034 Et
1937 4981 2252 5037 advocatus

606 5073 804 5126 noster
833 5072 942 5133 est,
975 5073 1033 5123 et
1054 5068 1237 5139 judex
1267 5073 1375 5132 est,
1409 5072 1465 5122 et
1499 5076 1645 5124 Deus
1677 5074 1874 5124 noster
1902 5075 2007 5125 est.

679 5180 707 5208 «
736 5157 908 5224 Audi,
942 5156 1194 5229 populus
1227 5173 1396 5211 meus
1431 5173 1444 5211 :
1495 5161 1549 5211 et
1597 5156 1804 5228 loquar
1833 5156 1961 5225 tibi,
1993 5159 2188 5214 Israel.
2221 5182 2248 5211 ››

606 5247 723 5303 Vox
774 5247 868 5301 Dei
918 5246 1129 5315 Patris,
1165 5246 1236 5300 ad
1267 5244 1547 5316 pepulum
1597 5245 1909 5300 Judaicum
1969 5245 2248 5318 loquitur.

605 5361 631 5385 ‹‹
665 5336 837 5401 Audi,
873 5334 1127 5406 populus
1159 5350 1346 5388 meus.
1384 5355 1412 5382 ››
1465 5340 1678 5389 Aurem
1717 5334 1910 5388 cordis
1960 5337 2204 5407 requirit
2235 5354 2248 5394 :

605 5425 758 5480 unde
790 5424 871 5479 ait
917 5423 1247 5494 Propheta:
1303 5421 1537 5477 Audiam
1579 5423 1711 5492 quid
1761 5423 2014 5494 loquatur
2062 5428 2121 5480 in
2167 5443 2252 5482 me

607 5515 860 5567 Dominus
909 5514 1046 5567 Deus
1101 5513 1270 5583 (Psal.
1324 5527 1543 5578 Lxxx1v,
1593 5513 1668 5582 9).
1722 5512 1789 5565 Et
1841 5511 1976 5567 alibi
2021 5531 2033 5568 :
2086 5515 2246 5583 Audi,

603 5601 770 5656 Israel
799 5618 816 5653 :
868 5602 1128 5656 Domi-nus
1178 5602 1316 5655 Deus
1363 5606 1506 5670 tuus,
1561 5600 1700 5654 Deus
1753 5617 1895 5654 unus
1941 5607 2020 5656 est
2069 5604 2244 5672 (Deut.

602 5723 680 5769 γι,
716 5689 792 5759 4).
842 5688 944 5743 Vel
1000 5689 1194 5759 accipe
1251 5706 1422 5745 aures
1480 5688 1772 5756 audiendi,
1824 5693 1887 5743 ut
1935 5690 2244 5765 intelligas,

2133 403 2551 464 APPENDIX.

637 557 731 594 nes
781 547 965 609 gentes
999 556 1014 590 :
1067 536 1470 606 incipiemtibus
1518 537 1588 591 ab
1635 537 1961 600 Jerusalem,
2018 550 2143 606 quae
2199 538 2276 588 est
2303 535 2358 600 Α
2390 534 2587 590 Israel.
2637 558 2663 583 ‹‹
2697 536 2765 590 Et
2794 535 3151 590 testificabor
3180 535 3306 589 tibi.
3345 558 3371 584 »

2305 1903 2354 1968 Β

3877 409 4037 469 1028

3427 535 3486 591 Si
3518 541 3710 592 mente
3742 539 4038 608 spirituali

2388 624 2770 694 perspexeris.
2823 625 2921 679 Vel
2977 649 2995 672 α
3034 625 3390 679 testiﬁcabor
3437 625 3563 695 tibi,
3602 649 3628 674 ››
3682 627 3737 681 id
3789 634 3896 694 est,
3934 646 4037 700 per

2388 713 2748 784 patriarchas
2780 718 2831 768 et
2863 713 3196 784 prophetas,
3233 713 3381 767 sicut
3411 714 3554 768 dixit
3588 732 3600 769 :
3646 718 3752 786 Ego
3782 721 4037 788 sum'qui

2385 819 2504 855 sum
2554 802 2745 872 (Exod.
2799 819 2883 865 Ill,
2933 803 3040 868 14).
3095 801 3437 866 «Quoniam
3489 803 3661 872 Deus,
3699 811 3848 860 Deus
3893 812 4032 863 tuus

2386 907 2491 962 ego
2524 908 2676 945 sum.
2716 914 2736 939 α
2772 891 2925 944 Deus
2957 907 3113 957 sum,
3146 912 3174 938 ››
3227 892 3649 961 omnipotentia
3680 911 3692 962 ;
3725 899 3864 950 tuus
3897 914 4028 951 sum

2388 984 2582 1034 autem
2615 980 2789 1046 Deus,
2823 995 2923 1050 per
2951 979 3198 1049 gratiam
3235 997 3247 1033 :
3284 998 3397 1035 non
3430 981 3748 1038 simulacra
3781 991 3943 1040 muta
3973 992 4030 1040 et

2387 1068 2586 1132 surda,
2619 1085 2744 1138 qua:
2795 1067 3078 1122 hactenus
3126 1074 3435 1124 veneratus
3485 1087 3565 1125 es.
3600 1070 3701 1125 Vel
3734 1088 3838 1143 ego
3871 1091 4024 1142 sum,

2387 1156 2487 1227 qui
2538 1173 2769 1228 semper
2819 1175 2950 1211 sum
3005 1157 3148 1227 ipse.
3207 1182 3225 1205 ιι
3265 1158 3388 1212 Νοη
3451 1159 3506 1212 in
3562 1161 3862 1216 sacriﬁciis
3911 1164 4026 1217 tuis

2387 1261 2628 1316 arguam
2661 1250 2730 1300 te.
2768 1268 2795 1295 »
2828 1245 2973 1310 Quia
3004 1248 3174 1301 corde
3207 1246 3452 1301 contrito
3485 1247 3754 1303 delector.
3791 1273 3817 1298 ‹‹
3851 1251 4028 1306 Holo-

2387 1339 2591 1389 causta
2621 1339 2816 1390 autem
2847 1339 2948 1390 tua
2968 1336 3027 1389 in
3061 1342 3374 1408 conspectu
3402 1353 3529 1392 meo
3562 1343 3700 1392 sunt
3723 1355 3970 1411 semper.
3998 1363 4025 1389 ››

2386 1423 2447 1478 Si
2497 1424 2733 1478 odorem
2783 1429 2948 1478 rectae
3007 1425 3307 1482 orationis.
3363 1428 3664 1497 tamquam
3723 1429 4024 1484 suavitatis

2387 1514 2710 1581 incensum,
2735 1514 2805 1568 ad
2840 1531 2931 1569 me
2962 1531 3147 1585 usque
3177 1515 3473 1569 direxeris.
3526 1538 3552 1564 ‹‹
3585 1516 3708 1570 Non
3743 1518 4023 1589 accipiam

2386 1603 2456 1656 de
2515 1603 2687 1658 domo
2736 1608 2837 1657 tua
2883 1603 3144 1658 vitulos:
3203 1621 3388 1674 neque
3449 1605 3519 1658 de
3577 1606 3852 1676 gregibus
3909 1608 4026 1662 tuis

2387 1691 2598 1746 hircos.
2627 1715 2653 1741 ››
2687 1693 2802 1747 Ista
2832 1693 2987 1746 enim
3021 1692 3206 1762 sprevi
3241 1710 3252 1746 :
3287 1693 3424 1762 quia
3458 1695 3697 1765 sanguis
3729 1696 3844 1748 veri
3878 1697 4028 1768 Agni

2385 1781 2606 1835 effusus
2651 1786 2739 1836 est
2789 1799 2892 1852 pro
2938 1781 3189 1852 peccatis
3238 1782 3434 1851 populi
3482 1782 3616 1836 mei.
3663 1782 3786 1852 Vel,
3841 1805 3868 1836 α
3900 1785 4025 1839 Non

2385 1869 2666 1940 accipiam
2707 1871 2777 1924 de
2817 1871 2988 1925 domo
3034 1876 3136 1924 tua
3181 1870 3414 1934 vitulos,
3454 1892 3474 1918 ι
3528 1871 3585 1924 id
3635 1877 3744 1937 est,
3780 1872 4028 1928 inconti-

2388 1962 2593 2013 nentes
2651 1962 2708 2012 et
2766 1959 3067 2029 superbos.
3133 1959 3391 2029 «Neque
3447 1959 3518 2014 de
3575 1961 3849 2032 gregibus
3906 1962 4026 2018 tuis

2384 2043 2598 2115 hircos,
2638 2068 2657 2094 ιι
2706 2045 2917 2114 hircos,
2954 2047 3053 2117 qui
3087 2047 3270 2101 Γωῐὶἀί
3301 2050 3439 2101 sunt
3470 2047 3525 2102 in
3557 2053 3810 2119 peccato.

2462 2172 2484 2200 «
2519 2153 2804 2217 Quoniam
2838 2170 2974 2207 mere
3007 2158 3148 2208 sunt
3177 2171 3380 2209 omnes
3415 2155 3545 2210 fera:
3595 2155 3894 2224 silvarum,
3921 2158 4031 2228 ju-

2388 2247 2586 2296 menta
2639 2242 2697 2296 in
2749 2244 3048 2298 montibus
3101 2248 3156 2297 et
3204 2244 3457 2298 boves.»
3511 2244 3942 2301 Irrationabiles
3975 2253 4033 2302 et

2384 2330 2627 2386 diversis
2659 2332 2960 2386 montibus
2990 2336 3262 2386 vacantes
3295 2332 3563 2388 homines
3591 2351 3604 2388 :
3639 2351 3784 2405 quos
3807 2342 4032 2407 oportet

2382 2419 2681 2474 vocatione
2713 2419 2837 2474 Filii
2871 2419 2969 2474 Dei
3003 2419 3193 2475 salvos
3228 2421 3368 2474 fieri.

2453 2548 2480 2574 «
2517 2527 2763 2597 Cognovi
2795 2527 2994 2581 omnia
3021 2527 3278 2582 volatilia
3309 2527 3453 2582 cccli.
3492 2551 3511 2576 ι»
3547 2529 3673 2584 Sive
3703 2530 4026 2601 hereticos,

2381 2614 2500 2670 sive
2531 2615 2740 2670 divites
2771 2615 2950 2686 hujus
2982 2617 3204 2682 mundi,
3241 2617 3338 2687 qui
3374 2634 3476 2687 per
3505 2619 3862 2674 mundanam
3921 2637 4023 2674 su-

2379 2703 2639 2774 perbiam
2691 2711 2751 2760 et
2793 2704 3253 2760 irrationabilem
3301 2706 3602 2759 scientiam
3645 2707 4023 2762 extolluntur.

2384 2815 2410 2844 α
2440 2793 2510 2847 Et
2539 2793 2760 2864 species
2792 2794 2915 2864 agri
2949 2810 3177 2848 mecum
3209 2799 3315 2847 est.
3355 2817 3380 2841 ››
3433 2793 3577 2858 Quia
3620 2795 3719 2848 ubi
3758 2795 4013 2864 voluero,

2379 2899 2571 2938 rerum
2605 2883 2870 2936 omnium
2897 2883 3082 2954 copia,
3111 2881 3197 2937 vel
3226 2882 3591 2947 diffunditur,
3623 2883 3709 2938 vel
3748 2890 4014 2956 negatur.

2376 2969 2479 3026 Vel
2504 2994 2532 3019 «
2553 2972 2773 3041 species
2795 2972 2918 3042 agri
2943 2986 3172 3026 mecum
3195 2976 3313 3037 est;
3342 2994 3368 3019 ››
3393 2971 3572 3026 virtus
3595 2977 3804 3026 sancte
3828 2974 4020 3029 Eccle-

2378 3060 2494 3114 siaz.
2530 3058 2800 3114 Volatilia
2849 3059 2974 3114 coeli
3031 3076 3156 3131 quae
3211 3059 3353 3113 mihi
3403 3060 3596 3124 offers,
3649 3066 3905 3116 turtures
3960 3068 4020 3118 et

2377 3147 2701 3218 columbas,
2733 3164 2838 3220 ego
2868 3147 2974 3202 tibi
3006 3148 3163 3215 dedi,
3195 3153 3251 3203 et
3281 3147 3478 3202 omnia
3507 3153 3826 3220 antequam
3849 3151 4015 3220 ﬁant,

2377 3238 2530 3308 apud
2565 3241 2743 3292 Deum
2788 3238 2988 3293 vivunt
3020 3253 3033 3290 :
3084 3241 3140 3292 et
3179 3236 3337 3307 quali
3371 3237 3494 3292 loco
3525 3244 3737 3305 essent,
3772 3243 3827 3292 et
3855 3239 4016 3309 quali

2377 3330 2638 3397 tempore
2682 3327 2966 3391 venerint,
2999 3331 3054 3381 et
3107 3327 3165 3380 in
3217 3326 3490 3397 pondere,
3524 3330 3580 3380 et
3630 3327 3688 3380 in
3739 3344 4018 3383 mensura

2373 3415 2572 3470 omnia
2612 3417 2767 3486 apud
2810 3415 2994 3469 Deum
3025 3419 3184 3482 sunt,
3218 3419 3281 3468 ut
3313 3415 3391 3468 ait
3421 3415 3476 3468 in
3511 3415 3839 3486 Evangelio.
3873 3421 4016 3472 Nam

2372 3514 2423 3559 et
2452 3506 2643 3576 capilli
2689 3505 2886 3575 capitis
2932 3507 3096 3559 vestri
3141 3521 3323 3559 omnes
3371 3506 3643 3559 numerati
3687 3514 3813 3559 sunt
3855 3506 4009 3575 (Luc.

2371 3611 2468 3662 xu,
2518 3596 2572 3656 6,
2622 3595 2698 3665 7).
2733 3593 2854 3662 Vel,
2914 3617 2942 3643 «
2973 3592 3229 3648 volatilia
3276 3593 3426 3655 coeli,
3461 3615 3488 3641 »
3551 3593 3736 3647 sancti
3795 3594 4006 3665 angeli.

2444 3724 2471 3751 ‹‹
2508 3701 2567 3756 Si
2599 3701 2876 3769 esuriero,
2907 3717 3020 3755 non
3054 3700 3243 3755 dicam
3277 3699 3405 3754 tibi.
3439 3721 3466 3748 »
3509 3699 3740 3754 Esurire
3770 3699 3867 3754 Dei
3897 3705 4006 3769 est,

2373 3807 2487 3845 non
2540 3790 2600 3844 in
2649 3790 2798 3845 escis
2848 3789 3346 3860 corruptibilibus,
3390 3789 3487 3842 sed
3544 3793 3608 3841 ut
3656 3789 3826 3842 faciat
3873 3791 4008 3859 quis

2368 3878 2722 3934 voluntatem
2754 3879 2915 3948 ejus;
2951 3878 3104 3933 sicut
3129 3877 3252 3948 ipse
3284 3879 3360 3932 ait
3392 3877 3450 3931 in
3483 3876 3788 3948 Evangelio
3819 3895 3831 3932 :
3865 3879 4006 3932 Meus

2368 3969 2522 4023 cibus
2571 3975 2670 4028 est.
2703 3970 2762 4021 ut
2810 3969 3014 4037 faciam
3059 3967 3388 4021 voluntate»:
3441 3967 3621 4020 Patris
3667 3967 3780 4020 mei
3826 3967 4000 4036 (Joan.

2369 4075 2444 4124 1v,
2477 4058 2586 4128 34).
2620 4057 2767 4127 Ergo
2821 4059 2973 4111 tacet
3019 4055 3283 4111 Christus
3334 4071 3499 4110 suam
3549 4055 3820 4120 esuriem,
3866 4055 4004 4126 quia

2367 4149 2658 4218 exspectat
2688 4150 3019 4216 peccatores
3068 4145 3139 4200 ad
3193 4144 3638 4215 pmnitentiam.-
3665 4167 3692 4192 ‹‹
3727 4148 3883 4199 Meus
3913 4148 4004 4198 est

2365 4235 2520 4290 enim
2553 4235 2710 4290 orbis
2740 4239 2923 4302 terra,
2957 4238 3012 4289 et
3041 4233 3340 4305 plenitudo
3373 4234 3518 4303 ejus.
3555 4255 3581 4282 ››
3623 4233 3800 4287 Totus
3833 4249 3999 4287 mun-

2365 4325 2496 4379 dus.
2529 4324 2651 4393 Vel,
2704 4347 2731 4373 ‹‹
2767 4323 2925 4379 orbis
2973 4328 3159 4390 terra),
3195 4345 3222 4372 »
3277 4327 3476 4377 sancta
3526 4320 3798 4376 Ecclesia.
3831 4327 3909 4376 Ac
3950 4321 4002 4375 si

2365 4414 2599 4480 diceret,
2633 4429 2738 4468 suo
2769 4429 2896 4468 eam
2930 4429 3057 4468 esse
3088 4411 3372 4482 sanguine
3411 4411 3785 4482 redemptam.

2442 4539 2463 4567 α
2495 4518 2793 4589 Numquid
2845 4517 3211 4574 manducabo
3267 4533 3470 4571 carnes
3528 4520 3841 4583 taurorum,
3897 4519 4003 4568 aut

2364 4608 2711 4679 sanguinem
2743 4607 3040 4662 hircorum
3073 4607 3281 4678 potabo
3303 4606 3330 4658 ?
3363 4628 3387 4653 ››
3439 4605 3640 4659 Vetera
3687 4604 3779 4659 hic
3823 4603 3998 4658 sacri-

2364 4697 2493 4752 ficia
2525 4698 2858 4752 cvacuanda
2885 4712 3014 4751 esse
3043 4695 3301 4750 declarat
3328 4711 3339 4747 :
3377 4695 3620 4765 ideoque
3651 4694 3708 4747 in
3742 4692 3998 4748 moribus

2362 4786 2532 4841 bonis
2565 4785 2918 4841 sacriﬁcium
2950 4783 3212 4856 requirit,
3248 4784 3467 4839 dicens.

2434 4914 2463 4942 ‹‹
2495 4891 2743 4947 Immola
2789 4898 2901 4946 Deo
2951 4890 3302 4946 sacriﬁcium
3353 4889 3566 4955 laudis,
3597 4894 3653 4944 et
3698 4890 3869 4944 redde
3898 4889 3995 4943 Al-

2362 4981 2591 5036 tissimo
2620 4986 2753 5036 vota
2777 4986 2897 5035 tua.
2922 5003 2948 5030 »
2986 4982 3100 5036 Hoc
3120 4985 3208 5035 est
3232 4979 3581 5034 sacrificium
3611 4978 3957 5050 acceptabile
3987 4994 4003 5034 :

2361 5071 2470 5124 hoc
2499 5075 2589 5126 est
2619 5069 3025 5126 holocaustum
3060 5069 3274 5141 pingue
3309 5087 3320 5124 :
3353 5073 3415 5122 ut
3448 5067 3718 5122 laudetur
3748 5067 3899 5123 Deus
3927 5067 3998 5121 ab

2363 5159 2598 5216 homine
2624 5176 2798 5231 quem
2830 5159 3061 5222 creavit,
3094 5174 3267 5228 quem
3316 5157 3602 5212 redemit:
3658 5155 3759 5227 qui
3806 5160 3861 5211 et
3910 5172 3997 5210 re-

2361 5266 2542 5321 gnum
2566 5249 2796 5304 cmleste
2821 5246 3129 5320 promittit.
3157 5246 3256 5301 Vel
3285 5264 3390 5301 vox
3412 5246 3703 5317 propheta:
3731 5246 4003 5300 admonet

2361 5343 2614 5406 sanctos,
2649 5337 2952 5392 immolare
3005 5335 3411 5406 spiritualiter,
3456 5342 3513 5390 et
3559 5341 3692 5389 vota
3739 5334 3999 5402 reddere,

2361 5431 2424 5480 ut
2455 5426 2536 5481 ait
2572 5444 2586 5481 :
2633 5428 2695 5480 In
2741 5442 2828 5481 me
2871 5427 3021 5487 sunt,
3065 5429 3227 5490 Deus,
3276 5434 3394 5480 vota
3428 5432 3526 5478 tua
3557 5441 3575 5475 :
3624 5440 3744 5494 qua:
3773 5423 4001 5478 reddam

2361 5517 2705 5571 laudationes
2735 5516 2842 5570 tibi
2873 5515 3038 5585 (Psal.
3075 5533 3160 5583 Lv,
3198 5517 3307 5582 13).

2429 5628 2456 5654 ‹‹
2492 5605 2699 5660 Invoca
2757 5619 2849 5658 me
2907 5603 2965 5658 in
3025 5603 3116 5658 die
3173 5604 3566 5659 tribulationis
3626 5607 3758 5669 tum,
3801 5625 3829 5653 »
3887 5607 3996 5658 etc.

2359 5695 2700 5764 Tentamur,
2741 5697 2806 5748 ut
2852 5693 3215 5764 probemur:
3269 5708 3703 5765 perseveremus
3753 5692 3809 5745 in
3863 5692 3996 5760 fide,
