4314 6588
341 455 495 514 1029

1511 444 2005 510 BREVIARIUM
2054 445 2129 502 ΙΝ
2177 442 2560 503 PSALMOS.

3590 441 3614 498 1
3627 440 3750 501 030

339 583 754 639 invocemusin
784 579 1187 636 tribulatione:
1219 578 1668 650 magniﬁcemus
1690 595 1824 634 eum
1856 593 1990 631 cum
2023 576 2077 641 Α
2182 573 2488 645 Intelligite
2539 588 2692 626 nunc
2741 571 2862 624 haec
2913 570 3012 641 qui
3045 567 3452 623 obliviscimini
3488 575 3684 628 Deum.
3725 595 3752 621 ››

339 681 627 736 fuerimus
650 698 683 734 a
713 678 990 751 periculis
1021 677 1278 731 liberati.

423 793 442 817 ι
489 767 780 824 Peccatori
810 771 1002 822 eutem
1033 765 1178 820 dixit
1205 767 1361 821 Deus
1388 782 1399 820 :
1454 781 1634 836 quare
1665 769 1729 819 tu
1762 780 2002 823 enarras

328 859 600 928 justitias
645 873 824 922 meas,
859 860 915 910 et
943 855 1198 911 assumis
1220 859 1639 910 testamentum
1674 869 1869 908 meum
1903 869 2004 924 per

340 963 404 1001 os
450 945 722 1000 tuum?»
783 945 1040 1000 Audiant
1094 943 1216 998 haec
1277 943 1544 999 doctores
1600 941 1688 998 vel
1749 942 2004 1015 episcopi

339 1033 758 1090 Ecclesiarum:
784 1033 884 1104 qui
916 1036 1153 1104 peccata
1185 1031 1542 1103 populorum
1575 1035 1839 1086 resecant
1862 1047 2002 1100 prae-

341 1122 607 1177 dicando.
637 1121 796 1176 Unde
818 1127 1058 1176 sanctus
1088 1119 1305 1175 Paulus
1336 1119 1519 1174 dicit:
1544 1118 1837 1173 Manifesti
1865 1128 2006 1176 sunt

341 1211 442 1282 qui
493 1214 842 1282 prazceptum
875 1207 1087 1263 Christi
1125 1225 1239 1262 non
1295 1207 1722 1263 sustinuerunt.
1781 1208 1825 1277 (ι
1870 1207 2002 1282 Tim.

341 1317 396 1366 v,
428 1299 540 1370 25),
576 1299 634 1352 id
683 1303 788 1367 est,
841 1313 956 1351 non
988 1296 1238 1368 implent
1276 1295 1336 1350 in
1385 1312 1557 1367 opere
1590 1295 1745 1366 quod
1797 1293 2006 1364 praedi-

344 1392 498 1441 cant.
534 1386 696 1441 Unde
729 1387 1008 1440 Dominus
1040 1385 1187 1439 dixit
1218 1383 1499 1454 apostolis
1528 1400 1540 1438 :
1578 1385 1710 1451 Quae
1739 1384 2009 1438 dixerunt

344 1476 492 1530 vobis
547 1477 749 1546 facite:
805 1475 1104 1528 secundum
1160 1490 1324 1544 opera
1380 1489 1504 1528 vero
1563 1474 1787 1528 illorum
1837 1472 2010 1526 nolite

344 1565 530 1635 facere
560 1564 766 1635 (Matth.
800 1581 963 1630 χχιιι,
997 1563 1074 1633 2).

421 1674 449 1703 ‹‹
488 1658 571 1707 Tu
621 1668 756 1706 vero
807 1650 984 1706 odisti
1034 1649 1429 1722 disciplinam,
1465 1653 1523 1705 et
1553 1648 1854 1720 projecisti
1886 1665 2008 1703 ser-

347 1758 550 1796 mones
609 1756 770 1794 meos
826 1743 1178 1793 retrorsum.
1241 1761 1270 1787 »
1328 1741 1462 1802 Quae
1523 1737 1886 1808 przedicabas
1949 1735 2005 1788 in

344 1829 625 1896 Ecclesia,
654 1845 768 1882 non
801 1827 1178 1882 custodiebas
1207 1827 1267 1880 in
1306 1827 1445 1881 vita.

421 1939 448 1968 «
493 1917 553 1972 Si
583 1917 820 1972 videbas
873 1916 1084 1983 furem,
1137 1916 1413 1970 currebas
1461 1931 1596 1969 cum
1645 1930 1733 1984 eo,
1787 1917 2005 1968 etcum

349 2006 635 2063 adulteris
684 2005 1010 2076 portionem
1059 2008 1222 2059 tuam
1280 2004 1555 2075 ponebas.
1602 2024 1622 2051 η
1682 2001 2008 2086 Cucurristi

351 2113 484 2152 cum
520 2096 664 2163 fure,
694 2093 1077 2166 participatus
1109 2110 1171 2148 es
1216 2092 1500 2160 adultero,
1535 2091 1769 2162 quando
1801 2090 1885 2144 eis
1917 2104 2005 2158 vel

350 2186 409 2240 in
441 2183 782 2240 adulatoriis
837 2182 1135 2247 laudibus,
1170 2182 1257 2236 vel
1308 2181 1367 2236 in
1401 2180 1812 2236 consentaneis
1842 2179 2004 2234 volu-

353 2273 612 2345 ptatibus
639 2288 700 2326 es
726 2271 1058 2341 adjunctus.
1095 2271 1256 2333 Quod
1290 2271 1432 2324 dixit
1464 2269 1754 2340 superius,
1788 2269 2005 2340 portio-

353 2379 486 2417 nem
519 2366 680 2415 tuam
712 2361 988 2431 ponebas,
1042 2360 1098 2414 id
1150 2364 1258 2426 est,
1293 2359 1619 2430 portionem
1661 2375 1838 2430 quam
1869 2375 2003 2412 cum

353 2451 468 2505 Deo
498 2455 555 2504 et
596 2448 817 2520 angelis
868 2448 1080 2503 habere
1133 2448 1451 2513 debueras,
1503 2465 1684 2519 ponas
1734 2445 1894 2502 illam
1944 2447 2000 2500 in

357 2539 604 2593 inferno.

427 2650 454 2676 «
495 2631 571 2681 Os
600 2631 768 2681 tuum
799 2625 1116 2681 abundavit
1148 2624 1392 2694 malitia,
1424 2629 1478 2680 et
1508 2623 1711 2697 lingua
1736 2629 1840 2678 tua
1863 2640 2000 2679 con-

356 2715 635 2770 cinnabas
667 2713 851 2769 dolos.
886 2736 913 2763 >~
948 2713 1050 2769 Illo
1082 2713 1232 2768 male
1261 2718 1467 2785 agente
1493 2732 1505 2780 ;
1547 2719 1610 2768 tu
1642 2711 1909 2784 nequiter
1940 2728 2003 2765 ac

357 2805 556 2858 dolose
603 2803 748 2858 bene
786 2819 956 2874 agere
986 2802 1377 2857 collaudabas.
1423 2801 1546 2871 Vel,
1594 2801 1857 2872 «lingua
1904 2805 2006 2854 tua

356 2891 742 2946 concinnabat
771 2890 1026 2960 dolum,»
1053 2891 1110 2944 id
1134 2897 1240 2957 est,
1261 2891 1444 2945 Judas
1464 2894 1667 2944 contra
1685 2888 2000 2944 Christum.

357 2978 433 3034 Os
480 2995 653 3035 suum
704 2979 1023 3034 abundavit
1074 2978 1356 3050 nequitia,
1409 2978 1643 3050 quando
1694 2977 2001 3033 consilium

361 3068 498 3123 fecit
526 3085 659 3122 cum
688 3067 928 3134 Judaeis,
960 3072 1026 3122 ut
1054 3083 1188 3122 eum
1221 3066 1646 3138 crucifigerent.

438 3176 465 3207 (ι
503 3156 722 3210 Sedens
753 3155 1064 3210 adversum
1096 3155 1331 3209 fratrem
1366 3158 1534 3208 tuum
1563 3153 1918 3224 loquebaris,
1951 3156 2008 3206 et

362 3244 640 3298 adversus
674 3242 861 3296 ﬁlium
890 3242 1096 3298 matris
1128 3246 1238 3296 tua;
1278 3243 1535 3313 ponebas
1575 3240 1938 3296 scandalum.
1974 3262 2003 3288 »

2075 686 2086 696 -
2111 667 2233 716 Vox
2254 661 2543 732 prophetae
2561 661 2833 715 admonet
2849 662 3420 728 unumquemque.ut
3440 675 3552 712 non
3575 665 3755 729 ponat

2111 750 2425 806 Dominum
2485 748 2546 803 in
2613 748 2924 813 oblivione,
2985 763 3088 801 nec
3145 763 3253 801 sua
3310 747 3616 801 mandata.
3674 748 3758 803 Ne

2112 838 2346 909 quando
2405 837 2608 908 rapiat,
2673 842 2730 891 et
2791 853 2905 890 non
2965 835 3043 889 sit
3099 834 3198 905 qui
3258 835 3484 905 eripiat.
3533 859 3560 884 η
3615 859 3642 884 ‹‹
3676 837 3758 892 Ne

2114 927 2347 998 quando
2380 925 2588 997 rapiat,
2624 948 2650 975 »
2695 925 2766 979 ad
2801 928 3045 979 mortem
3078 921 3167 978 vel
3199 923 3268 977 ad
3319 923 3472 977 diem
3499 924 3707 993 judicii
3742 941 3755 979 :

2115 1016 2304 1070 unde:
2362 1016 2426 1068 Et
2475 1030 2585 1069 non
2640 1017 2719 1068 est
2774 1015 2873 1083 qui
2918 1011 2982 1067 de
3008 1027 3178 1066 manu
3223 1015 3316 1066 tua
3361 1014 3529 1082 possit
3570 1030 3762 1070 eruere

2115 1103 2250 1171 (Job.
2308 1121 2362 1171 x,
2421 1105 2498 1170 7).
2558 1101 2714 1156 Velle
2772 1100 3077 1172 rapitille;
3113 1100 3222 1155 hoc
3251 1089 3360 1171 est,
3419 1099 3478 1155 in
3511 1106 3759 1158 mortem

2115 1192 2437 1264 praecipitat
2519 1191 2922 1247 obliviscentes
3011 1207 3092 1261 se,
3151 1195 3207 1244 et
3292 1203 3490 1246 nemo'
3540 1192 3760 1266 eripere

2117 1285 2327 1351 potest.

2193 1391 2214 1418 ι
2249 1368 2610 1424 Sacriﬁcium
2641 1369 2834 1424 laudis
2863 1367 3270 1423 honoriﬁcabit
3300 1384 3412 1424 me.
3445 1391 3474 1419 »
3515 1370 3662 1433 Quia
3691 1372 3761 1428 de

2117 1457 2276 1512 omni
2309 1457 2460 1512 bono
2509 1457 2663 1527 quod
2696 1456 2880 1510 sancti
2934 1455 3176 1520 faciunt,
3208 1456 3361 1511 Deus
3417 1457 3756 1515 honoratur.

2118 1545 2279 1600 Unde
2325 1545 2470 1599 dixit
2518 1544 2767 1600 Paulus:
2833 1546 3027 1599 Omnia
3084 1560 3420 1616 quazcunque
3469 1550 3654 1616 facitis
3701 1550 3760 1603 in

2117 1635 2278 1689 verba
2333 1641 2428 1688 aut
2481 1635 2539 1688 in
2596 1649 2787 1702 opere:
2819 1634 3008 1688 omnia
3046 1635 3103 1687 in
3157 1634 3390 1703 gloriam
3449 1637 3550 1690 Dei
3595 1639 3760 1706 facite

2117 1724 2182 1796 (1.
2231 1724 2350 1778 Cor.
2404 1742 2457 1790 Χ,
2523 1723 2635 1792 31),
2694 1726 2760 1776 ut
2813 1727 2869 1776 et
2923 1723 2981 1776 in
3044 1722 3389 1795 Evangelio;
3428 1725 3489 1780 Ut
3542 1725 3764 1782 videant

2116 1821 2295 1868 vestra
2350 1827 2515 1882 opera
2566 1811 2722 1876 bona,
2757 1820 2808 1865 et
2865 1811 3174 1882 gloriﬁcent
3226 1811 3445 1866 Patrem
3498 1822 3758 1881 vestrum,

2117 1903 2214 1973 qui
2242 1904 2320 1955 est
2349 1903 2405 1954 in
2461 1901 2606 1954 caelis
2636 1899 2838 1970 (Matth.
2886 1901 2939 1967 5,
2977 1900 3084 1969 16).
3117 1899 3206 1953 Ab
3261 1899 3369 1954 hoc
3429 1917 3520 1955 me
3576 1901 3758 1957 bono-

2117 1995 2206 2046 rat
2238 1989 2333 2046 ille
2362 2006 2556 2044 coram
2587 1987 2840 2059 angelis:
2873 1987 3012 2058 quia
3052 2005 3156 2060 ego
3202 2004 3336 2043 eum
3385 1988 3758 2046 honorificavi

2117 2094 2313 2134 coram
2370 2075 2708 2132 hominibus
2764 2075 2824 2130 in
2893 2075 3194 2131 sacrificiis
3262 2075 3484 2145 laudis;
3551 2078 3758 2151 imple-

2115 2167 2312 2238 vitque
2361 2166 2514 2236 quod
2564 2165 2624 2218 in
2689 2163 3015 2235 Evangeliis
3046 2167 3135 2219 est
3194 2163 3424 2220 locutus
3477 2168 3632 2234 :Qui
3663 2185 3754 2224 me

2114 2258 2387 2324 confessus
2415 2255 2585 2325 fuerit
2613 2269 2795 2309 coram
2824 2253 3154 2323 hominibus,
3186 2269 3278 2324 ego
3306 2270 3431 2309 eum
3467 2256 3763 2324 conﬁtebor

2113 2361 2297 2399 coram
2325 2348 2491 2398 Patre
2521 2359 2636 2397 meo
2662 2351 2715 2396 et
2737 2343 2956 2414 angelis
2986 2343 3103 2413 ejus
3133 2343 3354 2410 (Matth.
3388 2361 3444 2414 x,
3484 2345 3596 2416 32).
3630 2367 3657 2395 «
3691 2345 3761 2400 Et

2114 2432 2231 2487 illic
2261 2431 2370 2486 iter
2408 2436 2514 2487 est.
2551 2453 2579 2480 »
2619 2430 2835 2485 Christi
2880 2430 2992 2484 iter
3049 2447 3147 2500 per
3190 2447 3365 2502 opera
3420 2438 3756 2490 sanctorum

2113 2525 2218 2576 est.
2248 2541 2276 2569 »
2312 2525 2371 2573 In
2403 2536 2518 2590 quo
2549 2519 2850 2574 ostendam
2879 2518 2963 2572 illi
2982 2519 3236 2575 salutare
3265 2519 3386 2575 Dei.
3414 2543 3442 2568 »
3473 2521 3758 2579 Salutaris

2113 2609 2213 2663 Dei
2242 2608 2445 2678 Patris,
2467 2606 2649 2662 Filius
2671 2612 2776 2662 est.
2803 2608 2863 2661 In
2888 2605 2996 2661 hoc
3021 2607 3303 2662 sacrificio
3350 2608 3566 2664 indicat
3581 2611 3754 2667 viam.

2113 2713 2239 2768 qua}
2273 2697 2433 2751 ducit
2463 2696 2532 2750 ad
2564 2695 2763 2759 vitam,
2794 2695 2873 2761 id,
2909 2699 3014 2760 est,
3048 2695 3118 2748 ad
3152 2695 3469 2752 Christum.
3503 2698 3609 2761 Qui
3653 2717 3756 2754 no-

2112 2785 2203 2840 bis
2235 2789 2507 2856 praestare
2536 2783 2828 2856 dignetur,
2860 2787 2925 2837 ut
2967 2783 3201 2838 discreti
3236 2801 3269 2838 a
3296 2783 3499 2854 paleis,
3531 2785 3758 2858 impleti

2113 2874 2304 2928 fructu
2360 2871 2842 2928 sanctificationis
2916 2871 3231 2926 offeramus
3289 2873 3339 2927 ei
3403 2874 3754 2931 sacrificium

2112 2961 2326 3029 laudis,
2381 2965 2446 3016 ut
2490 2961 2616 3032 ipso
2647 2959 3036 3027 illuminante,
3072 2959 3395 3033 intelligere
3429 2979 3756 3019 mereamur

2112 3051 2264 3106 viam
2301 3055 2508 3106 nostra;
2539 3048 2771 3105 salutis.
2804 3050 3009 3104 Amen.

2705 3235 3028 3291 PSALMUS
3061 3233 3124 3290 L.

366 3331 547 3422 Pilius
577 3328 1371 3422 diciturChristusz‘quia‘de
1387 3328 2004 3422 synagogaprocessit.
2039 3314 2081 3380 C
2119 3357 2185 3407 1η
2213 3353 2398 3422 ﬁnem,
2433 3348 2692 3405 psalmus
2722 3348 2925 3414 David,
2955 3365 3078 3402 cum
3110 3349 3257 3403 venit
3283 3349 3354 3403 ad
3381 3366 3506 3404 eum
3536 3349 3757 3404 Ναηιαη

365 3417 465 3473 Vel
497 3418 681 3472 Judas
710 3418 886 3472 frater
915 3416 1142 3471 Domini
1193 3416 1425 3485 dicitur,
1461 3422 1524 3470 ut
1572 3417 1652 3470 ait
1682 3415 2000 3486 Propheta:

360 3507 609 3562 Narrabo
639 3522 836 3560 nomen
865 3509 1021 3559 tuum
1049 3505 1326 3575 fratribus
1357 3507 1492 3559 meis
1536 3504 1705 3576 (Psal.
1738 3521 1852 3569 xxx,
1883 3505 2000 3572 23).

355 3595 456 3650 Vel
506 3595 706 3650 aliter:
763 3595 1008 3658 Fratres,
1059 3595 1325 3649 fortiores
1358 3593 1582 3649 sancti:
1617 3593 1742 3663 ﬁlii,
1776 3591 2002 3663 simpli-

355 3684 559 3739 ciores.
613 3683 774 3737 Unde
832 3687 1072 3738 sanctus
1125 3681 1341 3737 Paulus
1397 3681 1579 3736 dixit:
1639 3681 1743 3736 Nos
1773 3682 1867 3751 qui
1911 3682 2003 3750 ﬁr-

356 3775 557 3827 miores
593 3789 802 3837 sumus,
834 3773 1090 3827 debemus
1140 3773 1467 3842 inﬁrmiores
1493 3773 1692 3841 fratres
1736 3772 2003 3846 sustinere

349 3863 520 3932 (Rom.
554 3879 643 3929 xv,
679 3862 749 3930 1).
775 3862 994 3916 Sedens
1025 3863 1302 3916 adversus
1333 3861 1568 3916 fratrem
1601 3865 1768 3914 tuum
1800 3859 1997 3931 loque-

350 3950 530 4018 baris,
566 3972 594 3998 »
645 3950 745 4021 qui
804 3951 909 4004 tibi
968 3949 1027 4004 in
1088 3951 1383 4022 baptismo
1439 3955 1528 4005 est
1580 3953 1838 4005 renatus.
1880 3969 1901 3996 α
1935 3950 2002 4003 Et

357 4040 634 4094 adversus
667 4038 853 4093 filium
887 4039 1092 4094 matris
1134 4044 1246 4094 tuae
1285 4040 1542 4110 ponebas
1574 4038 1936 4108 scandalum,
1971 4059 1998 4087 »

361 4144 536 4199 quem
569 4127 823 4182 Ecclesia
842 4127 942 4182 Dei
974 4127 1126 4182 sicut
1145 4128 1398 4198 teipsum
1417 4145 1519 4199 per
1544 4129 1719 4184 ﬁdem
1741 4127 2002 4183 exhibuit

351 4216 598 4271 Christo.
638 4239 657 4262 α
695 4219 824 4268 Haec
856 4214 1062 4282 fecisti,
1097 4219 1153 4269 et
1209 4216 1387 4270 tacui.
1422 4238 1450 4265 »
1483 4215 1628 4279 Quia
1669 4215 2000 4271 examinan—

357 4304 432 4357 da
463 4319 530 4357 ea
560 4302 619 4356 in
644 4301 1079 4371 futurojudicio
1111 4302 1420 4358 reservavi.
1442 4325 1470 4351 «
1504 4303 1573 4356 Et
1592 4302 1744 4358 tacui
1768 4321 1782 4370 ;
1808 4324 1836 4353 π
1862 4303 2001 4373 quia

356 4408 475 4447 non
507 4389 704 4445 statim
735 4389 1046 4459 vindicavi,
1079 4391 1179 4446 sed
1203 4391 1481 4446 sustinui.

433 4503 454 4527 ι
499 4479 881 4546 Existimasti,
934 4478 1152 4549 inique,
1213 4479 1365 4548 quod
1418 4496 1514 4534 ero
1570 4479 1655 4534 tui
1702 4477 1997 4534 similis.»

354 4568 505 4623 Dum
564 4583 678 4623 non
735 4567 964 4622 vindico
1024 4567 1084 4621 in
1139 4567 1795 4639 praesenti:arbitratus
1841 4585 1904 4623 es
1933 4585 2000 4623 ea

2182 3419 2478 3492 propheta:
2510 3420 2732 3492 quando
2760 3421 2994 3474 intravit
3023 3419 3098 3472 ad
3129 3421 3398 3492 Betsabee.
3433 3421 3546 3474 Iste
3563 3436 3754 3492 quin-

2185 3490 2564 3564 quagesimus
2613 3490 2876 3564 psalmus
2906 3505 3104 3564 vocem
3137 3490 3399 3564 continet
3423 3490 3758 3564 paenitentis

2184 3561 2467 3636 personae.
2496 3562 2828 3636 ostendens,
2863 3565 2927 3615 ut
2955 3561 3053 3636 qui
3076 3561 3358 3636 ceciderit
3386 3561 3446 3615 in
3491 3561 3754 3630 crimine,

2184 3580 2461 3636 personae.
2496 3577 2828 3628 ostendens,
2863 3577 2927 3615 ut
2955 3577 3053 3686 qui
3087 3577 3358 3616 ceciderit
3386 3578 3446 3615 in
3491 3584 3495 3610 t

2183 3635 2511 3690 confitendo
2547 3632 2700 3688 mala
2731 3649 2858 3699 sua,
2894 3649 2953 3686 re
2999 3635 3091 3686 eat
3119 3633 3188 3687 ad
3225 3631 3495 3688 salutem.

2183 3801 2211 3828 «
2245 3778 2515 3833 Miserere
2545 3775 2678 3842 mei,
2714 3775 2890 3844 Deus,
2921 3774 3244 3830 secundum
3278 3791 3552 3846 magnam
3583 3774 3761 3832 mise-

2111 3867 2418 3922 ricordiam
2450 3870 2632 3920 tuam.
2654 3883 2680 3915 π
2711 3864 3040 3924 Conﬁtebor
3069 3863 3422 3919 immensam
3456 3862 3755 3918 miseriam

2110 3955 2238 4012 ideo
2290 3959 2422 4026 peto
2481 3969 2757 4025 magnam
2817 3951 3300 4007 misericordiam.
3335 3951 3480 4014 Quia
3539 3950 3638 4020 qui
3698 3967 3760 4006 se

2111 4045 2391 4100 miserum
2414 4046 2580 4114 putat
2605 4057 2732 4096 esse
2761 4041 2830 4094 de
2861 4041 2984 4095 suis
3016 4040 3290 4111 peccatis,
3323 4055 3458 4093 cum
3489 4037 3590 4092 illo
3612 4038 3761 4094 facit

2112 4138 2260 4187 Deus
2292 4129 2756 4186 misericordiam
2789 4143 3083 4197 magnam.
3117 4128 3262 4190 Quia
3291 4126 3484 4182 minor
3531 4126 3760 4181 miseri-

2109 4221 2307 4275 cordia
2338 4223 2428 4274 est
2455 4217 2549 4272 hic
2580 4216 2639 4270 in
2673 4215 2966 4287 praesenti,
2989 4215 3096 4270 hoc
3130 4219 3238 4280 est,
3271 4215 3409 4286 quia
3430 4214 3604 4270 homo
3626 4231 3760 4270 cum

2108 4326 2223 4364 non
2254 4311 2426 4378 esset,
2459 4323 2526 4361 ex
2558 4304 2739 4360 nihilo
2766 4303 2984 4359 creavit
3013 4302 3181 4358 illum
3213 4303 3364 4358 Deus
3398 4307 3462 4358 ut
3492 4307 3667 4368 esset,
3703 4305 3762 4358 et

2109 4399 2275 4470 regit,
2339 4401 2396 4452 et
2451 4396 2759 4467 gubernat.
2822 4393 3008 4464 Major
3038 4391 3441 4448 misericordia
3497 4391 3758 4446 dicitur:

2109 4487 2342 4559 quando
2375 4486 2567 4556 ipsum
2618 4481 2914 4538 hominem
2963 4497 3136 4553 quem
3196 4481 3426 4546 creavit,
3461 4481 3522 4534 in
3555 4479 3754 4535 futuro

2108 4578 2462 4630 remunerat.
2503 4593 2524 4620 ι
2551 4573 2617 4626 Et
2647 4571 2972 4625 secundum
3031 4569 3471 4626 multitudinem
3511 4569 3760 4624 misera-

357 4657 500 4712 mibi
535 4656 782 4727 placere,
816 4655 969 4711 sicut
989 4656 1093 4710 tibi
1125 4656 1354 4728 placent
1372 4661 1474 4711 tua
1495 4656 1651 4712 mala
1670 4661 1728 4712 et
1749 4655 1992 4712 aliorum
2029 4680 2072 4742 D
2107 4665 2332 4720 tionum
2391 4667 2650 4724 tuarum,
2701 4665 2808 4714 etc.
2866 4659 3148 4731 Confugio
3208 4659 3279 4713 ad
3353 4657 3757 4714 miserationes

360 4768 380 4791 ε
415 4746 671 4815 Arguam
703 4749 774 4800 te.
813 4767 840 4793 ››
871 4744 1014 4800 Cum
1057 4744 1115 4799 in
1149 4745 1386 4801 sinistra
1418 4751 1581 4817 parte
1629 4746 1784 4802 sedis
1818 4746 1996 4802 fueris

361 4832 700 4900 collocatus,
760 4833 819 4887 in
880 4834 1076 4889 futuro
1128 4835 1372 4906 judicio.
1439 4858 1459 4884 α
1496 4837 1564 4889 Et
1611 4839 1865 4891 statuam
1905 4835 2005 4890 illa

357 4927 557 4978 contra
603 4922 807 4977 faciem
859 4927 1040 4978 tuam.
1081 4947 1100 4973 η
1156 4924 1227 4979 Ut
1258 4924 1350 4978 bis
1398 4926 1676 4980 confusus
1707 4925 2004 4979 damneris

359 5011 416 5066 in
450 5015 632 5066 morte
663 5016 960 5082 perpetua.
996 5012 1103 5069 hoc
1135 5018 1244 5080 est,
1279 5031 1380 5085 per
1412 5013 1512 5068 illa
1559 5015 1836 5069 mandata
1877 5030 2002 5085 quze

360 5118 475 5156 non
520 5099 862 5155 custodisti:
914 5101 999 5157 vel
1045 5107 1149 5158 tua
1199 5107 1458 5174 peccata,
1489 5108 1545 5157 et
1574 5102 1845 5169 aliorum,
1878 5119 2002 5172 quae

360 5195 492 5262 post
520 5193 576 5245 te
608 5189 912 5260 reliquisti,
955 5196 1020 5246 ut
1063 5192 1240 5247 illud:
1276 5193 1428 5264 Quia
1464 5193 1514 5246 si
1551 5207 1660 5245 non
1707 5193 2005 5246 annuntia-

360 5281 500 5335 veris
545 5278 733 5350 iniquo
782 5280 1127 5350 iniquitatem
1173 5297 1362 5348 suam,
1404 5280 1732 5350 sanguinem
1767 5281 1881 5350 ejus
1937 5279 2003 5334 de

360 5385 525 5422 mana
555 5376 650 5422 tua
691 5369 970 5438 requiram
999 5370 1210 5438 (Ezech.
1255 5388 1338 5436 ιιι,
1370 5371 1475 5440 18).
1509 5367 1742 5423 Utinam
1788 5384 1894 5422 nos
1943 5369 2000 5423 in

359 5458 468 5512 hoc
527 5456 736 5511 saeculo
786 5474 1139 5529 poneremus
1187 5464 1319 5514 ante
1361 5477 1465 5513 nos
1497 5463 1732 5529 peccata
1762 5462 1998 5515 nostra:

357 5551 414 5601 et
466 5563 581 5600 non
615 5546 768 5601 Deus
799 5563 868 5601 ea
919 5548 976 5602 in
1030 5548 1256 5618 judicio
1301 5552 1581 5604 statueret
1633 5551 1764 5602 ante
1795 5548 1999 5603 faciem

358 5641 654 5701 nostram;
701 5636 798 5690 ubi
848 5637 974 5706 jam
1033 5655 1148 5693 non
1201 5637 1525 5711 castigatio,
1583 5637 1684 5692 sed
1707 5637 1997 5707 judicium

361 5724 566 5780 mortis
596 5724 838 5779 accedit.

2104 4757 2257 4818 tuas,
2291 4756 2355 4805 ut
2378 4749 2653 4822 gravibus
2679 4746 3016 4802 vulneribus
3075 4747 3399 4803 theriacum
3466 4747 3761 4803 remissio-

2115 4841 2206 4895 nis
2232 4840 2530 4894 infundas.
2561 4837 2994 4903 Miserationum,
3024 4837 3168 4891 dicit
3197 4855 3209 4891 :
3244 4837 3382 4908 quia
3407 4836 3596 4891 multa
3625 4840 3762 4890 sunt

2113 4932 2346 5002 peccata
2404 4943 2553 4996 mea,
2585 4930 2642 4980 et
2694 4923 3099 4982 miserationes
3148 4930 3260 4980 tum
3319 4925 3537 4982 multis.
3597 4923 3760 4979 Unde

2112 5018 2250 5074 dicit
2276 5016 2562 5088 Propheta
2592 5014 2650 5068 in
2681 5013 2793 5069 alio
2822 5013 2946 5069 loco
2980 5031 2993 5068 :
3031 5015 3402 5070 Miserationes
3431 5019 3542 5070 tuae
3570 5013 3760 5068 multa?

2111 5115 2258 5177 sunt,
2292 5107 2516 5160 Domine
2539 5104 2712 5175 (Psal.
2745 5120 2936 5169 cxvm,
2971 5105 3117 5175 156).

2185 5218 2212 5246 ‹‹
2256 5193 2524 5266 Amplius
2581 5191 2708 5248 lava
2764 5208 2857 5246 me
2904 5193 2976 5246 ab
3035 5193 3340 5264 iniquitate
3401 5207 3550 5257 mea,
3612 5196 3668 5245 et
3725 5208 3759 5246 a

2114 5288 2344 5356 peccato
2376 5299 2504 5338 meo
2535 5281 2757 5336 munda
2789 5297 2899 5336 me.
2935 5303 2963 5329 »
2997 5282 3210 5353 Expeto
3241 5285 3307 5335 ut
3363 5278 3567 5334 abluas
3601 5279 3760 5334 fonte

2114 5372 2523 5428 misericordiae
2558 5387 2570 5426 :
2603 5368 2743 5440 quia
2774 5385 2888 5424 non
2946 5368 3033 5425 vis
3083 5370 3142 5424 in
3200 5373 3477 5424 aeternum
3539 5367 3761 5438 peccati

2111 5462 2351 5517 vulnera
2383 5474 2698 5516 reservare.
2730 5462 2811 5511 Ac
2843 5457 2890 5512 si
2922 5458 3077 5514 dicat
3111 5477 3122 5514 :
3154 5459 3240 5511 Tu
3273 5462 3436 5529 potes
3459 5454 3592 5527 plus
3614 5454 3758 5510 mihi

2112 5551 2396 5615 emittere,
2427 5563 2604 5620 quam
2637 5562 2742 5617 ego
2773 5545 3095 5618 intelligam
3120 5562 3342 5617 rogare.

2184 5663 2212 5690 ‹‹
2257 5638 2542 5704 Quoniam
2601 5634 2952 5705 inquitatem
3011 5651 3141 5690 mea
3195 5651 3302 5708 ego
3361 5650 3667 5706 cognosco.
3727 5657 3754 5683 ››

2111 5733 2259 5786 Ante
2288 5727 2494 5784 faciem
2525 5723 2682 5780 enim
2714 5739 2904 5779 meam
2934 5739 3061 5780 eam
3096 5741 3268 5796 pono.
3301 5725 3360 5780 Si
3391 5728 3454 5780 tu
3499 5740 3758 5796 pronun-
