4314 6616
623 460 771 521 1031

2117 457 2536 518 ΑΡΡΕΝΒΙΧ.

3869 464 4022 521 1032

612 593 719 646 tias
751 589 808 643 in
840 587 1203 645 confessione
1234 593 1334 643 tua
1366 593 1619 660 peccata,
1654 582 1811 644 Deus
1840 586 2101 660 ignoscet
2130 589 2255 645 tibi.
2294 598 2341 658 Α
2374 605 2496 642 sum
2521 596 2601 642 est
2625 597 2903 659 peccatum
2936 596 3094 643 tuum
3124 586 3208 657 (II
3235 586 3359 656 Reg.
3391 604 3492 652 xu,
3536 587 3644 657 13),
3677 588 3829 643 sicut
3861 590 4021 645 Nini-

611 699 638 730 (ι
657 679 728 732 Et
758 681 1060 750 peccatum
1089 695 1284 732 meum
1310 683 1513 732 contra
1532 681 1733 732 contra
1754 695 1845 732 me
1869 684 1955 732 est
1975 695 2260 749 semper.»

607 767 753 832 Quia
775 783 905 822 mea
935 770 1172 837 peccata
1194 784 1227 822 a
1250 771 1361 820 tua:
1395 766 1700 821 bonitatiis
1729 766 1946 821 divitiis
1970 772 2258 838 separant.

605 855 751 919 Quia
783 872 898 910 non
928 855 1094 910 trado
1127 855 1270 909 illud
1320 855 1378 908 in
1411 854 1781 920 oblivionem,
1818 871 2078 927 propono
2112 855 2254 910 illud

604 959 836 1016 semper
883 949 1016 999 ante
1067 943 1266 999 oculos
1299 960 1482 999 meos.
1518 943 1667 1008 Quia
1718 945 1764 997 si
1799 948 1859 998 tu
1913 944 2082 1015 ponis
2113 944 2256 999 illud

602 1038 737 1089 ante
773 1033 846 1098 fe,
874 1033 1032 1088 Deus
1063 1032 1208 1087 illud
1244 1049 1357 1087 non
1390 1033 1558 1104 ponit
1581 1037 1713 1087 ante
1745 1048 1825 1086 se.

671 1146 700 1172 «
741 1122 868 1176 Tibi
918 1122 1025 1177 soli
1058 1122 1312 1193 peccavi,
1362 1125 1417 1175 et
1449 1121 1672 1176 malum
1723 1137 1914 1175 coram
1951 1125 2006 1174 te
2040 1120 2189 1175 fecit.
2223 1143 2251 1170 »

598 1212 726 1267 Tibi
757 1212 911 1267 enim
935 1209 1225 1281 delinquit
1259 1210 1510 1281 quisque
1551 1226 1686 1264 cum
1725 1209 2083 1279 peccaverit:
2119 1209 2254 1279 quia

598 1305 658 1356 tu
710 1299 872 1356 solus
921 1300 1047 1355 sine
1103 1303 1338 1371 peccato
1370 1315 1468 1354 es:
1524 1299 1752 1353 dicente
1804 1297 2118 1369 Apostolo:
2162 1300 2252 1353 Est

597 1391 736 1445 Deus
766 1405 952 1459 verax,
983 1391 1161 1442 omnis
1191 1393 1378 1442 autem
1411 1387 1570 1442 homo
1592 1386 1831 1440 mendax
1861 1387 2035 1456 (Rom.
2070 1404 2153 1456 ιιι,
2177 1389 2247 1457 4).

599 1477 699 1533 Vel
750 1478 892 1532 dicit
938 1477 1153 1532 David:
1206 1477 1324 1547 Ego
1384 1475 1635 1546 peccavi,
1680 1479 1735 1529 et
1786 1482 1846 1528 tu
1907 1474 2066 1530 solus
2125 1476 2250 1530 sine

596 1571 832 1638 peccato
889 1582 973 1632 es,
1007 1565 1159 1620 sicut
1214 1564 1356 1618 dicit
1411 1564 1628 1618 Isaias:
1686 1565 1791 1630 Qui
1815 1572 2097 1634 peccatum
2135 1580 2247 1618 non

591 1656 754 1725 feeit;
785 1671 887 1710 nec
926 1655 1176 1709 inventus
1206 1658 1287 1707 est
1320 1655 1378 1707 in
1407 1669 1498 1707 ore
1529 1656 1650 1722 eius
1680 1652 1836 1706 dolus
1870 1654 1994 1722 (Isa.
2029 1670 2146 1723 Lm,
2169 1654 2245 1720 9).

589 1742 692 1798 Vel
725 1743 869 1798 illud
897 1759 910 1796 :
948 1743 1078 1809 Quis
1109 1745 1309 1811 arguet
1331 1757 1416 1796 me
1447 1741 1510 1794 de
1537 1744 1754 1811 peccato
1779 1741 1952 1810 (Joan.
1980 1757 2101 1808 vm,
2129 1741 2248 1812 46)?

591 1833 662 1886 Et
691 1832 829 1886 item
861 1831 1038 1886 dicit:
1079 1832 1230 1885 Venit
1265 1833 1522 1902 princeps
1548 1829 1746 1884 mundi
1775 1829 1959 1900 hujus,
1990 1833 2041 1885 et
2071 1832 2132 1885 in
2160 1846 2248 1884 me

2372 680 2499 732 vita
2531 678 2787 733 conversi
2825 682 2963 732 sunt
2994 678 3062 730 de
3117 676 3271 731 malo
3308 676 3367 730 in
3417 677 3656 747 bonum,
3691 694 3794 747 per
3827 681 4023 751 praedi-

2372 766 2658 821 cationem
2685 771 2862 821 Jonas.

2442 878 2470 904 ‹‹
2503 857 2787 926 Asperges
2819 870 2931 918 me,
2969 853 3228 918 Domine,
3252 853 3530 924 hyssopo,
3564 857 3620 908 et
3650 856 4014 912 mundabor»

2369 943 2532 998 Sicut
2554 943 2706 997 enim
2734 943 3022 1014 hyssopus
3047 947 3312 996 terrenus
3335 943 3611 997 curandis
3632 942 4014 1014 pulmonibus

2367 1035 2538 1102 aptus
2570 1036 2678 1100 est,
2713 1035 2777 1084 ut
2807 1035 3026 1085 avertat
3058 1030 3438 1096 inﬂationem,
3490 1030 3572 1086 ita
3627 1031 3845 1087 caelesti
3880 1034 4011 1106 quis

2366 1136 2668 1190 respersus
2727 1119 3003 1191 hyssopo,
3061 1119 3118 1173 id
3179 1124 3287 1184 est,
3329 1119 3657 1175 humilitate
3693 1123 3904 1191 cOrdis,
3938 1127 4006 1179 ab

2364 1209 2520 1262 omni
2549 1207 2833 1280 superbiae
2858 1207 3222 1279 malignitate
3245 1213 3546 1279 purgatur.
3564 1232 3590 1258 υ
3619 1210 3861 1266 Lavabis
3891 1227 4004 1277 me,

2362 1302 2416 1351 et
2446 1313 2623 1367 super
2652 1297 2840 1352 nivem
2871 1297 3201 1352 dealbabor.
3255 1319 3282 1345 »
3343 1297 3415 1352 Ut
3448 1298 3589 1368 quia
3622 1304 3854 1369 peccata
3880 1317 4007 1355 mea

2362 1389 2499 1439 sunt
2529 1385 2829 1457 phceniceo
2862 1385 3098 1453 similia,
3131 1386 3298 1457 quasi
3349 1386 3448 1441 nix
3499 1386 3861 1442 dealbentur.
3897 1389 4006 1456 Tu,

2361 1473 2620 1544 inquam,
2656 1475 2917 1545 Domine,
2971 1480 3175 1546 potens
3226 1493 3286 1530 es
3321 1481 3619 1546 peccatum
3681 1477 3909 1547 piceum
3943 1478 4003 1532 in

2359 1560 2608 1617 lacteum
2694 1565 3005 1618 candorem
3087 1565 3424 1632 transferre,
3506 1564 4004 1637 luliginosumque

2358 1650 2648 1705 hebenum
2707 1651 2766 1706 in
2825 1651 3079 1720 crystalli
3137 1652 3422 1723 fulgorem
3483 1659 3831 1709 convertere.
3881 1653 4002 1722 Vel,

2359 1761 2384 1785 «
2422 1741 2665 1795 Lavabis
2695 1757 2808 1807 me,
2836 1763 2863 1789 »
2895 1741 3002 1796 hoc
3035 1745 3251 1813 est,per
3282 1742 3680 1812 pmnitentiam
3705 1748 3760 1798 et
3789 1743 4004 1814 baptis-

2356 1845 2514 1883 num.
2556 1851 2580 1877 α
2619 1830 2683 1883 Et
2735 1847 2910 1900 super
2965 1831 3154 1885 nivem
3215 1831 3547 1900 dealbabor,
3586 1854 3612 1879 »
3671 1832 3821 1886 sicut
3850 1832 3997 1887 dixit

589 1936 701 1975 non
753 1921 962 1976 invenit
999 1920 1293 1992 quidquam
1325 1920 1506 1990 (Joan.
1555 1935 1671 1985 xIv,
1703 1918 1814 1987 30).
1849 1941 1876 1968 «
1918 1918 1992 1974 Ut
2023 1919 2243 1990 justifi-
2273 1954 2320 2019 B
2356 1917 2534 1972 Isaias
2564 1936 2576 1971 :
2613 1918 2673 1972 Si
2698 1921 2910 1989 fuerint
2961 1924 3180 1990 peccata
3234 1922 3404 1975 vestra
3437 1923 3581 1975 sicut
3629 1921 3992 1992 phteniceum,

595 2009 743 2065 ceris
773 2008 833 2064 in
857 2008 1228 2065 sermonibus
1249 2007 1387 2072 tuis,
1410 2012 1464 2061 et
1494 2007 1694 2063 vincas
1743 2023 1875 2061 cum
1893 2007 2241 2078 judicaris.»

593 2097 739 2162 Quia
784 2102 849 2153 tu
905 2101 1127 2153 rectum
1179 2096 1472 2169 judicium
1525 2096 1779 2166 judicas.
1840 2096 2078 2168 Propter
2134 2113 2240 2152 nos

591 2195 1052 2262 transgressores
1082 2192 1138 2243 et
1168 2190 1500 2259 peccatores
1531 2185 1629 2241 ille
1677 2185 1786 2240 fuit
1806 2185 2131 2257 judicatus,
2183 2191 2241 2242 et

591 2275 924 2334 damnatus.
960 2277 1124 2333 Unde
1183 2277 1406 2332 dictum
1468 2279 1592 2331 est:
1651 2274 1860 2330 Justus
1916 2275 1987 2329 ab
2017 2274 2238 2346 iniquis

525 2426 533 2436 κ
581 2367 885 2438 judicatus
917 2371 1021 2423 est.
1075 2367 1186 2422 Sed
1219 2365 1304 2420 illi
1362 2366 1420 2420 in
1472 2367 1664 2420 futuro
1691 2363 1914 2435 judicio
1954 2364 2058 2419 erit
2093 2364 2236 2420 alios

581 2455 956 2527 judicaturus
1006 2463 1059 2512 et
1116 2456 1652 2510 condemnaturus.
1713 2452 2083 2508 Justiﬁcatus
2130 2469 2228 2518 es,

588 2543 833 2601 Domine
858 2544 1017 2616 Jesu,
1060 2544 1118 2599 in
1151 2543 1522 2599 sermonibus
1548 2541 1696 2597 tuis:
1723 2557 1855 2596 cum
1889 2541 2099 2596 ductus
2131 2558 2232 2612 pro

585 2635 786 2707 populi
819 2635 1070 2707 peccatis
1100 2634 1170 2690 ad
1204 2636 1469 2697 mortem,
1496 2648 1607 2684 non
1641 2635 1730 2686 est
1761 2629 2031 2685 inventus
2063 2630 2232 2685 dolus

584 2723 644 2778 in
696 2740 793 2779 ore
851 2728 970 2780 tuo.
1033 2721 1234 2777 Vicisti
1286 2720 1626 2792 judicatus:
1677 2735 1810 2774 cum
1857 2719 1913 2772 in
1977 2724 2032 2773 te
2084 2718 2228 2772 nihil

585 2811 828 2884 dignum
903 2817 1086 2866 morte
1164 2810 1436 2882 princeps
1508 2808 1879 2864 tenebrarum
1961 2807 2224 2861 invenit.

585 2901 954 2976 Consuetudo
984 2899 1282 2972 Prophetze
1316 2903 1425 2969 est,
1470 2902 1535 2953 ut
1566 2901 1695 2953 acta
1733 2913 1835 2966 pro
1862 2895 2104 2967 agendis
2142 2895 2226 2950 lo-

586 2993 818 3059 quatur.

659 3055 694 3126 (ἶ
721 3078 862 3131 Ecce
889 3076 1045 3132 enim
1081 3076 1140 3130 in
1172 3074 1580 3147 iniquitatibus
1612 3078 1926 3145 conceptus
1981 3090 2138 3140 sum,
2168 3078 2225 3127 et

584 3163 641 3217 in
666 3165 917 3236 peccatis
941 3165 1204 3236 concepit
1231 3180 1324 3218 me
1346 3168 1531 3218 mater
1551 3180 1729 3217 mea.»
1758 3161 1859 3217 Hic
1898 3162 2221 3217 versiculus

583 3253 760 3308 totius
784 3253 1014 3325 generis
1045 3253 1286 3308 humani
1321 3269 1520 3307 casum
1548 3251 1800 3322 exponit,
1827 3251 1979 3306 sicut
2002 3251 2055 3304 in
2087 3251 2215 3306 Job:

2349 2007 2496 2061 velut
2519 2010 2622 2061 nia:
2649 2007 2926 2064 dealbabo.
2963 2011 3083 2079 (Isa.
3122 2027 3158 2076 ι,
3197 2011 3305 2080 18).

2422 2118 2449 2145 ‹‹
2482 2097 2722 2152 Auditui
2748 2114 2876 2153 meo
2905 2097 3069 2154 dabis
3101 2098 3380 2171 gaudium
3414 2103 3469 2154 et
3500 2099 3816 2155 laetitiam.»
3846 2106 3987 2156 Cum

2341 2185 2546 2254 jacens
2605 2187 2665 2240 in
2723 2187 3063 2243 infirmitate
3122 2188 3361 2260 peccati,
3416 2189 3617 2244 audire
3674 2206 3982 2245 meruero:

2349 2274 2553 2342 Homo,
2584 2274 2830 2330 dimissa
2855 2280 2993 2330 sunt
3049 2276 3155 2330 tibi
3185 2282 3421 2348 peccata
3459 2283 3580 2332 tua.
3635 2278 3735 2332 Vel
3766 2280 3990 2334 auditui

2348 2362 2487 2416 dicit
2517 2379 2528 2416 :
2555 2364 2787 2434 quando
2847 2364 2991 2419 dixit
3043 2365 3271 2420 Nathan
3307 2383 3320 2420 :
3353 2366 3642 2422 dimissum
3681 2371 3761 2422 est
3795 2382 3986 2438 pecca-

2345 2458 2462 2504 tum
2493 2457 2644 2505 tuum
2671 2454 2746 2523 (II
2776 2454 2898 2522 Reg.
2936 2471 3037 2523 xu,
3103 2456 3210 2525 13).
3273 2479 3300 2505 ‹‹
3333 2457 3402 2510 Et
3451 2455 3828 2511 exsultabunt
3855 2473 3989 2512 ossa

2344 2538 2669 2596 humiliata.
2707 2564 2734 2591 »
2767 2542 2826 2596 Id
2858 2548 2964 2609 est,
2988 2543 3231 2599 virtutes
3265 2562 3390 2616 quae
3414 2546 3576 2617 prius
3610 2546 3836 2601 fuerant
3864 2563 3990 2618 pec-

2341 2629 2485 2683 catis
2518 2629 2858 2686 humiliataz.
2889 2631 2991 2686 Vel
3023 2633 3315 2689 mternitas
3348 2634 3468 2706 spei
3502 2651 3660 2703 meaa,
3698 2651 3984 2706 quae,pec-

2341 2722 2506 2772 cante
2535 2719 2963 2785 me,humiliala
2985 2722 3170 2776 fuerat
3193 2737 3206 2776 :
3229 2727 3281 2776 te
3310 2723 3975 2794 indulgente,persultat.

2409 2830 2435 2854 ‹‹
2469 2812 2674 2862 Averte
2709 2809 2911 2864 faciem
2942 2813 3104 2864 tuam
3137 2828 3170 2864 a
3201 2811 3451 2881 peccatis
3507 2812 3672 2867 meis.
3709 2835 3735 2862 ››
3769 2813 3880 2867 Nec
3911 2829 3978 2866 ea
4074 2801 4076 2804 ’

2336 2895 2419 2950 sic
2451 2897 2700 2968 aspicias
2730 2901 2795 2952 ut
2828 2903 3190 2953 revertantur
3245 2900 3302 2955 in
3361 2903 3972 2958 commemorationem

2334 2988 2518 3040 tuam.
2553 3009 2582 3035 ‹‹
2613 2991 2819 3042 Averte
2877 2987 3082 3042 faciem
3141 2993 3325 3043 tuam.
3363 3012 3390 3037 ‹‹
3431 2992 3508 3044 Ac
3565 2990 3613 3044 si
3672 2991 3866 3046 dicat:
3900 3009 3972 3047 ne

2331 3074 2548 3142 videas,
2583 3091 2686 3130 nec
2744 3077 3063 3132 recorderis
3119 3076 3239 3132 illa.
3282 3098 3308 3128 α
3357 3079 3425 3132 Et
3454 3095 3656 3134 omnes
3690 3079 3966 3151 iniquita-

2332 3167 2417 3217 tes
2448 3180 2604 3219 meas
2626 3164 2806 3220 dele.»
2833 3165 3500 3238 Praeteritas,prtesentes
3525 3172 3698 3240 atque
3719 3170 3964 3224 futuras.

2402 3274 2429 3300 «
2463 3255 2571 3306 Cor
2601 3254 2888 3308 mundum
2907 3270 3038 3309 crea
3058 3253 3116 3308 in
3145 3260 3474 3320 me,Deus.»
3497 3255 3618 3318 Quo
3639 3260 3693 3311 te
3714 3255 3959 3310 videam.

581 3343 686 3397 Nec
707 3344 757 3398 si
783 3322 951 3398 unius
997 3344 1112 3398 diei
1149 3343 1222 3398 sit
1249 3359 1412 3413 super
1440 3345 1672 3410 terram,
1701 3345 1872 3411 potest
1915 3356 2025 3395 esse
2058 3357 2219 3395 mun-
2251 3322 2294 3391 C
2334 3341 2495 3397 Sicut
2528 3343 2766 3414 rogabat
2794 3342 2971 3398 David
3011 3360 3022 3397 :
3058 3343 3139 3398 ita
3168 3348 3224 3398 et
3253 3345 3659 3416 unusquisque
3690 3344 3856 3399 debet
3886 3345 3967 3399 fa-

581 3432 682 3486 dus
724 3449 758 3486 a
801 3435 957 3488 sorde
980 3434 1191 3505 peccati
1247 3430 1366 3503 (Job
1395 3447 1509 3498 xxv,
1544 3431 1595 3502 4)
1652 3429 1988 3501 Concipitur
2025 3434 2218 3484 autem

579 3525 635 3576 et
665 3521 924 3577 nascitur
952 3523 1010 3576 in
1057 3519 1324 3593 originali
1383 3523 1637 3592 peccato,
1698 3518 1850 3590 quod
1911 3534 1979 3572 ex
2036 3520 2218 3572 Adam

577 3610 850 3676 trahitur,
883 3611 984 3666 sed
1013 3609 1308 3681 baptismo
1341 3625 1443 3679 per
1470 3608 1718 3680 gratiam
1757 3607 1972 3662 Christi
2023 3607 2220 3678 purifi-

2329 3447 2476 3486 cere.
2511 3457 2538 3480 ιι
2567 3431 2676 3486 Cor
2695 3433 2983 3487 mundum
3017 3449 3147 3488 crea
3178 3433 3236 3487 in
3286 3449 3400 3502 me,
3429 3438 3634 3489 Deus.»
3660 3437 3970 3504 Propterea

2328 3521 2588 3590 rogabat,
2611 3525 2677 3574 ut
2706 3521 2964 3576 mundus
2996 3521 3158 3576 fieret
3188 3539 3220 3576 a
3252 3526 3506 3593 peccato.
3541 3545 3560 3570 ιι
3598 3523 3663 3576 Et
3694 3521 3968 3593 spiritum

2328 3615 2552 3664 rectum
2583 3609 2795 3664 innova
2823 3609 2882 3664 in
2914 3609 3233 3666 visceribus
3296 3610 3461 3665 meis.
3495 3633 3524 3660 »
3555 3613 3674 3676 Quo
3707 3616 3761 3666 te
3819 3615 3970 3665 recte

579 3702 762 3753 catur.
794 3697 916 3753 Vel.
942 3721 970 3748 ‹‹
1006 3698 1078 3753 Ut
1102 3697 1442 3767 justiﬁceris
1483 3697 1542 3750 in
1573 3696 1943 3751 sermonibus
1988 3695 2129 3764 tuis,
2164 3700 2219 3750 et
2323 3699 2619 3752 confitear.
2651 3696 2772 3765 Vel,
2807 3720 2836 3747 «
2872 3699 3152 3770 Spiritum
3213 3704 3456 3767 rectum,
3514 3700 3586 3754 ad
3641 3698 3960 3754 videndum

577 3787 777 3842 vincas
810 3803 944 3842 cum
967 3786 1276 3858 judicaris.
1309 3809 1336 3836 »
1372 3786 1538 3842 Hunc
1569 3784 1761 3840 locum
1790 3783 2130 3854 diligentius
2158 3784 2215 3838 in

575 3875 832 3946 Epistola
851 3876 921 3931 ad
957 3877 1248 3931 Romanos
1280 3874 1495 3929 Paulus
1525 3873 1796 3928 edisserit
1827 3873 1997 3944 (Rom.
2032 3890 2115 3937 ιιι,
2153 3874 2216 3927 13

573 3965 709 4035 seq.)
787 3964 942 4035 quod
1014 3965 1187 4020 Deus-
1237 3981 1371 4019 cum
1434 3961 1617 4034 possit
1670 3963 1738 4017 de
1788 3962 1955 4016 nobis
1995 3963 2215 4033 judicis

575 4053 916 4109 auctoritate
940 4054 1290 4120 discernere,
1316 4069 1429 4107 non
1450 4052 1556 4106 hoc
1588 4051 1742 4120 facit,
1777 4051 1877 4105 sed
1912 4052 2213 4106 nobiscum

572 4142 696 4198 vult
716 4142 988 4214 judicari,
1021 4148 1086 4197 ut
1116 4141 1303 4215 magis
1325 4140 1562 4213 justitia
1594 4143 1872 4212 appareat
1895 4140 2216 4210 judicantis

573 4254 600 4282 ‹‹
648 4232 710 4286 In
746 4232 996 4302 peccatis
1029 4232 1293 4304 concepit
1321 4247 1414 4285 me
1444 4233 1634 4285 mater
1665 4245 1812 4284 mea.
1853 4250 1880 4282 α
1918 4229 2214 4285 Obscurus

570 4319 732 4377 locus
763 4326 818 4376 et
847 4321 1021 4377 altius
1052 4321 1474 4377 retractandus.

645 4431 671 4459 «
702 4410 842 4466 Ecce
873 4410 1030 4465 enim
1059 4410 1367 4465 veritatem
1401 4407 1671 4463 dilexisti.
1698 4429 1724 4456 »
1760 4406 1904 4461 Cum
1953 4423 2060 4478 .per
2090 4425 2215 4479 pro-

570 4497 806 4568 phetam
860 4503 1193 4570 peccantem
1219 4495 1504 4553 famulum
1549 4496 1881 4568 increpasti,
1912 4497 2210 4551 veritatem

571 4585 841 4641 dilexisti.
895 4585 1118 4641 Veritas
1166 4586 1431 4641 Christus
1464 4589 1583 4640 est:
1619 4585 1763 4650 Quia
1821 4585 1987 4639 Pater
2025 4584 2215 4656 diligit

2305 3791 2384 3840 .et
2414 3787 2866 3841 discernendum
2901 3803 2914 3840 :
2947 3788 3102 3842 sicut
3132 3792 3300 3842 antea
3333 3792 3524 3843 rectus
3556 3788 3665 3842 fuit
3692 3788 3750 3841 in
3783 3803 3892 3842 me.

2403 3896 2424 3923 α
2458 3876 2538 3930 Ne
2568 3877 2840 3948 projicias
2890 3893 2982 3931 me
3033 3894 3067 3931 a
3114 3877 3258 3933 facie
3289 3883 3407 3932 tua.
3468 3897 3491 3925 σ
3521 3879 3680 3932 Sicut
3710 3877 3872 3944 Cain,
3903 3881 3967 3932 ut

2325 3965 2488 4020 exsul
2539 3983 2571 4020 a
2598 3973 2655 4020 te
2710 3965 2945 4021 efficiar.
3008 3989 3035 4014 ‹‹
3099 3972 3145 4019 Α
3175 3967 3320 4021 facie
3379 3971 3495 4033 tua,
3532 3989 3559 4015 »
3587 3967 3649 4020 id
3682 3971 3789 4034 est,
3821 3983 3964 4037 prae-

2325 4054 2513 4110 sentia
2541 4057 2662 4108 tua.
2693 4077 2720 4102 »
2753 4055 2820 4108 Et
2849 4054 3121 4126 spiritum
3143 4060 3413 4111 sanctum
3437 4061 3605 4110 tuum
3637 4070 3708 4109 ne
3735 4056 3960 4109 auferas

2323 4162 2356 4199 a
2388 4161 2498 4212 me,
2533 4165 2560 4192 »
2592 4143 2692 4199 sed
2724 4144 2794 4198 ab
2835 4160 2899 4199 eo
2931 4144 3296 4216 consumptis
3329 4143 3572 4210 delictis,
3605 4149 3704 4199 tuo
3737 4148 3962 4198 statuas

2324 4232 2681 4304 conspectui.
2717 4254 2744 4281 ‹‹
2776 4232 3059 4303 Spiritum
3115 4239 3388 4288 sanctum
3430 4237 3598 4288 tuum
3629 4249 3700 4287 ne
3730 4233 3960 4287 auferas

2322 4340 2355 4377 a
2385 4339 2499 4388 me,
2530 4340 2556 4371 ι)
2597 4321 2654 4374 id
2685 4325 2791 4388 est,
2827 4321 3102 4391 spiritum
3133 4323 3469 4394 prophetiae.

2397 4433 2424 4460 ι(
2455 4411 2652 4465 Redde
2674 4409 2817 4464 mihi
2851 4409 3111 4465 laztitiam
3145 4411 3419 4466 salutaris
3451 4410 3560 4466 tui.
3588 4433 3616 4460 »
3639 4409 3850 4466 Christi
3874 4409 3958 4463 tui

2322 4499 2483 4554 illam
2514 4498 2960 4554 exsultationem
2993 4517 3170 4570 quam
3200 4500 3259 4554 in
3293 4516 3359 4555 eo
3391 4499 3570 4555 habui
3593 4500 3752 4572 prius
3782 4515 3958 4568 quam

2324 4589 2707 4660 peccaverim.
2741 4587 3028 4644 Salutaris
3058 4589 3153 4644 Dei
3202 4589 3408 4656 Patris,
3441 4587 3705 4645 Christus
3742 4591 3848 4641 est.
3882 4588 3962 4640 Ac

571 4672 782 4728 Filium
833 4691 1028 4740 suum,
1078 4674 1164 4729 vel
1198 4673 1388 4746 diligit
1419 4674 1844 4729 confessionem
1873 4689 1938 4728 ex
1960 4690 2057 4728 ore
2088 4691 2212 4744 pec-
2246 4693 2288 4757 ι)
2321 4677 2369 4732 si
2400 4678 2572 4744 dicat,
2624 4678 2777 4733 sicut
2835 4683 3006 4732 antea
3063 4677 3449 4748 pravidebam
3509 4692 3611 4748 per
3669 4673 3958 4746 spiritum,

569 4763 801 4819 catoris.
835 4765 1042 4818 Incerta
1065 4767 1112 4818 et
1142 4763 1361 4818 occulta
1389 4764 1679 4834 sapientia:
1704 4766 1811 4816 tua:
1844 4765 2213 4833 manifestasti

566 4851 726 4922 mihi,
758 4851 876 4907 Hoc
906 4857 1013 4919 est,
1046 4854 1200 4923 quod
1231 4852 1290 4907 in
1324 4851 1435 4907 alio
1473 4851 1598 4906 loco
1631 4852 1748 4906 ait:
1798 4852 1991 4906 Revela
2031 4853 2211 4908 oculos

566 4957 730 5012 meos,
789 4951 842 4996 et
897 4941 1246 4998 considerabo
1305 4942 1594 4996 mirabilia
1647 4940 1714 4995 de
1760 4940 1873 5010 lege
1903 4945 1996 4995 tua
2036 4942 2205 5012 (Psal.

568 5047 755 5096 cxvm,
819 5031 924 5102 18).
992 5032 1284 5086 Incertum
1342 5034 1398 5086 et
1451 5029 1718 5084 abditum
1779 5028 1923 5083 mihi
1981 5031 2106 5085 erit:
2158 5031 2205 5085 si

569 5119 816 5175 remittis
865 5119 978 5175 tale
1027 5121 1275 5176 facinus.
1336 5119 1446 5175 Sed
1503 5117 1878 5172 manifestum
1912 5123 2034 5172 est:
2073 5135 2203 5173 cum

565 5209 867 5282 ignoscere
929 5210 1203 5283 dignatus
1283 5225 1345 5264 es
1416 5206 1815 5278 delinquenti.
1897 5207 2204 5277 Sapientia:

566 5299 722 5354 enim
753 5304 870 5355 tuae
900 5303 1006 5366 est,
1039 5306 1102 5355 ut
1133 5300 1296 5371 prius
1326 5299 1612 5369 increpes,
1645 5297 1728 5350 sic
1761 5295 2025 5350 remittas
2060 5301 2205 5350 Nam

565 5393 620 5443 et
650 5388 920 5445 Ninivitis
952 5388 1178 5444 occulta
1207 5391 1329 5443 erat
1361 5387 1622 5458 sapienta
1651 5384 1883 5455 pietatis
1922 5401 2040 5438 sua:
2073 5402 2203 5439 cum

565 5479 822 5533 dicerent
848 5497 860 5546 ;
895 5479 1026 5546 Quis
1053 5480 1154 5533 scit
1182 5479 1230 5531 si
1257 5479 1599 5532 convertatur
1629 5480 1769 5528 Deus
1793 5490 1829 5526 a
1867 5475 2057 5541 furore
2085 5492 2201 5530 suo.

561 5573 613 5619 et
667 5582 775 5620 non
838 5569 1140 5638 peribimus
1212 5566 1354 5638 (Jan.
1417 5582 1498 5632 ιιι,
1557 5563 1660 5632 9)?
1719 5560 1821 5615 Vel
1897 5561 2048 5616 Deus
2106 5580 2205 5634 per

565 5653 790 5708 Nathan
867 5657 1211 5728 prOphetam
1273 5656 1493 5708 incerta
1549 5655 1606 5705 et
1671 5649 1896 5704 occulta
1963 5653 2202 5706 manife-

565 5743 737 5797 stavit
765 5761 776 5797 :
807 5743 864 5799 id
895 5750 985 5799 est
1016 5743 1272 5799 narravit
1301 5740 1503 5811 David,
1538 5739 1768 5809 quando
1792 5737 1935 5793 dixit
1962 5753 1973 5792 :
2006 5739 2205 5794 Dimis-

2320 4767 2613 4821 Christum
2647 4767 2704 4820 in
2738 4783 2909 4820 carne
2937 4771 3248 4821 venturum
3284 4783 3296 4824 :
3329 4771 3385 4820 et
3415 4765 3587 4821 modo
3616 4764 3700 4819 sic
3733 4763 3960 4818 faciam.

2321 4878 2348 4904 ‹‹
2381 4857 2451 4910 Et
2482 4855 2693 4926 spiritu
2738 4854 3044 4926 principali
3107 4857 3388 4910 confirma
3443 4870 3554 4909 me.
3595 4875 3616 4903 ι
3653 4852 3724 4907 Ut
3752 4853 3872 4924 ipse
3905 4853 3964 4906 in

2320 4960 2412 4997 mc
2447 4959 2457 4997 :
2493 4948 2546 4997 et
2579 4960 2694 4998 non
2724 4942 2863 4998 vitia
2894 4943 3314 5015 principentur.
3377 4945 3463 4999 Tu
3510 4959 3640 4997 vero
3691 4941 3790 5013 qui
3820 4940 3962 5012 legis

2318 5035 2579 5087 sanctam
2658 5031 3017 5103 Scripturam
3075 5051 3087 5086 :
3145 5038 3406 5088 sanctam
3464 5031 3558 5085 hic
3615 5029 3960 5086 Trinitatem

2319 5119 2597 5192 intellige.
2632 5120 2754 5191 Vel,
2789 5144 2817 5170 «
2851 5122 3142 5177 Confirma
3173 5138 3321 5187 me,»
3354 5121 3412 5176 in
3448 5136 3645 5192 regno.
3679 5119 3958 5190 Spiritum

2318 5215 2540 5264 rectum
2569 5227 2581 5264 :
2607 5210 2715 5264 hoc
2747 5214 2835 5264 est
2868 5210 3196 5265 innovando
3229 5211 3510 5282 Spiritum
3537 5213 3828 5264 sanctum:
3850 5207 3958 5261 hoc

2316 5299 2702 5371 est,spiritum
2725 5299 3065 5370 prophetizn.
3100 5299 3382 5371 Spiritum
3416 5297 3816 5372 principalem,
3850 5297 3955 5351 Pa-

2315 5387 2773 5460 trem,Spiritum
2797 5392 3040 5456 rectum,
3063 5387 3274 5443 Filium
3311 5405 3323 5442 :
3357 5389 3638 5460 Spiritum
3666 5396 3956 5451 sanctum,

2316 5477 2596 5548 Spiritum
2629 5479 2922 5531 sanctum.

2387 5587 2415 5612 ‹‹
2451 5564 2677 5618 Docebo
2708 5563 2943 5633 iniquos
3000 5564 3124 5620 vias
3150 5569 3306 5633 tuas,
3336 5572 3391 5620 et
3421 5564 3586 5636 impii
3636 5564 3705 5618 ad
3736 5567 3793 5618 te
3823 5579 3958 5618 con-

2314 5657 2626 5708 vertentur.
2680 5674 2707 5700 »
2741 5652 2812 5705 Ut
2842 5651 3200 5710 declinantes
3231 5673 3264 5710 a
3293 5655 3403 5710 viis
3433 5653 3646 5724 pravis,
3681 5653 3959 5724 pceniten-

2314 5741 2461 5797 tiam
2493 5743 2731 5812 agentes
2763 5739 3224 5801 misericordiam
3258 5747 3710 5811 consequantur,
3731 5740 3881 5795 sicut
3901 5746 3961 5796 et
