4314 6580
346 429 370 486 1
384 427 502 487 033

1528 428 2022 508 BHEVIARIUM
2069 430 2147 490 IN
2194 431 2332 491 PSA
2349 432 2577 493 LMOS.

3603 447 3758 507 1034

342 573 449 632 ego
481 575 515 615 a
543 562 602 615 te
629 557 1090 615 misericordiam
1137 563 1487 615 consecutus
1517 576 1670 616 sum.
1704 583 1732 612 «
1765 561 1991 617 Docebo
2021 564 2074 631 Α
2105 562 2296 618 cordis
2328 563 2642 630 humiliati,
2694 566 2998 621 mactando
3050 566 3206 638 vitia,
3242 568 3574 641 jugulando
3603 575 3754 633 deli-

343 647 578 720 iniquos
604 647 728 704 vias
757 652 926 704 tuas:
978 651 1036 703 et
1064 647 1231 720 impii
1279 648 1350 704 ad
1398 652 1454 705 te
1498 655 1924 719 convertentur,
1962 673 1989 701 ››

341 734 450 791 hoc
480 740 589 806 est,
622 753 837 811 ponam
866 736 1179 810 meipsum,
1213 740 1280 793 ut
1304 753 1501 795 meum
1531 738 1862 812 exemplum
1892 738 1991 794 alii

342 823 668 882 imitentur.

408 936 428 963 ι
464 914 669 971 Libera
690 930 784 971 me
812 915 883 971 de
913 915 1322 989 sanguinibus,
1352 920 1523 973 Deus.
1562 938 1584 968 ι
1621 916 1701 974 De
1731 918 1988 989 peccatis

335 1002 576 1059 multis:
611 1003 683 1058 de
740 1002 954 1075 quibus
1011 1008 1068 1060 et
1125 1004 1339 1060 Paulus
1395 1006 1511 1061 ait:
1575 1005 1713 1074 Quia
1768 1022 1896 1061 caro
1936 1010 1989 1061 et

327 1092 553 1162 sanguis
580 1108 814 1163 regnum
848 1094 953 1148 Dei
974 1108 1085 1148 non
1127 1093 1475 1162 possidebunt
1505 1094 1554 1165 (ι
1586 1094 1707 1150 Cor.
1741 1111 1833 1161 xv,
1866 1095 1983 1162 50).

336 1198 358 1228 ι
384 1178 538 1235 Deus
558 1179 766 1237 salutis
789 1197 947 1236 meae.
966 1200 993 1233 η
1018 1182 1065 1235 Α
1086 1197 1199 1253 quo
1224 1188 1352 1253 post
1374 1188 1679 1253 peccatum
1704 1181 1982 1238 vivificor.

333 1268 478 1333 Quia
508 1267 659 1324 alius
691 1268 887 1326 nullus
925 1273 1118 1342 potest
1147 1269 1255 1325 hoc
1299 1270 1505 1327 facere.
1540 1293 1569 1321 ‹‹
1602 1272 1671 1326 Et
1701 1270 1987 1327 exultabit

334 1356 539 1430 lingua
568 1375 698 1414 mea
735 1359 1002 1430 justitias
1050 1363 1204 1415 tuas.
1238 1363 1346 1415 Per
1392 1377 1539 1432 quas
1571 1358 1774 1431 punito
1806 1361 1864 1415 in
1894 1377 1986 1415 me

335 1450 594 1518 peccato,
647 1446 1103 1503 misericordiam
1155 1447 1472 1520 praebuisti.
1516 1447 1619 1504 Vel
1651 1449 1988 1521 praedicabit

339 1550 469 1591 mea
496 1533 699 1607 lingua
731 1536 1005 1592 mandata
1036 1541 1158 1591 tua.

408 1646 435 1674 «
466 1620 729 1692 Domine,
780 1623 935 1681 labia
981 1641 1104 1679 mea
1152 1625 1416 1696 aperias:
1469 1629 1525 1681 et
1554 1642 1620 1681 os
1652 1642 1848 1683 meum
1882 1643 1985 1682 an-

334 1711 631 1770 nuntiabit
657 1712 891 1769 laudem
923 1717 1123 1769 tuam.~
1144 1736 1171 1762 ››
1204 1714 1259 1769 Si
1286 1713 1513 1786 aperias
1552 1730 1615 1770 os
1648 1732 1845 1771 meum
1872 1715 1983 1771 sic-

334 1805 401 1858 ut
424 1800 604 1874 Moysi
637 1803 934 1874 quondam
961 1819 974 1857 :
1009 1817 1115 1875 ego
1162 1803 1505 1875 praeconabo
1553 1805 1692 1877 quia
1723 1810 1982 1874 sanctus,

332 1889 474 1962 quia
502 1890 655 1963 pius,
688 1891 828 1963 quia
848 1889 1182 1947 misericors
1212 1907 1295 1948 es.
1320 1891 1422 1947 Vel
1453 1892 1655 1950 clausa
1684 1898 1850 1950 erant
1881 1910 2003 1965 per,

332 1984 682 2051 peccatum:
716 1995 821 2035 nec
872 1978 1037 2035 locus
1086 1982 1229 2051 erat,
1277 1996 1380 2036 nec
1423 1984 1679 2055 tempus,
1720 1998 1825 2038 nec
1855 1998 1984 2054 per-

334 2083 498 2139 sona,
532 2083 637 2124 nec
687 2067 1015 2139 exemplum
1067 2072 1333 2140 poterant
1381 2070 1558 2126 dare:
1612 2070 1750 2139 Quia
1781 2086 1890 2126 non
1910 2079 1991 2126 est

327 2155 567 2224 pulchra
594 2156 717 2211 laus
747 2157 803 2211 in
832 2171 925 2211 ore
949 2158 1249 2226 peccatoris
1279 2157 1296 2228 (
1331 2160 1497 2216 Eceli.
1537 2175 1592 2226 ν,
1625 2158 1700 2229 9).

405 2274 433 2303 ‹‹
465 2253 751 2319 Quoniam
808 2253 859 2309 si
914 2252 1200 2310 voluisses
1266 2256 1639 2322 sacrificium,
1690 2257 1981 2313 dedissem

334 2341 558 2414 utique,
607 2341 965 2398 holocaustis
1022 2360 1136 2424 non
1195 2343 1594 2401 delectabaris.
1648 2368 1675 2394 »
1731 2346 1986 2401 Audiant

331 2430 519 2487 Judaei
552 2431 838 2487 sacrificia
857 2448 965 2487 sua
992 2447 1251 2488 cessasse
1276 2451 1289 2489 :
1322 2432 1655 2507 intelligant
1675 2434 1854 2491 etiam
1882 2450 1986 2506 per

334 2519 517 2577 alium
548 2519 891 2593 prophetam
946 2521 1125 2576 Deum
1172 2520 1546 2593 loquentem:
1598 2523 1855 2594 Sabbata,
1886 2524 1980 2579 lio-

330 2609 580 2665 locausta
634 2611 1051 2681 neomeniasque
1119 2614 1329 2668 vestras
1385 2611 1554 2667 odivit
1617 2614 1806 2668 anima
1861 2628 1983 2667 mea

248 2688 253 2693 ’
332 2699 461 2771 (Isa.
524 2716 562 2769 ι,
622 2700 709 2753 13.
770 2699 879 2768 14),
931 2698 1079 2765 Quid
1138 2716 1273 2772 ergo
1332 2704 1417 2768 tu,
1473 2700 1669 2772 homo,
1729 2700 1982 2757 offeres?

328 2787 481 2844 Audi
514 2786 652 2858 quid
687 2786 943 2858 subjecit
967 2805 980 2842 :

403 2874 825 2932 «Sacrificium
884 2875 1000 2931 Deo
1058 2874 1301 2947 spiritus
1358 2877 1826 2934 contribulatus:
1883 2895 1982 2934 cor

329 2963 644 3021 contritum
676 2968 733 3020 et
761 2963 1138 3021 humiliatum
1168 2969 1321 3022 Deus
1359 2983 1474 3022 non
1506 2966 1749 3039 spernit.
1780 2968 1979 3023 Merito

331 3054 485 3109 inter
514 3051 768 3125 reliquas
812 3052 1208 3109 beatitudines
1256 3054 1639 3128 evangelicae,
1680 3056 1979 3112 beatitudo

330 3142 452 3200 hinc
483 3142 741 3198 continet
787 3141 1201 3214 principatum.
1246 3144 1425 3212 Beati,
1468 3144 1681 3217 inquit,
1709 3161 1980 3217 pauperes

2100 657 2212 718 cla,
2246 652 2487 724 dignum
2522 654 2627 709 tibi
2658 655 3131 728 acceptabileque
3157 674 3449 731 praepares
3481 661 3754 723 holocau-

2099 745 2248 796 tum.
2283 746 2489 797 Amen.

2698 812 3047 871 PSALMUS.
3092 816 3160 872 II.

2096 885 2160 939 In
2177 884 2374 968 finem,
2424 884 2733 968 intellectus
2774 887 2955 968 David
2988 904 3115 968 eum
3150 893 3309 968 uenit
3350 892 3425 968 ad
3447 910 3575 951 eum
3604 901 3752 968 Doeg
3790 918 3817 925 “

2168 954 2464 1027 Idumaeas,
2515 963 2565 1027 et
2619 959 2977 1013 annuntiavit
3027 960 3206 1026 Sauli,
3257 966 3313 1017 et
3357 964 3544 1021 dixit:
3585 954 3754 1027 Venit

2168 1025 2345 1113 David
2396 1028 2455 1113 in
2508 1026 2725 1113 domum
2779 1028 3118 1113 Aeliimeleeh
3284 1035 3415 1113 βαρ..
3466 1025 3744 1113 xx11.49).

2166 1097 2228 1172 In
2261 1112 2573 1172 regnorum
2605 1098 2773 1172 libro,
2821 1104 2878 1155 et
2933 1100 2992 1155 in
3025 1101 3152 1172 ipso
3194 1097 3478 1164 Hebraico
3520 1097 3746 1168 Psalteé

2167 1167 2274 1250 rio,
2325 1167 3160 1250 Abimelech,_scriptum_est:
3196 1178 3296 1232 sed
3323 1178 3601 1250 quoniam
3633 1167 3755 1242 belli

2165 1238 2416 1326 etileaph
2472 1241 2627 1326 apud
2688 1238 2956 1326 llebraaos
3015 1243 3242 1326 littera),
3304 1238 3533 1326 modico
3587 1238 3752 1326 apice

2166 1310 2617 1394 distinguuntur
2643 1327 2656 1365 :
2690 1311 2820 1394 ideo
2849 1330 3011 1369 error
3039 1310 3269 1374 facilius
3301 1321 3578 1394 obrepsit.
3612 1310 3753 1383 ibi;

2168 1379 2392 1462 melech
2429 1381 2876 1462 interpretatur,
2926 1402 3184 1462 regnum,
3195 1393 3375 1460 patris
3413 1379 3540 1450 mei.
3567 1379 3752 1455 David

2167 1452 2611 1524 interpretatur,
2633 1452 2798 1523 fortis
2828 1452 3012 1513 manu}
3044 1452 3217 1515 Venit
3256 1462 3315 1517 in
3347 1464 3589 1522 domum
3619 1452 3756 1524 Abi:

2166 1521 2435 1607 melcchh:
2490 1530 2545 1579 et
2572 1521 2868 1607 "Christus
2893 1529 3079 1607 “venit
3134 1531 3195 1586 in
3240 1549 3484 1607 regnum
3514 1521 3751 1595 Judaeu-

2167 1610 2318 1678 rum.
2363 1598 2505 1678 “Per
2572 1596 2709 1678 saul
2770 1597 3118 1678 intelligitur
3149 1596 3343 1660 mors”:
3408 1624 3512 1678 per
3569 1609 3750 1667 David

2361 1665 2509 1752 Quid
2548 1672 2650 1752 est
2697 1669 2853 1752 quod
2906 1664 3065 1752 mors
3114 1664 3487 1749 persequitur
3544 1664 3747 1752 vitam,

2166 1737 2284 1824 nisi
2308 1738 2465 1824 quod
2512 1737 2585 1793 ab
2632 1737 2797 1824 initio
2828 1741 3025 1824 saeculi
3060 1737 3319 1824 .sémper'
3356 1765 3515 1806 mors
3545 1737 3749 1824 perae:

2166 1812 2368 1892 quitur
2396 1812 2572 1863 vitam
2606 1816 2863 1892 nostram
2887 1812 2914 1867 ?
2966 1815 3113 1878 Quia
3141 1812 3240 1892 qui
3286 1818 3399 1892 ista
3439 1812 3750 1892 praesentia

2163 1883 2364 1964 amant
2386 1887 2863 1964 {persequuntur
2882 1883 3489 1964 sanctam—Ecclesiafn
3518 1911 3531 1949 :
3555 1895 3611 1950 id
3635 1900 3748 1964 est,

2159 1948 2300 2027 illos
2324 1948 2711 2027 qui‘coeles'tia
2758 1954 3033 2027 diligunt.
3066 1958 3335 2016 Psalmus
3375 1948 3743 2023 vocemﬁcon-l

2163 2021 2312 2107 tinet
2342 2021 2633 2107 propheta:
2666 2021 2899 2107 peccata
2918 2027 3143 2107 Ju_daic_i
3170 2033 3367 2107 populi
3395 2021 3749 2107 exprobran-

2165 2092 2279 2148 tis:
2315 2092 2385 2147 a’d
2420 2094 2611 2165 ipsum
2642 2092 2798 2152 enim
2827 2098 2946 2153 haec
2977 2092 3263 2171 loquitur;
3289 2092 3489 2162 dicens
3515 2125 3528 2163 :

2168 2201 2197 2231 ‹‹
2227 2180 2373 2247 Quid
2407 2180 2676 2253 gloriaris
2726 2183 2783 2239 in
2816 2185 3087 2243 malitia?
3108 2210 3137 2238 »
3181 2190 3298 2246 Cur
3336 2195 3574 2251 monitis
3604 2198 3749 2255 divi-

2095 2269 2186 2324 nis
2216 2270 2447 2337 obvius,
2478 2271 2789 2343 prophetas
2811 2274 3088 2332 interficis
3109 2277 3137 2332 ‘?
3168 2302 3195 2329 «
3227 2281 3334 2346 Qui
3356 2288 3562 2355 potens
3594 2303 3657 2343 es
3686 2289 3747 2345 in

2092 2355 2423 2429 iniquitate.
2459 2380 2487 2408 ››
2516 2358 2661 2416 Nam
2698 2377 2831 2417 cum
2862 2379 2970 2434 cpe
3013 2366 3113 2421 Dei
3146 2383 3434 2440 crescens,
3467 2372 3748 2435 interficis

2093 2447 2407 2519 prophetas
2438 2449 2605 2518 ejus:
2638 2449 2745 2505 hoc
2775 2453 2844 2507 ad
2886 2453 3195 2512 cumulum
3238 2460 3450 2517 auxisti
3484 2464 3749 2536 malitiae,

2093 2540 2157 2589 ut
2215 2537 2411 2607 ipsum
2472 2537 2785 2594 Dominum
2845 2541 3104 2599 traderes
3163 2545 3306 2604 neci.
3370 2547 3494 2606 Vel.
3530 2574 3559 2603 «
3604 2555 3746 2625 quid

2089 2623 2362 2694 gloriaris
2396 2624 2454 2679 in
2486 2625 2758 2682 malitia?
2782 2650 2810 2677 ››
2842 2629 2948 2684 hoc
2978 2637 3068 2687 est
3106 2634 3315 2703 Adam,
3348 2642 3405 2692 et
3433 2623 3741 2699 diabolus:

2090 2712 2231 2784 quia
2288 2714 2441 2785 quod
2503 2718 2654 2770 Deus
2700 2716 3020 2787 adificavit,
3071 2720 3154 2775 illi
3213 2724 3628 2787 destruxerunt
3683 2731 3744 2788 in

2090 2802 2459 2873 semetipsis:
2512 2803 2830 2876 imaginem
2882 2807 2977 2862 Dei
3027 2814 3083 2864 et
3135 2812 3496 2885 angelorum.
3554 2840 3581 2869 «
3633 2821 3744 2887 Qui

2088 2896 2293 2961 potens
2324 2908 2385 2947 es
2415 2891 2475 2946 in
2524 2891 2851 2966 iniquitate.
2883 2915 2910 2947 ο
2952 2897 3075 2955 Non
3127 2900 3188 2955 in
3220 2902 3498 2974 bonitate,
3545 2909 3646 2964 sed
3678 2907 3741 2967 in

2088 2979 2420 3052 iniquitate.

2161 3092 2188 3118 ‹‹
2224 3069 2370 3125 Tota
2420 3070 2532 3127 die.
2570 3094 2592 3123 ι
2654 3071 2839 3129 Omne
2888 3079 3122 3148 tempus
3168 3079 3296 3135 vitae
3347 3081 3407 3137 in
3456 3100 3571 3155 quo
3619 3087 3741 3144 hinc

2089 3156 2316 3213 malitia
2347 3175 2535 3230 usque
2582 3161 2653 3215 ad
2706 3161 3051 3219 effusionem
3102 3165 3387 3227 Dominici
3431 3176 3742 3248 sanguinis

622 3231 908 3332 αϊιῗηίίω.
959 3232 1204 3330 ipsorum
1280 3240 1657 3332 esthregnum
1719 3235 1980 3332 caelorum
2009 3307 2050 3332 η
2092 3252 2408 3320 pmpagata
2432 3253 2539 3304 est.
2575 3272 2602 3298 ‹‹
2635 3251 2991 3321 Injustitiam
3023 3231 3742 3332 cogitavitlinguatua.:i

325 3318 539 3424 illailia.
570 3335 626 3385 v,
674 3317 749 3424 ξ).
791 3317 911 3424 9Πὶ
974 3334 1088 3418 non
1116 3318 1613 3424 .in‘vanitatib-us
1663 3321 1859 3424 saeculi
1886 3321 1975 3424 in-
2009 3307 2051 3374 Ο
2093 3307 2378 3406 Cogitatio
2411 3307 2764 3408 sapientiuum
2796 3341 2968 3395 corde

328 3407 567 3478 ﬂantur,
599 3407 700 3462 sed
726 3422 762 3462 a
791 3410 904 3463 Deo
949 3406 1245 3479 accipiunt
1292 3409 1651 3481 spiraculum
1691 3410 1859 3477 vitae;
1894 3415 1982 3467 at-

331 3513 445 3569 que
476 3494 885 3552 contritionem
934 3494 1087 3550 anxii
1136 3496 1330 3553 cordis
1358 3498 1418 3553 in
1472 3515 1607 3554 eum
1639 3500 1982 3567 refundunt,

334 3585 436 3658 qui
468 3600 570 3657 pro
595 3583 765 3639 nobis
795 3582 1041 3639 humilis
1070 3584 1258 3641 factus
1293 3591 1401 3642 est.
1430 3586 1535 3643 Vel
1566 3587 1734 3643 multi
1767 3588 1984 3647 habent

334 3691 435 3731 cor
463 3673 809 3743 contritum,
839 3673 937 3729 sed
971 3690 1085 3730 non
1136 3673 1353 3731 habent
1394 3675 1768 3733 humiliatum
1800 3694 1813 3734 :
1843 3677 1983 3751 quia

332 3762 622 3835 plangunt
649 3762 804 3835 quod
833 3761 1125 3818 fecerunt:
1156 3768 1213 3819 et
1232 3768 1438 3836 postea
1459 3765 1529 3819 ad
1555 3765 1749 3838 ipsum
1777 3767 1981 3822 reverti

330 3852 683 3920 desiderant,
732 3852 889 3924 quod
942 3855 1113 3909 antea
1159 3852 1456 3910 fecerunt:
1491 3858 1548 3911 et
1589 3855 1661 3911 de
1693 3856 1980 3928 praeterito

329 3940 538 3998 nolunt
567 3940 868 4014 pmnitere.

403 4052 431 4081 «
462 4029 719 4102 Benigne
750 4029 859 4096 fac,
910 4028 1175 4087 Domine.
1223 4054 1243 4080 ι
1281 4032 1398 4088 Hoc
1446 4037 1554 4101 est,
1588 4026 1861 4106 placitam
1893 4034 1981 4090 fac

330 4134 498 4191 spem
529 4123 810 4174 nostram.
842 4139 870 4167 n
902 4117 964 4173 In
991 4118 1147 4175 bona
1175 4118 1475 4176 voluntate
1512 4126 1634 4188 tua,
1667 4122 1825 4178 Sion.
1859 4123 1983 4187 Qua

327 4210 384 4261 te
399 4205 884 4278 contemplemur.
908 4227 936 4255 ι)
952 4206 1396 4264 Etaadificentur
1410 4209 1563 4264 muri
1579 4210 1904 4267 Jerusalem
1916 4253 1929 4266 .
1949 4235 1977 4263 »

330 4293 688 4351 Munitiones
720 4293 854 4349 ﬁdei
884 4292 1305 4367 charitatisque
1337 4297 1495 4354 illius
1530 4314 1678 4370 quos
1704 4300 1763 4356 in
1795 4299 1983 4356 Eccle-

328 4383 419 4440 sia
448 4382 624 4456 positi
656 4382 716 4437 in
748 4386 805 4437 te
833 4381 1265 4439 collocavimus.

326 4500 333 4506 -
401 4496 430 4523 «
461 4476 620 4527 Tunc
649 4470 979 4543 acceptabis
1025 4472 1381 4530 sacriﬁcium
1421 4475 1686 4545 justitize,
1731 4476 1981 4532 oblatio-

330 4576 436 4619 nes
465 4564 522 4617 et
551 4559 912 4617 holocausta.
967 4581 996 4609 n
1045 4560 1191 4615 Cum
1218 4562 1306 4617 vel
1355 4566 1412 4618 te
1458 4579 1562 4635 pro
1606 4563 1777 4621 nobis
1810 4566 1983 4623 offers

2091 3421 2294 3477 fertur.
2328 3423 2475 3478 Nam
2522 3425 2579 3478 in
2626 3441 2726 3481 ore
2776 3427 3114 3501 stultdrum,
3164 3448 3262 3488 cor
3310 3450 3537 3493 eorum.
3586 3421 3666 3497 Ᾱο
3696 3442 3747 3498 si

2091 3510 2345 3567 diceret:
2377 3511 2503 3567 Non
2546 3515 2813 3570 tractavit
2862 3518 3052 3588 corde,
3092 3522 3247 3591 quod
3300 3525 3482 3581 vomit
3511 3544 3580 3584 ex
3609 3546 3743 3587 ore:

2091 3599 2219 3655 ideo
2250 3598 2371 3655 haec
2400 3601 2472 3655 ad
2523 3601 2932 3673 cogitationem
2981 3607 3192 3664 detulit
3240 3609 3478 3685 linguae.
3518 3616 3621 3672 Vel
3653 3618 3750 3675 hic

2092 3687 2293 3759 lingua
2348 3706 2451 3762 pro
2511 3691 2681 3747 corde
2741 3693 3014 3764 ponitur:
3066 3701 3390 3758 secundum
3446 3703 3627 3762 illud:
3675 3709 3749 3766 Tu

2092 3778 2298 3834 dixisti
2328 3780 2383 3833 in
2410 3780 2567 3834 corde
2596 3789 2707 3850 tuo,
2743 3784 2802 3837 in
2833 3784 3029 3840 caelum
3053 3788 3363 3859 ascendam,
3396 3809 3570 3863 super
3597 3806 3749 3855 astra

2089 3867 2216 3922 caeli
2240 3883 2443 3937 ponam
2497 3868 2677 3924 sedem
2727 3887 2924 3938 meam,
2958 3875 3019 3928 in
3072 3882 3251 3933 monte
3304 3885 3642 3951 testamenti,
3684 3889 3745 3943 in

2091 3956 2356 4012 lateribus
2430 3958 2749 4029 aquilonis:
2824 3962 3111 4018 ascendam
3164 3982 3332 4038 super
3382 3963 3742 4032 altitudinem

2089 4045 2359 4136 nubium;
2414 4048 2614 4136 similis
2671 4063 2762 4103 ero
2818 4050 3090 4107 altissimo
3137 4058 3255 4121 (Isa
3308 4073 3423 4126 xxv,
3482 4061 3566 4127 13,
3628 4063 3737 4136 14).

2095 4154 2122 4182 υ
2152 4132 2313 4188 Sicut
2342 4133 2620 4189 novacula
2651 4141 2841 4203 acuta,
2890 4137 3073 4194 fecisti
3126 4141 3347 4199 dolum.
3386 4170 3406 4194 ι
3446 4147 3620 4204 Dolus
3651 4132 3740 4208 est

2090 4236 2223 4275 cum
2256 4219 2413 4275 aliud
2448 4221 2658 4293 agitur,
2693 4222 2849 4279 aliud
2903 4225 3236 4286 simulatur.
3280 4233 3349 4289 Et
3381 4237 3662 4294 novacula
3687 4241 3739 4297 si

2089 4308 2377 4365 assimilet
2405 4326 2574 4382 agere
2619 4309 2816 4368 vultus
2862 4314 3132 4385 nitorem,
3178 4324 3235 4376 et
3280 4338 3459 4393 genas
3501 4325 3740 4384 vulnere

2091 4413 2197 4452 suo
2229 4396 2473 4464 saucict,
2523 4399 2723 4454 dolum
2775 4401 2964 4458 faciet.
3015 4404 3160 4468 Quia
3203 4424 3336 4465 cum
3376 4411 3458 4466 ait
3488 4418 3740 4488 acutam,

2091 4485 2372 4542 indicavit
2403 4487 2534 4542 dolo
2585 4494 2897 4546 versatam.
2953 4493 3047 4549 Sic
3096 4499 3152 4550 et
3189 4495 3371 4554 Διιᾶωί
3404 4485 3746 4572 Dominum,

2093 4590 2269 4646 quem
2298 4572 2487 4630 colore
2517 4576 2857 4647 debuerant,
2893 4596 3007 4636 non
3039 4581 3229 4640 solum
3255 4602 3369 4642 non
3403 4588 3745 4648 coluerunt:

333 4650 528 4741 Patri:
587 4649 747 4741 vela
799 4648 968 4706 nobis
1005 4648 1227 4741 laudes
1264 4655 1341 4741 get
1387 4652 1711 4725 gratiarum
1767 4655 1984 4727 accipis
2016 4669 2060 4734 ι)
2094 4663 2194 4718 sed
2227 4663 2471 4719 diversis
2502 4664 2654 4720 dolis
2685 4682 2962 4738 superare
3004 4672 3278 4741 nitentes,
3310 4676 3748 4738 interfecerunt.

334 4739 616 4796 actiones.
647 4737 773 4805 Vel,
807 4761 835 4789 «
867 4737 1021 4795 muri
1048 4738 1397 4810 Jerusalem,
1426 4764 1452 4790 ››
1484 4741 1726 4798 virtutes
1756 4745 1983 4816 animas,

331 4826 423 4883 vel
457 4826 742 4884 Ecclesia.
779 4848 809 4879 ‹‹
848 4826 1012 4883 Tunc
1060 4829 1390 4901 acceptabis
1439 4830 1831 4901 sacriﬁcium;
1866 4856 1894 4883 ››
1927 4835 1986 4890 id

331 4922 440 4986 est,
475 4916 901 4973 confessionem
959 4933 1026 4973 ex
1081 4933 1180 4974 ore
1236 4918 1576 4990 peccatoris.
1624 4919 1982 4991 Oblationem,

332 5006 443 5062 hoc
474 5009 566 5062 est
592 5004 989 5062 laudationem
1020 5029 1048 5057 «
1083 5011 1141 5063 et
1187 5006 1551 5064 holocausta.
1609 5013 1771 5067 Tunc
1800 5012 1985 5085 impo-

333 5100 474 5151 nent
530 5110 707 5166 super
759 5085 941 5151 altare
992 5098 1118 5151 tum
1175 5096 1409 5151 vitulos.
1460 5118 1482 5146 ι
1542 5099 1745 5166 Attare,
1799 5100 1982 5158 ﬁdes:

334 5185 474 5256 quia
503 5182 788 5256 quidquid
813 5183 986 5240 ofl'ers
1016 5196 1120 5256 per
1146 5185 1322 5241 ﬁdem
1344 5186 1549 5242 ollerre
1574 5188 1752 5244 debes
1777 5207 1789 5245 :
1823 5189 1986 5246 Vitu-

332 5272 480 5339 lum,
514 5272 738 5340 laudes,
770 5272 857 5328 vel
906 5273 1309 5351 cogitationes,
1359 5273 1446 5330 vel
1496 5275 1782 5345 victimas,
1827 5279 1982 5334 scili-

334 5369 443 5434 cet,
472 5366 537 5418 ut
568 5362 861 5435 meipsum
893 5362 1133 5419 offeram
1165 5363 1419 5420 hostiam
1455 5362 1663 5429 vivam,
1696 5372 1982 5440 sanctam,

335 5451 666 5524 placentem
710 5451 838 5507 tibi.
887 5450 1004 5508 Nos
1052 5468 1284 5524 quoque
1331 5451 1536 5508 famuli
1575 5454 1659 5508 tui
1690 5455 1987 5527 supplices

335 5540 741 5613 deprecamur,
804 5540 1047 5596 Domine
1114 5542 1251 5597 Jesu
1316 5540 1563 5612 Christe,
1633 5547 1698 5597 ut
1756 5545 1988 5615 pietatis

329 5627 599 5696 consilio,
648 5628 878 5702 magnis
928 5629 1287 5685 facinoribus
1339 5632 1579 5699 nostris,
1633 5632 1985 5690 immensam

327 5717 795 5777 misericordiam
836 5716 1144 5794 largiaris:
1178 5735 1403 5794 nosque
1444 5737 1550 5798 per
1577 5721 1984 5786 coutritionem

626 5846 889 5908 Peraea.
937 5844 1152 5912 XXVI.

2095 4750 2196 4807 Vel
2247 4752 2449 4808 aliter:
2502 4754 2795 4824 Novaeuta,
2849 4766 3247 4829 persecutores
3300 4764 3747 4842 intelliguntur:

2098 4842 2238 4913 quia
2268 4842 2854 4932 novaculaicapillum
2903 4847 3148 4905 incidit:
3184 4854 3285 4909 sed
3335 4872 3442 4928 per
3474 4859 3751 4932 capillum

2097 4928 2469 5000 superﬂuitas
2514 4930 2848 4989 divitiarum
2898 4936 3265 5011 intelligitur.
3304 4963 3331 4995 α
3362 4928 3747 5004 Sicutwnova-

2095 5018 2227 5108 cula
2253 5023 2443 5108 acuta,
2494 5020 2680 5077 fecisti
2729 5022 2950 5081 dolum.
2990 5049 3017 5075 »
3067 5028 3166 5084 Ille
3212 5032 3349 5086 facit
3389 5033 3611 5106 dolum,
3645 5036 3747 5108 qui

2094 5107 2154 5162 in
2188 5107 2418 5179 negotio
2463 5108 2843 5166 circumvenit
2890 5115 3127 5172 fratrem
3175 5135 3371 5175 suum.
3406 5121 3565 5179 Unde
3595 5107 3746 5180 Pau-

2092 5195 2188 5252 lus
2217 5196 2336 5253 ait:
2368 5202 2535 5254 Nemo
2580 5199 2996 5272 eircumveniat,
3045 5211 3143 5261 aut
3187 5210 3644 5281 supergrediatur
3686 5215 3745 5269 in

2092 5288 2306 5357 negotio
2330 5289 2566 5358 fratrem
2611 5305 2792 5359 suum,
2843 5294 2972 5361 quia
3009 5293 3076 5349 de
3116 5295 3203 5351 his
3249 5299 3502 5355 omnibus
3545 5302 3751 5359 vindex

2094 5382 2173 5431 est
2205 5376 2466 5431 Dominus
2498 5377 2545 5447 (Ι
2569 5377 2703 5432 Tess.
2747 5393 2820 5446 Iv,
2853 5380 2929 5452 6).

2166 5486 2195 5515 (ι
2230 5464 2491 5521 Dilexisti
2524 5466 2805 5522 malitiam
2831 5484 3009 5539 super
3042 5472 3460 5545 benignitatem
3494 5496 3508 5534 :
3536 5478 3756 5553 iniqui-

2096 5557 2279 5609 tatem
2330 5554 2536 5625 magis,
2588 5571 2763 5626 quam
2815 5555 2974 5628 loqui
3035 5562 3397 5631 aequitatem.
3461 5589 3490 5617 ››
3546 5568 3762 5628 Dilexit

2098 5641 2470 5732 populusille
2492 5643 2797 5732 malitiam,
2818 5662 2951 5700 cum
2974 5663 3109 5704 eum
3129 5650 3225 5721 qui
3248 5653 3611 5727 benignitate
3630 5675 3760 5732 pro-

2095 5730 2224 5808 pria
2253 5731 2324 5789 ad
2353 5729 2723 5790 liberandum
2743 5740 3001 5808 venerat,
3033 5739 3347 5800 interemit.
3381 5746 3493 5803 Sed
3518 5751 3573 5807 et
3602 5729 3759 5811 nunc

3399 5872 3476 5941 33
