4314 6570
579 447 730 505 1035

2075 428 2495 490 APPENDlX.

3822 418 3978 478 1036

574 577 688 650 ipsi
717 574 902 633 Judaei
936 573 1081 630 falsa
1121 572 1192 628 de
1219 587 1284 626 eo
1334 569 1391 624 in
1440 583 1615 640 quem
1659 583 1774 622 non
1823 563 2214 629 crediderunt,
2245 562 2300 628 Α
2330 564 2551 629 rantur,
2585 557 2686 630 qui
2715 573 2814 614 eas
2857 554 3064 612 dedit?
3107 553 3252 623 Non,
3305 550 3406 608 sed
3439 547 3661 605 malum
3690 551 3780 605 est
3809 564 3977 622 spem

575 666 1028 740 proloquuntur.

651 805 679 832 «
707 779 969 837 Dilexisti
1019 777 1217 832 omnia
1261 774 1434 830 verba
1484 768 1976 845 praecipitationis,
2021 768 2223 840 lingua

572 871 794 936 dolosa.
828 892 857 920 ››
892 871 953 924 In
987 865 1275 922 excelsum
1309 863 1466 920 enim
1493 860 1861 932 iniquitatem
1891 859 2219 928 loquentes,

576 960 688 1034 ipsi
748 975 809 1014 se
882 955 1249 1028 praecipitant
1321 953 1379 1006 in
1455 951 1732 1017 laqueum
1804 946 2219 1002 damnationis.

576 1073 605 1101 «
642 1048 821 1107 Verba
879 1041 1375 1118 praecipitationis,
1446 1040 1621 1095 dicit:
1681 1037 1820 1109 quia
1879 1035 2222 1118 semctipsos

578 1116 1119 1213 praecipitaverunt:
1174 1133 1327 1188 sicut
1355 1128 1621 1185 diabolus
1669 1128 1739 1182 de
1782 1125 1944 1194 ccelo,
1989 1116 2225 1179 sicut-et

579 1210 764 1284 Adam
794 1227 865 1281 de
885 1223 1176 1297 paradiso.
1209 1221 1268 1276 In
1297 1241 1324 1271 κ
1356 1219 1558 1290 lingua
1581 1216 1802 1286 dolosa,
1835 1237 1860 1264 ››
1897 1213 2034 1285 quia
2065 1210 2224 1266 aliud

578 1318 911 1375 habuerunt
938 1313 997 1369 in
1028 1327 1314 1377 sermone,
1349 1307 1506 1364 aliud
1540 1306 1598 1360 in
1629 1305 1819 1360 corde.

657 1466 679 1494 ι
713 1443 1020 1514 Propterea
1049 1438 1202 1493 Deus
1227 1437 1487 1490 destruet
1516 1437 1571 1487 te
1603 1433 1659 1486 in
1695 1430 1869 1484 ﬁnem
1895 1445 1906 1482 :
1946 1432 2002 1482 et
2027 1424 2229 1480 evellet

583 1540 659 1601 te,
693 1537 749 1589 et
779 1528 1087 1602 emigrabit
1117 1533 1170 1581 te
1200 1526 1270 1579 dc
1299 1519 1675 1579 tabernaculo
1717 1526 1815 1574 tuo
1842 1535 1854 1572 :
1889 1522 1945 1571 et
1976 1514 2226 1570 radicem

585 1629 747 1682 tuam
775 1623 847 1680 de
875 1625 1028 1676 terra
1076 1615 1411 1672 viventium.
1451 1635 1478 1661 ››
1511 1609 1720 1665 Omnia
1751 1608 1868 1662 haec
1902 1607 1958 1660 in
1989 1603 2228 1660 Judaico

582 1713 825 1786 impleta
853 1713 992 1767 sunt
1022 1705 1235 1779 populo
1261 1721 1272 1759 :
1309 1702 1445 1775 quia
1475 1705 1533 1756 et
1561 1717 1594 1754 a
1614 1698 1758 1770 legis
1788 1696 1980 1750 littera
2010 1694 2232 1749 destru-

581 1782 733 1870 ctu—s,
762 1806 818 1856 et
864 1795 1100 1854 evulsus
1149 1795 1219 1848 de
1267 1792 1532 1847 civitate:
1589 1787 1992 1860 migratusque
2041 1782 2230 1838 estde

582 1887 956 1949 tabernaculo
990 1884 1110 1940 Dei.
1165 1883 1274 1938 Sed
1317 1885 1372 1936 et
1410 1881 1481 1935 de
1511 1878 1603 1934 his
1650 1877 1771 1931 haec
1802 1873 2226 1943 intelliguntur,

583 1981 684 2058 qui
718 1996 834 2036 non
864 1976 1111 2034 credunt
1143 1970 1423 2028 Dominici
1461 1965 1718 2038 corporis
1749 1959 2189 2020 tabernaculum
2217 1975 2230 2024 ;
2265 1942 2309 2006 Β

583 2053 723 2144 quia
750 2064 1296 2124 exterminabuntur
1316 2077 1350 2115 a
1371 2056 1661 2114 consortio
1689 2053 1969 2109 claritatis
1992 2053 2140 2121 ejus,
2166 2064 2230 2102 ac

583 2140 653 2222 de
708 2160 886 2216 beatae
935 2152 1091 2210 sedis
1122 2147 1476 2214 habitaculo,
1502 2145 1588 2200 vel
1632 2145 1701 2199 de
1731 2140 2048 2197 viventium
2079 2143 2234 2192 terra

584 2266 764 2324 quam
790 2245 976 2304 sancti
1006 2240 1454 2298 haereditabunt.
1490 2233 1613 2302 Vel,
1649 2257 1674 2283 ‹‹
1711 2232 1970 2287 destruet
1999 2233 2055 2284 te
2086 2228 2234 2283 Deus

585 2317 645 2396 in
678 2339 876 2401 ﬁnem,
907 2355 934 2388 υ
971 2334 1079 2388 hoc
1109 2335 1197 2388 est
1223 2328 1565 2384 memoriam
1589 2322 1826 2378 diaboli.
1862 2319 1932 2375 Ut
1957 2318 2130 2374 alibi:
2171 2317 2234 2378 Ut

585 2445 695 2492 non
727 2428 966 2499 apponat
995 2423 1142 2478 ultra
1169 2417 1521 2488 magniﬁcare
1565 2430 1621 2468 se
1652 2413 1811 2467 homo
1837 2424 2003 2481 super
2030 2412 2235 2462 terram

588 2494 846 2590 (Ρδαιίᾶζ,
877 2515 985 2583 18).
1015 2511 1178 2567 Unde
1209 2512 1448 2565 sanctus
1475 2501 1691 2558 Paulus
1722 2503 2023 2572 apostolus
2054 2494 2232 2551 dixit:

585 2585 650 2670 In
676 2607 854 2664 ﬁnem
876 2601 1220 2662 saeculorum
1243 2595 1484 2652 inimica
1505 2594 1837 2649 destruetur
1860 2604 2016 2643 mors
2037 2586 2084 2655 (Ι
2113 2585 2231 2640 Cor.

587 2715 680 2770 xv,
712 2698 802 2767 26)
827 2713 840 2750 :
866 2695 922 2750 id
947 2696 1054 2762 est,
1083 2686 1371 2745 diabolus.
1408 2704 1428 2732 ιι
1456 2681 1674 2739 Evellet
1691 2685 1746 2736 te
1776 2684 1832 2734 et
1853 2674 2163 2747 emigrabit
2183 2677 2237 2770 te

587 2763 1060 2846 de'tabernaculo
1111 2785 1230 2844 tuo,
1263 2780 1319 2831 et
1367 2773 1619 2829 radicem
1659 2776 1823 2825 tuam
1869 2768 1940 2822 de
1973 2773 2124 2820 terra
2153 2763 2236 2819 vi-

586 2876 869 2938 ventium.
905 2896 933 2923 »
964 2872 1038 2927 Ut
1070 2885 1226 2924 mors
1277 2867 1336 2920 in
1367 2864 1550 2920 Adam
1600 2861 1735 2916 data
1780 2862 1901 2914 est:
1936 2856 2017 2910 ita
2045 2852 2237 2910 omni-

591 2968 704 3023 bus
735 2966 862 3036 ejus
896 2961 1033 3016 liliis
1064 2956 1420 3013 dominatur.
1473 2951 1636 3006 Unde
1667 2949 1889 3004 dictum
1921 2949 2044 3036 est:
2082 2945 2243 2999 Terra

589 3072 669 3124 es,
697 3032 867 3110 el'in
921 3059 1126 3106 terram
1183 3045 1286 3099 ibis
1344 3040 1498 3111 (Gen.
1561 3055 1645 3106 Ill,
1701 3036 1811 3107 49).
1876 3032 2148 3090 Diabolus
2187 3034 2244 3124 et

591 3119 778 3204 Adam
809 3138 1250 3197 eradicaverunt
1298 3148 1397 3188 se:
1445 3133 1501 3185 et
1543 3125 1950 3198 unusquisque
1992 3121 2074 3178 sic
2107 3119 2246 3177 facit

595 3232 830 3306 quando
856 3231 1072 3302 peccat.

2330 649 2389 705 in
2422 648 2638 704 divitiis
2670 662 2882 719 ponere
2909 663 2921 701 :
2955 661 3088 700 cum
3137 644 3197 698 in
3229 640 3342 697 alio
3392 639 3619 712 psalmo
3650 637 3844 694 dicat:
3878 638 3981 693 Di-

2330 740 2480 794 vitias
2509 739 2557 793 si
2586 738 2842 808 afﬂuant,
2874 734 3044 790 nolite
3087 749 3180 789 cor
3207 745 3487 803 apponere
3518 728 3688 800 (Psal.
3723 744 3832 795 LXI,
3869 727 3980 796 11).

2332 827 2576 883 Divitias
2605 825 2737 880 licet
2765 823 2978 879 habere
3008 821 3079 876 ad
3132 819 3559 884 necessitatem,
3605 820 3662 874 et
3703 832 3817 872 non
3849 815 3982 871 licet

2332 917 2632 987 possidere
2663 930 2728 968 ex
2778 928 2994 967 amore.
3037 909 3184 965 Nam
3215 913 3272 964 et
3319 906 3635 974 Abraham,
3686 909 3744 961 et
3771 903 3982 977 reliqui

2333 1005 2469 1059 boni
2527 1001 2756 1057 divitias
2812 999 3178 1055 habuerunt:
3254 997 3354 1052 sed
3413 1012 3576 1070 spem
3635 993 3693 1050 in
3751 991 3984 1051 divitias

2335 1109 2449 1148 non
2484 1092 2792 1146 miserunt.

2407 1182 2583 1254 «Ego
2631 1184 2826 1235 autem
2879 1178 3030 1232 sicut
3077 1176 3226 1231 oliva
3273 1174 3573 1230 fructifera
3619 1174 3678 1228 in
3727 1173 3982 1229 domo.»

2335 1272 2645 1342 Comparat
2675 1285 2738 1323 se
2767 1266 3055 1338 Propheta
3086 1264 3245 1319 olivae
3278 1261 3586 1318 fructiferae
3613 1278 3714 1334 per
3741 1260 3985 1334 pingue-

2338 1367 2531 1422 dinem
2582 1364 2919 1439 sapientiae:
2973 1368 3039 1420 ut
3089 1363 3148 1417 in
3193 1359 3449 1418 Ecclesia
3498 1361 3599 1416 Dei
3643 1359 3984 1428 collocatus,

2336 1459 2534 1512 vivens
2561 1455 2618 1510 in
2653 1454 2796 1526 legis
2827 1451 3126 1526 allegoria,
3152 1450 3483 1523 evangelica
3513 1450 3764 1522 proferat
3793 1466 3985 1523 poma.

2339 1545 2502 1601 Unus
2533 1550 2621 1599 est
2667 1545 2822 1598 enim
2859 1544 3008 1598 Deus
3050 1541 3277 1597 Veteris
3325 1539 3582 1612 Novique
3629 1540 3986 1600 Testamenti

2340 1639 2615 1707 prolator.
2649 1633 2804 1687 Oliva
2847 1631 3161 1704 fructifera,
3212 1634 3415 1686 sancta
3463 1626 3719 1686 Ecclesia
3767 1631 3889 1689 est:
3925 1632 3989 1683 ut

2338 1723 2521 1779 illud:
2564 1722 2955 1794 Promptuaria
3001 1709 3200 1776 eorum'
3232 1719 3421 1793 plena,
3475 1717 3780 1774 eructantia
3815 1717 3988 1788 (Psal.

2339 1829 2531 1875 cxmn,
2563 1810 2795 1884 l3).llic
2844 1810 2902 1864 in
2954 1809 3167 1866 bonam
3217 1812 3463 1880 partem.
3523 1808 3663 1864 Item
3694 1805 3842 1862 oliva
3871 1822 3988 1864 non

2343 1901 2678 1957 fructifera:
2742 1899 2895 1955 sicut
2942 1897 3022 1953 ait
3081 1897 3401 1970 propheta:
3464 1898 3675 1953 Vocavit
3727 1895 3991 1952 Dominus

2339 2007 2533 2046 nomen
2563 1993 2738 2054 tuum,
2769 2005 2804 2043 a
2832 2003 2958 2044 voce
2988 1987 3217 2057 loquelae
3258 1985 3486 2057 grandis
3515 1987 3727 2041 exarsit
3755 1986 3898 2055 ignis
3928 1987 3990 2040 in

2340 2097 2425 2149 ea,
2483 2083 2535 2134 et.
2582 2077 2853 2136 combusta
2900 2086 3032 2131 sunt
3079 2079 3285 2147 fruteta
3329 2075 3446 2148 ejus
3495 2076 3710 2145 (Jerem,
3762 2091 3838 2141 χι,
3882 2075 3990 2142 l6).

2341 2169 2411 2223 Et
2469 2166 2652 2222 illud:
2711 2165 2922 2220 Olivam
2979 2164 3219 2233 uberem,
3278 2162 3567 2235 pulchram
3621 2164 3991 2234 fructi/eram,

2341 2259 2637 2329 speciosam
2685 2254 2911 2325 (Ibid);
2970 2256 3070 2309 sed
3115 2269 3393 2308 conversa
3441 2268 3501 2308 es
3548 2252 3608 2306 in
3654 2251 3991 2308 oleastrum.

2345 2347 2488 2402 Item
2520 2345 2578 2400 in
2614 2345 2828 2399 bonam
2877 2346 3104 2414 partem
3148 2340 3326 2397 dicit:
3359 2344 3441 2396 Tu
3483 2345 3678 2396 autem
3711 2355 3843 2396 cum
3875 2338 3993 2395 ole-

2345 2438 2500 2488 aster
2530 2447 2710 2498 esses,
2741 2429 2996 2485 insertus
3026 2445 3087 2484 es
3119 2428 3178 2484 in
3211 2429 3422 2483 bonam
3455 2426 3669 2484 olivam
3700 2427 3878 2497 (Rom.
3914 2443 3994 2494 ιι,

2348 2523 2472 2592 17);
2507 2521 2564 2576 id
2596 2525 2704 2585 est,
2738 2519 2797 2573 in
2844 2520 3017 2574 tidem
3071 2517 3560 2589 patriarcharum.
3607 2538 3635 2568 «
3668 2516 3903 2589 Speravi
3933 2517 3995 2571 in

2346 2609 2745 2666 misericordia
2788 2607 2887 2663 Dei
2931 2608 2990 2661 in
3041 2612 3342 2674 aeternum,
3377 2611 3436 2662 et
3487 2606 3545 2661 in
3579 2605 3857 2662 saeculum
3889 2622 3994 2662 sae-

2347 2698 2485 2754 culi.
2522 2721 2548 2749 ››
2583 2697 2728 2762 Quia
2754 2713 2869 2752 non
2916 2700 3006 2752 est
3035 2695 3308 2751 humanae
3360 2694 3695 2768 fragilitatis
3727 2695 3995 2762 facultas,

2349 2794 2414 2844 ut
2443 2805 2544 2862 per
2573 2805 2635 2844 se
2665 2787 2796 2860 quis
2841 2786 3058 2853 salvus,
3094 2785 3214 2852 ﬁat,
3261 2785 3364 2841 sed
3405 2802 3508 2858 per
3538 2784 3996 2840 misericordiam

2349 2879 2472 2935 Dei.

2424 2991 2451 3018 ‹‹
2484 2967 2813 3023 Conﬁtebor
2858 2965 2963 3021 tibi
2994 2964 3055 3020 in
3087 2963 3365 3021 saeculum
3399 2965 3536 3036 quia
3567 2963 3773 3021 fecisti.
3825 2986 3853 3014 ››
3891 2963 4001 3020 De-

2353 3073 2597 3130 precans
2626 3061 2690 3111 ut
2745 3055 2806 3110 in
2841 3055 2949 3110 hoc
3008 3053 3242 3126 saeculo,
3305 3054 3458 3127 quod
3496 3055 3671 3110 verbo
3727 3055 3934 3110 creasti
3967 3076 3997 3105 ››

2353 3146 2780 3204 confessionem
2816 3160 3058 3213 merear,
3092 3148 3148 3200 et
3176 3143 3318 3199 illud
3353 3142 3662 3200 clementia
3690 3141 3858 3200 solita
3888 3142 4002 3198 lar-

2356 3237 2568 3310 giatur.
2604 3259 2630 3285 «
2689 3229 2768 3289 Et
2810 3235 3122 3306 expectabo
3179 3249 3391 3289 nomen
3449 3237 3658 3289 tuum:
3721 3232 4000 3304 quoniam

669 3374 696 3401 ((
728 3347 1020 3406 Videbunt
1041 3340 1210 3414 justi,
1263 3343 1318 3394 et
1353 3336 1677 3419 otimebunt.
1712 3354 1739 3381 »
1788 3329 2039 3386 Natalia
2070 3345 2242 3400 appe-
2275 3314 2318 3381 C
2357 3327 2576 3382 bonum
2633 3328 2723 3380 est
2780 3323 2837 3378 in
2897 3326 3208 3394 conspecta
3265 3325 3606 3377 sanctorum
3664 3326 3920 3377 tuorum.
3975 3342 4000 3371 ι

595 3443 739 3497 tant.
770 3461 796 3488 ‹‹
831 3437 901 3491 Et
931 3448 1110 3505 super
1154 3445 1287 3485 eum
1339 3417 1630 3480 ridebunt.
1664 3445 1690 3472 ››
1729 3426 1802 3476 De
1845 3419 2065 3474 ultione
2091 3417 2242 3473 cala-

597 3528 818 3585 mitatis
853 3526 1001 3596 ejus.
1057 3519 1335 3584 Videbunt,
1386 3515 1495 3570 hoc
1544 3517 1631 3567 est
1677 3509 2004 3580 intelligent
2041 3521 2242 3562 eorum

596 3633 826 3696 poenam
857 3593 927 3670 ελ(
983 3612 1051 3666 Et
1096 3607 1406 3672 timebunt,
1471 3627 1498 3652 »
1550 3602 1703 3656 sicut
1748 3603 1981 3696 sanctus
2015 3593 2244 3696 Paulus

596 3685 772 3763 dicit:
815 3702 939 3761 Vide
957 3717 1028 3755 ne
1056 3705 1108 3754 et
1142 3701 1200 3752 tu
1229 3695 1450 3751 tenteris
1479 3691 1678 3760 (Galat.
1714 3707 1787 3755 νι,
1827 3689 1897 3756 1).
1930 3685 2052 3753 Vel,
2086 3687 2243 3740 time-

597 3797 763 3852 bunt:
798 3793 856 3847 id
889 3795 998 3858 est,
1022 3787 1284 3843 nescient
1315 3783 1532 3838 exitum
1554 3780 1806 3835 illorum.
1841 3776 2003 3831 Unde
2024 3774 2243 3828 dictum

596 3889 722 3941 est:
759 3883 932 3938 Nescit
961 3879 1116 3933 homo
1155 3877 1323 3946 ﬁnem
1346 3887 1504 3926 suum
1549 3870 1768 3940 (Eccles.
1804 3883 1879 3930 ιχ,
1914 3865 2022 3934 12).
2061 3862 2243 3927 Ahuc,

595 3975 671 4031 Et
698 3988 866 4042 super
891 3985 1020 4027 eum
1047 3965 1319 4022 ridebunt.
1357 3966 1475 4015 Duo
1516 3964 1780 4029 tempora
1811 3958 1948 4010 sunt
1977 3971 1988 4008 :
2026 3953 2247 4024 Tempus

597 4063 787 4137 ﬂendi,
819 4069 869 4118 et
898 4068 1108 4130 tempus
1157 4053 1375 4109 ridendi
1425 4050 1617 4120 (Eccle.
1652 4064 1736 4102 ιιι.
1780 4046 1855 4115 li).
1896 4043 1998 4098 Hic
2029 4042 2248 4097 habent

598 4129 784 4211 sancti
816 4129 1049 4220 tempus
1081 4143 1276 4210 flendi,
1305 4147 1362 4197 et
1390 4141 1448 4194 in
1482 4139 1676 4194 futuro
1711 4141 1944 4205 tempus
1978 4129 2244 4197 ridendi;

602 4263 631 4294 ι(
661 4243 729 4298 Et
757 4241 986 4297 dicent:
1021 4252 1152 4292 ecce
1197 4234 1374 4288 homo
1407 4229 1506 4301 qui
1557 4243 1671 4281 non
1702 4224 1898 4295 posuit
1927 4222 2110 4276 Deum
2142 4220 2243 4275 ad-

587 4333 850 4404 jutorem
881 4343 1055 4385 suum
1086 4344 1098 4381 :
1132 4323 1232 4380 sed
1265 4318 1488 4393 speravi
1519 4317 1577 4370 in
1615 4313 1989 4369 multitudine
2019 4309 2242 4366 divitia-

596 4399 728 4476 rum
761 4433 1002 4475 suarum
1031 4433 1043 4471 :
1076 4417 1132 4469 et
1176 4407 1475 4484 praevaluit
1505 4405 1562 4459 in
1602 4403 1852 4458 vanitate
1885 4417 2011 4455 sua.
2052 4423 2079 4449 ››
2113 4399 2245 4454 Ideo

597 4525 774 4581 super
817 4523 950 4563 eum
1013 4505 1133 4558 lucc
1183 4498 1443 4554 vindicta
1501 4492 1816 4549 descendit.
1871 4489 1972 4544 Vel
2021 4489 2091 4545 de
2148 4486 2245 4541 illo

599 4577 777 4654 divite
805 4595 964 4651 dicit.
1000 4593 1099 4664 qui
1132 4591 1193 4644 in
1226 4588 1450 4642 inferno
1496 4583 1899 4654 torquebatur,
1927 4578 2066 4649 quia
2095 4577 2248 4632 bona

597 4689 894 4758 receperat
943 4683 1001 4736 in
1059 4681 1175 4734 vita
1223 4695 1330 4734 sua
1378 4677 1526 4746 (Luc.
1576 4690 1692 4742 xw,
1746 4671 1874 4737 25):
1925 4674 1980 4723 et
2027 4669 2097 4722 de
2145 4665 2244 4721 illo
2277 4690 2322 4754 Β

597 4775 710 4832 alio
737 4774 830 4829 cui
880 4771 1054 4826 dicit:
1105 4770 1300 4834 Stulte,
1345 4767 1446 4820 hac
1494 4771 1641 4818 nocte
1689 4763 1940 4816 animam
1976 4762 2128 4812 tuam
2155 4771 2242 4811 rc-

591 4869 778 4939 petent
809 4880 842 4917 α
871 4871 924 4917 te
942 4880 964 4926 ;
992 4876 1110 4932 quae
1141 4867 1322 4913 autem
1350 4855 1559 4928 parasti
1588 4853 1744 4923 cujus
1791 4857 1954 4904 erunt
1982 4849 2130 4918 (Luc.
2165 4862 2241 4912 χι,

593 4934 734 5026 ΞΟΠ
764 4953 857 5009 Sic
910 4956 1001 5007 est
1049 4949 1147 5021 qui
1201 4947 1313 5002 sibi
1364 4942 1739 5011 thesaurizat,
1791 4943 1848 4994 et
1895 4953 2010 4992 non
2057 4939 2148 4991 est
2184 4934 2244 4988 in

594 5025 778 5101 Deum
811 5043 992 5098 dives.
1024 5037 1321 5109 Numquid
1374 5033 1593 5089 malum
1626 5031 1703 5085 sit
1748 5028 1979 5083 divitias
2010 5025 2243 5090 habere,

593 5140 827 5191 tantum
860 5138 924 5188 ut
950 5131 1020 5185 de
1045 5129 1209 5200 justo
1242 5126 1604 5181 habeantur:
1642 5124 1699 5176 et
1728 5119 1843 5174 Deo
1876 5115 2073 5188 gratiis
2107 5115 2246 5169 rete-

667 5317 682 5349 ¹
715 5311 991 5368 Amalech
1023 5325 1235 5365 nomen
1286 5321 1390 5360 nec
1438 5303 1497 5356 in
1534 5300 1772 5354 Hebraeo
1823 5311 1926 5349 nec
1956 5294 2016 5347 in
2049 5293 2243 5368 Graeco

594 5364 1050 5444 aut—batino'est
1075 5364 1263 5436 textu.
1299 5374 1684 5446 Scriptionem
1721 5381 1954 5446 quoque
1986 5364 2244 5446 nominis

590 5437 949 5531 ipsa—stitatim
986 5450 1386 5531 interpretatio
1415 5437 1622 5531 reiicit.
1679 5437 1814 5496 nam
1846 5437 2099 5531 Amalech
2128 5452 2240 5490 non

1035 5509 1907 5604 interpretatur"Hiieronyrnus,
1941 5509 2038 5604 sed
2068 5524 2242 5604 popu-

594 5583 710 5666 lum
740 5599 1030 5662 labentem,
1081 5583 1207 5650 etc:
1242 5589 1659 5662 Corrigendum
1711 5583 1883 5654 vulgo
1934 5585 2141 5652 putant
2183 5583 2241 5634 in

590 5688 924 5754 MachaIath,
983 5683 1257 5741 llebraice
1294 5667 1489 5747 nhnm,
1541 5679 1642 5754 agt
1675 5669 1958 5754 ,Μαριειιιε
2003 5673 2100 5754 ιι]ιὶ
2137 5669 2240 5725 La-

592 5742 700 5823 iiii
734 5742 969 5834 quidem
1016 5756 1244 5815 codices
1289 5742 1526 5812 habent.
1583 5745 1694 5805 Sed
1728 5758 1914 5819 neque
1945 5742 2103 5798 istud
2138 5758 2242 5799 no-

2355 3416 2575 3474 Nomen
2608 3412 2752 3468 illud
2787 3416 2920 3468 ante
2941 3416 3153 3468 cuncta
3183 3409 3397 3467 saecula
3422 3410 3816 3477 benedictum,
3846 3410 4003 3482 quod

2354 3505 2544 3560 reddit
2573 3501 2795 3559 sanctis
2834 3501 3098 3557 debitum
3152 3500 3480 3574 praemium.
3529 3499 3690 3564 Quod
3724 3497 4007 3572 propheta

2354 3595 2558 3650 sitiens
2617 3590 2909 3664 postulat:
2970 3595 3034 3646 ut
3087 3590 3146 3646 in
3218 3595 3534 3662 conspectu
3592 3590 3718 3662 ejus
3776 3592 4002 3644 aeternae

2353 3680 2736 3738 beatitudinis
2785 3679 3034 3750 accipiat
3080 3683 3320 3735 sortem.
3371 3679 3478 3744 Qui
3522 3677 3691 3734 nobis
3733 3680 4003 3749 praestare

2353 3772 2643 3842 dignetur,
2668 3773 2732 3824 ut
2755 3769 2826 3824 ab
2849 3769 3008 3824 omni
3032 3767 3163 3823 dolo
3195 3767 3380 3836 liberi,
3406 3768 3477 3822 ab
3503 3767 3662 3822 omni
3695 3765 4004 3838 iniquitate

2355 3858 2642 3930 mundati,
2699 3857 2911 3912 Filium
2960 3857 3060 3912 Dei
3111 3856 3393 3928 aequalem
3441 3855 3596 3912 Patri
3641 3853 4002 3927 Spirituique

2355 3953 2556 4005 sancto
2609 3947 2882 4014 confessi,
2941 3963 3273 4012 mereamur
3329 3946 3483 4002 sicut
3527 3943 3679 4002 oliva
3707 3943 4007 4000 fructifera

2355 4037 2415 4092 in
2442 4035 2769 4092 Jerusalem
2802 4033 3016 4091 caelesti
3048 4034 3319 4113 plantari.

2938 4141 3266 4198 PSALMUS
3307 4141 3424 4198 LII.

2428 4235 2483 4288 In
2514 4234 2702 4306 ﬁnem,
2725 4248 2822 4304 pro
2844 4231 3134 4306 Amalecb,
3153 4231 3461 4306 intellectus
3486 4231 3593 4306 ipsi
3619 4229 3814 4306 David.
3840 4233 4007 4290 Ama-

2426 4303 2550 4359 lech
2573 4303 3020 4387 interpretatur,
3047 4303 3234 4386 dolens
3251 4305 3306 4387 1,
3343 4303 3463 4387 sive
3491 4303 3809 4387 parturiens
3831 4318 3848 4384 _;
3880 4316 4003 4368 cor-

2427 4393 2537 4448 pus
2569 4372 2785 4448 Christi
2830 4375 3198 4448 intelligitur.
3251 4375 3319 4429 Et
3363 4372 3655 4448 Dominus,
3687 4372 3872 4448 doluit
3899 4387 4003 4443 pro

2427 4445 2677 4519 peccatis
2705 4447 2925 4519 nostris
2949 4462 2962 4503 :
2996 4445 3360 4519 q'uiaiverum
3389 4462 3603 4519 corpus
3632 4445 3759 4519 fuit,
3779 4448 3836 4519 et
3868 4457 4000 4514 par-

2427 4513 2831 4600 turivitﬁlios.
2855 4513 3202 4600 EtEcclesia
3229 4534 3440 4600 corpus
3461 4513 3696 4600 Christi,
3715 4513 3880 4600 dolet
3897 4529 4002 4586 pro

2427 4591 2679 4663 peccatis
2710 4591 2871 4663 suis,
2890 4595 2946 4646 et
2973 4589 3239 4663 aliorum,
3269 4586 3688 4663 etiparturivib
3710 4586 4005 4663 ﬁliospar

2426 4657 2667 4718 verbum
2700 4657 3164 4735 praedicationis:
3199 4657 3264 4716 ut
3291 4657 3434 4735 illud
3467 4678 3478 4715 :
3515 4665 3623 4735 Per
3648 4657 4004 4735 Evangelium

2423 4751 2516 4806 ego
2545 4751 2631 4790 vos
2685 4728 2851 4805 g'enui
2908 4736 2954 4804 (Ι
3011 4733 3132 4789 Cor.
3168 4751 3244 4803 IV,
3297 4733 3404 4806 15).
3456 4737 3526 4787 Et
3581 4728 4006 4806 itemzAiFitioli

2424 4801 2552 4876 mei,
2585 4801 2717 4878 quos
2747 4801 2950 4862 iterum
2967 4801 3444 4878 parturio,pdcnec
3461 4806 3729 4874 formetur
3757 4801 4003 4858 Christus

2427 4881 2485 4933 in
2515 4876 2665 4934 vobis
2694 4879 2889 4948 (Galat
2923 4895 3000 4948 1v,
3038 4878 3148 4949 19).
3203 4876 3305 4938 Hic
3331 4879 3594 4949 psalmus
3623 4889 3834 4949 vocem
3868 4887 4005 4928 con-

2429 4951 2582 5075 gius:
2624 4944 2914 5022 prophetae
2965 4944 3298 5022 peccatores
3331 4944 3524 5020 ‘atque
3568 4945 3780 5020 impios
3819 4944 4005 5004 incre-

2466 5038 2497 5075 a
2571 5037 2638 5075 IS.

2425 5037 2638 5092 panus.

2433 5129 2454 5158 ε
2488 5109 2640 5165 Dixit
2684 5109 2969 5182 insipiens
3020 5109 3080 5164 in
3132 5109 3303 5165 corde
3349 5125 3495 5165 suo:
3549 5124 3662 5164 non
3705 5109 3796 5163 est
3825 5105 4004 5162 Deus.

2356 5306 2487 5345 men
2520 5288 2756 5363 exponit
2799 5292 2856 5343 S.
2904 5288 3105 5363 doctor
3147 5290 3566 5363 parturientem,
3618 5286 3760 5363 quin
3810 5284 4003 5363 potius

2353 5355 2609 5427 chorum;
2644 5379 2746 5416 seu
2792 5355 3194 5431 symphoniam,
3247 5365 3310 5414 ut
3339 5355 3756 5431 in,epist.j2l,
3797 5355 3865 5411 ad
3896 5355 3999 5431 Da-

2353 5416 2668 5489 nzrasum'de
2698 5416 3106 5503 ﬁliovpr'odigo.
3140 5416 3205 5485 Et
3251 5448 3386 5489 vero
3414 5416 3594 5503 511373.
3624 5416 4007 5503 Chorumde-

2354 5512 2575 5572 notare,
2623 5499 2864 5559 constat
2901 5499 3050 5574 psal.
3101 5519 3283 5570 cxmx,
3333 5504 3367 5557 3
3416 5509 3472 5561 et
3527 5501 3685 5570 alibi,
3743 5518 3778 5556 a
3812 5499 4004 5564 radice

2352 5581 2475 5666 5m,
2543 5595 2807 5666 saltare._
2841 5592 3001 5666 Quod
3030 5593 3122 5666 ‘si
3197 5595 3578 5666 pqturientem
3622 5584 4006 5666 interpretari

2353 5661 2635 5812 ppgi'zteat,
2670 5683 2703 5722 a
2750 5661 2896 5722 Chul
2947 5661 3306 5729 deﬂectenda
3351 5665 3431 5724 sit
3479 5661 3735 5722 nominis
3781 5661 4005 5740 etymo-
