4314 6584
286 504 437 564 1037

286 725 403 790 lus,
432 739 540 778 non
566 726 646 778 est
673 723 828 777 Deus.
864 724 945 775 Ac
992 720 1040 776 si
1094 719 1268 776 dicat.
1299 769 1302 772 .
1331 739 1444 776 non
1506 725 1594 776 est
1666 721 1931 776 Christus

289 811 470 868 Filius
493 811 615 867 Dei.

366 922 387 951 ι
419 898 688 972 Corrupti
719 903 876 955 sunt.
915 922 934 948 η
974 899 1052 955 De
1079 899 1204 972 lege
1235 899 1397 954 bonae
1439 903 1680 955 naturae.
1715 923 1742 949 «
1776 900 1924 954 Abo-

296 987 604 1045 minabiles
649 988 786 1044 facti
814 992 972 1044 sunt.
1007 1010 1034 1037 ››
1062 988 1177 1043 Hoc
1203 993 1310 1055 est,
1335 987 1583 1044 odibiles
1607 988 1741 1043 facti
1773 996 1932 1043 sunt.

295 1101 322 1128 «
356 1079 417 1133 In
447 1077 860 1150 iniquitatibus
894 1076 1038 1132 suis.
1077 1099 1103 1125 ››
1137 1076 1253 1131 Hoc
1311 1083 1418 1143 est,
1483 1076 1541 1130 in
1601 1077 1933 1131 desideriis.

293 1167 438 1222 suis.
471 1167 654 1222 Deum
686 1166 851 1222 stulti
884 1182 1016 1220 cum
1049 1182 1146 1220 ore
1196 1181 1404 1236 negare
1464 1165 1591 1220 ausi
1651 1182 1764 1220 non
1798 1165 1939 1231 sint,

293 1256 464 1311 corde
493 1260 691 1312 tamen
721 1255 922 1310 dicunt
954 1270 1088 1309 eum
1139 1271 1253 1309 non
1314 1270 1441 1308 esse
1477 1271 1488 1308 :
1523 1253 1583 1308 in
1618 1270 1732 1325 quo
1786 1253 1940 1308 malo

300 1343 608 1400 horribiles
637 1348 693 1399 et
723 1342 1145 1399 abominabiles
1178 1343 1291 1398 Deo
1324 1342 1490 1397 ﬁunt.
1517 1365 1543 1391 ‹‹
1576 1342 1702 1397 Non
1733 1341 1941 1414 estqui

306 1432 478 1488 faciat
505 1433 723 1487 bonum
760 1449 771 1487 :
807 1448 922 1487 non
956 1434 1042 1486 est
1064 1447 1247 1501 usque
1279 1430 1351 1485 ad
1385 1447 1588 1485 unum.
1628 1454 1653 1479 ››
1687 1430 1811 1485 Non
1872 1431 1942 1484 dc

300 1521 594 1588 omnibus,
625 1521 724 1575 sed
749 1521 818 1575 de
852 1519 942 1575 his
972 1520 1244 1574 omnibus
1308 1522 1560 1587 tantum,
1617 1519 1716 1590 qui
1762 1523 1941 1572 Deum

298 1615 534 1680 negant,
569 1609 850 1682 propheta
881 1609 1043 1673 dicit,
1095 1607 1236 1680 quia
1286 1606 1592 1680 aliquoties
1651 1607 1804 1662 bona
1863 1607 1944 1661 lo-

299 1701 584 1770 quuntur,
618 1713 918 1768 nunquam
955 1702 1146 1751 tamen
1179 1697 1420 1751 faciunt.

376 1818 396 1844 ε
430 1794 709 1850 Dominus
741 1795 812 1850 de
843 1795 985 1850 ccelo
1014 1794 1308 1866 prospexit
1342 1811 1518 1867 super
1549 1793 1700 1848 ﬁlios
1758 1793 1947 1850 homi-

303 1899 468 1950 num,
501 1887 568 1940 ut
594 1883 788 1939 videat
827 1883 878 1939 si
936 1887 1024 1939 est
1073 1883 1427 1956 intelligens,
1489 1888 1591 1938 aut
1650 1883 1950 1954 requirens

1446 503 1732 562 BREVIA
1748 501 1940 562 RIUM
1988 503 2064 562 ΙΝ
2114 503 2494 562 PSALMOS.

286 666 352 676 -η
386 657 411 686 ι(
445 634 598 690 Dixit
631 633 909 706 insipiens,
945 632 1190 704 populos
1219 631 1525 700 Judaicus,
1573 633 1691 688 sive
1723 633 1926 688 diabo-
1962 636 2012 701 Α

3545 505 3697 563 1038

2120 655 2144 680 α
2179 632 2319 695 Quis
2353 633 2514 687 dabit
2543 649 2612 686 ex
2643 631 2778 686 Sion
2811 630 3065 686 salutare
3098 629 3271 685 Israel
3303 631 3330 684 ‘l
3359 652 3386 680 ››
3420 631 3493 684 De
3538 632 3691 701 Sion,

2047 725 2108 774 ut
2139 720 2218 775 ait
2250 720 2550 791 propheta,
2583 720 2755 775 exibit
2794 720 2920 788 Lee,
2956 727 3005 774 et
3062 721 3287 774 verbum
3346 721 3572 775 Domini
3625 721 3691 777 de

2042 810 2344 864 Jerusalem
2377 809 2505 879 (Isa.
2542 827 2600 878 ιι,
2633 809 2708 880 2),
2753 831 2779 857 ‹‹
2835 809 2976 872 Quis
3025 808 3240 863 dabit?
3275 828 3302 860 α
3335 808 3486 864 Deus
3517 813 3688 866 Pater

2046 898 2208 952 dedit
2251 897 2463 951 Filium
2497 914 2670 952 suum
2703 896 2760 950 in
2784 897 2920 951 Sion
2953 915 2965 964 ;
3001 896 3109 952 hoc
3141 901 3249 965 est,
3305 896 3363 951 in
3426 901 3692 954 sanctam

2046 986 2385 1042 Ecclesium.
2421 1010 2447 1034 «
2483 985 2747 1041 Salutare
2797 985 2990 1040 Israel.
3052 1008 3078 1034 ››
3139 984 3428 1041 Salutaris
3491 992 3701 1044 noster

2048 1075 2315 1130 Christus
2341 1080 2449 1130 est.
2481 1074 2622 1138 Quis
2654 1074 2814 1130 dabit
2845 1074 2956 1128 nisi
3008 1074 3294 1130 Dominus
3327 1075 3384 1130 in
3445 1077 3699 1132 adventu

2050 1180 2178 1230 suo,
2212 1181 2312 1237 per
2343 1180 2517 1235 quem
2569 1163 2816 1236 gloriam
2873 1164 3214 1218 aeternitatis
3267 1164 3644 1236 speculamur
3670 1164 3699 1219 ‘I

2051 1276 2078 1302 ‹‹
2111 1258 2254 1308 Cum
2285 1252 2556 1308 averterit
2608 1253 2885 1307 Dominus
2917 1252 3314 1324 captivitatem
3340 1253 3526 1326 plebis
3553 1271 3693 1310 suis.

2050 1341 2178 1412 Ipse
2204 1358 2455 1412 quoque,
2489 1357 2691 1396 aversa
2711 1340 3039 1412 captivitate
3066 1340 3364 1412 vitiorum,
3390 1341 3570 1398 erexit
3591 1357 3705 1398 nos

2052 1429 2111 1484 in
2144 1429 2408 1485 libertate
2441 1430 2746 1484 virtutum.
2809 1429 2887 1483 Dc
2941 1446 3055 1501 qua
3115 1430 3450 1502 captivitate
3508 1431 3698 1486 dicit:

2053 1518 2184 1572 Jam
2215 1517 2497 1588 redempti
2530 1523 2668 1572 sunt
2716 1518 2785 1571 de
2835 1522 3067 1589 peccato
3127 1519 3260 1572 Adae
3295 1537 3308 1585 ;
3344 1520 3443 1574 sed
3507 1523 3705 1574 tamen

2056 1607 2246 1661 adhuc
2283 1608 2337 1661 in
2371 1607 2702 1678 captivitate
2732 1607 3081 1673 detinemur,
3117 1607 3254 1678 quia
3284 1624 3398 1663 non
3440 1613 3528 1663 est
3557 1609 3704 1664 inte-

2058 1713 2162 1769 gra
2193 1695 2453 1762 libertas,
2488 1697 2626 1767 quia
2656 1695 2785 1749 dum
2814 1712 3002 1750 smnus
3055 1698 3114 1750 in
3167 1712 3404 1767 corpore.
3465 1699 3709 1768 peregri-

2058 1787 2580 1840 namuraDomino
2638 1785 2712 1855 (ll
2767 1785 2888 1840 Cor.
2947 1803 3002 1848 ν,
3061 1787 3136 1855 6).
3198 1785 3265 1839 Et
3321 1786 3460 1840 item
3519 1785 3706 1844 dicit:

2060 1873 2270 1944 Infelix
2299 1889 2394 1944 ego
2425 1874 2602 1937 homo,
2637 1874 2758 1943 quis
2788 1889 2874 1927 me
2913 1874 3168 1928 liberabit
3195 1874 3260 1929 de
3289 1889 3515 1946 corpore
3562 1890 3710 1930 mor-

302 1972 636 2028 Dominum.
678 1995 698 2021 ι
737 1971 791 2026 id
823 1976 932 2043 est,
993 1975 1058 2026 ut
1116 1971 1401 2028 inveniret
1452 1988 1601 2042 quos
1663 1971 1902 2043 eligeret
1934 1987 1947 2025 :
1983 2005 2030 2072 Β
2064 1964 2134 2016 iis
2160 1961 2370 2032 hujus?
2403 1961 2590 2015 Gratia
2623 1961 2717 2014 Dei
2733 1977 2840 2072 ~per
2867 1962 3048 2072 Iesum
3083 1961 3366 2072 Christun:
3417 1963 3711 2019 Dominum

341 2061 350 2071 ι
441 2065 450 2072 .
666 2061 681 2072 .
818 2061 827 2071 .
1072 2061 1085 2072 .
1153 2060 1187 2072 ..
1336 2065 1345 2072 .
1393 2061 1402 2071 .
1512 2061 1568 2072 ..
1778 2062 1799 2072 η
1868 2060 1899 2072 ..
2344 2052 2493 2072 mm
2727 2057 2736 2070 .
2782 2070 2789 2072 _
2876 2052 2942 2072 ηε
3048 2051 3113 2072 ο,
3217 2051 3268 2072 ._
3376 2051 3424 2072 ε,

305 2061 459 2118 sicut
487 2061 785 2132 quondam
814 2061 874 2116 in
927 2060 1224 2133 prophetis
1256 2061 1720 2133 patriarchisque
1775 2060 1910 2115 fecit
1937 2076 1949 2114 :

307 2151 729 2221 inventumque
756 2154 1038 2220 tanquam
1072 2149 1372 2221 proprium
1387 2151 1745 2222 manciparet
1770 2149 1956 2205 alum-

312 2255 477 2295 num.
514 2239 847 2312 Prospicere
875 2244 930 2294 et
959 2239 1175 2306 videre,
1209 2239 1534 2310 ignorantis
1565 2244 1622 2294 et
1642 2237 1956 2310 quaerentis

313 2333 421 2386 est.
454 2327 755 2400 Numquid
788 2327 940 2384 Deus
967 2326 1186 2397 aliquid
1221 2327 1500 2399 ignorat?
1530 2328 1678 2394 Non,
1703 2328 1803 2384 sed
1827 2324 1955 2382 cmli

313 2417 501 2476 sancti
528 2422 670 2473 sunt
701 2435 714 2472 :
748 2422 812 2472 ut
839 2417 920 2472 ait
979 2416 1266 2489 Propheta
1299 2433 1312 2472 :
1345 2418 1485 2474 Caeli
1535 2425 1797 2472 enarrant
1834 2417 1954 2486 glo-

311 2508 460 2562 riam
484 2507 581 2560 Dei
601 2506 771 2576 (Psal.
805 2521 963 2576 xvm,
995 2506 1070 2576 2).
1108 2509 1172 2559 Et
1203 2504 1340 2560 alibi
1364 2507 1533 2577 juxta
1559 2505 1902 2577 Apostolum
1939 2521 1951 2559 :

313 2598 512 2651 Nostra
541 2599 723 2651 autem
741 2597 1075 2650 conversatio
1107 2598 1165 2650 in
1205 2596 1363 2652 stetis
1412 2598 1489 2650 est
1539 2596 1808 2667 (Philipp.
1873 2612 1955 2664 ιιι,

312 2687 404 2753 20)
439 2703 451 2740 :
487 2684 625 2756 quia
661 2684 914 2756 Spiritus
952 2689 1192 2740 sanctus
1224 2684 1359 2739 facit
1417 2689 1651 2740 sanctos
1683 2701 1878 2739 amare
1902 2688 1959 2738 et

314 2774 556 2845 diligere
587 2773 791 2842 Deum,
824 2777 882 2828 et
914 2774 1035 2846 ipse
1068 2773 1316 2845 Spiritus
1364 2779 1606 2829 sanctus
1664 2774 1818 2828 Deus
1849 2779 1956 2843 est,

315 2862 765 2934 ProspicitDeus
797 2879 897 2934 per
927 2879 1067 2918 suos
1096 2867 1350 2932 sanctos,
1376 2864 1515 2934 quia
1545 2862 1641 2917 ille
1666 2863 1958 2933 praedicat,

317 2957 374 3007 et
403 2951 664 3022 loquitur
688 2967 789 3023 per
822 2951 972 3017 illos,
1038 2957 1101 3008 ut
1159 2952 1444 3008 Dominus
1495 2953 1578 3008 ait
1610 2953 1766 3007 :Non
1813 2953 1961 3008 enim

318 3057 413 3096 vos
440 3043 572 3098 estis
598 3041 692 3110 qui
734 3041 1047 3112 loquimini,
1093 3041 1186 3097 sed
1242 3041 1479 3112 Spiritus
1521 3044 1712 3097 Patris
1768 3041 1959 3109 vestri,

321 3129 416 3200 qui
443 3130 691 3200 loquitur
719 3131 778 3184 in
807 3129 975 3185 vobis.
1010 3129 1227 3200 (Matth.
1261 3147 1315 3199 x,
1348 3132 1461 3197 20).

397 3248 420 3275 ι
454 3224 669 3281 Omnes
689 3224 1328 3290 declinaverunt,simul
1362 3225 1600 3282 inutiles
1630 3228 1766 3282 facti
1791 3233 1955 3284 sunt.

323 3314 390 3370 Hi
415 3313 928 3385 iusipientes,quia
957 3330 1072 3368 non
1104 3314 1486 3384 requirebant
1516 3315 1698 3371 Deum
1727 3333 1738 3370 :
1781 3317 1962 3370 «Om-

324 3417 427 3458 nes
457 3401 911 3465 declinaverunt,
938 3424 964 3450 »
993 3402 1048 3455 in
1078 3401 1378 3472 passiones
1413 3419 1424 3457 :
1468 3423 1488 3451 ι
1516 3403 1698 3458 Simul
1729 3403 1969 3460 inutiles

324 3490 633 3546 t'actisunt.
669 3512 698 3539 ››
730 3489 960 3546 Inutilis
1007 3490 1222 3546 dicitur
1251 3491 1351 3562 qui
1382 3508 1497 3546 non
1558 3498 1833 3564 operatur
1861 3492 1964 3548 ali-

326 3579 466 3651 quid
496 3577 632 3635 boni
664 3597 682 3633 :
715 3579 868 3635 unde
900 3578 1042 3634 dicit
1072 3579 1129 3634 in
1199 3579 1525 3651 Evangelio.
1583 3581 1770 3635 Tollite
1800 3583 1972 3636 talen-

323 3670 440 3724 tum
469 3668 536 3724 ab
566 3683 645 3738 eo,
685 3676 736 3724 et
763 3668 1020 3723 inutilem
1073 3685 1292 3724 servum
1335 3671 1586 3740 projicite
1635 3671 1691 3724 in
1725 3672 1970 3725 tenebras

324 3759 619 3813 exteriores
652 3775 668 3820 ;
700 3757 782 3811 ibi
803 3759 910 3812 erit
937 3759 1098 3826 fletus
1126 3760 1176 3814 et
1221 3758 1430 3813 stridor
1485 3758 1731 3814 dentium
1761 3760 1968 3826 (Matth.

326 3862 454 3915 xxv,
483 3847 573 3912 28,
607 3846 718 3917 30).
750 3846 1145 3919 Sibimetipsis
1177 3852 1318 3902 sunt
1373 3847 1639 3916 inutiles,
1671 3849 1770 3919 qui
1805 3866 1969 3904 man-

328 3934 464 3990 data
491 3931 592 3990 Dei
623 3932 940 4005 adimplere
971 3950 1084 3989 non
1115 3934 1371 3990 volunt.«
1397 3935 1520 3989 Non
1549 3939 1638 3990 est
1669 3937 1767 4006 qui
1801 3935 1974 3991 faciat

329 4022 546 4078 bonum
583 4038 596 4078 :
632 4039 746 4078 non
777 4026 866 4078 est
898 4039 1086 4096 usque
1112 4023 1185 4079 ad
1218 4041 1462 4079 unum.»
1496 4023 1705 4079 Nullus
1732 4024 1889 4079 enim
1905 4040 1974 4080 ex

329 4108 424 4168 his
455 4109 661 4183 implet
688 4111 1046 4168 voluntatem
1079 4113 1267 4168 Patris
1297 4112 1570 4169 caelestis.

407 4238 435 4269 α
463 4217 665 4272 Nonne
694 4222 1047 4289 cognoscent
1077 4235 1281 4274 omnes
1329 4219 1428 4290 qui
1489 4225 1808 4289 operantur
1867 4219 1975 4273 ini-

332 4303 638 4374 quitatem:
669 4302 770 4374 qui
801 4304 1082 4359 devorant
1112 4304 1342 4376 plebem
1373 4322 1566 4360 meam
1596 4305 1750 4362 sicut
1779 4322 1973 4362 escam

331 4391 530 4464 panis?
557 4397 740 4447 Deum
775 4409 888 4447 non
921 4392 1395 4448 invocaverunt.»
1414 4399 1785 4466 Cognoscunt
1818 4394 1974 4450 enim

331 4497 395 4536 se
424 4480 605 4553 impie
632 4495 822 4553 agere,
854 4485 911 4536 et
942 4497 1054 4536 non
1089 4479 1280 4536 solum
1331 4500 1447 4537 non
1505 4484 1839 4548 emendant,
1873 4484 1972 4540 sed

332 4569 507 4626 etiam
559 4570 658 4628 Dei
726 4569 1007 4641 populum
1063 4571 1340 4626 devorant
1383 4571 1657 4626 dentibus
1739 4571 1974 4626 malitiae

335 4675 454 4715 suae
483 4676 496 4714 :
529 4659 834 4730 Deumque
865 4659 1130 4715 invocare
1187 4664 1595 4715 contemnunt.
1647 4683 1668 4710 ε
1703 4659 1825 4714 Illic
1855 4664 1972 4715 tre-

2062 2059 2312 2106 nostrum
2342 2052 2514 2121 (Rom.
2569 2066 2667 2117 vn,
2727 2050 2815 2114 2’1,
2876 2051 2986 2120 25).
3048 2050 3157 2103 Sed
3217 2051 3275 2104 in
3335 2051 3427 2106 die
3477 2051 3706 2120 judicii,

2066 2139 2300 2211 quando
2334 2137 2571 2192 inimica
2601 2138 2938 2192 destruetur
2968 2142 3291 2205 mors,tunc
3324 2141 3433 2194 erit
3463 2156 3598 2195 vera
3619 2156 3706 2196 re-

2067 2229 2346 2300 demptio.
2384 2250 2410 2276 ‹‹
2443 2225 2738 2281 l-Ixultabit
2769 2226 2970 2292 Jacob,
3004 2232 3059 2282 et
3093 2227 3388 2284 laetabitur
3442 2229 3643 2285 Israel.
3679 2253 3709 2281 »

2067 2318 2392 2388 Utrumque
2418 2315 2786 2370 Christianus
2818 2314 3068 2386 pepulus
3097 2318 3259 2371 audit
3294 2336 3305 2372 :
3340 2319 3442 2389 qui
3491 2324 3582 2374 est
3612 2319 3712 2376 Ja-

2067 2407 2194 2471 cob,
2227 2406 2366 2458 dum
2398 2403 2742 2476 supplantat
2772 2404 3083 2459 Judaicum
3136 2407 3441 2478 populum,
3475 2409 3711 2465 benedi-

2069 2495 2438 2564 ctionemque
2469 2493 2596 2562 ejus
2627 2492 2858 2564 accipit,
2893 2498 2947 2548 et
2979 2493 3324 2564 Israel,dum
3357 2496 3542 2552 Deum
3576 2498 3711 2555 fidei

2065 2583 2252 2637 oculis
2277 2582 2750 2652 intuetur.lgitur
2778 2586 2834 2636 et
2865 2598 2971 2636 nos
3004 2582 3298 2654 supplices
3325 2585 3715 2656 deprecamur

2068 2672 2250 2727 Deum
2285 2675 2348 2726 ut
2377 2669 2734 2724 declinantes
2785 2687 2818 2724 a
2847 2669 3199 2741 loquacitate
3229 2674 3548 2745 superﬂua,
3582 2677 3710 2748 ipso

2068 2758 2820 2830 instruenteﬁntelligamus
2851 2761 3049 2814 omnia
3081 2760 3136 2814 in
3162 2762 3289 2830 ejus
3311 2764 3712 2822 dominatione

2070 2849 2406 2916 consistere,
2439 2848 2538 2918 qui
2572 2848 2866 2918 dignetur,
2923 2848 3118 2904 ablata
3177 2851 3510 2921 captivitate
3541 2854 3711 2910 vitio-

2072 2953 2223 3008 rum,
2249 2936 2468 3006 erigere
2503 2953 2607 2990 nos
2641 2936 2698 2989 in
2731 2935 3059 2991 libertatem
3091 2937 3395 2994 virtutum.

2623 3024 2953 3080 PSALMUS
3009 3026 3155 3082 LIII.

2071 3103 2137 3153 In
2167 3098 2351 3166 ﬁnem,
2380 3097 2440 3150 in
2464 3096 2802 3150 carminibus
2845 3097 3150 3152 intellectus
3208 3099 3379 3154 David
3435 3117 3563 3156 cum
3619 3120 3714 3159 ve-

2143 3171 2304 3224 niunt
2333 3168 2547 3238 Ziphaei
2599 3177 2649 3222 et
2693 3168 2886 3222 dicunt
2929 3169 3064 3223 Saul
3090 3187 3109 3224 :
3142 3171 3318 3225 David
3373 3171 3717 3230 absconditus

2142 3244 2219 3295 est
2250 3242 2404 3314 apud
2433 3240 2622 3314 nosin
2645 3241 2927 3314 _spelunca
2978 3241 3340 3314 Ziph_(lilleg.
3403 3261 3564 3300 xxm.
3602 3247 3668 3300 19
3701 3265 3715 3314 ;

2148 3309 2411 3384 xxv1,_l_)._
2437 3309 2575 3384 Ziph
2608 3309 2794 3363 victus
2849 3315 2957 3375 est,
3017 3309 3073 3384 et
3112 3309 3245 3366 inde
3277 3309 3487 3384 Ziphiei
3514 3309 3719 3372 dicunQ

2150 3387 2264 3459 tur.
2296 3380 3016 3459 Ziphmiinterpretantur,
3040 3380 3409 3459 ﬂorentes,_'id
3443 3391 3549 3455 est,
3586 3401 3718 3459 ρος-

2149 3458 2393 3513 catores,
2428 3451 2528 3522 qui
2559 3452 2726 3520 quasi
2768 3451 3040 3506 ﬂorentes
3087 3457 3143 3507 ct
3189 3453 3402 3510 virides
3461 3451 3604 3513 sunt
3657 3458 3718 3514 in

2149 3522 2418 3594 praesenti
2473 3523 2611 3585 vita,
2672 3526 2736 3576 ut
2792 3522 2872 3576 ait
2930 3523 3213 3594 propheta
3271 3543 3284 3580 :
3348 3526 3535 3583 Omnis
3592 3545 3720 3585 caro

2146 3598 2343 3671 femini
2360 3602 2410 3648 et
2446 3596 2622 3671 omnis
2671 3595 2848 3671 gloria
2875 3595 3012 3671 eius
3047 3598 3213 3662 sicut,
3262 3598 3360 3671 ﬂos
3397 3601 3542 3671 agri
3589 3600 3718 3671 (Isa.

2152 3683 2238 3728 XL,
2295 3665 2399 3740 ω..
2433 3665 2572 3740 quia
2628 3665 2778 3734 quod
2841 3664 3062 3740 siccum
3121 3673 3228 3733 est,
3263 3664 3411 3740 igni
3453 3664 3722 3728 reserva-

2149 3743 2264 3800 tur,
2303 3735 2400 3790 lsti
2437 3739 2794 3808 deputantur
2842 3736 2918 3808 in,
2962 3754 3193 3808 poenam
3229 3756 3240 3794 :
3277 3735 3466 3796 sancti
3527 3744 3597 3798 ad
3626 3759 3717 3799 re-

2151 3823 2353 3880 gnum.
2387 3808 2546 3861 Sicut
2581 3806 2761 3862 herba
2787 3806 2979 3880 hodie
3007 3813 3177 3879 quasi
3234 3811 3437 3867 viridis
3493 3815 3724 3871 videtur

2151 3879 2301 3958 esse,
2334 3894 2639 3958 usquequo
2671 3879 2852 3958 fuerit
2875 3884 3052 3958 aestus
3080 3881 3201 3958 :“sic
3229 3888 3561 3953 peccatores
3583 3886 3724 3958 quia

2152 3951 2424 4006 videntur
2455 3951 2676 4016 florere,
2709 3949 2768 4004 in
2799 3950 2892 4004 die
2913 3951 3121 4020 judicii
3156 3949 3439 4021 arescent,
3474 3958 3530 4010 et
3587 3949 3723 4012 san-

2153 4023 2229 4078 cti
2264 4022 2359 4092 qui
2397 4021 2487 4074 hic
2515 4021 2788 4075 videntur
2826 4022 2994 4091 quasi
3052 4022 3198 4076 aridi
3259 4029 3316 4078 et
3372 4025 3533 4088 sicci,
3584 4031 3726 4082 tunc

2153 4091 2326 4148 erunt
2365 4092 2636 4146 ﬂorentes
2688 4099 2744 4146 et
2791 4091 3022 4145 virides.
3084 4092 3247 4148 Unde
3305 4095 3525 4151 dictum
3585 4105 3722 4154 est:

2150 4166 2342 4238 {ustus
2384 4167 2443 4216 ut
2488 4162 2674 4238 palma
2709 4162 3134 4238 _ﬂorebil_(Psal.
3202 4181 3311 4222 xei.
3375 4169 3482 4238 13).
3545 4169 3727 4225 David

2155 4234 2266 4306 fuit
2295 4232 2674 4306 absconditus
2706 4233 2764 4287 in
2795 4232 3051 4306 inferiori
3088 4241 3249 4306 parte
3280 4232 3452 4293 terrai
3480 4256 3492 4294 :
3525 4245 3582 4295 et
3615 4245 3721 4295 Do-

2155 4305 2351 4383 minus
2378 4305 2434 4358 in
2467 4309 2628 4383 utero
2661 4310 2875 4383 sancta)
2909 4304 3122 4383 Mariae,
3153 4311 3210 4361 et
3262 4309 3498 4383 in__una
3521 4380 3532 4383 Α
3554 4314 3728 4383 gente

2152 4377 2508 4441 Judreorum,
2561 4381 2620 4430 et
2658 4375 2928 4430 divinitas
2983 4376 3039 4429 in
3085 4394 3258 4432 carne
3319 4375 3587 4436 Christi."
3614 4383 3729 4437 lste

2157 4450 2420 4519 psalmus
2441 4448 2762 4501 orationem
2797 4447 3082 4503 Dominici
3116 4449 3373 4507 hominis
3428 4453 3729 4509 continere

2155 4520 2540 4592 dignoscitur,
2575 4520 2822 4592 formam
2851 4519 3002 4592 servi
3035 4521 3392 4591 accipientis,
3455 4525 3734 4582 acceden-

2155 4590 2345 4662 tisque
2377 4591 2445 4645 ad
2484 4590 2812 4660 passionem
2847 4590 2904 4644 in
2939 4590 3124 4647 forma
3158 4590 3326 4648 servi.

2161 4703 2188 4730 «
2228 4681 2394 4744 Deus,
2431 4679 2486 4732 in
2521 4679 2756 4733 nomine
2789 4682 2886 4733 tuo
2917 4679 3144 4736 salvum
3180 4699 3271 4738 me
3322 4685 3428 4739 fac.
3471 4708 3491 4734 ιι
3525 4686 3732 4742 Postu-

335 4747 682 4823 pidaverunt
708 4748 935 4814 timore,
964 4747 1064 4803 ubi
1116 4763 1230 4803 non
1261 4754 1385 4803 erat
1442 4749 1634 4803 timor.
1674 4771 1695 4798 ιι
1734 4747 1892 4804 ldola
1918 4765 1962 4804 ai

2089 4768 2172 4823 lat
2198 4734 2317 4821 hrec
2348 4734 2393 4822 a'
2416 4767 2598 4836 Patre,
2633 4771 2697 4820 ut
2727 4768 3001 4823 ostendat
3049 4734 3266 4826 earn—is—
3300 4734 3732 4832 in‘firmilatem.

341 4834 658 4892 simulacra
679 4841 912 4892 mortua
943 4837 1285 4904 timuerunt,
1312 4838 1412 4910 qui
1439 4838 1622 4894 Deum
1653 4839 1860 4894 timere
1881 4839 1978 4893 de-

339 4925 608 4980 buerant.

411 5044 439 5072 ‹‹
473 5022 757 5088 Quoniam
793 5023 940 5080 Deus
970 5024 1276 5097 dissipavit
1327 5041 1460 5080 ossa
1491 5041 1713 5091 rerum,
1749 5026 1847 5098 qui
1878 5027 1981 5082 ho-

341 5110 599 5166 minibus
631 5111 882 5183 placent.
919 5136 948 5163 »
979 5118 1246 5170 Conteret
1273 5114 1428 5168 enim
1454 5129 1617 5183 spem
1643 5116 1982 5171 aeternitatis

340 5217 541 5256 eorum
573 5207 748 5268 Deus,
780 5201 879 5275 qui
912 5203 970 5257 in
1002 5204 1130 5275 ejus
1160 5203 1574 5259 contumeliam
1629 5205 1819 5275 magis
1871 5205 1982 5260 sibi

341 5306 516 5362 quam
549 5288 632 5344 illi
664 5290 1156 5362 placuerunt.Sibi
1189 5292 1481 5364 placentes
1512 5293 1981 5360 confusisunt,id

341 5382 450 5443 est,
482 5379 582 5451 qui
606 5379 946 5437 hominibus
976 5381 1228 5454 placent,
1261 5385 1316 5437 et
1349 5398 1463 5437 non
1499 5386 1628 5436 Deo.
1666 5403 1694 5430 «
1745 5382 1982 5437 Confusi

342 5471 502 5535 sunt,
537 5469 818 5540 quoniam
852 5476 1002 5528 Deus
1033 5471 1249 5544 sprevit
1277 5487 1396 5527 eos.
1433 5494 1458 5518 ι»
1495 5469 1698 5525 Merito
1759 5471 1983 5544 sperni-

339 5559 437 5611 tur
465 5574 500 5612 a
529 5558 644 5614 Deo
692 5559 793 5631 qui
821 5559 1123 5633 reliquerit
1165 5565 1344 5616 Deum
1383 5577 1395 5615 :
1430 5566 1487 5615 et
1516 5559 1615 5630 qui
1647 5575 1781 5614 eum
1815 5559 1984 5616 relin-

341 5646 488 5717 quit,
520 5645 694 5719 digne
726 5652 1031 5721 tamquam
1064 5650 1300 5721 ignotus
1331 5650 1402 5704 ab
1459 5665 1525 5704 eo
1582 5649 1982 5722 confunditur,

339 5734 568 5791 dicente
623 5737 897 5808 Apostolo
947 5756 959 5796 :
1023 5737 1212 5796 Omnis
1287 5741 1548 5815 ignomns
1612 5739 1978 5812 ignorabitur.

342 5824 397 5899 (l
425 5825 556 5883 Cor.
579 5837 704 5901 'xiv,
736 5828 830 5902 28)

2091 4857 2152 4910 In
2180 4855 2401 4910 nomine
2425 4857 2523 4908 tuo
2550 4871 2563 4909 :
2593 4852 2700 4907 hoc
2735 4857 2823 4908 est
2853 4854 2911 4908 in
2944 4853 3042 4910 illo
3099 4859 3335 4916 nomine
3384 4861 3736 4918 humilitatis

2093 4943 2246 5015 quod
2281 4947 2370 4998 est
2400 4941 2663 4996 salvatio.
2700 4964 2727 4990 «
2761 4942 2829 4996 Et
2859 4943 2917 4997 in
2942 4945 3155 5002 virtute
3188 4952 3289 5004 tua
3323 4950 3528 5020 judica
3558 4965 3671 5019 me,
3708 4972 3730 5000 ο

2091 5031 2228 5086 Vult
2257 5047 2318 5086 se
2339 5031 2614 5102 judicari,
2648 5034 2704 5085 et
2737 5030 2879 5086 illud
2913 5032 3252 5091 honorabile
3285 5039 3608 5109 maiestatis
3634 5054 3735 5098 n.0-

2093 5137 2224 5176 men
2257 5120 2557 5176 divinitate
2588 5121 3331 5182 conscendant.Humilitas
3366 5126 3736 5198 fuit,quando

2094 5210 2249 5265 venit
2279 5210 2348 5263 de
2380 5209 2520 5263 ccelo
2552 5208 2610 5262 in
2644 5212 2898 5274 uterum,
2939 5211 3009 5265 de
3037 5217 3198 5267 utero
3254 5213 3311 5268 in
3369 5231 3654 5292 praisepe,
3679 5219 3738 5269 et

2094 5297 2375 5354 sustinuit
2427 5298 2630 5363 multa,
2666 5297 2719 5351 id
2777 5303 2884 5363 est,
2918 5298 3140 5370 alapas,
3175 5306 3347 5373 sputa
3377 5307 3433 5357 et
3489 5302 3734 5374 reliqua.

2092 5387 2290 5442 Virtus
2326 5387 2434 5441 fuit
2464 5386 2697 5458 quando
2731 5388 3047 5442 resurrexit
3077 5393 3133 5443 et
3163 5391 3428 5446 ascendit
3467 5391 3527 5445 in
3560 5390 3736 5447 cmlos

2095 5476 2549 5548 quadragesimo
2579 5473 2756 5543 die,et
2788 5475 3278 5548 quinquagesimo
3301 5480 3393 5535 die
3423 5481 3579 5536 venit
3603 5479 3738 5552 Spi-

2098 5566 2240 5620 ritus
2272 5569 2508 5620 sanctus
2557 5579 2734 5634 super
2789 5565 3103 5636 apostolos,
3167 5573 3223 5622 ct
3279 5569 3742 5640 pradicaverunt

2096 5653 2422 5710 doctrinam
2458 5651 2752 5724 Evangelii
2785 5652 2843 5707 in
2878 5658 2995 5708 toto
3030 5656 3268 5712 mundo.
3308 5657 3470 5713 Unde
3516 5658 3742 5716 dictum

2095 5747 2183 5798 est
2215 5759 2227 5798 :
2261 5744 2323 5798 Et
2343 5741 2487 5797 dedit
2516 5741 2606 5795 illi
2635 5757 2830 5796 nomen
2861 5743 3006 5814 quod
3033 5752 3111 5799 est
3161 5762 3326 5817 super
3354 5764 3514 5804 omne
3544 5763 3745 5804 nomen

2093 5835 2155 5892 ut
2182 5833 2244 5889 in
2265 5832 2486 5891 nomine
2510 5829 2640 5888 Iesu
2667 5844 2825 5900 omne
2875 5846 3020 5908 genu
3073 5835 3350 5913 ﬂectatur,
3415 5836 3744 5914 caelestium,
