4314 6572
607 534 636 592 1
648 535 763 593 039

606 662 968 729 terrestrium,
1017 662 1070 713 et
1124 658 1469 728 infernarum
1498 671 1517 707 :
1544 660 1593 709 et
1647 652 1824 707 omnis
1881 650 2070 720 lingua
2125 662 2250 703 con-
2278 646 2332 713 Α

2111 510 2534 574 ΑΡΡΕΝΠΙΧ.

3857 462 4016 560 icto

2433 666 2460 693 ‹‹
2495 640 2781 707 Quoniam
2810 656 2880 696 ex
2910 636 3070 695 omni
3099 633 3479 692 tribulatione
3541 628 3812 703 eripuisti
3868 647 3963 687 me
3995 646 4011 688 :

604 719 840 827 fitentur
867 719 999 824 quia
1045 719 1313 803 Dominus
1369 747 1519 802 Iesus
1565 741 1812 797 Christus
1843 742 1901 795 ia
1950 719 2131 808 gloria
2172 738 2251 791 est
2360 737 2417 827 et
2447 749 2624 827 super
2653 729 2925 827 inimicos
2963 742 3125 827 meos
3175 722 3439 827 despexit
3492 719 3702 823 opulus
3758 735 3947 827 meus.

606 809 707 899 Dei
733 809 916 897 Patris
947 837 1210 910 (Philipp.
1245 853 1305 891 ιι.
1358 836 1537 900 9-11).
1584 832 1652 886 Et
1696 831 1828 902 quia
1874 834 2121 883 mortuus
2174 827 2253 879 est
2362 820 2509 886 Quia
2539 821 2865 876 orationem
2900 811 3433 910 mundam-fuditin
3456 809 3744 910 principio
3771 809 4009 910 psalmi:

608 930 679 987 ad
710 934 919 1002 tempus
948 944 1016 983 ex
1039 925 1365 996 inﬁrmitate
1393 923 1599 987 carnis,
1633 920 1766 974 vivit
1812 933 1882 972 ex
1911 917 2107 971 virtute
2132 914 2249 968 Dei.

2362 910 2493 965 ideo
2522 912 2586 964 ut
2615 908 2769 963 Deus
2800 905 2998 962 omnia
3028 902 3371 975 praevidens,
3430 904 3697 971 ereptum
3756 916 3819 955 se
3845 917 3880 955 a
3907 899 4013 955 tri-

612 1021 683 1093 (11
732 988 854 1076 Cor.
912 1034 1035 1083 xm,
1203 1014 1272 1068 Et
1329 1012 1468 1067 item
1526 1009 1667 1064 diclt
1715 1004 2069 1078 Apostolus:
2102 1000 2253 1057 Nihil
2362 996 2764 1053 hulationibus
2796 992 3149 1093 etinimicoos
3178 991 3482 1093 despectos
3530 988 4015 1093 inspectionepa-

610 1109 933 1167 existimavi
963 1121 1050 1161 me
1077 1106 1219 1160 scire
1249 1104 1395 1157 inter
1438 1117 1528 1155 vos
1560 1099 1675 1153 nisi
1732 1097 2004 1151 Christum
2048 1093 2253 1155 Jesum,

611 1206 666 1257 et
694 1202 841 1257 hunc
868 1197 1194 1268 cruciﬂrum
1224 1193 1271 1264 (Ι
1302 1193 1428 1245 For.
1460 1207 1523 1253 ιι,
1553 1184 1762 1258 2).Vel,
1792 1183 1990 1255 judica
2017 1182 2253 1234 me.Vox

605 1288 878 1350 Ecclesiae
910 1285 1319 1344 discretionem
1347 1283 1512 1352 rogat

690 1406 709 1430 α
751 1381 920 1448 Deus,
951 1373 1158 1433 exaudi
1191 1371 1508 1427 orationem
1574 1380 1785 1421 meam.
1824 1385 1849 1410 ››
1882 1364 1949 1416 Et
2005 1360 2111 1414 hoc
2165 1373 2256 1448 ro-

598 1465 737 1546 gat,
770 1472 836 1525 ut
867 1443 1222 1542 mercatura
1253 1466 1365 1517 Deo
1400 1455 1681 1515 exaudiri.
1705 1454 1953 1546 Noverat
1983 1443 2259 1546 enimille

614 1534 774 1617 solus
803 1572 969 1615 orare
998 1537 1465 1615 constantemnec
1495 1547 1784 1617 ignorare,
1820 1544 1883 1595 ut
1913 1538 2086 1593 homo
2119 1534 2259 1607 quid

600 1632 838 1724 peteret
871 1646 1078 1717 :juxta
1107 1640 1253 1697 illud
1299 1635 1559 1709 Apostoli
1592 1651 1604 1689 :
1641 1627 1976 1724 Nam-quid
2022 1639 2261 1724 oremus,

615 1714 762 1796 sicut
798 1714 1028 1809 oportet,
1058 1732 1330 1787 nescimus
1378 1727 1554 1796 (Rom.
1617 1739 1745 1809 vni,
1800 1720 1912 1809 26).
1953 1739 1973 1766 ι
2008 1714 2263 1809 Auribus

618 1803 853 1900 percipe
884 1822 1060 1879 verba
1091 1820 1209 1875 oris
1242 1815 1376 1872 mei.
1414 1836 1440 1864 »
1473 1813 1594 1867 Vox
1624 1808 1914 1866 Ecclesiae.
1944 1810 2128 1861 Aures
2158 1803 2266 1859 Do-

621 1899 768 1972 mini
801 1913 1100 1979 dicuntur,
1132 1905 1369 1979 quando
1401 1900 1673 1959 exaudire
1703 1899 1999 1969 dignatur.

602 2002 611 2007 ’
689 2046 718 2074 ι(
743 2019 1029 2085 Quoniam
1057 2014 1231 2071 alieni
1272 2010 1715 2067 insurrexerunt
1760 2005 2037 2059 adversus
2091 2017 2203 2053 me.
2234 2020 2261 2049 ››
2297 2012 2345 2078 Β

619 2113 739 2169 Hoc
770 2115 858 2167 est
899 2104 1104 2174 Judaai,
1161 2100 1261 2174 qui
1323 2115 1457 2155 cum
1518 2094 1838 2168 peculiares
1888 2091 1986 2145 Dei
2047 2092 2263 2155 essent,

602 2201 845 2267 "alienos
874 2213 937 2253 se
970 2210 1070 2268 per
1098 2188 1627 2261 transgressionem
1658 2183 1729 2238 ab
1761 2198 1827 2236 eo
1851 2181 2265 2268 feceruntznon

623 2267 982 2362 cognitione,
1010 2283 1110 2339 sed
1143 2280 1262 2334 vita
1291 2283 1347 2333 et
1377 2274 1672 2347 operibus.
1707 2270 1870 2362 Unde
1918 2267 2061 2362 d_icit

627 2354 1044 2436 alienimentili
1070 2378 1201 2427 sunt
1246 2368 1386 2421 mihi
1415 2363 1582 2436 (Psal.
1616 2377 1754 2432 xvu,
1789 2359 1897 2428 46).
1934 2358 2000 2410 Et
2055 2355 2104 2410 si
2162 2354 2265 2408 lilii

621 2466 916 2542 quomodo
946 2460 1117 2518 alieni
1150 2458 1178 2514 ?
1208 2459 1282 2513 De
1314 2471 1431 2511 una
1480 2452 1636 2542 tribu
1695 2453 1905 2542 erant):
1932 2442 2266 2542 sedmalieni

625 2532 813 2624 erant,
844 2553 944 2627 qui
976 2552 1103 2621 ejus
1125 2549 1303 2602 vitam
1335 2542 1435 2615 qui
1482 2541 1615 2595 illos
1662 2540 1897 2592 venerat
1951 2532 2266 2627 vivificare,

624 2621 895 2705 volebant
924 2641 1146 2697 tollere.
1183 2659 1210 2687 ‹‹
1246 2636 1313 2690 El
1362 2634 1537 2688 fortes
1595 2627 1951 2700 quaesierunt
2009 2621 2268 2677 animam

624 2753 875 2795 meam.»
907 2724 1597 2799 Herodes,principesque
1620 2716 1991 2772 sacerdotum
2021 2711 2269 2766 munda-

625 2842 763 2883 nam
793 2823 1077 2879 habentes
1135 2812 1561 2871 fortitudinem.
1611 2808 1679 2861 Et
1735 2802 2021 2860 Dominus
2079 2800 2266 2855 dicit:

622 2919 748 2973 Non
777 2913 1007 2969 haberes
1036 2910 1098 2963 in
1126 2921 1211 2960 me
1248 2903 1427 2958 ullam
1480 2901 1823 2970 potestatem.
1884 2892 1996 2946 nisi
2051 2890 2152 2944 tibi
2180 2887 2270 2943 de-

626 3018 794 3075 super
823 3000 1014 3056 datum
1040 2997 1234 3068 fuisset
1264 2992 1441 3063 (Joun.
1474 3003 1592 3051 XIX,
1642 2982 1873 3075 μὴϐίᾳ
1905 2984 1963 3035 et
2017 2976 2270 3075 haeretici

630 3066 1049 3167 persecutores
1091 3098 1268 3154 super
1319 3081 1582 3135 sanctam
1642 3070 1979 3127 Ecclesium.
2061 3089 2089 3117 «
2148 3066 2271 3121 Non

632 3164 1067 3258 proposuerunt
1121 3170 1306 3226 Deum
1355 3171 1490 3222 ante
1548 3164 1927 3233 conspectum
1975 3171 2272 3258 suumn.»

630 3244 761 3329 blan-
788 3264 1199 3325 intellexerunt
1229 3258 1337 3313 sub
1370 3263 1946 3327 personnacorporea
1975 3245 2154 3301 latere
2184 3244 2271 3299 di-

2365 1092 2532 1141 terna
2582 1083 2921 1156 pronuntiat
2955 1100 2967 1137 :
3002 1079 3224 1136 scilicet
3277 1083 3341 1133 ut
3392 1076 3496 1133 illa
3525 1094 3659 1133 eum
3718 1077 4011 1151 intelligas

2365 1190 2609 1247 regnare
2640 1170 2901 1245 potentia
2940 1168 3077 1243 quia
3134 1174 3263 1241 post
3320 1165 3777 1223 resurectionem
3832 1166 4015 1223 victor

2369 1262 2647 1318 remeavit
2678 1262 2749 1317 ad
2782 1266 2961 1316 astra.
2996 1260 3176 1325 Quem
3234 1274 3339 1313 nos
3388 1254 3683 1329 supplices
3740 1255 4012 1328 depreca-

2372 1369 2524 1416 mur,
2559 1356 2622 1406 ut
2647 1349 2775 1419 ejus
2805 1347 3099 1419 adjutorio
3129 1347 3200 1401 ab
3234 1344 3487 1401 inimicis
3545 1343 3777 1410 salvati,
3835 1362 3870 1401 a
3914 1344 4014 1400 tri-

2371 1438 2773 1495 bulationibus
2807 1435 3121 1493 mundanis
3161 1434 3367 1507 erepti,
3424 1433 3618 1505 ipsum
3679 1439 3854 1506 caput
3910 1451 4012 1491 no-

2371 1534 2559 1584 strum
2589 1527 2902 1584 Dominum
2929 1529 3134 1582 Jesum
3167 1522 3466 1579 Christum
3500 1539 3677 1595 quem
3735 1522 3795 1579 in
3856 1523 4015 1582 coelis

2371 1617 2752 1691 suspicimus,
2787 1619 2982 1672 mente
3010 1618 3067 1670 et
3090 1631 3228 1686 oper
3260 1628 3712 1686 prosequamur.

2937 1720 3268 1777 PSALMUS
3310 1720 3450 1775 LIV.

2372 1815 2434 1870 In
2457 1814 2738 1884 ﬁnem,in
2765 1809 3111 1884 carminihus
3141 1809 3462 1884 intellectus,
3484 1808 3684 1884 Dauid.
3715 1810 4016 1884 [ah/inem,

2446 1879 2504 1939 in
2536 1883 2764 1939 Christo
2798 1900 2810 1938 :
2846 1886 2911 1938 ut
2947 1881 3091 1937 illud
3127 1896 3138 1935 :
3172 1882 3323 1936 Finis
3368 1881 3517 1936 enim
3572 1879 3711 1952 legis
3766 1879 4018 1938 Christus

2445 1956 2531 2011 ad
2550 1957 2788 2027 justiam
2826 1956 2977 2027 omni
3007 1952 3285 2027 credenti-
3326 1951 3503 2027 (Rom.
3527 1969 3591 2027 ιι,
3627 1951 3699 2018 1).
3733 1954 3795 2009 In
3844 1952 4017 2027 ﬁnem

2446 2022 2678 2099 semper
2706 2027 2776 2081 de
2807 2025 3018 2099 Christi
3043 2022 3581 2099 intelligitur._Unde
3604 2022 3855 2099 etsancti
3878 2041 4018 2096 apo-

2416 2096 2885 2154 ~stoli‘dixerunt
2916 2097 3200 2161 :Domine,
3233 2096 3447 2151 ostende
3489 2097 3645 2151 nobis
3693 2101 3936 2165 Patrem,
3966 2104 4021 2152 et

2445 2169 2654 2238 sul/icit
2679 2168 2833 2224 nobis
2856 2170 3034 2239 (Joan.
3066 2167 3290 2240 xlv._8).
3323 2183 3438 2222 non
3470 2171 3660 2240 _potes
3693 2167 3879 2240 legem
3912 2168 4019 2223 im-

2451 2237 2625 2313 plere,
2660 2237 2876 2313 nisigah
2910 2240 3037 2311 ipso
3061 2237 3404 2313 impleatur:
3460 2237 3665 2313 Omnis
3718 2237 4019 2313 Scriptura

2449 2309 2651 2368 sancta
2681 2313 2752 2367 de
2784 2310 2883 2367 illo
2914 2309 3020 2366 est.
3055 2311 3119 2382 In
3147 2309 3483 2382 carminibus
3522 2310 3581 2365 id
3610 2314 3738 2382 gest,
3794 2309 3862 2365 in
3888 2310 4019 2367 lau-

2448 2385 2623 2439 dibus
2657 2399 2669 2438 :
2696 2384 2861 2438 Sicut
2888 2381 3150 2437 carmina
3180 2381 3375 2437 saeculi
3407 2380 3656 2448 sunt,sic
3675 2380 3735 2436 et
3762 2383 4022 2439 carmina

2448 2455 2715 2511 Ecclesiaa
2749 2472 2761 2509 :
2797 2454 2951 2509 unde
2980 2452 3110 2508 laus
3144 2454 3240 2508 Dei
3271 2457 3544 2507 cantatur
3573 2470 3587 2509 :
3614 2458 3671 2508 et
3699 2454 4021 2511 consolatio

2451 2534 2788 2583 sanctorum
2819 2531 2908 2580 est
2941 2541 2953 2580 :
2987 2526 3127 2596 quia
3155 2524 3378 2579 dictum
3410 2530 3500 2579 est
3532 2542 3545 2580 :
3581 2525 3723 2580 Tune
3741 2526 3888 2597 justi
3903 2526 4020 2597 ful-

2448 2599 2802 2670 gebuntszeut
2834 2598 2912 2670 sol
2945 2597 3005 2651 in
3035 2612 3201 2670 regno
3232 2598 3435 2670 _Patris
3492 2612 3681 2651 eorum
3709 2616 3727 2651 :
3786 2598 4022 2670 aequales

2452 2665 2670 2741 angelis
2703 2668 2914 2741 (Matth.
2949 2684 3050 2733 xu,
3085 2665 3196 2738 43).
3232 2665 3496 2741 Psalmus
3525 2683 3721 2723 vocem
3773 2665 4029 2741 continet

2450 2740 2910 2821 Mediatoris,_qui
2943 2754 3078 2821 cum
3117 2741 3264 2794 Deus
3291 2740 3720 2821 esset,formam
3753 2740 4022 2797 servilem

2451 2830 2554 2886 pro
2585 2818 2786 2868 nostra
2813 2811 3079 2866 libertate
3107 2811 3385 2882 suscepit.

2454 2944 2482 2971 ‹‹
2514 2919 2757 2987 Exaudi,
2791 2922 2965 2989 Deus,
3006 2918 3329 2974 orationem
3381 2934 3595 2989 meam,
3629 2924 3685 2976 et
3713 2935 3785 2975 ne
3814 2919 4021 2994 despe-

2381 3009 2532 3065 xeris
2562 3007 3026 3080 deprecationem
3053 3022 3266 3062 meam:
3299 3006 3536 3063 intende
3565 3007 3794 3079 mibi,et
3813 3009 4023 3066 exaudi

2384 3114 2496 3154 me.
2533 3119 2561 3147 ››
2593 3096 2826 3168 Triplex
2854 3095 2974 3152 haec
3004 3095 3334 3167 deprecatio
3364 3095 3493 3152 ideo
3510 3098 4019 3172 ostenditur,un

2384 3188 2635 3260 primam
2682 3186 2856 3241 homo
2914 3186 3064 3241 Deus
3118 3185 3176 3240 in
3228 3189 3386 3240 statu
3441 3184 3635 3241 servili
3692 3202 3956 3256 manens,
3988 3205 4023 3244 a

2385 3274 2739 3332 conscientia
2768 3274 3096 3330 sanctitatis
3135 3274 3371 3329 emittit.
3413 3274 3763 3345 Secundam,
3797 3275 3934 3348 quia
3958 3292 4022 3332 se

629 3360 953 3419 vinitatem.
985 3347 1323 3423 Diapsalma
1352 3341 1762 3415 interpositum
1811 3335 2132 3392 orationem
2164 3333 2270 3388 im-

1238 3438 1249 3445 .
1357 3436 1368 3445 .
1654 3430 1663 3445 ,
1733 3433 1743 3445 ,
1816 3444 1819 3445 ν
1880 3423 2245 3445 κημτι-μ,

2386 3364 2497 3420 scit
2508 3366 2760 3435 justum,
2794 3363 3188 3419 obedientiam
3220 3378 3335 3419 non
3366 3363 3584 3436 despici
3607 3333 4026 3436 postulatTer-

633 3455 824 3511 mutat
854 3467 866 3504 :
893 3450 959 3503 ut
986 3458 1120 3500 eum
1152 3438 1253 3511 qui
1284 3436 1448 3509 prius
1479 3430 1826 3504 precabatur
1872 3425 2041 3498 quasi
2074 3423 2273 3492 homo,

632 3539 904 3601 ostendat
952 3533 1225 3591 effectum
1286 3521 1566 3580 orationis
1621 3516 1966 3574 obtinuisse.
2020 3513 2273 3587 Ideoque

630 3628 924 3703 subjecit:
1797 3693 1891 3703 Δ.
1990 3692 2030 3703 ﬁ
2142 3690 2152 3701 .

704 3692 907 3772 «'Ecce
931 3712 1090 3768 enim
1120 3713 1271 3762 Deus
1301 3704 1540 3774 adjuvat
1582 3714 1693 3754 me.
1729 3719 1756 3746 »
1789 3693 1935 3761 Quia
1989 3692 2274 3747 Dominus

630 3804 932 3865 descendit
962 3801 1025 3855 in
1057 3801 1327 3853 mortem.
1361 3816 1388 3843 ‹‹
1423 3795 1490 3846 Et
1520 3788 1806 3845 Dominus
1857 3786 2159 3852 susceptor
2186 3784 2276 3834 est

630 3897 839 3955 animai
872 3908 1032 3948 meas.
1066 3913 1088 3940 ι
1126 3887 1251 3942 Cito
1281 3898 1416 3938 eum
1435 3878 1790 3944 redditurus,
1806 3872 2087 3929 Vel‘Deus
2110 3879 2276 3942 pater

630 3984 893 4057 suscepit
927 3978 1133 4036 Filium
1164 3976 1426 4040 suum,et
1456 3967 1722 4026 Christus
1753 3979 1923 4020 suam
1956 3958 2273 4016 Ecclesium

630 4078 693 4134 in
719 4075 853 4131 fide.

704 4188 732 4217 ‹‹
764 4166 972 4220 Averte
1004 4156 1162 4214 mala
1191 4150 1449 4209 inimicis
1478 4147 1645 4216 meis,
1677 4150 1734 4201 et
1787 4142 1847 4198 in
1879 4140 2118 4198 veritate
2173 4143 2277 4195 tua

630 4252 905 4327 disperde
938 4246 1093 4303 illos.
1116 4267 1144 4294 »
1175 4242 1285 4307 Qui
1315 4256 1409 4295 me
1430 4253 1557 4327 non
1578 4232 1987 4327 intellexerunt
2015 4246 2117 4301 per
2147 4244 2274 4327 ma7

628 4318 821 4401 litiam
861 4354 1051 4407 suam,
1083 4332 1497 4405 disperguntur
1546 4325 1603 4378 in
1654 4321 1893 4377 veritate
1942 4325 2045 4374 tua
2076 4336 2090 4376 :
2124 4318 2277 4373 sicut

627 4448 788 4489 nunc
817 4428 1119 4487 cernimus
1147 4422 1388 4477 factum:
1422 4412 1683 4486 Dispersi
1740 4415 1881 4467 sunt
1908 4410 2064 4465 enim
2097 4408 2152 4462 in
2187 4424 2273 4463 re-

626 4520 922 4595 gionibus.
955 4514 1271 4570 Veritatem
1302 4505 1443 4563 dicit
1477 4522 1489 4559 :
1528 4502 1667 4575 quia
1695 4517 1865 4557 verus
1922 4504 2059 4595 est“,-
2082 4497 2142 4552 id
2186 4501 2277 4595 est

626 4586 832 4666 reddet
860 4602 1178 4673 unicuique
1208 4596 1531 4654 secundum
1561 4609 1737 4664 opera
1765 4607 1892 4646 sua.
1925 4610 1953 4637 «
1996 4586 2276 4659 Disperde

628 4697 780 4764 illos,
816 4719 844 4746 »
875 4695 934 4750 in
962 4692 1055 4748 die
1079 4687 1287 4759 judicii
1319 4691 1375 4742 et
1407 4685 1465 4739 in
1496 4684 1783 4752 tuajusta
1837 4676 2092 4733 vindicta
2124 4692 2137 4730 :
2168 4674 2275 4731 hoc

629 4791 738 4857 est,
772 4782 1072 4842 diabolum
1104 4786 1160 4836 et
1192 4776 1455 4833 membra
1486 4789 1616 4829 sua.

572 4948 577 4957 .
703 4916 731 4945 «
761 4888 1100 4949 Voluntaria
1132 4882 1473 4942 sacrificabo
1504 4877 1632 4933 tibi.
1669 4899 1697 4927 ››
1730 4876 1881 4931 Bene
1911 4873 2225 4930 voluntarie
2256 4891 2269 4942 ;

628 4983 767 5059 quia
793 4978 1028 5056 propria
1056 4975 1353 5032 voluntate
1383 4971 1508 5042 ipse
1553 4966 1826 5059 sacerdos
1855 4969 1913 5021 et
1946 4962 2271 5059 hos-tiapro

627 5052 859 5133 delictis
888 5052 1085 5142 populi
1120 5082 1181 5121 se
1211 5059 1423 5119 obtulit
1452 5056 1630 5122 Patri,
1664 5061 1728 5111 ut
1776 5054 1883 5110 hoc
1915 5052 2268 5142 sacrificium

625 5164 805 5220 vitam
834 5141 1116 5216 tribueret
1145 5151 1386 5209 mundo.
1449 5170 1477 5197 «
1535 5144 1875 5200 Voluntaria
1932 5141 2269 5199 sacrificabo

627 5252 755 5309 tibi.
792 5273 819 5300 »
849 5248 974 5305 Vox
1004 5242 1293 5301 Ecclesiae.
1331 5237 1663 5293 Voluntarie
1701 5234 1863 5303 dicit,
1896 5232 1953 5287 id
1986 5235 2095 5299 est,
2152 5245 2268 5283 non

626 5336 971 5398 necessitate
1002 5338 1107 5390 aut
1131 5333 1351 5394 coacte,
1379 5325 1478 5382 sed
1535 5321 1884 5387 voluntarie,
1943 5319 2267 5375 secundum

622 5429 767 5486 illud
801 5444 815 5483 :
846 5425 1195 5481 Providentes
1228 5433 1455 5492 gregem
1513 5432 1628 5468 non
1671 5413 1872 5477 coacte,
1903 5406 1995 5462 sed
2045 5416 2265 5479 sponta-

621 5534 721 5574 nee
745 5517 788 5588 (1
816 5517 962 5571 Petr.
994 5529 1049 5579 x,
1082 5513 1156 5582 2).
1192 5531 1220 5557 «
1250 5508 1317 5561 Et
1346 5503 1664 5560 conﬁtebor
1696 5496 1918 5588 nomini
1947 5500 2069 5588 tuo,
2121 5512 2265 5588 quo-

625 5585 784 5663 niam
815 5605 1032 5660 bonum
1065 5603 1171 5656 est.
1209 5620 1236 5646 ››
1267 5595 1583 5651 Confessus
1608 5605 1739 5645 sum
1762 5587 1821 5641 in
1848 5586 2066 5641 mundo
2092 5603 2104 5640 :
2130 5585 2270 5658 quia

626 5693 899 5751 descendi
929 5693 1001 5748 de
1030 5687 1317 5758 cnalo,non
1341 5689 1406 5739 ut
1435 5681 1643 5737 faciam
1674 5676 2028 5733 voluntatem
2053 5691 2269 5746 meam,

626 5784 728 5841 sed
750 5788 935 5848 tuam,
968 5779 1107 5851 quia
1135 5777 1290 5831 bona
1314 5778 1403 5828 est
1431 5767 1847 5843 (Joan.vr,38).«
1884 5763 2262 5834 Confiteborpo

628 5873 736 5935 hoc
765 5875 856 5931 est
882 5866 1131 5926 laudabo
1161 5876 1375 5921 nomen
1402 5865 1572 5918 tuum
1606 5873 1619 5915 :
1655 5857 1765 5914 hoc
1796 5855 2016 5912 bonum
2047 5859 2156 5913 est.

2303 4753 2351 4820 D

2384 3455 2549 3525 tiam,
2582 3459 2817 3527 propter
2847 3446 3251 3508 inﬁrmitatem
3283 3452 3496 3520 carnis,
3528 3458 3591 3508 ut
3617 3452 3728 3509 sibi
3757 3452 4025 3510 intenda-

2383 3550 2481 3600 tur
2504 3548 2723 3600 exorat.
2756 3542 2878 3606 Qua
2910 3541 3133 3598 ratione
3192 3540 3472 3613 intellige,
3530 3558 3563 3596 o
3618 3541 3793 3598 homo
3826 3559 3840 3598 :
3886 3542 4026 3614 quia

2384 3634 2501 3689 nisi
2531 3649 2678 3706 pura
2707 3631 3069 3688 conscientia
3116 3629 3467 3703 depreceris,
3525 3646 3559 3685 a
3614 3629 3730 3687 Deo
3787 3640 4025 3704 prorsus

2384 3740 2499 3778 non
2526 3720 2874 3777 exaudieris.

2455 3834 2482 3861 «
2515 3810 2910 3865 Contristatus
2939 3824 3073 3863 sum
3105 3807 3163 3863 in
3185 3807 3594 3864 exercitatione
3622 3823 3810 3865 mea.»
3841 3809 4025 3873 Quam

2385 3916 2488 3973 pro
2519 3898 2724 3953 mundi
2752 3898 2872 3953 vita
2900 3899 3133 3969 suscepi
3166 3914 3179 3953 :
3214 3896 3353 3969 quia
3411 3912 3643 3970 semper
3691 3898 4026 3955 exercitatio

2385 4004 2477 4045 res
2510 3986 2685 4043 utiles
2708 4002 2773 4042 ac
2795 3985 3157 4042 necessarias
3188 3985 3400 4060 agitur.
3421 4008 3449 4037 ‹‹
3483 3986 3873 4043 Conturbatus
3892 4003 4026 4043 sum

2385 4094 2419 4132 a
2448 4092 2585 4133 voce
2615 4075 2859 4131 inimici.
2892 4094 2920 4127 ιι
2956 4073 3064 4141 Qui
3095 4090 3187 4130 me
3230 4075 3688 4148 Samaritanum,
3718 4081 3776 4133 et
3818 4076 4029 4133 daemo-

2387 4167 2547 4222 nium
2583 4165 2922 4231 habentem,
2954 4180 3089 4219 cum
3151 4165 3301 4221 Deus
3357 4181 3548 4241 essem
3608 4170 3742 4223 ante
3795 4164 4026 4234 secula,

2390 4256 2792 4327 increpabant.
2825 4252 2927 4310 Vel
2959 4270 3067 4309 vox
3089 4253 3531 4311 Ecclesia.Duos
3558 4253 3828 4312 inimicos
3856 4254 4032 4311 habet

2385 4345 2661 4399 Ecclesia.
2696 4343 2887 4399 Unum
2919 4348 3116 4415 aperte
3175 4349 3233 4399 et
3290 4360 3476 4399 unum
3533 4343 3775 4400 occulte.
3832 4343 4027 4400 Unum

2385 4434 2558 4490 debet
2587 4433 2850 4506 diligere,
2875 4436 2931 4488 et
2960 4431 3140 4488 alium
3171 4433 3352 4490 odire.
3386 4432 3635 4506 Diligere
3673 4433 4025 4507 proximum,

2384 4527 2452 4579 ut
2481 4521 2624 4580 illud
2660 4547 2674 4590 ;
2731 4522 2955 4591 Diligite
3009 4522 3265 4579 inimicos
3309 4529 3512 4578 vestros
3570 4540 3590 4578 :
3624 4522 4031 4594 benefacite'his

2383 4614 2470 4685 qci
2487 4613 2721 4668 oderunt
2752 4627 2845 4667 vos
2874 4611 3027 4678 (Luc.
3061 4627 3140 4679 vx,
3171 4612 3286 4683 27).
3318 4611 3386 4667 Et
3416 4610 3599 4668 alium
3656 4614 4030 4669 contemnere

2384 4704 2441 4757 et
2470 4700 2630 4757 odire
2664 4719 2676 4757 :
2711 4701 2769 4755 id
2800 4704 2915 4767 est,
2933 4699 3232 4756 diabolum
3280 4700 3383 4773 qui
3440 4699 3665 4757 occulte
3718 4700 3877 4757 venit
3924 4714 4031 4773 per

2384 4791 2792 4864 suggestiones
2824 4794 2882 4845 et
2911 4788 3348 4846 delectationes.
3383 4812 3412 4840 «
3447 4789 3515 4845 Et
3563 4807 3599 4845 a
3649 4788 4030 4847 tribulatione

2383 4877 2725 4950 peccatoris.
2763 4900 2784 4929 ι
2824 4875 2933 4941 Qui
2964 4875 3108 4931 mihi
3142 4893 3375 4950 semper
3404 4876 3856 4934 tribulationum
3878 4876 4026 4933 insi-

2381 4965 2508 5022 dias
2538 4964 2899 5021 intendebat.
2933 4969 3179 5037 Propter
3208 4966 3316 5022 hoc
3347 4966 3588 5023 tribulat
3610 4966 3766 5023 Deus
3816 4982 4020 5039 pecca-

2382 5059 2535 5110 tores
2569 5072 2582 5110 :
2616 5059 2719 5110 aut
2748 5060 2812 5110 ut
2844 5055 3252 5126 emendentur,
3284 5060 3388 5111 aut
3419 5060 3483 5111 ut
3512 5072 3616 5129 per
3665 5054 3798 5112 illos
3847 5056 4030 5113 corri-

2379 5148 2478 5217 gat
2504 5143 2709 5199 bonos.

2449 5232 2786 5297 «Quoniam
2834 5231 3275 5288 declinaverunt
3302 5231 3364 5289 in
3424 5250 3519 5291 me
3573 5233 3933 5307 iniquitates.
3995 5256 4029 5285 ι»

2380 5320 2633 5393 Populus
2682 5321 2887 5392 utique
2917 5318 3171 5375 declinat
3204 5321 3275 5376 ad
3309 5321 3703 5395 iniquitatem,
3733 5323 3832 5396 qui
3861 5340 4029 5379 men-

2378 5411 2611 5465 dacium
2652 5409 2871 5481 profert
2926 5425 3105 5481 super
3133 5409 3486 5481 proximum.
3511 5411 3613 5467 Vel
3641 5411 3826 5468 Judai
3850 5427 4034 5484 super

2376 5499 2716 5566 Dominum,
2763 5496 2916 5553 sicut
2962 5497 3277 5554 dixerunt:
3310 5501 3371 5555 In
3427 5500 3725 5557 Beelzebub
3765 5503 4030 5573 principe

2376 5587 2781 5645 daemoniorum
2800 5588 2957 5658 eiicit
2975 5587 3256 5644 daemonia
3311 5589 3527 5661 (Mutih.
3590 5608 3686 5656 xu,
3743 5592 3856 5660 24).
3888 5613 3919 5640 ‹‹
3951 5590 4029 5647 Et

2377 5678 2435 5734 in
2468 5678 2555 5732 ira
2584 5674 2814 5732 molesti
2843 5682 3008 5732 erant
3065 5674 3294 5735 mihi.'»
3355 5679 3777 5752 Persequentes
3832 5696 3923 5735 me
3957 5679 4027 5736 in

2375 5766 2596 5822 invidia
2624 5782 2752 5822 sua.
2781 5788 2809 5816 ‹‹
2844 5765 2913 5822 Et
2938 5764 2997 5821 in
3026 5765 3115 5823 ira
3143 5766 3375 5823 molesti
3406 5774 3591 5824 erant.
3626 5791 3655 5818 »
3714 5767 4026 5842 Molestus,

2374 5855 2433 5915 id
2466 5860 2578 5929 est,
2609 5871 2816 5916 savus.
2840 5877 2869 5909 «
2897 5854 2961 5914 In
2992 5855 3101 5931 ira,
3135 5878 3163 5911 »
3195 5856 3440 5931 festuca,
3464 5857 3651 5933 trabs,
3678 5857 3903 5918 odium.
3934 5857 4039 5921 Ira
