4314 6588
336 436 485 527 icti

1505 432 2006 498 BREVIARIUM
2050 433 2132 495 IN
2176 432 2565 498 PSALMOS.

3588 434 3611 495 Ι
3624 434 3745 497 043

333 567 647 629 conturbat
675 583 689 626 :
726 568 987 626 Turbatus
1015 569 1095 627 est
1117 583 1236 641 prae
1267 569 1354 624 ira
1389 568 1578 624 oculus
1622 584 1780 622 meus
1810 568 1983 640 (Psat.
2014 567 2070 635 Α
2100 572 2314 646 peccati
2345 571 2650 629 cumulum
2682 572 3077 628 excreverunt.
3111 568 3172 626 In
3205 566 3331 642 lege
3361 565 3517 625 enim
3549 584 3746 627 usura

333 678 413 730 v1,
442 661 498 727 8)
529 682 558 713 «
592 658 700 717 Cor
731 674 928 716 meum
960 659 1375 715 conturbatum
1409 663 1519 715 est.
1568 680 1597 708 ››
1648 659 1983 715 Secundum

335 749 657 821 hominem,
690 749 793 806 sed
818 748 1031 805 virtute
1065 749 1261 805 divina
1282 749 1670 805 confortatum
1696 752 1803 805 est.
1837 748 1985 804 Nam

337 843 394 897 et
422 838 687 911 angelus,
702 838 895 910 inquit
915 838 1289 911 evangelista,
1322 838 1602 894 accedens
1625 838 1989 894 confortabat

337 945 472 986 eum
504 929 655 999 (Luc.
704 944 820 992 XXI,
871 928 982 999 43).
1035 949 1064 978 ‹‹
1114 931 1179 982 Et
1226 927 1477 983 formido
1525 927 1732 984 mortis
1779 927 1988 982 cecidit

337 1034 515 1089 super
553 1034 666 1073 me.
726 1038 748 1068 ι
802 1016 1003 1074 Timor
1051 1017 1281 1081 animae,
1332 1020 1391 1072 et
1436 1020 1655 1072 tremor
1701 1016 1982 1088 corporis.

336 1129 365 1157 «
399 1105 600 1164 Timor
629 1111 687 1163 et
714 1110 935 1162 tremor
960 1106 1119 1162 venit
1148 1122 1326 1178 super
1355 1122 1466 1161 me.
1495 1126 1522 1156 ››
1556 1104 1858 1178 Siquidem
1898 1105 1985 1178 ip-

336 1211 398 1251 se
429 1195 577 1251 dixit
610 1212 623 1252 :
659 1196 848 1251 Tristis
894 1198 973 1251 est
1015 1196 1207 1251 anima
1251 1211 1376 1251 mea
1420 1211 1592 1267 usque
1637 1195 1715 1251 ad
1751 1204 1988 1250 mortem

334 1284 546 1357 (Matth.
577 1301 728 1352 xxvr,
762 1285 872 1355 38).
906 1306 934 1334 «
966 1286 1362 1342 Contexerunt
1390 1301 1482 1341 me
1512 1286 1785 1341 tenebrae.
1817 1306 1844 1334 ››
1875 1285 1979 1340 Te-

332 1374 529 1430 nebrae
559 1373 840 1430 dicuntur
870 1373 1008 1430 mali
1060 1373 1350 1440 homines,
1404 1374 1504 1446 qui
1555 1377 1988 1446 persequuntur

331 1461 674 1528 Ecclesiam,
705 1466 761 1519 et
792 1462 892 1535 qui
923 1466 1132 1535 tegunt
1168 1461 1357 1535 ipsam
1391 1462 1453 1517 in
1494 1462 1648 1532 odio,
1705 1463 1847 1534 quia
1891 1464 1987 1534 qui

332 1551 447 1608 odit
491 1550 732 1625 fratrem
776 1568 958 1619 suum,
1005 1552 1063 1607 in
1113 1551 1351 1607 tenebris
1391 1555 1466 1608 est
1507 1552 1553 1623 (Ι
1590 1552 1746 1608 Joan.
1779 1568 1840 1618 ιι,
1875 1551 1984 1621 11).

335 1663 364 1691 α
392 1642 463 1697 Et
490 1644 872 1698 contexerant
900 1656 994 1696 me
1022 1641 1298 1711 tenebrae,
1316 1665 1337 1695 ι
1374 1642 1476 1698 sed
1508 1641 1647 1713 quia
1676 1641 1775 1698 lux
1802 1659 1985 1708 eram,

340 1748 456 1787 non
489 1747 584 1786 me
612 1729 1202 1802 comprehenderunt.

314 1856 333 1864 ε
411 1842 439 1870 ‹‹
473 1819 542 1876 Et
569 1818 687 1875 dixi
721 1834 734 1873 :
768 1818 903 1891 quis
933 1819 1097 1875 dabit
1122 1817 1267 1876 mihi
1298 1836 1521 1893 pennas
1562 1820 1716 1878 sicut
1764 1821 1983 1878 colum-

338 1908 465 1965 bas?
497 1912 556 1965 et
583 1907 808 2004 volabo,
842 1912 901 1964 et
931 1908 1311 2004 requiescam.
1348 1931 1377 1959 »
1429 1910 1555 2004 Itlon
1594 1911 1677 2004 ab
1731 1910 1842 1968 alio
1890 1928 1987 1968 su-
2017 1938 2065 2004 Β

338 2014 497 2053 mam
529 1996 913 2054 evolationem
945 1998 1255 2054 evadendas
1286 1998 1515 2068 mortis,
1550 1999 1663 2055 nisi
1695 2017 1728 2056 a
1759 2016 1853 2057 me
1895 2001 1983 2073 ip-

337 2102 421 2163 so.
455 2089 783 2143 Potestatem
812 2086 979 2142 habeo
1002 2086 1244 2158 ponendi
1272 2088 1519 2143 animam
1548 2103 1749 2155 meam,
1791 2092 1842 2143 et
1878 2104 1983 2161 po—

335 2180 583 2241 testatem
610 2174 778 2232 habeo
808 2175 1009 2231 iterum
1034 2176 1290 2232 sumendi
1315 2192 1442 2232 eam
1476 2177 1718 2250 (Joan.x,
1751 2178 1841 2250 18)
1876 2196 1889 2234 :
1923 2181 1988 2233 ut

333 2266 405 2320 de
434 2263 692 2319 tenebris
722 2264 795 2319 ad
825 2263 1081 2320 coelestia
1110 2265 1452 2322 revertar.In
1486 2265 1757 2323 columba
1787 2271 1983 2322 autem

335 2351 699 2424 spiritualem
732 2356 1003 2409 naturam
1045 2353 1333 2427 designat,
1384 2353 1539 2409 sicut
1587 2356 1642 2410 in
1694 2356 1986 2427 baptismo

335 2446 638 2498 ostensum
671 2445 778 2497 est.
811 2440 1093 2498 Columba
1121 2442 1372 2514 simplex
1402 2443 1620 2500 animal
1651 2448 1741 2502 est
1766 2446 1989 2510 absque

333 2530 488 2599 felle,
521 2535 639 2587 sta
669 2530 894 2587 malitia
950 2531 1101 2587 fellis
1157 2530 1415 2588 alienum
1468 2549 1481 2587 :
1533 2533 1672 2606 quia
1717 2534 1986 2591 osculum

335 2618 643 2676 charitatis
673 2620 885 2676 animae
916 2620 1208 2695 significat
1268 2637 1281 2676 :
1344 2621 1485 2693 quia
1540 2621 1799 2679 Ecclesia
1841 2623 1990 2679 duas

337 2725 565 2781 pennas
596 2708 790 2777 habet,
838 2708 946 2765 hoc
989 2712 1099 2777 est,
1153 2710 1270 2765 duo
1319 2714 1606 2783 precepts
1635 2711 1938 2768 charitatis
1973 2730 1986 2768 :

345 2797 716 2853 dilectionem
748 2797 846 2854 Dei
876 2797 1161 2865 videlicet,
1196 2802 1254 2854 et
1283 2799 1551 2871 proximi.

419 2909 446 2938 «
480 2887 622 2943 Ecce
672 2886 939 2959 elongavi
988 2886 1235 2959 fugiens.
1268 2907 1295 2938 ιι
1333 2890 1371 2943 Α
1401 2888 1641 2946 Judaeis.
1675 2890 1866 2964 Longe
1904 2895 1994 2947 est

345 2975 503 3033 enim
534 2994 568 3032 a
595 2976 999 3048 peccatoribus
1030 2975 1210 3032 salus.
1247 2997 1275 3027 ‹‹
1304 2977 1374 3032 Et
1404 2978 1593 3034 mansi
1624 2979 1683 3033 in
1724 2979 1992 3036 solitudi-

341 3083 437 3122 ne.
473 3087 501 3114 »
532 3064 674 3121 Cum
706 3066 982 3138 gentibus
1012 3065 1348 3133 incredulis,
1383 3082 1532 3139 quas
1560 3069 1813 3124 adventu
1864 3086 1992 3126 meo

2094 664 2277 735 accipi
2310 662 2692 735 prohibentur
2724 663 2908 734 (Deut.
2940 678 3099 727 xvm,
3129 661 3242 727 20).
3277 658 3465 714 Usura
3489 660 3579 735 est
3608 657 3742 731 plus

2095 752 2355 825 accipere
2387 769 2560 823 quam
2590 753 2747 807 dare.
2781 750 2944 807 Unde
2975 749 3257 822 propheta
3284 747 3428 805 dicit
3454 766 3468 804 :
3499 751 3620 806 Non
3657 749 3743 819 fe-

2094 844 2309 909 neravi,
2339 858 2513 914 neque
2540 843 2816 915 feneravit
2860 841 3003 896 mihi
3046 841 3341 911 quicquam
3388 838 3603 910 (Ierem.
3646 840 3742 905 xv,

2098 933 2207 1001 10).
2240 933 2329 998 Et,
2359 933 2423 986 Si
2450 933 2534 987 vis
2563 931 2703 1003 quod
2752 931 2856 986 tibi
2900 929 3240 996 dimittatur,
3286 928 3501 984 dimitte
3531 927 3739 1000 (Matth.

2095 1038 2172 1087 v1,
2209 1022 2317 1088 14).

2167 1132 2196 1159 ‹‹
2229 1108 2515 1173 Quoniam
2546 1108 2597 1164 si
2629 1107 2905 1164 inimicus
2932 1124 3100 1163 meus
3129 1106 3528 1164 maledixisset
3573 1105 3743 1174 mihi,

2096 1196 2510 1259 sustinuissem
2551 1198 2771 1269 utique,
2805 1200 2860 1253 et
2890 1197 2938 1253 si
2970 1198 3022 1253 is
3051 1196 3153 1269 qui
3184 1196 3386 1252 oderat
3430 1212 3523 1253 me
3567 1210 3746 1269 super

2096 1302 2190 1342 me
2210 1302 2425 1359 magna
2453 1286 2685 1342 locutus
2716 1285 2958 1342 fuisset:
2992 1285 3432 1343 abscondissem
3455 1301 3549 1342 me
3570 1285 3742 1342 forsi-

2094 1378 2196 1430 tan
2228 1376 2301 1431 ab
2325 1393 2411 1432 eo.
2446 1398 2475 1425 »
2503 1375 2627 1431 Non
2659 1375 2752 1431 hic
2782 1379 3012 1431 tantum
3039 1376 3111 1432 de
3139 1375 3411 1447 passione
3456 1374 3741 1431 Dominus

2096 1463 2381 1535 queritur,
2415 1466 2514 1520 sed
2547 1470 2604 1519 et
2633 1466 2704 1521 de
2733 1464 3021 1537 discipulo
3072 1465 3389 1537 proditore.
3418 1462 3566 1520 Nam
3598 1462 3744 1537 legi-

2097 1569 2232 1609 mus
2262 1552 2322 1609 in
2353 1553 2703 1627 Evangeliis,
2729 1555 2868 1627 quia
2923 1553 3294 1610 absconderit
3339 1570 3402 1610 se
3441 1570 3475 1609 a
3520 1550 3744 1609 Judmis

2097 1643 2270 1714 (Joan.
2304 1660 2429 1710 vm,
2454 1643 2568 1714 59).
2600 1645 2646 1699 A
2674 1644 2829 1699 Juda
2858 1648 3051 1701 autem
3103 1661 3216 1700 non
3267 1659 3329 1699 se
3372 1640 3677 1709 abscondit
3726 1656 3742 1696 :

2097 1732 2197 1789 sed
2228 1749 2362 1788 eum
2394 1731 2567 1789 etiam
2600 1733 2861 1789 convivio
2890 1737 3092 1789 sancto
3122 1731 3505 1804 ascivit,sicut
3541 1729 3743 1803 sequi-

2095 1825 2237 1878 tur:

2175 1929 2198 1959 ι
2236 1912 2321 1967 Tu
2350 1926 2486 1968 vero
2517 1911 2691 1969 homo
2724 1912 3041 1968 unanimis.
3082 1933 3106 1961 ι)
3139 1910 3246 1978 Qui
3276 1926 3412 1966 cum
3442 1908 3574 1966 aliis
3602 1924 3740 1966 con-

2085 1999 2335 2070 junctus
2365 2016 2496 2056 eras
2527 2001 2865 2073 apostolis.«
2895 2002 3020 2057 Dux
3050 2016 3237 2056 meus.
3260 2022 3287 2049 ››
3310 2000 3397 2054 Ad
3428 1998 3744 2072 praedican-

2040 2152 2043 2155 Α
2095 2089 2237 2145 dum
2269 2106 2401 2144 cum
2434 2090 2655 2145 caeteris
2678 2090 2916 2147 missus.
2954 2112 2983 2139 «
3016 2091 3085 2145 Et
3114 2093 3289 2145 notus
3312 2105 3498 2145 meus.
3536 2109 3565 2138 »
3595 2087 3743 2153 Quia

2097 2194 2190 2233 me
2213 2194 2316 2250 per
2334 2176 2481 2250 legis
2504 2178 2851 2251 mysterium
2886 2194 3239 2252 cognoveras
3260 2193 3388 2233 esse
3404 2179 3743 2233 venturum.

2098 2289 2126 2317 «
2161 2266 2285 2323 Dux
2320 2284 2489 2323 meus
2521 2272 2581 2322 et
2610 2271 2789 2323 notus
2818 2284 3004 2323 meus.
3043 2290 3070 2316 »
3098 2266 3221 2322 Vox
3251 2265 3464 2322 Christi
3487 2266 3558 2321 de
3590 2265 3746 2322 Juda

2100 2357 2387 2413 Unanimis
2419 2355 2584 2412 dicit:
2604 2357 2741 2429 quia
2761 2356 3068 2413 videbatur
3094 2357 3167 2412 ab
3192 2355 3323 2411 aliis
3340 2355 3510 2428 quasi
3531 2355 3745 2411 bonus.

2095 2445 2222 2499 Dua:
2278 2443 2439 2513 dicit,
2480 2449 2717 2517 propter
2772 2445 2925 2517 quod
2983 2444 3277 2500 Christum
3335 2443 3598 2516 tradidit,
3630 2443 3750 2498 dux

2099 2535 2305 2590 mortis
2335 2533 2463 2589 fuit.
2497 2537 2681 2604 Notus,
2715 2535 2948 2607 quando
2978 2534 3142 2589 misit
3171 2551 3266 2590 eos
3298 2533 3467 2590 binos
3498 2536 3632 2590 ante
3660 2533 3745 2589 fa-

2099 2623 2244 2679 ciem
2276 2620 2445 2679 suam
2475 2624 2535 2679 in
2568 2623 3035 2697 praedicationem
3067 2625 3218 2696 (Luc.
3250 2640 3305 2691 x,
3339 2624 3413 2695 1).

2171 2736 2199 2761 ‹‹
2233 2711 2341 2779 Qui
2380 2712 2557 2769 simul
2591 2728 2823 2768 mecum
2843 2712 3046 2768 dulces
3065 2712 3336 2784 capiebas
3365 2711 3585 2767 cibos.»
3599 2710 3745 2767 Cum

2100 2801 2394 2857 mandatis
2420 2801 2546 2857 vitae
2578 2805 2635 2857 et
2659 2801 2954 2858 voluntate
2983 2801 3167 2874 patris
3197 2799 3545 2873 plerumque
3591 2800 3748 2856 refe-

2101 2894 2230 2945 ctus
2258 2907 2339 2947 es.
2373 2890 2549 2947 Cibus
2577 2891 2731 2946 enim
2765 2889 2952 2945 dulcis
2983 2888 3294 2957 est,Patris
3325 2889 3512 2945 facere
3540 2887 3745 2945 volun-

2099 2980 2303 3044 tatem,
2356 2983 2421 3034 ut
2463 2979 2607 3034 illud
2643 2997 2655 3034 :
2690 2980 2796 3047 Qui
2840 2980 3107 3050 intingint
3151 2994 3362 3033 mecum
3404 2993 3635 3033 manum
3682 2978 3747 3034 in

2096 3068 2408 3139 paropside,
2443 3068 2643 3123 levabit
2670 3072 2865 3123 contra
2884 3084 2969 3123 me
2989 3068 3315 3122 calcaneum
3341 3082 3505 3121 suum
3537 3065 3748 3138 (Matth.

340 3154 545 3212 ﬂorere
576 3152 705 3210 feci.
737 3154 819 3210 De
851 3153 1067 3225 quibus
1114 3154 1266 3211 alius
1290 3155 1373 3211 ait
1400 3156 1685 3229 propheta
1716 3174 1728 3213 :
1761 3160 1996 3215 Laetetur
2101 3174 2251 3223 xxvr,
2283 3159 2396 3224 23).
2429 3156 2532 3213 Vel
2562 3157 2729 3213 cibus
2759 3155 2970 3227 dulcis,
3020 3157 3077 3211 id
3128 3162 3237 3225 est,
3287 3172 3501 3229 corpus
3525 3158 3585 3212 et
3612 3172 3747 3212 san-

341 3261 406 3301 ae
433 3246 625 3315 ﬂoreat
652 3243 923 3300 desertum
955 3244 1080 3315 (1.5a.
1113 3260 1281 3309 xxxv,
1333 3244 1404 3317 1).
1460 3246 1499 3294 σι’
1534 3245 1678 3301 Ecce
1726 3247 1989 3320 elongavi

2104 3246 2236 3319 guis
2261 3246 2476 3301 Christi
2512 3263 2525 3301 :
2559 3248 2713 3318 quod
2746 3247 2871 3318 ipse
2901 3245 3125 3318 accepit
3153 3245 3453 3319 indignus.
3493 3267 3514 3295 ι
3551 3245 3613 3301 In
3644 3245 3748 3303 do-

339 3332 591 3406 fugiens,
624 3336 681 3388 et
706 3329 897 3388 mansi
927 3330 987 3387 in
1019 3330 1355 3387 solitudine.
1391 3355 1419 3381 »
1450 3332 1732 3390 Columba
1766 3308 1914 3408 fugit
1956 3353 1990 3390 a
2021 3308 2064 3375 (ἶ
2102 3308 2199 3389 mo
2228 3334 2330 3391 Dei
2362 3334 2795 3389 ambulavimus
2825 3351 2956 3390 cum
2983 3308 3623 3405 consensuv(Joan.xm,
3657 3335 3744 3405 18,

335 3421 772 3478 conversatione
799 3420 1077 3487 humana,
1107 3424 1164 3475 et
1192 3420 1377 3477 sancti
1428 3421 1661 3494 fugiunt
1691 3439 1725 3479 a
1754 3440 1988 3480 consor-

331 3510 413 3566 tio
444 3504 774 3577 hominum,
808 3525 924 3566 non
970 3508 1374 3582 corporaliter,
1424 3511 1523 3566 sed
1577 3512 1984 3584 Spiritualiter,

329 3600 439 3657 hoc
469 3603 578 3668 est,
610 3599 669 3655 in
701 3600 1080 3669 conscientia,
1115 3600 1254 3674 quia
1284 3600 1562 3675 cogitant,
1595 3603 1888 3673 quomodo
1920 3620 1983 3659 se

329 3693 535 3746 contra
564 3690 971 3763 suggestiones
1002 3690 1218 3748 diaboli
1265 3690 1351 3747 vel
1400 3690 1804 3747 haereticorum
1849 3692 1980 3749 des-

329 3778 577 3834 cendere
606 3779 875 3835 debeant.

401 3891 429 3918 ‹‹
463 3867 884 3947 Exspectabam
917 3884 1051 3925 eum
1079 3869 1180 3943 qui
1212 3867 1439 3925 salvum
1471 3886 1565 3927 me
1608 3870 1743 3927 fecit
1789 3887 1823 3926 a
1870 3888 1976 3944 pu-

329 3955 734 4035 sillanimitate
761 3956 1005 4030 spiritus
1037 3962 1094 4015 et
1121 3962 1488 4032 tempestate.
1524 3983 1545 4010 ι
1582 3960 1890 4033 Exspectat
1917 3960 1975 4017 in

329 4060 569 4119 corpore
587 4046 839 4120 positus,
873 4063 988 4103 non
1020 4046 1212 4103 solum
1245 4047 1626 4104 salvationem
1674 4049 1878 4121 patris,
1914 4053 1978 4105 ut

329 4151 364 4189 a
409 4124 655 4191 diversis
701 4135 1152 4207 tempestatibus
1204 4141 1465 4204 eruatur,
1520 4137 1619 4192 sed
1678 4138 1878 4204 etiam,
1912 4143 1977 4193 ut

326 4220 609 4278 ultionem
642 4224 714 4279 de
742 4222 999 4279 inimicis
1030 4223 1297 4296 accipiat.
1330 4224 1605 4297 Sequitur
1636 4241 1650 4281 :

298 4308 301 4311 ’
354 4374 357 4377 _
403 4334 423 4359 ι
461 4310 782 4384 Ρΐωοὶρὶῐᾶ,
814 4310 1078 4383 Domine,
1112 4316 1169 4369 et
1197 4312 1389 4369 divide
1419 4313 1653 4387 linguas
1675 4329 1898 4370 eorum.
1943 4337 1970 4365 ››

320 4398 383 4455 In
416 4398 817 4472 aquapaliquis
849 4417 999 4472 saepe
1026 4400 1442 4474 principitatur.
1483 4407 1630 4475 Ergo
1663 4402 1722 4483 hi
1750 4403 1833 4459 ita
1871 4404 1969 4461 de-

319 4493 664 4568 mergantur
691 4489 847 4547 sicut
877 4489 935 4544 in
969 4488 1206 4562 diluvio,
1238 4493 1296 4546 et
1323 4490 1740 4564 dispergantur
1768 4491 1969 4548 divisis

315 4575 556 4652 linguis,
592 4595 698 4635 ceu
738 4579 954 4634 factum
985 4582 1075 4635 est
1105 4578 1163 4633 in
1195 4578 1576 4635 aedificatione
1621 4582 1820 4636 turris.
1856 4581 1963 4637 Sed

2095 3423 2208 3493 21).
2242 3424 2404 3494 Saepe
2435 3423 2589 3478 enim
2621 3439 2755 3478 cum
2786 3422 2912 3495 ipso
2942 3423 3188 3478 Domino
3218 3421 3278 3476 in
3308 3420 3530 3494 templo
3577 3421 3747 3478 Salo-

2098 3511 2288 3567 monis
2317 3528 2449 3567 cum
2485 3510 2915 3583 praedicationis
2940 3527 3230 3567 consensu
3264 3510 3429 3566 obiit.

2169 3626 2190 3653 «
2224 3600 2430 3655 Veniat
2460 3617 2616 3656 mors
2647 3616 2825 3672 super
2854 3599 3071 3669 illos,et
3092 3600 3448 3655 descendant
3470 3598 3542 3655 ad
3565 3598 3742 3655 infer-

2092 3706 2234 3745 num
2265 3690 2540 3745 viventes.
2575 3712 2603 3739 ››
2646 3690 2718 3745 Ut
2767 3690 3044 3760 majorem
3098 3689 3191 3744 sui
3239 3688 3432 3744 cordis
3479 3687 3740 3746 dolorem

2091 3779 2416 3834 secundum
2449 3778 2755 3855 hominem
2779 3779 3111 3833 ostenderet
3136 3794 3149 3833 ε
3174 3778 3303 3832 ideo
3337 3776 3504 3849 quasi
3535 3776 3595 3832 in
3622 3793 3742 3835 ma-

2088 3865 2397 3924 ledictione
2427 3883 2550 3937 qua:
2576 3868 2659 3922 eis
2689 3872 2857 3923 erant
2878 3871 3121 3922 ventura
3150 3865 3433 3938 praedixit.
3471 3890 3492 3919 ι
3527 3865 3740 3923 Veniat

2088 3972 2248 4012 mors
2279 3955 2631 4027 superillos,
2682 3959 2738 4010 et
2796 3955 3155 4011 descendant
3201 3954 3274 4009 ad
3323 3954 3618 4010 infernum
3648 3955 3733 4010 vi-

2084 4049 2304 4099 ventes.
2359 4045 2597 4100 Factum
2646 4043 2758 4098 fuit
2801 4044 2911 4099 hoc
2960 4043 3031 4098 de
3081 4042 3325 4111 Dathan,
3366 4047 3424 4098 et
3471 4041 3636 4111 Core,
3678 4046 3738 4099 et

2082 4132 2321 4204 Abiron,
2353 4136 2413 4187 et
2444 4131 2623 4187 simul
2652 4132 2811 4187 venit
2840 4132 3014 4203 ignis,
3045 4135 3102 4186 et
3132 4130 3345 4186 mortui
3388 4131 3644 4197 fuerunt,
3676 4135 3736 4188 et

2083 4225 2236 4276 terra
2293 4221 2598 4276 absorbuit
2626 4237 2725 4276 eos
2755 4220 2912 4276 vivos
2943 4220 3131 4291 (Num.
3170 4236 3287 4283 XVI,
3317 4219 3428 4290 32).

2156 4334 2183 4360 ‹‹
2218 4309 2503 4376 Quoniam
2536 4309 2803 4381 nequitia
2830 4309 2889 4365 in
2915 4306 3269 4364 habitaculis
3288 4323 3490 4363 eorum
3521 4308 3580 4363 in
3613 4325 3732 4366 me-

2082 4400 2177 4456 dio
2206 4399 2492 4473 ipsorum.
2527 4423 2553 4450 ››
2588 4399 2811 4455 Etenim
2856 4404 2976 4455 tam
3010 4413 3180 4470 opere
3213 4414 3391 4469 quam
3423 4397 3727 4471 cogitatio-

2080 4505 2171 4561 ne,
2206 4488 2465 4561 nequitia
2487 4488 2644 4562 pleni
2676 4493 2836 4544 sunt.

2157 4597 2178 4625 ι
2212 4578 2331 4651 Ego
2363 4582 2559 4633 autem
2592 4578 2663 4632 ad
2695 4576 3009 4633 Dominum
3041 4576 3306 4644 clamavi,
3338 4579 3396 4631 et
3440 4575 3727 4632 Dominus
3790 4598 3793 4605 ί

316 4682 422 4722 cur
451 4667 567 4723 ista
595 4667 761 4732 ﬁant,
797 4667 1013 4739 adjecit
1045 4682 1058 4724 :
1093 4667 1378 4733 Quoniam
1409 4667 1526 4722 vidi
1572 4667 1966 4740 iniquitatem,
1996 4677 2044 4742 Ι)
2077 4665 2326 4722 salvabit
2373 4683 2486 4722 me.
2537 4666 2807 4737 Vespere,
2852 4670 2910 4722 et
2956 4682 3147 4734 mane,
3180 4669 3236 4721 et
3265 4663 3526 4722 meridie.
3563 4687 3585 4715 ιι
3618 4663 3724 4721 Ve-

315 4758 374 4811 et
403 4754 923 4813 contradictionem
970 4756 1031 4811 in
1073 4755 1322 4812 civitate.
1360 4778 1381 4807 ι
1416 4757 1798 4828 Iniquitatem,
1831 4774 1965 4813 cum

316 4860 434 4901 non
466 4844 859 4901 crediderunt.
891 4845 1402 4917 Contradictionem,
1427 4862 1559 4903 cum
1591 4848 1962 4920 exprobrant,

316 4932 782 4999 contradicentes
835 4951 847 4989 :
899 4936 1087 4992 Nonne
1132 4936 1221 4991 hic
1263 4944 1342 4991 est
1390 4936 1538 5005 ﬁlius
1584 4938 1776 5009 Ioseph
1816 4938 1966 5009 fabri

319 5023 504 5094 (Marc.
535 5040 613 5091 v1,
644 5024 738 5096 3)?
768 5024 837 5080 Et
861 5023 978 5081 alia
1006 5024 1213 5081 multa.

390 5136 419 5164 «
455 5113 556 5170 Die
586 5130 653 5170 ac
681 5118 869 5170 nocte.
907 5134 928 5167 ι
965 5114 1026 5171 Id
1059 5118 1149 5171 est
1177 5114 1338 5170 omni
1365 5118 1645 5187 tempore.
1679 5117 1794 5185 Die,
1826 5132 1958 5172 cum

317 5203 550 5260 doceret
576 5204 801 5270 turbas,
833 5207 891 5259 et
919 5202 1004 5259 illi
1036 5220 1152 5261 non
1182 5203 1574 5260 crediderunt.
1608 5208 1793 5275 Nocte,
1826 5221 1960 5261 cum

314 5296 629 5366 pateretur,
660 5296 715 5349 et
744 5291 829 5347 illi
860 5291 1360 5365 blasphemarent.
1409 5294 1557 5366 Ergo
1610 5294 1800 5351 taliter
1849 5295 1960 5350 cir-

313 5382 592 5439 cumdata
620 5381 958 5455 repletaque
989 5387 1080 5439 est
1108 5399 1308 5439 eorum
1341 5382 1562 5450 civitas,
1592 5383 1648 5439 id
1678 5388 1767 5439 est
1797 5383 1958 5440 Jero-

311 5469 561 5545 solyma,
628 5476 695 5527 ut
758 5488 938 5545 supra
1002 5488 1205 5530 muros
1270 5472 1622 5529 redundaret
1676 5472 1960 5545 iniquitas

309 5559 460 5633 ejus.
710 5631 715 5633 Α
1436 5561 1443 5567 ’

384 5672 413 5701 ‹‹
447 5650 515 5706 Et
540 5666 654 5706 non
684 5650 897 5708 defecit
925 5650 997 5707 de
1026 5649 1236 5723 plateis
1265 5649 1396 5721 ejus
1427 5667 1608 5707 usura
1635 5654 1691 5706 et
1720 5650 1955 5707 dolus.»

298 5739 527 5815 Omnia
554 5738 711 5815 enim
742 5756 869 5814 quae
892 5740 952 5797 in
974 5739 1100 5825 lege
1122 5738 1418 5812 prohibita
1446 5740 1685 5814 sunt,ad
1706 5742 1960 5815 augendi

2076 4771 2243 4829 spere
2273 4771 2407 4810 cum
2440 4754 2771 4827 passionem
2804 4754 3080 4827 suscepit,
3121 4770 3293 4810 mane
3339 4769 3474 4810 cum
3523 4769 3722 4810 resur-

2074 4843 2267 4899 rexit:
2305 4843 2568 4912 meridie,
2627 4859 2761 4898 cum
2812 4844 2969 4899 omni
3021 4843 3287 4900 claritate
3334 4842 3568 4900 virtutis
3596 4859 3717 4898 sua;

2072 4930 2411 5005 adimpleta,
2445 4930 2619 4987 ccelos
2651 4930 2935 5002 ascendit,
2968 4931 3128 4986 sedet
3159 4930 3231 4986 ad
3280 4929 3573 4986 dexteram
3603 4932 3717 4984 Pa-

2072 5021 2197 5079 tris.

2150 5133 2176 5164 α
2205 5110 2464 5167 Narrabo
2523 5115 2580 5165 et
2635 5108 3018 5171 annuntiabo,
3076 5112 3134 5163 et
3190 5107 3459 5164 exaudiet
3512 5120 3712 5164 vocem

2071 5201 2557 5258 meam.Redimet
2586 5200 2641 5255 in
2676 5216 2816 5271 pace
2846 5198 3104 5254 animam
3136 5212 3350 5264 meam,
3382 5197 3456 5253 ab
3486 5195 3580 5252 his
3611 5196 3712 5269 qui

2071 5290 2546 5366 appropinquant
2594 5288 2757 5344 mihi.
2795 5311 2821 5339 η
2854 5289 3064 5344 Narrat
3093 5286 3316 5342 scilicet
3346 5304 3358 5341 :
3391 5286 3546 5358 quod
3577 5296 3713 5342 enm

2068 5382 2339 5439 velociter
2370 5385 2533 5455 pater
2562 5379 2853 5436 exaudivit
2885 5397 2897 5434 :
2933 5378 3084 5450 quod
3118 5393 3249 5432 eum
3286 5376 3358 5430 de
3386 5373 3713 5432 tribulatio-

2070 5473 2247 5528 nibus
2276 5471 2484 5527 mortis
2509 5469 2750 5543 eripuit:
2771 5469 2925 5541 quod
2956 5467 3013 5522 in
3045 5482 3185 5540 pace
3214 5463 3471 5521 animam
3491 5464 3619 5537 ejus
3639 5465 3717 5522 ab

2069 5561 2346 5633 inimicis,
2377 5560 2479 5632 qui
2504 5559 2553 5615 ei
2587 5560 2658 5614 ob
2689 5557 3049 5614 inferendam
3084 5559 3329 5611 mortem
3362 5553 3715 5627 propinqua-

2064 5654 2291 5721 vcrant,
2346 5648 2626 5704 liberavit.
2686 5646 2809 5717 Vel,
2855 5644 3116 5711 narrabo,
3169 5643 3338 5717 quasi
3380 5643 3629 5711 minora,
3660 5652 3715 5701 et

2067 5737 2603 5812 annuntiabo,quasi
2634 5737 2876 5808 majora.
2893 5734 3178 5792 Liberavit
3207 5734 3265 5791 in
3288 5723 3430 5807 pace
3450 5734 3709 5793 animam
