4314 6572
562 430 719 501 1043

2054 410 2475 499 .Apeuusbtx.

3813 412 3975 498 tota

560 572 773 630 meam.
807 570 871 629 In
913 587 1069 645 pace,
1100 570 1211 627 hoc
1257 573 1366 640 est,
1420 567 1481 627 in
1533 568 1868 643 semetipso,
1900 571 1967 625 ut
1997 567 2211 625 Paulus
2243 572 2297 639 Α
2325 567 2577 626 l'enoires
2638 567 2763 627 oleo
2796 568 2932 627 fecit
2970 585 3271 628 sermones
3319 582 3480 639 suos,
3502 582 3645 626 cum
3684 567 3811 626 ait:
3844 560 3977 639 Ave,

559 658 709 719 dixit
739 678 753 716 :
787 662 903 735 Ipse
931 666 1007 717 est
1033 677 1149 733 pax
1186 664 1397 728 nostra,
1448 661 1545 731 qui
1589 660 1719 729 fecit
1759 666 1989 730 utraque
2034 673 2213 714 unum

558 752 782 825 (Ephes.
816 769 878 819 ιι,
913 751 1023 822 14).
1058 774 1084 800 α
1117 749 1203 805 Ab
1234 749 1327 805 his
1360 748 1460 822 qui
1483 749 1955 822 appropinquant
1988 747 2153 803 mihi.
2184 769 2211 796 »

557 836 1096 917 Approquinquant
1123 854 1504 911 corpore,non
1526 837 1648 893 vita
1672 853 1776 892 nec
1799 837 2215 901 merito.«Quo-

562 928 724 986 niam
783 929 936 984 inter
983 926 1199 983 multos
1247 932 1412 983 erant
1456 943 1706 982 mecum.
1744 950 1765 978 ι
1801 928 1949 982 Inter
1992 926 2210 991 multos,

565 1018 668 1075 sed
700 1034 817 1074 non
850 1017 904 1072 in
940 1016 1160 1089 paucis.
1182 1017 1244 1072 In
1279 1015 1481 1070 multis
1512 1015 1730 1079 vero,id
1764 1019 1871 1084 est,
1907 1014 1967 1068 in
1998 1013 2216 1085 baptis-

563 1123 681 1176 mo,
714 1111 772 1163 et
798 1105 855 1161 in
889 1106 1003 1161 ﬁde
1031 1122 1143 1161 non
1177 1105 1331 1179 ﬁcta.
1367 1105 1428 1160 In
1469 1104 1673 1177 paucis
1728 1119 1842 1158 non
1895 1106 2056 1172 sunt,
2102 1101 2213 1157 hoc

560 1192 667 1268 e's‘t,
701 1196 760 1251 in
794 1195 907 1251 fide
929 1195 1116 1265 firma,
1148 1199 1204 1250 et
1230 1210 1351 1265 spe,
1383 1197 1439 1249 et
1468 1192 1771 1248 cbaritate.
1808 1212 1835 1240 ‹‹
1872 1191 2030 1246 Inter
2062 1189 2211 1246 mul-

556 1289 650 1344 tos
682 1307 710 1335 »
743 1284 1099 1350 credentes;
1133 1287 1299 1338 erant
1328 1298 1618 1348 mecum,»
1650 1286 1708 1336 et
1731 1297 1845 1336 non
1873 1278 2210 1335 credebant.

631 1396 660 1426 ‹‹
690 1374 972 1429 Exaudiet
1002 1373 1176 1428 Deus.
1216 1394 1236 1420 ο
1281 1371 1371 1427 Me
1408 1371 1870 1436 benedicentcm,
1916 1385 2032 1424 non
2081 1367 2214 1423 illos

562 1462 995 1521 maledicentes.
1029 1485 1056 1511 «
1090 1462 1373 1517 Exaudiet
1403 1465 1555 1517 Deus
1580 1482 1608 1510 »
1636 1464 1869 1516 sanctos
1899 1474 2060 1514 suos.
2100 1481 2120 1507 ιι
2147 1458 2217 1512 Et

557 1550 896 1609 humiliabit
924 1566 1045 1607 eos.
1085 1573 1104 1599 η
1138 1550 1255 1606 Hoc
1284 1554 1393 1619 est,
1427 1550 1733 1621 superbos.
1762 1571 1789 1597 «
1825 1546 1932 1612 Qui
1963 1552 2052 1603 est
2081 1551 2214 1602 ante

562 1639 796 1699 secula.
828 1662 857 1692 »
891 1640 1060 1696 Pater
1090 1639 1313 1711 utique,
1354 1654 1529 1710 quem
1580 1639 1639 1693 in
1689 1654 1781 1693 me
1827 1652 2063 1692 manere
2098 1652 2213 1690 non

558 1734 998 1803 cognoverunt:
1032 1728 1173 1801 quia
1219 1733 1308 1783 est
1350 1732 1484 1783 ante
1529 1726 1761 1793 saecula,
1809 1732 1867 1781 et
1921 1730 2116 1781 manet
2152 1724 2213 1780 in

560 1825 866 1877 aeternum.
899 1817 1002 1874 Ille
1035 1817 1137 1889 qui
1167 1816 1402 1871 initium
1435 1816 1693 1887 sumpsit
1732 1832 1799 1871 ex
1842 1814 2045 1882 Maria,
2079 1818 2214 1870 ante

562 1906 779 1965 sucula
808 1906 1041 1980 genitus
1072 1909 1180 1962 est.

638 2020 660 2047 α
693 1996 819 2053 Νοιι
853 2000 944 2052 est
971 1996 1128 2051 enim
1178 1994 1296 2051 illis
1348 1993 1751 2051 commutatio.
1789 2015 1811 2045 ι
1846 1997 1923 2049 De
1955 1991 2110 2049 malo
2152 1991 2212 2046 in

559 2087 813 2148 bonum:
846 2101 962 2142 non
994 2089 1453 2152 commutantur,
1486 2100 1599 2139 non
1639 2082 2079 2138 transferuntur
2122 2096 2212 2136 se-

564 2176 827 2233 cundum
877 2174 1255 2247 Evangelium
1306 2174 1376 2229 de
1426 2178 1593 2228 norte
1621 2171 1680 2227 in
1705 2172 1903 2226 vitam.
1945 2188 1967 2218 α
1999 2171 2068 2225 Et
2098 2185 2213 2225 non

562 2262 891 2321 timuerunt
936 2268 1141 2319 Deum.
1182 2286 1202 2313 ιι
1259 2264 1392 2319 Ideo
1439 2278 1617 2317 causa
1664 2262 1735 2316 ad
1785 2259 2070 2315 ultionem
2121 2260 2215 2331 de,

566 2353 815 2425 scendit,
851 2353 1007 2409 sicut
1038 2351 1309 2425 sequitur
1340 2370 1352 2407 :
1395 2371 1415 2398 ι
1454 2351 2011 2423 Expandit’manum
2044 2366 2214 2405 suam

564 2440 624 2499 in
656 2440 1239 2505 retribuendo.»Quia
1269 2458 1400 2496 cum
1435 2442 1518 2496 eis
1548 2442 1620 2495 ad
1661 2438 1945 2495 auxilium
1986 2454 2214 2510 porrec-

563 2537 625 2590 ta
654 2532 862 2588 fuisset
892 2548 904 2586 :
943 2549 1056 2587 non
1109 2547 1236 2586 eam
1278 2533 1638 2602 receperunt.
1675 2552 1702 2578 ‹‹
1732 2527 1856 2584 Non
1889 2529 2219 2583 timuerunt

564 2626 780 2690 Deum;
814 2643 841 2670 ››
874 2626 1179 2693 propterea
1210 2636 1324 2676 non
1354 2619 1793 2675 declinaverunt
1843 2618 1915 2673 de
1963 2616 2117 2673 malo
2155 2617 2215 2671 in

564 2712 785 2768 bonum
819 2726 831 2764 :
870 2710 1008 2782 quia
1037 2726 1151 2765 non
1185 2712 1655 2781 cognoverunt.»
1688 2708 1756 2762 Et
1785 2706 2046 2762 extendit
2093 2722 2214 2761 ma-

565 2816 711 2857 num
743 2815 910 2856 suam
944 2799 1003 2854 in
1035 2798 1407 2854 retribuendo
1437 2797 1646 2853 illis.n«
1680 2795 1948 2851 Extendit
1973 2811 2215 2850 manum

566 2902 759 2957 suam,
795 2911 823 2939 »
856 2892 920 2944 ut
950 2888 1032 2943 ait
1061 2886 1347 2959 propheta
1379 2904 1391 2941 :
1429 2888 1559 2943 Tota
1606 2886 1695 2941 die
1737 2884 1979 2957 expandi
2018 2900 2217 2939 manus

565 2982 718 3034 meas
746 2978 817 3033 ad
840 2976 1119 3049 populum
1146 2992 1260 3032 non
1304 2975 1604 3031 credentem
1654 2983 1707 3029 et
1752 2973 2220 3030 contradicentem

569 3064 715 3123 mihi
744 3068 871 3139 (Isa.
906 3083 1030 3135 va,
1061 3066 1116 3132 2)
1154 3082 1167 3119 :
1202 3066 1333 3120 ideo
1363 3065 1504 3136 quia
1533 3080 1648 3120 non
1672 3064 1855 3119 credit
1884 3079 2061 3135 opera
2091 3079 2221 3118 mea

575 3158 633 3213 et
663 3155 984 3229 potentiam
1025 3170 1255 3210 meam:
1292 3176 1319 3203 «
1355 3156 1415 3209 In
1462 3153 1834 3209 retribuendo
1875 3151 2014 3221 illis,
2048 3172 2075 3204 η
2110 3152 2219 3208 hoc

574 3249 683 3310 est,
717 3244 775 3299 in
816 3243 1089 3308 vindicta,
1138 3243 1196 3298 in
1247 3243 1339 3298 die
1378 3242 1590 3314 judicii
1642 3260 1654 3298 :
1706 3242 2026 3314 praasertim
2085 3257 2217 3297 cum

2245 1943 2293 2009 B

2323 658 2525 722 Rabbi;
2558 665 2611 715 et
2638 662 2911 716 osculatus
2953 664 3032 715 est
3078 676 3204 715 eum
3236 659 3444 731 (Matth.
3494 676 3647 728 xxvr,
3696 658 3807 732 49).
3838 660 3978 717 Tale

2323 747 2515 804 oleum
2549 753 2886 818 renuentes,
2920 752 2983 804 ut
3007 748 3065 803 in
3096 748 3579 804 tribulationibus
3627 747 3822 820 positi,
3879 748 3974 805 Dei

2324 839 2596 910 petamus
2627 837 2936 904 auxilium,
2966 835 3091 908 ipse
3123 853 3228 894 nos
3257 835 3411 894 Deus
3442 851 3549 893 suo
3578 836 3841 911 exemplo
3871 838 3976 895 do-

2324 925 2446 981 cuit
2474 926 2675 981 dicens
2710 941 2725 981 :
3007 980 3015 989 ,

2396 1038 2422 1064 ‹‹
2456 1016 2618 1070 Jacta
2645 1013 2704 1070 in
2742 1015 3051 1071 Dominum
3085 1030 3285 1070 curam
3317 1018 3564 1083 tuam,et
3592 1013 3717 1088 ipse
3746 1018 3801 1072 te
3831 1032 3974 1073 enu-

2323 1101 2480 1156 triet.
2516 1123 2543 1151 »
2575 1101 2647 1157 Ut
2675 1102 2746 1158 ab
2778 1118 2844 1159 eo
2875 1102 3161 1159 educatus
3191 1100 3445 1158 inimicis
3493 1098 3659 1159 fortis
3710 1102 3971 1159 resistas.

2325 1212 2353 1239 ‹‹
2390 1188 2515 1245 Non
2547 1189 2718 1247 dabis
2748 1190 2807 1246 in
2840 1194 3121 1247 aeternum
3153 1190 3593 1248 ﬂuctuationem
3616 1191 3800 1263 justo.
3835 1213 3862 1240 »
3912 1190 3974 1247 Si

2323 1279 2479 1335 enim
2505 1279 2708 1351 justus
2735 1281 2936 1348 fueris,
2970 1297 3087 1337 non
3118 1284 3176 1337 te
3207 1279 3429 1353 patitur
3458 1281 3529 1336 ab
3551 1274 3771 1353 iniquis
3790 1274 3981 1336 ﬂucti-

2323 1369 2434 1424 bus
2466 1368 2716 1443 fatigari.
2751 1369 2859 1436 Qui
2891 1369 3158 1440 fluctuat,
3191 1369 3250 1425 in
3281 1369 3430 1425 mari
3477 1373 3586 1425 est.
3634 1369 3743 1426 Per
3790 1373 3975 1438 mare,

2324 1458 2584 1514 mundus
2614 1459 2723 1515 iste
2753 1458 3120 1532 intelligitur,
3145 1457 3204 1515 in
3236 1475 3349 1532 quo
3381 1458 3564 1515 sancti
3595 1456 3897 1515 ﬂuctuant.

2396 1568 2423 1595 ‹‹
2453 1547 2540 1602 Tu
2564 1562 2720 1619 vero,
2754 1548 2928 1615 Deus,
2953 1548 3206 1604 deduces
3236 1544 3371 1604 illos
3418 1547 3479 1604 in
3529 1548 3772 1621 puteum
3830 1548 3973 1604 inte-

2324 1635 2495 1691 ritus.
2530 1660 2561 1686 η
2593 1635 2666 1692 Ut
2692 1637 2793 1708 qui
2828 1636 3144 1693 noluerunt
3180 1636 3379 1693 bibere
3409 1632 3480 1693 de
3510 1637 3667 1693 fonte
3707 1654 3865 1709 aqua
3896 1638 3972 1693 vi-

2322 1742 2422 1792 vae,
2457 1726 2515 1781 in
2548 1731 2792 1798 puteum
2825 1726 3097 1783 interitus
3128 1728 3601 1799 demergantur.»
3636 1728 3698 1783 In
3730 1729 3977 1799 puteum

2323 1813 2617 1883 interitus,
2649 1836 2677 1866 υ
2735 1814 2844 1871 hoc
2888 1820 2995 1885 est,
3049 1816 3107 1870 in
3155 1816 3473 1888 infernum,
3505 1808 3674 1888 justa
3720 1814 3976 1873 vindicta

2324 1919 2502 1976 super
2530 1902 2683 1959 illos.

2396 2015 2426 2043 «
2458 1992 2579 2048 Viri
2612 1993 2969 2066 sanguinum
3001 1998 3057 2050 et
3088 1993 3294 2051 dolosi.
3326 2014 3355 2045 ››
3388 1994 3497 2059 Qui
3526 1998 3667 2050 sunt
3689 1990 3970 2051 eﬂ‘usores

2324 2082 2633 2155 sanguinis
2665 2080 3069 2156 Redemptoris
3101 2083 3306 2139 nostri.
3338 2105 3370 2136 α
3401 2084 3528 2140 Non
3576 2080 3971 2140 dimidiabunt

2323 2171 2450 2227 dies
2481 2188 2638 2227 suos.
2677 2193 2704 2221 »
2736 2172 2861 2228 Non
2893 2173 3084 2229 solum
3116 2190 3233 2229 non
3262 2172 3651 2246 impleverunt
3680 2171 3967 2229 mternita-

2322 2260 2402 2316 tis
2432 2260 2578 2328 dies,
2600 2261 2701 2317 sed
2735 2278 2839 2317 nec
2870 2262 2942 2318 ad
2976 2262 3287 2319 dimidium
3317 2262 3601 2336 temporis
3620 2262 3747 2335 ejus
3774 2262 3973 2318 venire

2327 2355 2686 2407 meruerunt.
2722 2350 2785 2406 In
2817 2350 3045 2408 modico
3073 2350 3230 2407 enim
3261 2351 3450 2425 spatio
3481 2351 3542 2407 in
3589 2348 3812 2407 ultione
3861 2356 3969 2407 Do-

2327 2438 2545 2495 minica
2574 2439 2646 2495 ab
2677 2438 2947 2496 hostibus
2978 2439 3253 2496 trucidati
3283 2444 3445 2496 sunt.

2398 2550 2427 2576 «
2460 2531 2578 2600 Ego
2610 2532 2808 2583 autem
2839 2530 3085 2601 sperabo
3132 2529 3193 2583 in
3240 2533 3319 2597 te,
3363 2530 3622 2585 Domine.
3656 2551 3685 2578 »
3715 2530 3790 2584 Ut
3818 2526 3971 2602 pleni

2326 2616 2706 2673 inveniantur
2744 2617 2868 2673 dies
2918 2619 3055 2674 mei.
3106 2619 3176 2674 Et
3226 2635 3334 2675 nos
3376 2619 3670 2692 supplices
3700 2612 3973 2692 depreca-

2327 2708 2483 2773 mur,
2518 2709 2583 2761 ut
2623 2722 2656 2762 a
2710 2712 2786 2778 te,
2824 2708 3086 2775 Domine,
3121 2707 3415 2764 exauditi:
3450 2724 3555 2764 nec
3587 2706 3805 2780 peccati
3847 2704 3972 2763 oieo

2328 2794 2599 2863 delibuti,
2635 2813 2667 2851 a
2695 2799 2751 2851 te
2782 2797 3042 2869 enutriti,
3073 2813 3107 2852 a
3137 2801 3194 2853 te
3223 2796 3295 2853 ab
3329 2796 3512 2870 hujus
3544 2795 3739 2852 sreeuli
3784 2792 3970 2852 ﬂucti-

2327 2883 2441 2941 bus
2471 2884 2721 2952 liberati,
2754 2903 2788 2940 a
2818 2889 2873 2941 te
2903 2901 3238 2942 mereamur
3273 2884 3701 2960 longitudinem
3746 2884 3974 2943 dierum

2328 2989 2434 3047 pro
2466 2974 2639 3030 bonis
2670 2974 2897 3031 actibus
2926 2974 3194 3047 adipisci.
3226 2977 3430 3033 Amen.
3962 2982 3965 2985 ’

2917 3082 3047 3138 PSA
3056 3081 3239 3138 LMUS
3279 3081 3393 3138 LV.

2330 3173 2394 3228 In
2410 3170 2607 3257 linem,
2637 3171 2983 3257 pro-populo,
3014 3173 3112 3254 qui
3148 3190 3194 3257 ᾳ.
3226 3173 3431 3228 sanctis
3469 3171 3624 3257 longe
3644 3166 3819 3257 [ocius
3848 3173 3930 3245 est
3954 3190 3973 3257 ί

2402 3242 2573 3298 David
2594 3240 2686 3317 lin
2724 3240 2885 3317 tituli
2934 3240 3373 3317 inscriptionem,
3430 3240 3654 3317 quando?
3683 3240 3977 3317 tenuerunt

571 3332 820 3389 Abrahae
851 3332 968 3388 dixi
1004 3350 1017 3387 :
1054 3335 1115 3387 In
1143 3334 1349 3389 semine
1371 3313 1459 3388 too
1482 3313 1868 3387 benedicentur
1889 3347 2069 3387 omnes
2090 3348 2219 3400 gen-

2400 3331 2525 3400 eum
2556 3314 2889 3400 alienigena!
2918 3313 3170 3400 inhGefh.‘
3213 3316 3258 3386 (I
3281 3313 3453 3400 ,Περί
3478 3332 3597 3400 ξιξ,
3632 3316 3738 3400 12)Ϊ
3771 3315 3841 3400 In.
3866 3318 3974 3370 Be-

568 3427 647 3479 tes
677 3425 844 3479 terra?
870 3420 1023 3491 (Gen.
1055 3438 1195 3487 xxu,
1247 3422 1354 3492 18),
1404 3421 1461 3475 id
1510 3425 1619 3486 est,
1670 3421 1730 3476 in
1778 3420 2036 3487 Christo;
2071 3425 2129 3475 et
2158 3420 2216 3474 in

569 3513 680 3570 alio
712 3512 837 3568 loco
867 3530 879 3567 :
913 3512 978 3566 Et
1005 3511 1141 3567 dabo
1175 3512 1280 3567 tibi
1308 3514 1494 3579 gentes
1542 3511 1919 3567 hwredilatem
1966 3520 2122 3565 tuam
2169 3517 2220 3564 et

562 3602 950 3676 possessionem
979 3609 1131 3655 tuam
1162 3602 1424 3656 terminos
1464 3604 1623 3654 terrm
1653 3600 1823 3671 (Psal.
1860 3615 1918 3670 ιι,
1950 3601 2026 3670 8).
2054 3598 2218 3655 Chri-

568 3692 699 3745 stus
728 3702 831 3759 per
859 3687 1083 3742 Novum
1115 3688 1561 3743 Testamentum
1583 3686 1893 3757 acquisivit
1919 3687 2221 3743 haeredita-

566 3780 686 3833 tem
721 3782 915 3831 suam.

640 3888 669 3915 «
691 3864 1173 3921 Contamiverunt
1203 3869 1628 3920 testamentum
1661 3866 1808 3937 ejus.
1842 3885 1870 3916 ››
1904 3865 2053 3932 Quia
2102 3880 2220 3921 non

569 3953 982 4010 intellexerunt
1015 3954 1325 4009 Dominum
1356 3954 1561 4009 Jesum
1594 3959 1929 4010 sanctorum
1960 3954 2219 4010 virorum

570 4036 858 4117 praeconio
891 4043 1380 4115 repromissum,«
1411 4045 1480 4099 Et
1511 4043 1678 4099 divisi
1711 4049 1848 4100 sunt
1876 4044 1948 4100 ab
1980 4044 2067 4099 ira
2096 4044 2221 4099 vul-

569 4137 668 4189 tus
698 4135 845 4203 ejus.
884 4154 912 4181 ››
942 4133 1026 4188 Ab
1060 4132 1353 4205 spirituali
1386 4133 1964 4205 providentia,divisa
1983 4138 2072 4190 est
2092 4150 2225 4191 con-

569 4222 876 4294 templatio
907 4238 1107 4277 eorum
1129 4240 1141 4277 :
1164 4223 1292 4277 ideo
1325 4239 1460 4294 pars
1489 4239 1691 4278 eorum
1723 4240 1857 4278 cum
1887 4223 2225 4280 infidelibus

575 4312 768 4385 posita
806 4315 915 4367 est.
954 4311 1085 4368 Post
1124 4328 1327 4367 eorum
1358 4311 1861 4382 exprobrationem
1906 4313 1977 4368 ad
2007 4313 2039 4369 J
2049 4313 2224 4369 udam

572 4415 770 4457 sermo
802 4402 1051 4457 refertur
1080 4401 1281 4456 dicens
1302 4418 1316 4455 :
1335 4401 1401 4455 Et
1418 4401 1907 4473 apprOpinquavit
1927 4402 2222 4471 corillius,

572 4493 639 4545 ut
667 4490 977 4561 impletum
1009 4507 1043 4545 a
1073 4489 1304 4545 diabolo
1334 4490 1589 4545 traderet
1620 4490 1938 4547 Christum.
1966 4513 1993 4541 ‹‹
2022 4491 2227 4547 Conta-

574 4576 947 4632 minaverunt
977 4581 1396 4632 testamentum
1427 4579 1573 4647 ejus,
1588 4583 1645 4633 et
1674 4578 1845 4634 divisi
1877 4583 2017 4634 sunt
2047 4580 2119 4635 ab
2142 4580 2229 4635 ira
2262 4601 2275 4613 '

2402 3387 2554 3441 braeo
2584 3386 2663 3442 ita
2693 3386 2871 3443 habet
2904 3403 2918 3442 :
2952 3393 3062 3445 Pro
3089 3387 3342 3443 columba
3377 3391 3531 3443 muta
3560 3386 3977 3455 longitudinum

2402 3458 2597 3531 David,
2634 3458 2864 3531 humilis
2893 3467 3056 3531 atque
3078 3461 3329 3531 perfecti,
3361 3475 3486 3514 cum
3515 3459 3825 3531 tenuissent
3848 3474 3979 3531 eum

2398 3529 2715 3601 Pbiiistiim
2745 3532 2804 3586 in
2835 3528 2987 3585 Get/i.
3019 3528 3302 3601 columba
3332 3535 3515 3601 muta,
3549 3533 3605 3586 et
3653 3528 3831 3585 David
3862 3529 3973 3601 hu-

2400 3599 2558 3656 milis
2589 3605 2763 3672 atque
2793 3602 3087 3674 perfectus
3117 3599 3385 3658 Christus
3414 3600 3473 3657 in
3502 3601 3772 3674 passione
3809 3599 3973 3657 mcu-

2401 3677 2641 3727 stratur.

2402 3800 2430 3827 ‹‹
2466 3778 2739 3835 Miserere
2770 3778 2905 3851 mei,
2939 3783 3111 3850 Deus,
3147 3778 3429 3851 quoniam
3476 3776 3837 3836 conculc'avit
3884 3793 3976 3835 me

2331 3867 2505 3924 homo
2542 3892 2557 3924 ι
2598 3871 2721 3924 tota
2771 3867 2863 3924 die
2912 3868 3267 3942 impugnans
3318 3867 3617 3924 tribulavit
3669 3882 3781 3925 me.
3837 3889 3866 3918 »
3913 3866 3975 3924 In

2330 3955 2567 4011 homine
2624 3962 2803 4029 atque
2870 3954 3141 4027 bellante,
3203 3954 3418 4013 diaboli
3472 3955 3560 4013 vel
3618 3950 3975 4030 reliquarum

2332 4044 2732 4117 nequitiarum
2766 4045 3164 4117 spiritualium
3196 4045 3450 4102 ostendit
3487 4042 3915 4102 immissionem
3961 4061 3975 4100 :

2333 4149 2585 4206 quorum
2643 4134 2925 4190 instinctu
2989 4134 3273 4190 Dominus
3332 4148 3545 4207 passus
3598 4139 3705 4191 est.
3767 4132 3826 4190 in
3885 4133 3980 4190 die

2333 4228 2527 4279 autem
2587 4222 2945 4295 corporalem
2995 4228 3224 4280 aetatem
3279 4227 3586 4280 monstrat.
3621 4246 3650 4274 «
3709 4222 3980 4280 Miserere

2334 4312 2469 4378 mei,
2503 4312 2763 4367 Domine.
2800 4334 2828 4361 n
2859 4320 2939 4368 Ac
2969 4312 3019 4369 si
3050 4312 3205 4368 dicat
3237 4330 3250 4368 :
3284 4310 3393 4369 Fac
3423 4313 3485 4367 in
3515 4328 3608 4369 me
3653 4311 3979 4369 misericor-

2334 4400 2515 4471 diam,
2547 4422 2577 4451 «
2606 4402 2892 4467 Quoniam
2944 4401 3304 4458 conculcavit
3354 4416 3459 4458 me
3492 4402 3687 4469 homo,
3717 4414 3744 4453 ι
3783 4399 3841 4457 id
3867 4405 3979 4470 est,

2335 4489 2602 4546 Christus
2633 4508 2668 4546 a
2694 4490 2915 4547 Judaais
2946 4491 3005 4546 in
3038 4492 3310 4565 passione
3358 4490 3736 4547 conculcatus
3782 4494 3888 4555 est,
3921 4494 3981 4546 et

2337 4578 2593 4635 Ecclesia
2622 4596 2655 4635 a
2680 4580 3178 4653 persecutoribus.
3210 4578 3394 4637 Homo
3426 4596 3581 4636 unus
3629 4586 3729 4653 pro
3773 4576 3983 4635 multis

573 4664 773 4720 vultus
804 4666 953 4735 ejus,
988 4687 1016 4715 ››
1047 4665 1105 4719 id
1134 4670 1245 4731 est,
1278 4665 1552 4735 heretici,
1600 4667 1698 4739 qui
1749 4667 2060 4723 voluerunt
2088 4685 2225 4725 con-
2256 4685 2304 4751 Ι)
2337 4668 2571 4735 dicitur,
2600 4673 2657 4724 et
2686 4667 2887 4741 plures
2912 4686 3016 4741 pro
3050 4686 3165 4725 uno
3195 4668 3661 4726 dicuntur.Unus
3695 4687 3709 4725 :
3740 4669 3849 4725 hoc
3867 4666 3976 4736 eet,

575 4752 863 4810 taminare
889 4759 1302 4811 testamentum
1339 4756 1454 4823 Dei,
1488 4755 1656 4811 divisi
1691 4762 1863 4812 erunt
1912 4758 1969 4811 in
2021 4757 2114 4813 die
2138 4759 2230 4831 ju-

577 4842 713 4899 dicii
745 4844 981 4915 quando
1009 4844 1295 4916 accipient
1324 4847 1680 4901 sententiam
1708 4847 2225 4916 damnationis:lte,

576 4930 888 5002 ntaledicti,
922 4936 983 4989 in
1010 4935 1191 5003 ignem
1220 4938 1492 4991 .l’ternum
1537 4934 1744 5004 (Matth.
1794 4953 1921 5007 xxv,
1958 4937 2066 5008 41).
2102 4960 2130 4987 ‹‹
2166 4940 2231 4991 Et

579 5023 1073 5096 appropinquavit
1102 5040 1202 5079 cor
1233 5022 1414 5079 illius.
1454 5046 1473 5071 ιο
1510 5023 1796 5080 Voluntas
1847 5026 1974 5096 ejus
2026 5044 2037 5081 :
2090 5026 2231 5099 quia

582 5102 738 5185 quo‘d
769 5111 1107 5185 intelligunt
1136 5113 1206 5167 de
1235 5111 1573 5184 Scripturis,
1605 5112 1663 5166 in
1710 5113 1930 5169 malum
1982 5120 2228 5183 vertent,

582 5200 724 5274 quia
775 5201 847 5257 de
880 5200 993 5257 ﬁde
1031 5201 1338 5257 Trinitatis
1378 5217 1494 5257 non
1547 5207 1701 5257 recte
1753 5203 2016 5259 credunt.
2068 5203 2232 5259 Unde

583 5290 806 5348 dictum
829 5297 919 5347 est
945 5309 957 5346 :
993 5290 1208 5363 Oportet
1236 5308 1350 5348 esse
1368 5292 1616 5357 haereses,
1636 5300 1697 5347 ut
1722 5294 1817 5364 qui
1834 5294 2051 5365 probati
2079 5298 2230 5359 sunt,

581 5381 868 5450 Manifesti
890 5379 1029 5449 ﬁant
1055 5382 1113 5435 in
1147 5381 1299 5436 vobis
1329 5381 1382 5451 (Ι
1407 5384 1530 5438 Cor.
1563 5399 1641 5447 x1,
1676 5372 1794 5452 19).

642 5458 896 5524 sMoliti
951 5474 1091 5525 sunt
1147 5487 1445 5525 sermones
1498 5471 1625 5540 ejus
1681 5485 1858 5540 super
1912 5467 2127 5534 oleum,
2178 5474 2234 5525 et

584 5556 701 5628 ipsi
749 5563 888 5613 sunt
926 5558 1146 5629 jacula.
1184 5582 1210 5607 ››
1244 5561 1384 5614 Cum
1438 5560 1537 5624 ait,
1590 5580 1618 5607 ‹‹
1676 5557 1855 5613 Moliti
1905 5563 2066 5625 sunt,
2097 5581 2126 5610 »
2160 5560 2232 5614 de

587 5644 859 5718 pluribus
890 5648 1050 5719 dicit,
1080 5665 1214 5704 cum
1248 5649 1411 5721 prius
1458 5649 1528 5701 de
1579 5664 1694 5702 uno
1743 5646 1972 5703 locutus
2002 5647 2227 5704 fuisset.

587 5736 738 5804 Ergo
770 5733 1029 5807 intelligo
1060 5737 1358 5792 diabolum
1384 5742 1875 5807 nuncupatum,et
1894 5738 2106 5793 Judam
2130 5739 2228 5810 qui

2310 5723 2323 5738 ”
2339 5738 2576 5795 'I‘imebo
2603 5738 2972 5796 altitudinem
3022 5757 3034 5795 :

2341 4774 2444 4828 pro
2478 4758 2701 4813 unitate
2732 4756 2990 4814 malitiae.
3024 4758 3159 4814 Dum
3188 4757 3446 4814 civitates
3469 4761 3610 4814 sunt
3637 4760 3696 4814 in
3728 4758 3977 4814 mundo:

2340 4846 2595 4917 Babylon
2626 4852 2677 4902 et
2705 4846 3053 4902 Jerusalem.
3088 4848 3195 4903 Per
3224 4844 3601 4919 Babyloniam
3644 4842 3981 4920 intelligun-

2339 4940 2436 4989 tur
2463 4935 2624 5002 mali,
2656 4935 2755 5007 qui
2788 4941 3221 5007 persequuntur
3250 4940 3483 4992 sanctos
3516 4954 3528 4992 :
3560 4934 3643 4993 sic
3674 4940 3731 4992 et
3755 4935 3986 4992 Jerusa-

2338 5023 2475 5093 lem,
2504 5025 2559 5079 id
2589 5030 2697 5087 est,
2730 5025 2928 5082 anima
2957 5026 3158 5092 electa,
3191 5036 3307 5082 non
3334 5029 3525 5083 cessat
3552 5041 3717 5082 orare
3745 5038 3847 5098 pro
3879 5022 3987 5080 ini-

2341 5111 2530 5168 micis.
2564 5136 2591 5162 «
2625 5114 2771 5169 Tota
2800 5114 2892 5170 die
2922 5115 3278 5188 impugnans
3302 5113 3602 5172 tribulavit
3631 5130 3745 5171 me:
3784 5134 3814 5165 η
3845 5116 3988 5170 Tota

2340 5203 2456 5271 die,
2486 5207 2607 5260 toto
2636 5208 2899 5277 tempore
2931 5220 3159 5276 pugna.

2415 5313 2444 5342 «
2475 5293 2973 5351 Conculcaverunt
2995 5309 3087 5349 me
3108 5291 3333 5349 inimici
3365 5293 3731 5352 metu-Judaei
3762 5290 3985 5367 utique.

2345 5403 2372 5432 «
2421 5383 2564 5439 Tota
2612 5383 2726 5438 die.
2763 5406 2791 5432 ››
2821 5384 2867 5438 Α
2897 5388 3160 5454 tempore
3204 5382 3399 5439 carnis
3449 5382 3787 5457 assumptis.
3821 5402 3853 5435 ‹‹
3900 5376 3988 5438 Ab

2340 5470 2651 5527 altitudine
2692 5471 2807 5528 diei
2845 5472 3085 5545 timebo.
3123 5494 3149 5521 υ
3183 5474 3335 5529 Duos
3385 5486 3596 5529 sensus
3648 5470 3824 5530 habet
3862 5468 3985 5529 hic.

2344 5560 2731 5633 Unum,quasi
2760 5561 2915 5616 dicat
2945 5559 3205 5618 Ecclesia
3234 5562 3293 5617 in
3325 5562 3583 5635 rogando
3614 5578 3627 5617 :
3662 5562 3788 5620 Non
3818 5560 3989 5618 time-

2339 5649 2414 5704 bo
2464 5648 2831 5705 altitudinem
2882 5651 3291 5722 superbordm.
3328 5648 3525 5705 Alium
3577 5644 3983 5708 affirmando:

3093 5739 3202 5796 hoc
3239 5743 3346 5811 est,
3379 5738 3749 5798 altitudinem
3780 5737 3987 5797 divini-
