4314 6570
326 427 484 497 4045

1498 422 1998 492 BBEVIARIUM
2040 426 2127 489 IN
2164 424 2545 489 PSALMOS.

3578 421 3739 489 1040

323 562 500 622 tatis:
536 559 675 637 quia
722 563 821 638 qui
882 577 998 619 non
1055 559 1243 631 timet,
1302 565 1767 635 psasumptuose
1825 560 1967 632 agit.
1999 560 2055 628 Α
2082 561 2198 619 mei
2224 566 2565 618 retrorsum.
2599 580 2626 612 ››
2681 558 3102 617 Promissiones
3146 560 3260 614 tua
3306 558 3493 624 erant,
3544 560 3610 613 ut
3637 572 3733 615 ve-

330 676 351 727 ᾳ
387 651 673 717 Quoniam
705 650 875 709 multi
904 646 1191 727 bellantes
1221 650 1530 707 adversum
1565 666 1676 711 me.
1709 672 1739 699 »
1768 649 1854 705 Ab
1884 648 1967 705 al-

325 715 578 801 titudine
609 740 722 799 diei
753 715 1084 799 timebunti
1119 740 1259 812 quia
1288 758 1404 797 non
1439 741 1496 796 in
1527 739 1733 805 Deum,
1766 740 1867 796 sed
1908 738 1966 795 in

323 832 502 889 rebus
530 830 887 889 transitoriis
916 832 1238 902 posuerunt
1267 845 1402 902 spes
1433 845 1592 886 suas.

397 944 425 971 ‹‹
459 919 577 994 Ego
606 936 742 977 vero
774 919 833 975 in
863 924 917 976 te
964 918 1250 993 sperabo:
1302 917 1360 974 in
1401 918 1517 975 Deo
1556 916 1809 975 laudabo
1840 932 1967 974 ser-

325 1025 529 1067 mones
561 1025 743 1067 meos.
784 1032 805 1059 ι
844 1007 993 1074 Quia
1022 1009 1080 1065 in
1111 1008 1241 1080 ejus
1272 1023 1380 1080 ope
1410 1006 1800 1080 prasidioque
1830 1023 1965 1063 cou-

322 1099 461 1165 ﬁdo,
493 1098 647 1156 sicut
700 1097 981 1155 Dominus
1039 1096 1224 1154 dixit:
1272 1098 1387 1154 Mea
1436 1096 1686 1153 doctrina
1730 1111 1836 1152 non
1888 1099 1969 1151 est

321 1204 466 1259 mea,
500 1187 597 1244 sed
623 1188 741 1259 eius
771 1188 871 1259 qui
900 1202 985 1243 me
1011 1187 1168 1242 misit
1198 1186 1397 1243 Patris
1427 1186 1605 1257 (Joan.
1633 1201 1732 1251 v11,
1765 1186 1820 1252 5,
1856 1184 1969 1255 16.)

321 1262 549 1350 Quanto
583 1275 775 1349 magis
803 1292 910 1332 nos
962 1274 1065 1348 qui
1107 1274 1307 1331 omnia
1355 1274 1427 1331 ab
1478 1273 1577 1329 illo
1608 1273 1966 1346 accepimus,

320 1371 378 1424 et
405 1364 577 1422 illum
608 1365 984 1438 accepimus:
1015 1364 1212 1438 ipsum
1244 1379 1478 1436 semper
1507 1360 1750 1419 laudare
1788 1363 1968 1418 debe-

481 1453 494 1509 l

322 1470 494 1512 mus:

394 1566 423 1594 (ι
456 1547 523 1600 In
554 1546 669 1600 Deo
699 1542 973 1615 sperabo,
1003 1558 1120 1598 non
1149 1541 1369 1597 timebo
1416 1540 1557 1613 quid
1608 1539 1783 1596 faciat
1822 1538 1967 1596 mihi

324 1630 520 1689 homo.
553 1654 582 1683 ››
620 1632 682 1688 In
730 1631 859 1705 ipso
909 1632 1314 1698 confirmatus,
1371 1647 1486 1686 non
1543 1628 1760 1686 timebo
1816 1627 1969 1685 bella

324 1737 453 1792 qua
482 1719 629 1776 mihi
662 1719 1031 1777 adversarius
1062 1722 1275 1785 movet,
1310 1719 1450 1792 quia
1478 1717 1700 1774 dictum
1748 1722 1872 1774 est:
1907 1717 1969 1773 Si

321 1824 517 1880 corpus
544 1809 815 1881 occidunt,
847 1810 1095 1865 animum
1124 1817 1309 1866 autem
1338 1822 1449 1864 non
1474 1814 1701 1880 possunt
1728 1807 1968 1863 occidere

322 1898 621 1997 cata-.1»
650 1899 763 1997 28»
857 1987 869 1997 .
1393 1986 1406 1997 .
1516 1989 1525 1997 .
1708 1986 1723 1997 .
1997 1930 2049 1997 Β

393 2011 421 2039 ‹‹
457 1984 726 2046 Tota/die
755 1987 931 2044 verba
974 2003 1107 2044 mea
1154 1986 1608 2044 exsecrabantur
1655 1986 1965 2041 adversum

321 2092 437 2133 me.
476 2099 497 2126 η
533 2072 682 2133 Cum
714 2064 995 2147 dicerent,
1028 2077 1142 2132 Non
1166 2080 1247 2132 est
1274 2076 1363 2131 hic
1385 2075 1673 2149 propheta,
1730 2073 1824 2129 sed
1874 2089 1966 2129 se-

320 2164 471 2222 ducit
497 2166 722 2223 turbam
751 2166 944 2238 (Joan.
976 2182 1079 2232 vu,
1110 2165 1217 2236 12).
1262 2187 1290 2215 ‹‹
1326 2163 1536 2222 Omnia
1590 2162 1835 2220 consilia
1871 2178 1966 2218 eo-

321 2271 453 2311 rum
502 2254 564 2312 in
613 2244 860 2315 malum.
914 2275 943 2304 »
995 2255 1061 2311 In
1112 2252 1334 2311 malum
1387 2253 1544 2309 enim
1576 2252 1661 2310 eis
1690 2268 1969 2309 conversa

322 2348 501 2399 sunt:
532 2360 669 2400 cum
702 2359 802 2400 eos
831 2342 1028 2400 divina
1056 2342 1202 2400 ultio
1234 2346 1365 2415 post
1395 2340 1702 2400 Dominica
1742 2341 1966 2414 passio-

322 2432 416 2489 nis
447 2432 668 2490 scelera
695 2432 1040 2490 verberavit.
1074 2455 1101 2482 «
1135 2431 1345 2489 Omnia
1372 2430 1616 2489 consilia
1662 2446 1862 2488 eorum
1907 2429 1966 2485 in

323 2521 570 2593 malum,
607 2544 635 2572 »
666 2522 854 2578 Judai
885 2526 1089 2579 contra
1135 2521 1462 2588 Christum,
1520 2524 1578 2577 et
1634 2523 1968 2593 peccatores

323 2616 529 2670 contra
556 2615 809 2670 sanctos.

394 2699 807 2757 Inhabitabunt.
868 2699 1255 2756 Unanimiter.
1318 2722 1347 2749 »
1408 2700 1476 2755 Et
1526 2698 1905 2755 abscondent.
1942 2719 1965 2746 ι

324 2788 592 2862 Laqueos
624 2789 900 2863 nequitia
958 2805 1098 2845 sua.
1152 2810 1180 2839 «
1225 2787 1345 2861 Ipsi
1392 2788 1732 2845 calcaneum
1770 2802 1966 2843 meum

324 2879 737 2936 observabunt.
769 2900 798 2929 »
836 2877 910 2934 Ut
957 2894 1051 2934 me
1099 2876 1476 2951 supplantare
1523 2876 1772 2949 possint,
1821 2877 1974 2931 sicut

320 2968 673 3025 voluerunt:
708 2966 796 3023 vel
828 2967 890 3024 in
922 2966 1279 3023 numismate
1310 2983 1523 3023 census
1554 2967 1703 3038 (Luc.
1730 2984 1821 3032 xx,
1845 2967 1969 3037 22);

322 3057 411 3114 vel
468 3057 528 3113 in
578 3055 826 3114 muliere
875 3056 1243 3129 deprehensa
1286 3057 1469 3127 (Joan.
1516 3073 1637 3124 vui,
1683 3056 1760 3125 3.)
1792 3078 1819 3103 ι(
1854 3054 1971 3128 Ipsi

325 3146 668 3204 calcaneum
728 3161 926 3202 meum
995 3145 1407 3201 observabunt.
1462 3167 1490 3194 ››
1550 3143 1738 3200 Judai
1794 3147 1971 3200 linem

325 3234 565 3301 Christi,
596 3238 653 3289 et
681 3237 1012 3307 peccatores
1044 3233 1221 3289 tinem
1250 3232 1517 3289 Ecclesia
1543 3250 1556 3289 :
1589 3234 1728 3304 quia
1756 3232 1971 3305 septies

2081 657 2234 710 teres
2264 652 2574 724 lacrymas,
2636 649 2929 707 conversis
2988 651 3120 722 post
3168 650 3400 721 tegrum
3450 646 3739 716 inimicis,-

2080 743 2139 800 in
2172 742 2387 815 gaudia
2443 739 2669 797 novella
2724 740 3109 796 transferres:
3167 754 3378 810 meque
3435 753 3569 794 cum
3601 754 3731 795 san-

2080 832 2191 889 ctis
2222 831 2442 888 cateris
2471 837 2574 885 tua
2604 829 2789 903 gloria
2819 844 3179 884 munerares.
3213 848 3241 878 »
3269 827 3521 883 Posuisti
3542 826 3729 901 lacr’y-

2080 938 2209 978 mas
2242 936 2401 977 meas
2432 920 2490 975 in
2524 923 2837 993 conspectu
2866 922 3006 985 tuo;
3036 940 3062 966 »
3110 917 3220 973 hoc
3269 919 3377 988 est,
3429 916 3644 975 audisti
3675 922 3733 974 et

2078 1011 2299 1068 vidisti.
2337 1032 2365 1061 ‹‹
2395 1010 2559 1066 Sicut
2587 1010 2646 1064 in
2695 1007 3083 1081 promissione
3130 1011 3249 1064 tua.
3279 1030 3308 1057 »
3330 1007 3487 1063 Deus
3516 1008 3731 1079 promi-

2078 1099 2158 1157 sit
2186 1099 2404 1156 sanctis
2435 1098 2560 1155 suis
2588 1099 2778 1155 bona:
2824 1098 2923 1154 sed
2970 1101 3167 1153 tamen
3212 1096 3391 1153 dicit:
3442 1094 3729 1154 Confitere

2076 1192 2141 1244 tu
2171 1188 2337 1261 prius
2383 1188 2724 1260 iniquitates
2779 1191 2933 1257 tuas,
2994 1189 3060 1242 ut
3111 1185 3470 1256 justiticeris.
3505 1208 3534 1236 ‹‹
3564 1187 3728 1243 Tunc

2078 1281 2490 1333 convertentur
2545 1276 2768 1331 inimici
2828 1274 2939 1330 mei
2999 1278 3338 1331 retrorsum.
3375 1298 3397 1327 ι
3452 1266 3720 1347 Optanda

2077 1366 2218 1422 dicit
2245 1365 2521 1432 Ecclesia,
2556 1369 2621 1421 ut
2659 1366 2758 1438 qui
2812 1369 3058 1420 currunt
3109 1364 3182 1419 ad
3235 1363 3552 1431 infernum,
3584 1378 3723 1421 oon-

2076 1461 2375 1511 vertantur
2403 1456 2474 1511 ad
2524 1460 2703 1511 Deum
2762 1456 2889 1526 (lea.
2947 1471 3105 1519 XLIII,
3164 1454 3251 1519 49,
3304 1455 3394 1522 20,
3424 1466 3528 1510 sec.
3557 1455 3721 1526 LXX).

2149 1566 2178 1594 «
2213 1546 2275 1600 In
2307 1561 2655 1615 quacunque
2687 1545 2779 1600 die
2808 1544 3150 1600 invocavero
3177 1547 3253 1609 te,
3301 1558 3433 1599 ecce
3479 1543 3724 1616 cognovi

2077 1634 2355 1707 quoniam
2386 1633 2541 1690 Deus
2572 1650 2738 1691 meus
2771 1650 2852 1689 es.
2878 1655 2907 1683 »
2930 1636 2995 1688 In
3017 1632 3177 1689 omni
3199 1632 3354 1688 enim
3378 1632 3727 1689 necessitate

2075 1727 2139 1779 tu
2198 1727 2350 1779 Deus
2407 1721 2658 1789 assistis,
2721 1722 3185 1778 misericordiam
3242 1726 3526 1794 prastans
3578 1721 3719 1777 tuis.

2084 1834 2110 1865 α
2142 1814 2205 1868 Ιιι
2239 1828 2591 1885 quacunque
2643 1811 2733 1867 die
2788 1812 3127 1866 invocavero
3182 1813 3259 1877 te,
3294 1834 3315 1862 »
3381 1809 3440 1865 id
3481 1813 3592 1881 est,
3622 1813 3725 1867 aut

2075 1900 2135 1956 in
2166 1901 2482 1973 prosperis,
2526 1904 2628 1957 aut
2673 1900 2731 1955 in
2776 1899 3071 1957 adversis:
3125 1921 3152 1949 ‹‹
3187 1900 3257 1955 Et
3312 1899 3553 1972 cognovi
3578 1914 3722 1971 quo-

2077 1990 2237 2046 niam
2287 1991 2441 2046 Deus
2498 2006 2666 2047 meus
2722 2006 2784 2046 es
2842 1994 2925 2045 tu.
2958 2008 2984 2040 ιι
3046 1989 3168 2045 Vox
3206 1987 3496 2045 Ecclesia.
3529 1986 3721 2061 Aliqui

2077 2084 2459 2152 cognoscunt,
2504 2096 2607 2151 per
2652 2082 2976 2135 creaturam
3025 2078 3174 2147 coeli,
3224 2081 3282 2134 et
3330 2082 3534 2134 terra:
3568 2076 3724 2134 sicut

2075 2173 2317 2225 sanctus
2349 2168 2563 2225 Paulus
2593 2168 2769 2224 dicit:
2802 2170 2908 2224 Per
2934 2184 3000 2224 ea
3033 2182 3162 2241 quae
3206 2169 3354 2237 laeta
3397 2175 3524 2222 sunt
3552 2165 3718 2222 intel-

2076 2257 2214 2314 lecta
2236 2260 2655 2329 conspiciuntur
2675 2261 2854 2327 (Rom.
2889 2275 2928 2323 ι,
2958 2257 3070 2329 20).
3118 2257 3186 2312 Et
3232 2255 3331 2311 alii
3380 2271 3483 2328 per
3511 2255 3719 2324 Deum,

2077 2349 2177 2421 qui
2207 2348 2498 2421 inspirant
2549 2348 2607 2402 in
2668 2348 2896 2402 animas
2961 2345 3235 2402 illorum:
3292 2345 3454 2401 Sicut
3482 2342 3720 2401 Thema

2077 2436 2257 2492 dixit:
2321 2437 2470 2509 Infer
2526 2436 2759 2507 digitum
2810 2444 2967 2491 tuum
3022 2436 3148 2501 huc,
3207 2437 3260 2489 et
3311 2435 3465 2491 mitte
3494 2449 3723 2490 manum

2076 2534 2237 2582 tuam
2265 2528 2323 2582 in
2355 2527 2501 2581 tatu:
2540 2542 2744 2594 meum,
2789 2529 2840 2580 et
2884 2540 3143 2595 cognosce
3180 2525 3295 2581 loca
3344 2525 3644 2591 cluver-um,
3673 2530 3728 2578 et

2076 2616 2196 2672 noli
2240 2631 2355 2672 esse
2412 2614 2748 2683 incredulus,
2802 2614 2895 2670 sed
2938 2613 3124 2684 ﬁdelis
3179 2615 3357 2682 (Joan.
3388 2630 3481 2678 xx,
3513 2614 3624 2684 2'6).
3657 2611 3729 2668 Et

2077 2704 2202 2775 ipse
2234 2705 2567 2761 recordatus
2613 2703 2791 2759 dicit:
2842 2704 3107 2759 Dominus
3152 2717 3304 2757 meus
3322 2710 3375 2756 et
3403 2703 3544 2757 Deus
3569 2715 3725 2757 meus

2077 2794 2233 2865 (Ibid.
2265 2795 2377 2866 28).

2158 2907 2179 2933 ε
2215 2885 2276 2939 In
2309 2888 2422 2940 Deo
2454 2882 2704 2939 laudabo
2725 2882 3001 2949 Verbum,
3033 2884 3092 2937 et
3120 2880 3181 2937 in
3201 2880 3449 2937 Domino
3470 2878 3725 2936 laudabo

2080 2989 2448 3030 sermonem:
2484 2973 2544 3027 in
2574 2972 2691 3027 Deo
2722 2972 2989 3042 sperabo,
3035 2987 3150 3025 non
3199 2969 3416 3025 timebo
3464 2967 3605 3041 quid
3638 2967 3723 3023 ἰα-

2080 3062 2198 3119 eiat
2225 3061 2369 3117 mihi
2399 3062 2593 3117 homo.
2626 3081 2658 3113 ι
2690 3060 3145 3116 Laudatiterum
3167 3057 3449 3130 propheta
3465 3056 3724 3113 Verbum

2080 3150 2249 3222 illud,
2284 3150 2403 3208 sive
2427 3166 2788 3220 sermonem,
2823 3148 2923 3221 qui
2972 3152 3098 3205 erat
3144 3147 3202 3202 in
3251 3145 3537 3219 principio
3568 3146 3725 3218 apud

2081 3243 2353 3296 Patrem:
2388 3239 2488 3311 qui
2540 3255 2782 3310 sperans
2827 3238 2886 3293 in
2931 3253 3087 3304 eum,
3130 3252 3245 3293 non
3293 3236 3502 3292 metuit
3530 3234 3729 3291 adver-

321 3323 383 3380 in
416 3324 512 3379 die
543 3301 701 3379 cadit
719 3322 945 3393 justus,
978 3325 1037 3376 et
1066 3321 1321 3395 resurgit
1350 3301 1969 3393 (Prov.xxiv,15.)-Vel,
2001 3301 2045 3367 Ε
2083 3328 2220 3386 εειιιίί
2278 3301 2491 3399 minim,
2552 3301 2750 3383 ᾱίοθηε
2774 3343 2809 3382 ε,
2842 3349 2871 3376 ‹‹
2901 3326 2963 3380 In
3023 3301 3116 3381 me
3172 3330 3332 3393 sunt,
3380 3324 3558 3393 Deus,
3594 3327 3731 3381 vota

326 3434 356 3464 «
390 3410 731 3469 calcaneum
776 3427 973 3467 meum
1032 3410 1463 3478 observabunt,
1523 3410 1677 3466 sicut
1745 3409 1972 3466 dictum

322 3507 413 3559 est
443 3502 513 3558 de
542 3499 642 3557 illa
674 3499 940 3568 muliere,
990 3503 1047 3555 et
1093 3504 1363 3570 serpente
1413 3498 1566 3571 (Gen.
1607 3516 1690 3567 ιιι,
1726 3499 1834 3569 15).
1870 3498 1973 3555 Per

324 3594 526 3664 caput,
587 3587 827 3646 initium
885 3587 1280 3663 suggestionis
1337 3586 1526 3653 mala,
1560 3592 1617 3643 et
1665 3604 1768 3660 per
1794 3585 1974 3642 calca-

328 3697 535 3751 neum,
591 3680 770 3737 ﬁnem
825 3679 976 3736 vita.
1036 3678 1138 3735 Vel
1192 3677 1445 3734 haretici
1474 3678 1535 3735 in
1580 3677 1973 3751 qualicunque

332 3786 627 3839 sermone,
661 3769 839 3825 tinem
873 3768 1179 3825 observare
1206 3772 1496 3842 quarunt.

403 3882 431 3908 ‹‹
469 3859 632 3917 Sicut
678 3858 1091 3915 sustinuerunt
1137 3858 1397 3915 animam
1455 3874 1724 3915 meam.»
1788 3857 1859 3913 Ut
1887 3875 1975 3913 ca-

331 3953 443 4023 put
470 3948 531 4005 in
572 3947 765 4005 verbis
819 3952 1163 4005 accusarent
1217 3948 1374 4021 apud
1431 3947 1743 4020 principes.
1804 3971 1832 3996 «
1868 3947 1973 4004 Pro

332 4036 520 4093 nihilo
556 4036 747 4094 salvos
789 4035 966 4093 facies
1024 4035 1175 4094 illos.
1209 4058 1238 4086 ››
1302 4035 1614 4093 Salvantur
1666 4035 1823 4093 enim
1872 4053 1974 4108 pro

332 4124 545 4194 nihilo,
579 4142 714 4181 cum
744 4141 860 4181 non
892 4128 1332 4180 commutantur
1359 4125 1431 4180 ad
1471 4124 1739 4197 gloriam,
1770 4125 1871 4180 sed
1902 4124 1974 4181 ad

330 4212 625 4286 supplicia
653 4212 1111 4269 transferuntur.
1149 4234 1177 4262 «
1208 4214 1317 4269 Pro
1349 4209 1533 4269 nihilo
1565 4212 1755 4269 salvos
1800 4212 1977 4270 facies

330 4301 503 4371 illos;
540 4323 570 4352 »
601 4300 744 4373 quia
772 4316 888 4357 non
920 4300 1057 4355 fecit
1084 4299 1354 4357 Christus
1384 4305 1623 4372 propter
1669 4301 1818 4373 quod
1854 4317 1979 4356 sus-

332 4391 535 4458 tinuit,
568 4390 671 4449 sed
700 4388 1102 4461 expetiverunt
1144 4388 1333 4457 Judai
1375 4393 1442 4444 ut
1486 4389 1654 4444 illum
1696 4390 1979 4445 interfice-

331 4483 481 4538 rent.
523 4500 544 4529 α
577 4479 644 4536 In
676 4478 763 4535 ira
792 4477 1039 4551 populos
1090 4477 1442 4551 confringes.
1494 4501 1516 4530 ι
1563 4477 1710 4541 Ouia
1738 4478 1975 4550 impacti
2008 4476 2013 4487 ’

328 4573 473 4628 sunt
510 4569 570 4626 in
620 4573 847 4643 petram
895 4566 1233 4624 offensionis
1279 4570 1337 4623 et
1382 4566 1635 4639 lapidem
1692 4566 1976 4624 scandali.

2080 3419 2220 3471 tua:
2279 3430 2408 3486 qua
2463 3415 2705 3470 reddam
2764 3412 3132 3469 laudationes
3191 3410 3319 3467 tibi.
3352 3431 3383 3460 »
3430 3413 3735 3477 Hausunt

2077 3507 2211 3558 vota
2249 3501 2568 3574 Propheta,
2618 3506 2683 3556 ut
2731 3500 2961 3557 laudem
3020 3498 3384 3556 Dominicam
3441 3498 3728 3555 celebret:

2080 3590 2234 3648 sicut
2289 3590 2426 3646 alibi
2485 3590 2660 3645 dicit:
2718 3590 2946 3645 Immola
3002 3590 3106 3645 Deo
3158 3588 3494 3659 sacriﬁcium
3548 3586 3731 3644 laudi:

2080 3680 2255 3751 (Ρδαι.
2289 3697 2439 3745 xmx,
2472 3680 2580 3751 14).
2612 3680 2683 3733 Et
2714 3696 2817 3734 cur
2845 3678 2967 3734 hac
2998 3677 3191 3744 faciat,
3224 3675 3476 3749 adjecit:

2153 3793 2181 3819 ‹‹
2216 3769 2501 3835 Quoniam
2534 3768 2798 3840 eripuisti
2830 3767 3090 3823 animam
3138 3783 3327 3822 meam
3359 3766 3430 3822 de
3457 3768 3665 3822 morte.
3702 3786 3723 3813 ιι

2082 3858 2351 3916 Secunda
2381 3858 2602 3929 utique.
2658 3878 2683 3908 ιι
2712 3857 2923 3914 Oculos
2972 3872 3133 3913 meos
3179 3872 3212 3911 a
3258 3854 3554 3928 lacrymis.
3588 3875 3619 3904 »
3648 3852 3733 3910 Ne

2075 3948 2203 4021 jam
2234 3964 2473 4003 necesse
2497 3951 2652 4003 esset
2681 3949 2916 4018 peccata
2945 3946 3177 4012 deﬂere,
3211 3948 3276 3999 ut
3302 3942 3447 3999 illud
3474 3960 3488 3998 :
3521 3942 3734 4000 Abder-

2083 4046 2168 4109 get
2223 4038 2361 4092 Deus
2414 4052 2629 4091 omnem
2685 4035 2990 4106 lacrymam
3042 4040 3113 4088 ab
3186 4032 3358 4087 oculis
3421 4046 3612 4087 eorum
3665 4032 3727 4087 in

2084 4126 2173 4181 die
2192 4125 2410 4195 judicii
2438 4123 2619 4195 (Apoc.
2652 4139 2751 4187 vn,
2799 4121 2912 4192 17),
2964 4120 3102 4192 quia
3148 4119 3370 4176 dictum
3414 4122 3541 4175 est:
3571 4120 3737 4176 Beati-

2084 4216 2181 4286 qui
2210 4215 2415 4284 lugent,
2447 4213 2711 4283 quoniam
2739 4212 2848 4281 ipsi
2875 4209 3298 4266 consolabuntur
3327 4210 3537 4281 (Matth.
3571 4225 3627 4274 v,
3651 4208 3734 4277 5).

2087 4324 2115 4351 ‹‹
2148 4301 2331 4356 Pedes
2364 4316 2524 4355 meos
2566 4315 2601 4353 a
2653 4298 2844 4371 lapsu.
2880 4320 2908 4348 »
2963 4299 3047 4354 Ne
3100 4296 3257 4354 ultra
3309 4296 3647 4353 laberentur
3672 4295 3734 4351 in

2086 4393 2344 4465 peccata.
2380 4412 2407 4437 ‹‹
2441 4388 2621 4445 Pedes
2650 4404 2812 4444 meos
2845 4410 2872 4436 »
2906 4386 3015 4443 hoc
3037 4392 3144 4454 est,
3172 4402 3381 4443 sensus
3407 4406 3435 4437 ‹‹
3456 4403 3491 4442 a
3509 4384 3679 4457 lapsu
3703 4406 3733 4434 »

2086 4477 2227 4551 quia
2258 4494 2372 4533 non
2407 4476 2517 4532 erit
2544 4481 2684 4532 tunc
2715 4476 3011 4549 suggestio
3038 4475 3211 4541 mala,
3257 4491 3363 4531 nec
3408 4471 3732 4530 tribulatio.

2088 4590 2117 4618 ‹‹
2133 4565 2475 4639 Utplaceam
2491 4582 2685 4621 coram
2699 4564 2814 4622 Deo
2826 4564 2885 4619 in
2898 4563 3120 4620 lumine
3130 4562 3470 4620 viventium.
3482 4562 3741 4618 «Lumen

332 4646 470 4717 Post
497 4658 649 4714 hanc
680 4656 962 4714 ultionem
1009 4655 1293 4729 propheta
1336 4655 1621 4728 gaudens,
1655 4656 1977 4727 praevidens
2007 4665 2054 4730 1)
2084 4655 2405 4711 viventium
2478 4653 2744 4709 Christus
2810 4656 2917 4720 est,
2996 4652 3321 4708 secundum
3368 4650 3553 4707 illud:
3626 4651 3736 4722 Ego

332 4748 535 4804 futura
558 4746 831 4802 decantat
855 4762 869 4800 :

406 4858 437 4890 ‹‹
466 4842 642 4893 Deus.
674 4835 857 4892 vitam
916 4850 1107 4892 meam
1155 4835 1497 4892 annuntiavi
1547 4834 1673 4890 tibi.
1721 4854 1748 4888 ι
1795 4835 1879 4890 Tu
1914 4851 1977 4891 es

333 4926 491 4984 enim
520 4925 641 4982 vita
671 4941 821 4994 mea,
853 4923 1163 4997 omnisque
1192 4924 1414 4998 populi,
1447 4924 1544 4996 qui
1604 4924 1676 4981 ad
1717 4924 1979 4997 redemp-

333 5016 554 5076 tionem
611 5018 894 5070 venturus
950 5029 1014 5071 es
1056 5014 1283 5070 mundi.
1344 5012 1759 5086 Unusquisque
1809 5013 1982 5069 debet

334 5105 606 5162 nuntiare
660 5119 763 5176 per
816 5102 1278 5159 confessionem:
1341 5102 1494 5158 sicut
1550 5101 1767 5157 Paulus
1825 5101 1978 5169 fecit,

338 5194 575 5268 quando
605 5192 870 5249 dicebat:
904 5193 1012 5262 Qui
1034 5194 1196 5265 prius
1241 5193 1331 5263 fui
1385 5190 1749 5263 blasphemus,
1781 5194 1831 5247 et
1855 5206 1983 5261 per-

333 5293 570 5355 secutor,
604 5284 679 5350 et,
706 5280 1150 5350 contumeliosus,
1180 5282 1271 5338 sed
1299 5280 1740 5337 misericordiam
1794 5294 1981 5336 conse-

337 5381 500 5432 cutus
526 5389 651 5430 sum
677 5390 698 5429 :
756 5374 889 5445 quia
944 5374 1210 5442 ignorans
1262 5372 1369 5442 feci
1418 5371 1477 5426 in
1508 5366 1901 5426 incredulitate
1930 5372 1984 5438 (Ι

345 5452 483 5525 Tim.
542 5480 582 5533 ι,
640 5462 755 5534 12.)
814 5462 881 5518 Et
936 5460 1077 5517 item
1135 5460 1399 5517 dicebat:
1465 5461 1590 5516 Vivo
1650 5466 1833 5514 autem
1862 5458 1986 5529 jam

341 5570 454 5611 non
478 5569 617 5624 ego:
644 5552 777 5608 vivit
803 5566 929 5607 vero
980 5553 1041 5606 in
1084 5566 1172 5607 me
1222 5548 1467 5621 Christus
1517 5547 1719 5618 (Galat.
1768 5564 1830 5615 ιι,
1871 5547 1982 5618 20).

342 5667 372 5695 (ι
405 5626 667 5703 Posuisti
694 5632 986 5714 Iacrymas
1034 5654 1198 5697 meas
1236 5637 1305 5695 in
1335 5641 1653 5711 conspectu
1683 5640 1805 5705 tuo,
1839 5635 1990 5693 sicut

345 5738 407 5791 et
434 5732 493 5790 in
524 5729 918 5811 promissione
943 5732 1065 5787 tua.
1096 5728 1261 5786 Tune
1308 5729 1720 5786 convertentur
1765 5724 1987 5782 inimici

2085 4762 2211 4805 sum
2266 4745 2366 4798 lux
2420 4742 2616 4798 mundi
2671 4744 2855 4811 (Joan.
2914 4758 3035 4808 vm,
3099 4742 3207 4811 12).
3260 4742 3329 4798 Et
3374 4741 3551 4796 item:
3593 4743 3738 4797 Erat

2089 4835 2273 4889 lumen
2318 4847 2509 4887 verum.
2565 4829 2705 4900 quod
2750 4830 3037 4885 illuminat
3083 4845 3298 4885 omnem
3338 4829 3617 4886 hominem
3644 4842 3735 4884 ve-

2086 4925 2329 4979 nientem
2386 4922 2443 4973 in
2502 4921 2649 4973 hunc
2704 4918 2971 4974 mundum
3023 4918 3185 4987 (Ibid.
3250 4936 3288 4989 ι,
3346 4920 3421 4988 9).
3480 4918 3644 4973 Sicut
3673 4916 3735 4971 in

2090 5008 2429 5084 Apocalypsi
2493 5008 2561 5063 de
2619 5006 2718 5062 illa
2775 5010 2980 5062 sancta
3031 5006 3278 5062 civitate.
3329 5006 3589 5061 Lucerna
3617 5020 3735 5059 non

2090 5105 2215 5158 erat
2268 5099 2374 5165 ibi,
2428 5097 2568 5169 quia
2626 5095 2910 5151 Dominus
2967 5095 3123 5150 Deus
3177 5094 3546 5167 omnipotens
3601 5091 3737 5147 illu-

2091 5188 2338 5257 minavit
2367 5203 2518 5255 eam,
2552 5190 2607 5241 et
2640 5184 2875 5240 lucerna
2904 5184 3032 5255 ejus
3080 5188 3171 5238 est
3212 5199 3422 5255 agnus,
3455 5198 3569 5254 quo
3600 5197 3735 5238 sau-

2092 5279 2170 5335 eti
2203 5278 2275 5333 ab
2333 5276 2513 5348 hujus
2573 5273 2776 5329 mundi
2828 5272 3085 5328 tenebris
3140 5271 3289 5328 eruti
3348 5271 3744 5328 clariﬁcantur

2094 5368 2274 5439 (Apoc.
2306 5383 2423 5432 xxi,
2462 5366 2553 5429 2.3,
2590 5364 2702 5434 24).
2756 5362 2888 5418 Iiac
2932 5360 3213 5433 propheta
3243 5376 3359 5415 non
3389 5375 3493 5431 pro
3522 5374 3585 5415 se
3614 5362 3744 5413 tan-

2094 5461 2246 5526 tum,
2279 5455 2380 5510 sed
2412 5458 2470 5509 et
2499 5470 2601 5525 pro
2628 5452 2798 5508 nobis
2829 5456 2974 5506 orat.
3013 5450 3175 5506 Unde
3207 5466 3313 5506 nos
3333 5450 3734 5521 deprecemur,

2094 5551 2161 5601 ut
2206 5542 2559 5615 compressis
2620 5540 2789 5596 bellis
2849 5539 3161 5611 corporeis,
3220 5538 3513 5610 superatis
3543 5534 3742 5593 saculi

2096 5631 2495 5702 tentamentis,
2530 5646 2861 5687 mereamur
2888 5628 3026 5684 Josu
3058 5627 3288 5683 Christo
3321 5627 3379 5684 in
3409 5626 3539 5701 ipso
3566 5625 3744 5684 lumi-

2097 5739 2170 5779 ne
2198 5720 2578 5794 complacare.
2610 5724 2817 5775 Amen.
