4314 6570
556 426 711 490 1047

1120 561 1351 622 PSALM
1363 562 1445 622 US
1499 562 1628 622 LVI.

553 657 619 713 In
674 652 859 724 ﬁnem,
913 670 986 711 ne
1041 655 1344 726 disperdas,
1408 656 1515 727 ipsi
1569 656 1769 727 David,
1829 659 1888 712 in
1918 658 2070 713 tituli
2111 658 2200 713 in-

624 728 1075 795 scriptione,cum
1128 728 1340 797 fugeret
1395 744 1427 781 a
1482 730 1624 799 facie
1681 730 1812 783 Saul
1843 731 1984 799 regis
2005 728 2200 796 Israel,

629 800 692 854 in
719 798 1034 869 speluncam
1066 799 1141 867 (ΙΙ
1168 800 1291 867 Reg.
1342 815 1479 864 XXII,
1518 800 1586 870 1).
1622 800 1731 870 Ipsi
1760 798 1950 860 Dauid.
1984 802 2203 856 inlitu-

630 870 676 925 li
704 870 1060 936 inscriptione
1086 886 1156 925 ne
1204 870 1499 939 disperdas,
1551 870 1659 925 hoc
1704 877 1812 937 est,
1846 888 1917 926 ne
1949 888 2206 926 corrum-

635 958 738 1015 pas
784 940 937 996 tituli
988 941 1465 1013 inscriptionem:
1516 943 1751 1066 quando
1796 943 2204 1013 scripsitPila-

635 1019 732 1066 tus
761 1029 939 1066 super
988 1012 1207 1066 Domini
1260 1029 1490 1066 crucem
1565 1014 1759 1066 innuis
1807 1014 2026 1066 tribus:
2058 1015 2204 1066 Jesus

635 1012 732 1068 tus
761 1029 939 1084 super
988 1012 1490 1085 Dominicrueem
1536 1012 1759 1085 linguis
1807 1012 2026 1069 tribus:
2058 1015 2206 1070 Jesus

633 1100 733 1140 rex
787 1085 1147 1141 Judworum:
1202 1084 1265 1138 Et
1314 1085 1437 1139 illi:
1499 1084 1623 1139 Noli
1650 1084 1917 1141 scribere
1962 1101 2063 1140 rex
2110 1085 2205 1140 Ju-

631 1157 913 1212 daeorum:
965 1156 1056 1211 sed
1114 1156 1245 1226 quia
1302 1157 1416 1226 ipse
1470 1155 1635 1219 dixit,
1695 1172 1795 1211 rea:
1824 1172 1943 1213 sum
1976 1156 2207 1214 Iudaeo.

632 1244 777 1283 rum.
837 1229 901 1282 Et
978 1229 1190 1283 Pilatus
1261 1228 1483 1300 εἰὶφτιςΔ
1525 1228 1673 1300 Quod
1729 1230 1950 1300 scripsi,
2010 1228 2210 1298 scripsi

654 1301 808 1355 Joan.
846 1316 983 1371 Axrx,
1042 1299 1278 1371 19-22).;
1311 1298 1487 1371 David
1539 1299 1596 1352 in
1658 1298 1935 1371 spelunca
1963 1300 2207 1355 abscon-

671 1372 808 1435 itus,
845 1369 953 1424 hoc
1005 1374 1094 1425 est
1149 1369 1209 1424 in
1266 1369 1539 1425 inferiore
1584 1369 1745 1440 parte
1799 1376 1985 1440 terrae,
2022 1371 2212 1439 praefi-

631 1387 808 1435 uitus,
845 1387 953 1424 noc
1005 1387 1094 1425 est
1149 1387 1209 1424 1n
1266 1387 1539 1425 interiore
1624 1387 1745 1426 arte
1799 1387 1985 1440 terrai,
2022 1387 2211 1439 praeu-

631 1442 878 1514 gurabat
900 1457 1122 1514 corpus
1152 1441 1503 1514 humanum,
1537 1387 1769 1514 ubiilla
1799 1442 2078 1514 maiestas
2100 1442 2211 1496 fuit

631 1512 979 1569 abscondita
1014 1512 1092 1566 'in
1155 1529 1393 1583 corpore
1450 1512 1687 1574 Christi.
1747 1518 1810 1568 ut
1864 1513 2049 1568 illud:
2087 1515 2213 1568 Tra-

640 1583 789 1640 ditus
837 1600 980 1651 sum,
1043 1588 1093 1639 et
1148 1600 1259 1638 non
1288 1583 1612 1655 egrediebar
1641 1585 1807 1653 (Psal.
1860 1602 2101 1651 Lxxxvu,
2137 1586 2215 1651 9).

635 1656 705 1713 Et
736 1655 951 1711 Paulus
1011 1655 1192 1709 dicit:
1253 1659 1317 1710 Si
1374 1657 1527 1710 enim
1582 1655 2012 1722 intellexissent,
2070 1673 2216 1710 nun-

594 1752 601 1761 -
638 1744 805 1799 quam
833 1728 1127 1783 Dominum
1154 1727 1345 1796 gloriae
1381 1727 1784 1796 cruciﬁa-issent
1815 1728 1861 1798 (Ι
1891 1727 2011 1783 Cor.
2046 1744 2107 1795 ιι,
2140 1726 2215 1795 8).

594 1846 602 1851 -
645 1839 674 1867 ‹‹
703 1816 973 1871 Miserere
1013 1814 1148 1884 mei,
1200 1819 1369 1881 Deus,
1434 1815 1709 1871 miserere
1758 1816 1869 1872 mei
1896 1818 1911 1868 ξ
1943 1817 2216 1887 quoniam

2065 426 2484 496 APPENDIX.

2231 568 2429 635 Aster
2459 564 2707 623 diabolus
2734 566 2933 623 circuit
2979 565 3144 639 quasi
3197 563 3300 632 leo,
3348 575 3606 637 quem"
3659 547 3823 635 queui
3870 561 3972 620 de-

3772 362 3776 367 ’
3815 406 3983 491 me

2311 660 2461 712 voret
2522 656 2572 727 (1
2615 661 2766 711 Petr.
2835 674 2890 721 v,
2950 656 3026 727 8).
3101 658 3414 726 Propterea
3486 652 3612 723 ipse
3685 650 3972 710 Dominus

2316 745 2718 800 misericordia
2748 761 2815 800 ac
2844 745 3057 801 veritas
3101 740 3473 815 intelligitur,
3505 740 3606 813 qui
3664 740 3885 798 missus
3939 759 3975 799 a

2315 836 2504 905 Patre,
2539 833 2767 890 animas
2799 837 3029 889 nostras
3058 831 3273 905 eripuit
3305 831 3376 887 de
3421 831 3755 887 dcemonum
3814 835 3975 904 pote-

2319 926 2504 978 state:
2530 922 2628 994 qui
2674 939 2781 978 nos
2811 939 2915 978 ceu
2948 920 3144 979 saeculi
3174 921 3372 977 leones
3402 921 3687 976 devorare
3708 919 3975 976 niteban-

2313 1009 2413 1083 tur
2446 1028 2459 1066 :
2492 1010 2591 1083 qui
2623 1017 2680 1067 et
2710 1028 2866 1067 nunc
2914 1010 3195 1082 loquitur,
3256 1010 3456 1065 dicens
3484 1024 3497 1063 :
3552 1009 3800 1065 Dormivi
3850 1014 3978 1065 coit;

2316 1082 2591 1156 turbatus.
2625 1083 2911 1156 Dormivit
2941 1100 3096 1155 enim
3129 1099 3187 1154 in
3230 1114 3437 1155 somno
3493 1097 3787 1170 passionis
3843 1115 3978 1156 cum

2318 1190 2577 1246 diceret:
2632 1192 2789 1245 Nunc
2844 1190 3033 1245 anima
3090 1205 3213 1245 mea
3271 1189 3595 1243 turbataest
3657 1188 3826 1259 (Psal.
3896 1205 3976 1255 v1,

2320 1281 2373 1351 4)
2407 1297 2425 1334 .-
2488 1279 2625 1352 quia
2672 1279 2896 1335 dictum
2944 1283 3082 1334 est:
3132 1278 3240 1349 Ego
3298 1276 3560 1344 dormivi,
3603 1279 3654 1333 et
3699 1286 3981 1350 soporatus

2320 1385 2461 1440 sum,
2512 1377 2563 1425 et
2617 1370 2955 1424 exsurrexi:
3017 1367 3292 1440 quoniam
3350 1365 3635 1423 Dominus
3677 1367 3981 1423 suscitavit

2325 1473 2418 1512 me
2475 1458 2799 1513 secundum
2857 1456 3037 1512 illud:
3098 1458 3421 1513 Potestatem
3474 1456 3665 1525 ;habeo
3735 1456 3983 1529 ponendi

2325 1547 2575 1602 animam
2601 1561 2803 1613 meum,
2863 1551 2914 1602 et
2965 1548 3289 1619 potestatem
3328 1548 3529 1601 iterum
3571 1545 3822 1602 sumendi
3861 1550 3983 1602 eam

2326 1636 2506 1704 (Joan.
2533 1652 2589 1703 x,
2624 1636 2731 1704 18).

2402 1747 2429 1773 ‹‹
2465 1722 2591 1780 Filii
2622 1724 2931 1780 hominum
2964 1724 3169 1780 dentes
3200 1739 3401 1780 eorum
3433 1738 3616 1791 arma,
3646 1746 3674 1773 ››
3706 1727 3817 1780 etc.
3867 1723 3981 1778 Ini-

2332 1813 2618 1869 micorum
2652 1814 2857 1869 dentes
2888 1814 3057 1885 quasi
3116 1829 3283 1869 arma
3321 1812 3798 1885 impugnantium
3854 1827 3985 1869 esse

567 1903 631 1961 in
661 1908 718 1960 te
749 1904 992 2001 conlidit
1020 1903 1397 2001 anima_mea.
1433 1927 1455 1956 ι
1493 1903 1799 1961 Geminata
1828 1904 2223 1978 postulatione
2255 1936 2303 2001 Β
2331 1903 2652 2001 dicituqups
2683 1903 2966 1959 Dominus
2997 1919 3105 2001 sua
3138 1901 3564 2001 resurrectione
3609 1901 3909 2001 confregit.

570 1991 1010 2061 misericordiae,
1058 1992 1472 2048 confidentiam
1524 2010 1692 2049 suam
1737 2011 1913 2066 quam
1964 1994 2023 2049 in
2055 1998 2224 2050 Patre

568 2081 1087 2154 babet,'adjungit,
1141 2085 1205 2136 ut
1255 2081 1483 2139 facilius
1532 2083 1824 2139 audiatur.
1869 2088 2145 2154 Quoniam
2166 2082 2225 2138 in

569 2171 869 2242 teconfidit
924 2172 1115 2226 anima
1173 2188 1311 2228 mea.
1373 2173 1549 2238 Quasi
1612 2190 1766 2229 unus
1823 2173 1997 2230 homo
2041 2172 2219 2229 dicit:

570 2260 673 2317 sed
704 2276 857 2315 unus
886 2276 991 2332 pro
1039 2259 1288 2316 multis:
1338 2261 1479 2332 quia
1528 2261 1752 2316 dictum
1798 2268 1923 2318 est:
1956 2263 1994 2318 A
2024 2262 2225 2332 ﬁnibus

571 2352 741 2406 terra
790 2348 860 2403 ad
913 2351 965 2404 le
1021 2351 1287 2418 clamavi,
1343 2351 1583 2405 Domine
1611 2352 1781 2420 (Psal.
1832 2367 2019 2419 cxxxx,
2054 2351 2124 2422 1).
2159 2353 2227 2405 Et

572 2437 757 2494 alibi:
794 2439 929 2492 Erat
958 2438 1080 2493 illis
1108 2440 1297 2492 anima
1353 2454 1467 2493 una
1522 2447 1572 2494 et
1629 2455 1724 2494 cor
1769 2440 2115 2511 unum(xlct.
2149 2456 2222 2506 1v,

570 2526 685 2598 32).
719 2548 745 2575 ‹‹
780 2527 849 2581 Et
879 2526 938 2581 in
980 2526 1187 2581 umbra
1237 2525 1462 2581 alarum
1513 2532 1749 2583 tuarum
1800 2530 2066 2601 sperabo.
2102 2553 2124 2581 ιο
2164 2529 2225 2584 Id

574 2619 683 2687 est,
715 2614 777 2671 in
808 2615 1165 2687 protectione
1195 2621 1454 2686 paterna.
1495 2619 1539 2671 A
1588 2616 1777 2673 calore
1827 2619 2039 2674 umbra
2068 2635 2224 2689 quaa-

573 2704 759 2761 ritur:
794 2704 893 2760 sed
929 2721 1029 2776 per
1080 2703 1331 2761 calorem
1394 2706 1720 2777 persecutio
1775 2706 1865 2763 vel
1923 2708 2226 2764 tribulatio

576 2793 942 2867 intelligitur,
976 2797 1033 2849 et
1063 2811 1166 2866 per
1213 2795 1482 2850 umbram
1534 2797 1813 2867 protectio
1862 2796 2223 2853 divinitatis:

580 2883 681 2939 ubi
705 2898 938 2955 semper
968 2882 1279 2954 confugere
1310 2884 1612 2939 debemus.
1650 2885 1759 2940 Sed
1791 2885 1920 2940 dure
1952 2884 2077 2955 alae,
2111 2886 2226 2941 duo

574 2973 973 3039 Testamenta,
1008 2971 1094 3026 vel
1126 2971 1243 3026 duo
1288 2977 1572 3043 praecepta
1618 2973 1939 3030 charitatis.
1973 2997 2000 3023 ‹‹
2034 2975 2226 3030 Donec

574 3062 839 3114 transeat
882 3057 1186 3129 iniquitas.
1222 3078 1250 3107 »
1301 3058 1608 3115 Insultatio
1657 3061 2012 3133 iniquorum.
2058 3063 2228 3118 Docet

575 3147 734 3204 enim
797 3163 900 3218 per
958 3146 1079 3201 haec
1132 3146 1189 3200 in
1250 3147 1644 3219 spiritualium
1713 3149 1939 3206 alarum
1993 3168 2228 3223 sperare

571 3236 1012 3310 protectionem.
1048 3234 1194 3291 Hinc
1224 3236 1507 3308 propheta
1545 3236 1838 3310 loquitur:

2408 2012 2437 2041 «
2468 1990 2730 2047 Exaltare
2759 2008 2935 2064 super
2964 1991 3164 2061 caelos,
3194 1991 3371 2063 Deus,
3406 2013 3433 2041 »
3464 1995 3574 2047 etc.
3633 1990 3840 2047 Nullus
3895 1996 3989 2048 est

2335 2080 2545 2137 modus
2588 2079 2955 2137 exaltationis
3000 2081 3228 2137 divinae.
3286 2081 3403 2137 Nos
3452 2097 3581 2137 vero
3633 2080 3778 2137 nihil
3825 2080 3985 2137 aliud

2334 2171 2405 2227 de
2435 2170 2594 2226 caelis
2625 2187 2803 2242 quam
2835 2187 2963 2243 quae
2992 2170 3249 2227 vidimus
3307 2169 3598 2227 novimus.
3648 2170 3795 2227 Nam
3847 2186 3985 2226 cum

2334 2260 2432 2328 ait,
2464 2276 2629 2332 super
2655 2261 2859 2316 cwlos:
2921 2257 3187 2315 notitiam
3238 2258 3463 2315 excedit
3517 2258 3858 2314 humanam.
3907 2262 3987 2314 De

2334 2348 2519 2422 gloria
2538 2353 2733 2405 autem
2767 2365 2891 2422 quae
2922 2365 3097 2421 super
3124 2353 3342 2404 terram
3403 2354 3512 2418 est,
3569 2346 3715 2403 illud
3770 2346 3988 2403 intelli-

2334 2438 2494 2511 gitur
2526 2439 2681 2511 quod
2708 2437 2847 2494 alibi
2880 2438 3002 2510 ipse
3028 2437 3313 2493 Dominus
3373 2437 3456 2493 ait
3486 2454 3499 2493 :
3559 2438 3689 2493 Ecce
3744 2453 3840 2507 ego
3885 2454 3988 2493 vo-

2339 2528 2547 2583 biscum
2592 2543 2714 2582 sum
2770 2527 3024 2583 omnibus
3066 2526 3255 2583 diebus
3302 2542 3468 2599 usque
3520 2526 3590 2582 ad
3642 2540 3988 2585 consumma-

2336 2625 2535 2673 ttonem
2589 2617 2784 2675 saeculi
2840 2615 3051 2687 (Matth.
3102 2633 3300 2687 xxvm,
3368 2617 3481 2688 20).
3546 2615 3689 2672 Hinc
3773 2616 3986 2671 iterum

2335 2706 2619 2762 Dominus
2644 2722 2656 2759 :

2408 2818 2435 2845 ‹‹
2479 2796 2779 2867 Laqueum
2837 2798 3187 2866 paraverunt
3234 2793 3481 2867 pedibus
3538 2793 3705 2850 meis.
3761 2815 3789 2845 »
3840 2797 3984 2850 Cum

2318 2883 2483 2940 'mihi
2512 2883 2999 2957 interrogationes
3019 2883 3349 2941 inferebant
3376 2882 3669 2940 dolosas.«
3698 2883 3765 2939 Et
3789 2883 3984 2939 incur-

2332 2977 2616 3029 vaverunt
2643 2972 2900 3028 animam
2934 2989 3147 3029 meam.
3182 2994 3211 3022 »
3242 2978 3306 3028 In
3340 2976 3547 3041 morte,
3587 2973 3688 3028 sed
3717 2988 3831 3029 non
3874 2969 3988 3028 fuit

2336 3060 2754 3135 perpetualiter
2783 3062 3021 3118 subdita
3064 3062 3258 3118 morti.
3310 3061 3404 3119 Sic
3446 3061 3758 3118 voluerunt
3802 3061 3989 3118 Judaei

2335 3151 2630 3207 Christum
2661 3149 3000 3206 incurvare:
3055 3155 3120 3206 ut
3149 3167 3264 3207 non
3323 3150 3726 3207 nominaretur
3776 3166 3989 3217 nomen

2334 3257 2483 3313 ejus.

654 3349 674 3374 α
705 3325 986 3382 Clamabo
1040 3325 1111 3379 ad
1170 3306 1353 3381 Deum
1413 3306 1812 3383 altissimum:
1876 3328 2061 3384 Deum
2123 3329 2223 3401 qui
2256 3306 2299 3374 (ἶ
2360 3306 2437 3381 να
2472 3330 2765 3386 Foderunt
2795 3334 2927 3386 ante
2976 3328 3181 3386 faciem
3241 3344 3431 3385 meam
3464 3329 3708 3400 foveam,
3770 3331 3827 3385 et
3874 3328 3989 3401 ipsi

576 3414 860 3471 benefecit
888 3414 1053 3469 mihi.
1091 3436 1118 3463 ››
1150 3418 1280 3469 Hazc
1319 3420 1460 3470 sunt
1506 3432 1633 3487 quae
1680 3421 1812 3490 post
1861 3417 2231 3474 dinumerata

576 3506 729 3561 bona
759 3509 1110 3578 sequuntur.
1144 3524 1174 3555 ι
1208 3510 1396 3560 Donec
1426 3509 1687 3562 transeat
1726 3507 2029 3578 iniquitas,
2064 3531 2090 3558 ››
2121 3508 2231 3565 hoc

574 3599 683 3663 est,
716 3594 985 3649 diabolus
1018 3610 1153 3649 cum
1194 3593 1318 3649 suis
1367 3596 1669 3666 membris,
1723 3595 1808 3651 vel
1859 3597 1984 3653 suis
2013 3597 2230 3653 satelli-

572 3682 757 3738 tibus.
788 3704 815 3731 «
847 3680 1122 3737 Clamabo
1172 3682 1242 3735 ad
1295 3680 1477 3737 Deum
1530 3682 1909 3740 altissimum.
1945 3708 1972 3733 ››
2002 3685 2230 3742 Clama-

572 3770 655 3825 vit
694 3769 963 3825 Christus
995 3770 1067 3824 ad
1117 3770 1302 3826 Deum
1351 3771 1598 3841 Patrem,
1646 3777 1703 3827 et
1753 3773 1941 3829 oravit
1988 3790 2091 3846 pro
2122 3773 2227 3829 fal-

573 3860 660 3916 sis
692 3858 991 3914 fratribus.
1025 3860 1091 3913 Et
1149 3858 1403 3914 Ecclesia
1459 3877 1561 3931 pro
1616 3861 1871 3918 inimicis
1920 3868 2066 3919 orat.
2102 3886 2129 3914 «
2163 3865 2233 3919 Et

570 3947 641 4004 ad
676 3934 861 4003 Deum
894 3947 993 4020 qui
1024 3947 1314 4004 benefecit
1343 3948 1508 4017 mihi,
1544 3972 1571 3999 ››
1606 3950 1662 4005 id
1711 3956 1819 4017 est,
1877 3952 2013 4007 fecit
2043 3970 2135 4008 me
2164 3970 2231 4009 ex

571 4036 755 4093 nihilo
788 4037 860 4093 ad
893 4053 1059 4093 suam
1120 4038 1461 4110 imaginem,
1524 4044 1576 4094 et
1636 4040 1797 4096 dedit
1855 4041 1998 4097 mihi
2033 4043 2232 4099 omnia

573 4126 729 4183 bona
760 4126 1067 4199 praesentis
1124 4126 1281 4197 vitae,
1340 4132 1396 4182 et
1456 4133 1660 4200 postea
1711 4129 1769 4185 in
1827 4130 2022 4187 luturo
2052 4132 2229 4188 vitam

576 4220 855 4271 aeternam
888 4216 1176 4287 promisit.

651 4326 679 4355 «
711 4304 870 4360 Misit
898 4305 970 4361 de
1002 4305 1165 4375 coelo,
1199 4309 1258 4361 et
1306 4305 1571 4360 liberavit
1610 4324 1721 4362 me.
1763 4332 1783 4356 ιν
1830 4309 1988 4366 Misit
2016 4310 2229 4367 Filium

576 4398 749 4451 suum
807 4396 877 4449 de
936 4393 1117 4461 cmlis,
1178 4399 1244 4449 ut
1293 4394 1587 4450 hominem
1621 4413 1654 4451 a
1701 4402 1934 4468 peccato
1965 4405 2228 4457 erueret:

572 4481 659 4539 vel
695 4498 881 4554 genus
926 4481 1251 4536 humanum
1302 4482 1372 4537 de
1418 4487 1700 4554 potestate
1748 4486 1988 4555 diaboli,
2040 4488 2128 4543 vel
2160 4489 2232 4544 de

574 4569 824 4625 inferno.
863 4570 1017 4627 Misit
1055 4572 1116 4625 in
1160 4573 1513 4642 cpprobrium
1556 4573 1936 4631 conculcantes
1979 4592 2083 4632 me.
2119 4578 2231 4631 Im-

2340 3418 2673 3475 inciderunt
2692 3418 2750 3474 in
2783 3434 2933 3474 eam.
2968 3439 2997 3468 »
3029 3418 3174 3475 Cum
3202 3423 3335 3490 post
3355 3418 3839 3475 resurrectionem
3876 3418 3989 3474 ini-

2339 3507 2509 3565 micis
2533 3507 2973 3580 traditi,capiti,
3006 3508 3294 3563 interiecti
3328 3512 3503 3579 atque
3550 3507 3798 3580 dispersi
3830 3511 3990 3564 sunt.

2418 3621 2437 3647 ε
2474 3598 2749 3653 Paratum
2781 3613 2879 3653 cor
2908 3613 3129 3668 meum,
3162 3601 3610 3668 Deus,paratum
3644 3612 3742 3653 cor
3770 3612 3988 3653 meum:

2341 3686 2589 3743 cantabo
2616 3691 2672 3742 et
2693 3685 2987 3758 psalmum
3019 3686 3211 3741 dicam
3243 3685 3508 3742 Domino.
3540 3706 3567 3739 ι
3618 3685 3883 3747 Exsultat
3933 3690 3991 3743 et

2341 3775 2600 3831 concinit
2628 3776 2698 3831 de
2721 3774 3020 3848 triumpho
3052 3774 3258 3831 mortis
3306 3774 3466 3831 illius
3523 3774 3688 3831 liber.
3714 3774 3988 3842 Cantabo,

2342 3866 2704 3940 praedicabo:
2741 3863 3032 3920 Psalmum
3067 3864 3280 3930 dicam,
3316 3880 3488 3937 opere
3516 3863 3838 3936 complebo.

2413 3979 2441 4005 ‹‹
2475 3955 2755 4026 Exsurge,
2788 3952 2972 4026 gloria
3000 3969 3133 4009 mea
3163 3971 3177 4020 ;
3222 3969 3488 4027 exsurge,
3548 3953 3889 4026 psalterium
3935 3956 3994 4008 et

2339 4043 2563 4101 cithara
2593 4061 2606 4112 ;
2639 4058 2946 4115 exsurgam
2963 4040 3243 4099 diluculo.
3272 4064 3299 4092 »
3326 4042 3592 4099 Diluculo
3614 4042 3768 4100 enim
3799 4058 3989 4099 resur-

2341 4130 2506 4202 rexit,
2541 4146 2712 4187 mane
2737 4146 2871 4186 cum
2901 4128 3094 4185 adhuc
3124 4129 3374 4186 tenebrae
3405 4135 3601 4187 essent
3645 4146 3823 4203 super
3872 4134 3990 4186 ter-

2340 4237 2485 4277 ram.
2521 4221 2614 4276 Sic
2636 4219 2790 4275 enim
2825 4217 3165 4292 psalterium
3224 4223 3281 4274 et
3332 4220 3601 4277 cithara:
3660 4219 3783 4276 haec
3835 4220 3989 4276 enim

2340 4310 2519 4366 dictio
2541 4308 2816 4366 Davidica
2844 4308 3133 4364 cecinerat
3165 4325 3177 4364 :
3211 4330 3239 4358 «
3273 4308 3898 4383 Exsurge,psalter‘ium
3936 4312 3993 4366 et

2340 4399 2579 4456 cithara.
2621 4421 2647 4447 ››
2675 4397 2823 4462 Quid
2856 4396 3188 4472 significant
3215 4397 3329 4454 ista
3356 4414 3576 4471 organa
3603 4398 3632 4453 τ
3682 4413 3866 4455 unum
3921 4399 3992 4454 de

2342 4488 2636 4561 supernis,
2665 4486 2823 4544 aliud
2858 4488 2928 4543 de
2957 4489 3227 4544 terrenis.
3256 4487 3402 4554 Quid
3446 4486 3790 4561 intelligitur
3840 4486 3994 4561 psal-

2340 4578 2552 4632 terium
2586 4577 2613 4631 ‘?
2643 4576 2909 4633 Christus
2942 4575 3291 4649 intelligitur
3319 4580 3384 4632 ut
3441 4575 3624 4633 illud:
3677 4578 3771 4647 Ite,
3827 4574 3994 4632 dicite

576 4658 709 4731 pios
739 4661 796 4713 et
828 4660 1066 4730 peccato
1096 4660 1399 4727 obnoxios,
1434 4660 1532 4733 qui
1555 4663 1796 4718 verbum
1828 4664 2234 4737 propheticum
2268 4676 2314 4741 1)
2344 4668 2547 4723 Joanni
2593 4681 2719 4737 qua?
2767 4666 2983 4722 vidistis
3022 4670 3073 4721 et
3110 4666 3380 4741 audistis;
3418 4666 3497 4721 Ad
3541 4667 3723 4722 lumen
3774 4663 3994 4722 redeunt

574 4745 964 4820 n'egligebant.
1018 4747 1117 4803 Vel
1153 4753 1216 4803 ut
1259 4749 1435 4805 alibi:
1473 4751 1633 4807 Dedit
1681 4754 1945 4823 apostolis
1999 4756 2234 4826 potesta-

572 4840 681 4893 tem
728 4835 982 4891 calcandi
1033 4853 1197 4909 super
1242 4848 1535 4910 serpentes,
1586 4850 1638 4896 et
1688 4845 2021 4914 scorpiones,
2055 4848 2105 4900 et
2136 4861 2231 4899 su-

569 4940 677 4999 per
705 4941 932 4981 omnem
960 4927 1221 4982 virtutem
1248 4929 1471 4983 inimici
1499 4930 1650 4999 (Luc.
1683 4947 1738 4998 x,
1772 4932 1883 5003 19).

653 5037 682 5065 ‹‹
715 5014 876 5071 Misit
910 5016 1056 5071 Deus
1095 5016 1556 5072 misericordiam
1607 5036 1773 5075 suam
1825 5024 1882 5076 et
1930 5022 2232 5079 veritatem

583 5120 754 5161 suam
812 5126 840 5154 »
898 5104 1293 5161 Misericordia
1346 5112 1403 5161 et
1446 5107 1657 5163 veritas
1713 5109 1980 5167 Christus
2026 5117 2132 5167 est.
2170 5112 2230 5167 In

588 5196 707 5249 uno
767 5192 1177 5250 continentur:
1245 5210 1350 5251 nec
1408 5212 1523 5251 una
1582 5197 1707 5253 sine
1758 5198 1959 5254 altera.
2019 5199 2076 5255 Si
2109 5199 2234 5256 sola

590 5281 994 5337 misericordia
1051 5282 1278 5348 fuisset,
1343 5280 1579 5338 licentia
1638 5285 1842 5340 fuisset
1870 5292 2235 5356 peccare;.et

588 5372 639 5428 si
697 5370 821 5427 sola
875 5370 1115 5439 veritas,
1176 5388 1291 5427 non
1352 5372 1638 5443 potuisset
1696 5373 1869 5428 homo
1917 5376 2229 5432 sustinere.

590 5484 617 5510 ‹‹
652 5461 922 5516 Animam
972 5476 1163 5516 meam
1239 5460 1455 5533 eripuit
1511 5462 1582 5516 de
1639 5462 1829 5518 medio
1905 5465 2230 5523 catulorum

570 5548 844 5605 'leonum.
881 5570 909 5598 »
942 5549 1208 5617 ALeones,
1270 5551 1564 5622 principes
1618 5551 1989 5608 Judaeorum:
2054 5555 2229 5612 catuli

587 5636 754 5711 plebs
786 5638 1083 5709 subjecta:
1120 5638 1218 5710 qui
1246 5638 1596 5704 clamabant,
1621 5640 1892 5714 cruciﬁge
1914 5658 2069 5699 eum.
2098 5645 2230 5712 Leo,

502 5752 521 5771 ι
590 5724 879 5793 diabolus,
930 5728 1101 5797 juxta
1154 5728 1469 5801 Epistulam
1523 5729 1695 5798 Petri,
1753 5731 2105 5789 Adversarius
2146 5752 2233 5792 ve-

2342 4758 2496 4819 ceeci,
2530 4757 2736 4811 mortui
2781 4763 3097 4827 resurgunt,
3130 4770 3395 4827 pauperes
3441 4756 3913 4826 euangelizantur,
3946 4762 3996 4810 et

2343 4846 2526 4900 beatus
2547 4846 2645 4916 qui
2679 4846 2739 4899 in
2778 4860 2864 4899 me
2916 4860 3028 4899 non
3067 4845 3237 4915 fuerit
3274 4844 3699 4912 scandalizatus,
3747 4844 3858 4901 hoc
3911 4854 3994 4900 est

2340 4930 2614 4989 divinitas
2635 4937 2871 5004 cperata
2893 4948 2996 5004 per
3015 4948 3249 4989 carnem
3268 4934 3569 5004 (Matth.x1,
3594 4934 3736 5006 4-6).
3763 4933 3995 4990 Cithara

2342 5023 2412 5078 de
2466 5021 2734 5087 terrenis,
2768 5022 2877 5079 hoc
2908 5029 2997 5079 est
3052 5022 3388 5091 lassescere,
3462 5022 3735 5091 dormire,
3806 5037 3991 5096 egere,

2342 5111 2585 5177 esurire,
2610 5112 2793 5182 sitire,
2822 5111 2911 5167 vel
2969 5115 3194 5166 cetera.
3248 5110 3467 5167 Aliter:
3519 5110 3860 5168 Psalterium
3918 5112 3993 5168 ad

2344 5217 2450 5256 nos
2482 5200 2750 5272 pertinet,
2787 5216 2942 5273 spes,
2994 5199 3161 5266 ﬁdes,
3222 5199 3498 5268 Charitas,
3555 5199 3991 5274 longanimitas,

2340 5288 2594 5359 bonitas,
2618 5289 2704 5345 vel
2738 5289 2854 5345 alia
2881 5287 2975 5344 his
3003 5287 3242 5344 similia.
3274 5289 3378 5345 Per
3408 5289 3716 5358 citharam,
3734 5306 3834 5347 sex
3864 5306 3996 5363 ope-

2342 5397 2405 5435 ra
2437 5379 2843 5436 misericordiaa
2871 5376 3280 5450 intelliguntur
3310 5396 3457 5452 ;quse
3479 5380 3760 5436 debemus
3788 5378 3994 5453 imple-

2341 5486 2423 5540 re,
2466 5469 2522 5525 id
2562 5474 2671 5535 est,
2732 5465 2966 5535 esurivi,
3026 5466 3202 5537 sitivi,
3256 5468 3469 5541 hospes
3500 5494 3509 5498 θ
3541 5485 3721 5538 eram,
3750 5468 3993 5537 'nudus,

2343 5558 2635 5624 infirmus,
2666 5557 2728 5613 in
2770 5572 3016 5612 carcere.
3076 5557 3219 5612 Item
3271 5558 3615 5631 psalterium,
3652 5558 3727 5615 id-
3766 5562 3876 5628 est,
3933 5558 3995 5613 in

2343 5647 2718 5703 tribulatione
2750 5646 2969 5719 gratias
3000 5662 3170 5717 agere
3203 5648 3349 5704 Deo:
3392 5647 3465 5704 de
3513 5647 3784 5720 supernis
3837 5647 3997 5705 venit

2342 5753 2444 5807 per
2475 5754 2648 5809 quem
2680 5735 2957 5793 sustines.
3004 5737 3580 5811 Githara,persecutio
3611 5741 3669 5795 et
3695 5735 3993 5797 tribulatio
