4314 6590
343 453 498 522 1049

1500 463 1998 527 ΒΒΕνῘΛΗΙΗΜ
2041 463 2122 527 ΙΝ
2167 467 2554 532 PSALMOS.

3590 463 3752 528 1050

344 606 472 664 quas
503 591 565 650 in
603 610 844 668 corpore
887 596 1164 653 sustines.
1198 599 1519 670 Exsurgam
1565 600 1810 656 diliculo.
1845 600 1985 656 Res-

2103 612 2384 682 quitatem
2413 611 2626 682 ipsam,
2660 607 2824 681 prius
2855 622 3031 680 quam
3083 605 3439 669 nasceretur,
3474 599 3743 656 extermi-

344 681 550 755 pondit
599 683 867 740 Christus
897 686 968 740 ad
1001 685 1249 741 Patrem.
1284 687 1444 743 Unde
1476 689 1748 755 superius
1797 689 1940 746 dixit
1974 707 1986 745 :

350 793 371 819 ι
410 767 688 845 Exsurge,
719 773 904 845 gloria
935 791 1083 830 mea.
1120 800 1141 827 ι

419 882 447 911 ‹‹
479 862 808 919 Conﬁtebor
833 863 934 919 tibi
961 864 1016 920 in
1043 865 1296 938 populis,
1323 868 1581 936 Domine,
1608 875 1662 924 et
1693 869 1987 941 psalmum

345 949 536 1005 dicam
585 950 688 1005 tibi
720 951 778 1006 in
811 953 1102 1024 gentibus.
1139 978 1165 1003 »
1219 956 1373 1019 Quas
1406 974 1506 1028 per
1537 959 1867 1030 prophetas,
1901 959 1986 1014 vel

343 1039 636 1111 apostolos
676 1033 891 1096 vocavi.
945 1066 970 1091 «
1004 1045 1334 1100 Conﬁtcbor
1364 1046 1465 1101 tibi
1498 1046 1555 1101 in
1588 1047 1841 1119 populis,
1875 1049 1985 1103 Do-

344 1128 519 1194 mine,
551 1151 578 1178 »
608 1128 717 1185 hoc
739 1135 846 1196 est,
872 1136 1180 1204 postquam
1213 1152 1599 1192 resurrexern.
1637 1159 1663 1185 ‹‹
1689 1136 1985 1192 Psalmum

343 1215 533 1271 dicam
565 1217 669 1273 tibi
701 1218 854 1275 inter
883 1226 1104 1293 gentes,
1139 1245 1166 1272 ››
1217 1223 1272 1278 id
1319 1229 1407 1279 est
1454 1225 1784 1297 praedicare,
1815 1243 1987 1298 opere

343 1305 606 1379 implere.

421 1417 442 1446 ι
478 1396 760 1460 Quoniam
794 1400 1169 1470 magniticata
1190 1407 1280 1457 est
1313 1420 1497 1474 usque
1519 1405 1588 1458 ad
1614 1404 1788 1460 caelos
1813 1406 1986 1460 mise-

347 1483 598 1541 ricordia
643 1489 764 1541 tua.
802 1509 823 1536 ι
882 1488 1009 1544 Mea
1039 1490 1196 1545 enim
1229 1491 1652 1549 resurrectione
1686 1493 1989 1565 paciﬁcate

344 1578 484 1630 sunt
511 1575 710 1632 omnia
737 1575 863 1646 tibi,
887 1594 1017 1649 quae
1048 1578 1103 1632 in
1137 1580 1279 1635 ccelo
1311 1584 1366 1635 et
1397 1599 1524 1653 quae
1556 1583 1614 1636 in
1649 1586 1800 1638 terra
1828 1589 1985 1640 sunt.

344 1684 372 1711 ‹‹
407 1663 475 1718 Et
505 1680 692 1735 usque
723 1666 793 1720 ad
826 1667 1010 1722 nubes
1042 1668 1252 1724 veritas
1292 1674 1412 1725 tua.
1449 1693 1476 1719 ››
1531 1671 1839 1744 Complens
1889 1691 1990 1744 per

343 1751 657 1823 prophetas
689 1769 816 1825 quae
849 1755 1016 1811 nobis
1048 1758 1413 1828 praedixeras.
1448 1759 1604 1828 Coeli,
1635 1765 1773 1816 sunt
1801 1763 1988 1818 sancti

344 1841 578 1912 quando
610 1843 679 1898 de
709 1845 982 1915 supernis
1013 1847 1482 1919 contemplantur
1515 1865 1526 1904 :
1561 1851 1767 1920 nubes,
1803 1868 1986 1923 quan-

344 1929 418 1985 do
448 1930 694 2004 irrigant
721 1934 897 1990 corda
922 1933 1182 1991 humana
1210 1937 1280 1992 de
1312 1938 1739 2009 praedicatione.

422 2041 449 2069 ‹‹
480 2019 744 2077 Exaltare
793 2039 969 2094 super
1015 2025 1209 2092 caelos,
1244 2031 1412 2082 Deus.
1451 2051 1477 2075 ››
1529 2029 1818 2101 PrOpheta
1869 2031 1990 2085 haec

345 2109 487 2164 dicit
517 2111 586 2164 de
617 2110 870 2181 gloriosa
889 2112 1098 2169 Christi
1132 2116 1491 2172 ascensione.
1523 2142 1549 2168 ‹‹
1581 2119 1648 2173 Et
1671 2135 1847 2190 super
1867 2137 1989 2175 om-

348 2213 480 2253 nem
513 2203 726 2254 terram
749 2200 934 2273 gloria
959 2206 1078 2258 tua.
1107 2226 1132 2251 ››
1164 2207 1306 2260 Cum
1331 2205 1604 2262 effuderis
1627 2207 1847 2263 donum
1871 2210 1993 2280 Spi-

347 2285 496 2341 ritus
528 2288 713 2343 sancti
746 2288 803 2343 in
826 2305 1059 2346 omnem
1092 2309 1349 2348 carnem.
1374 2295 1534 2359 Quod
1557 2299 1614 2350 et
1643 2313 1800 2351 nunc
1824 2298 1991 2354 nobis

345 2379 618 2445 praestare
645 2377 922 2449 digneris,
961 2385 1022 2434 ut
1052 2380 1108 2436 in
1139 2383 1364 2439 cunctis
1395 2385 1687 2455 pressuris
1718 2402 1781 2440 ac
1812 2387 1993 2443 tribu-

345 2461 664 2520 lationibus
724 2466 1012 2525 universis
1071 2470 1271 2526 mittas
1300 2473 1582 2543 Spiritum
1632 2478 1799 2530 tuum
1850 2493 1988 2530 san-

348 2557 504 2608 ctum
543 2572 555 2610 :
599 2555 768 2626 cujus
798 2563 904 2628 ope
931 2575 995 2613 ac
1027 2559 1318 2630 praesidio,
1351 2563 1471 2618 sive
1502 2565 1828 2619 munitione
1861 2582 1990 2636 pro-

348 2642 507 2710 tecti,
555 2644 627 2699 ad
676 2643 892 2702 aeterna
947 2648 1161 2719 gaudia
1217 2651 1548 2722 praeparari,
1608 2654 1678 2708 ad
1741 2654 1995 2711 coelestia

346 2731 652 2788 transferri
683 2735 922 2806 praemia
952 2753 1300 2794 mereamur.
1334 2745 1542 2796 Amen.

900 2860 1230 2918 PSALMUS
1271 2863 1434 2918 LVII.

349 2945 632 3030 In'ﬁnem,
667 2964 737 3000 ne
764 2948 1072 3030 disperdas,
1105 2953 1306 3030 David,
1340 2955 1400 3008 in
1427 2953 1588 3009 tituli
1617 2957 1993 3027 inscrip/ione.

418 3017 882 3102 Voshsuggeritis
925 3021 1263 3102 falsitatem,
1294 3017 1404 3102 ego
1457 3042 1583 3102 non
1623 3017 1996 3100 corrumpam

426 3093 727 3171 veritatem
765 3107 777 3145 :
831 3093 973 3164 quod
1024 3093 1482 3171 scripsi,scripsi
1529 3099 1704 3167 (Joan.
1738 3093 1996 3171 x1x,'22).

427 3161 920 3246 Psalmus'vocém
945 3161 1622 3246 continetProphetae'de
1645 3161 1887 3240 judiciis
1919 3161 2001 3228 at-

425 3248 539 3303 que
560 3237 795 3303 justitia
825 3238 1273 3292 commonentis.

423 3377 450 3404 «
483 3355 542 3412 Si
573 3373 703 3412 vere
735 3356 936 3428 utique
959 3358 1257 3428 justitiam
1291 3360 1620 3433 loquimini,
1656 3369 1810 3420 recta
1835 3367 1995 3434 judi-

349 3443 614 3510 cate,ﬁlii
638 3444 966 3502 hominum.
985 3465 1010 3497 ι)
1041 3448 1255 3502 Edocet
1278 3453 1342 3503 ut
1362 3450 1634 3521 quisquis
1659 3453 1996 3509 mortalium

341 3533 570 3604 judicio
616 3551 760 3589 usus
811 3535 987 3591 fuerit
1035 3536 1287 3608 publico,
1321 3539 1367 3593 si
1400 3555 1597 3594 verum
1632 3539 1911 3613 loquitur,
1943 3549 2000 3599 et

349 3639 550 3678 verum
602 3624 874 3695 judicet:
927 3642 1030 3680 nec
1081 3631 1258 3697 ponat
1303 3627 1606 3684 blandiliis
1658 3647 1996 3688 sermonum

353 3712 748 3784 muscipulam
779 3714 1158 3786 deceptionis,
1194 3733 1296 3786 per
1335 3733 1510 3788 quam
1544 3719 1766 3775 occulte
1798 3720 1998 3776 interi-

355 3806 477 3859 mat
506 3803 865 3859 innocentes.
905 3827 930 3854 «
955 3804 1014 3860 Si
1045 3821 1175 3862 vere
1201 3805 1708 3878 utiquejustitiam
1732 3809 2000 3880 loquimi-

353 3891 459 3948 ni:
507 3891 671 3963 justa
710 3892 994 3964 judicate,
1029 3893 1132 3948 ﬁlii
1184 3894 1512 3952 hominum.
1552 3898 1785 3953 nludaei
1835 3901 2001 3971 justa

350 3980 742 4054 loquebantur
779 3983 849 4037 ad
883 3982 1203 4056 Christum,
1238 3986 1470 4056 quando
1517 3987 1790 4043 dicebant
1822 4005 1835 4042 :
1885 3992 1996 4046 Ma-

349 4072 535 4144 gister,
567 4073 766 4126 scimus
814 4073 945 4142 quia
963 4089 1163 4129 -υθναω
1205 4090 1276 4142 es,
1309 4079 1358 4130 et
1384 4077 1445 4130 in
1475 4078 1699 4132 veritate
1726 4079 1873 4133 viam
1903 4081 2003 4135 Dei

350 4161 502 4218 doces
533 4161 758 4232 (Matth.
792 4178 930 4233 χχιι,
957 4161 1062 4232 16).
1093 4161 1218 4218 Non
1241 4163 1592 4234 judicabant
1612 4167 1796 4237 justa,
1821 4183 2002 4239 quan-

351 4250 423 4305 do
455 4249 750 4321 petierunt
788 4249 1135 4316 Barabbam,
1171 4250 1355 4306 filium
1393 4253 1598 4309 mortis
1628 4254 1804 4323 (Joan.
1837 4273 1998 4325 xvm,

352 4339 464 4407 40),
512 4340 569 4393 et
621 4337 1038 4392 interfecerunt
1086 4337 1407 4405 Christum,
1459 4339 1642 4397 ﬁlium
1695 4343 1841 4398 vitaz.
1898 4344 2000 4401 Vel

352 4427 521 4484 aliter
552 4445 564 4482 :
601 4449 627 4479 «
660 4426 829 4482 Justa
851 4425 1130 4496 judicate,
1163 4449 1190 4476 η
1236 4428 1292 4483 id
1325 4433 1433 4498 est,
1465 4445 1566 4486 vos
1598 4431 1695 4502 qui
1720 4433 1999 4503 judicatis

344 4517 642 4589 justitiam
673 4515 890 4571 bonam
920 4529 1068 4585 esse,
1122 4538 1142 4564 ι
1175 4520 1333 4572 recta
1354 4517 1638 4588 judicate,
1672 4542 1700 4568 ››
1750 4521 1858 4577 hoc
1887 4527 1998 4595 est,

354 4607 509 4679 quod
541 4605 644 4661 tibi
675 4622 792 4661 non
823 4605 929 4675 vis,
964 4604 1129 4660 alteri
1163 4622 1232 4659 ne
1263 4606 1462 4662 facias.

2017 1972 2066 2037 B

2099 708 2220 757 nat.
2246 703 2378 756 Ideo
2412 704 2741 772 peccatores
2770 698 2916 753 falsa
2945 695 3102 767 loqui
3132 693 3295 758 dicit,
3319 706 3532 762 eosque
3553 705 3746 744 errare

2099 796 2274 862 atque
2323 790 2565 845 alienari
2615 788 2940 861 prophetat,
2977 785 3127 841 sicut.
3168 781 3463 854 quondam
3495 779 3566 834 de
3593 778 3741 834 Esau

2098 881 2197 949 qui
2249 881 2592 951 priusquam
2647 879 3006 950 gigneretur,
3042 875 3112 928 ab
3156 870 3491 927 haereditate
3522 867 3623 922 Dei
3654 871 3744 922 est

2098 968 2368 1041 repulsus
2400 968 2651 1038 (Matuch.
2687 985 2723 1034 ι,
2758 968 2830 1031 ‘2;
2878 968 3027 1020 Rom.
3063 981 3137 1033 1x,
3173 963 3276 1035 13).

2169 1083 2197 1107 ‹‹
2230 1059 2412 1112 Furor
2434 1057 2549 1113 illis
2572 1056 2894 1112 secundum
2914 1051 3358 1108 similitudinem
3383 1045 3690 1120 serpentis.
3714 1066 3741 1094 »

2098 1147 2274 1219 Ignis,
2299 1147 2396 1217 qui
2421 1146 2606 1201 obiter
2630 1161 2730 1216 per
2750 1143 2893 1198 iram
2920 1143 3213 1202 devorare,
3239 1137 3508 1194 veneﬁcis
3531 1133 3740 1191 morsi-

2098 1235 2228 1303 bus,
2256 1235 2352 1291 Dei
2382 1234 2632 1289 famulos
2660 1233 2881 1297 volunt,
2911 1235 2968 1286 et
2999 1247 3101 1300 per
3131 1227 3528 1301 paenitentiam
3562 1222 3744 1295 negli-

2096 1332 2260 1396 gunt.
2319 1345 2346 1372 «
2376 1322 2537 1378 Sicut
2590 1321 2812 1393 aspidis
2859 1320 3072 1385 surdae,
3103 1323 3161 1373 et
3211 1314 3540 1372 obturantis
3569 1329 3740 1369 aures

2097 1430 2255 1478 suas,
2292 1435 2320 1461 ››
2374 1417 2482 1467 etc.
2517 1428 2530 1466 :
2585 1410 2887 1464 Diabolum
2919 1407 3003 1463 vel
3046 1405 3325 1462 satellites
3373 1405 3500 1473 ejus
3550 1402 3736 1457 dicit:

2097 1502 2196 1574 qui
2229 1518 2359 1556 cum
2396 1499 2654 1572 quotidie
2684 1501 2949 1564 noceant,
2984 1501 3040 1551 et
3068 1497 3151 1551 eis
3194 1496 3398 1566 utique
3431 1492 3529 1563 qui
3563 1490 3743 1546 canti-

2097 1607 2228 1646 cum
2251 1607 2350 1661 per
2367 1588 2788 1646 invocationem
2803 1585 3088 1643 Dominici
3111 1583 3368 1640 nominis
3387 1580 3738 1636 indicamus:

2097 1679 2186 1735 Illi
2235 1681 2503 1735 obturato
2554 1678 2784 1734 aurium
2835 1676 3018 1741 aditu,
3051 1674 3248 1730 saevire
3292 1688 3404 1727 non
3437 1670 3737 1725 desinunt.

2096 1769 2268 1841 Aspis
2323 1785 2509 1841 genus
2567 1766 2876 1838 serpentis.
2923 1764 3023 1820 Ille
3074 1763 3248 1818 homo
3302 1759 3403 1832 qui
3457 1759 3737 1823 incantat,

2097 1859 2326 1914 Marsus
2382 1857 2667 1922 dicitur‘,
2719 1860 2775 1910 et
2830 1853 3010 1909 trahit
3058 1851 3192 1906 illas
3244 1851 3315 1905 de
3360 1847 3617 1904 tenebris
3668 1845 3738 1899 ad

2096 1947 2316 2004 lumen.

2174 2059 2200 2086 «
2234 2038 2387 2092 Deus
2419 2038 2680 2092 conteret
2728 2035 2930 2089 dentes
2977 2046 3176 2086 eorum
3228 2028 3287 2084 in
3327 2042 3425 2082 ore
3457 2026 3741 2097 ipsorum,

2102 2125 2290 2181 molas
2321 2124 2556 2180 leonum
2589 2122 2915 2192 confringet
2945 2119 3248 2175 Dominus.
3283 2138 3310 2165 ››
3354 2116 3411 2169 Ir.
3445 2112 3742 2177 dentibus,

2101 2220 2300 2288 aperta
2348 2213 2693 2285 persecutio,
2727 2211 2785 2265 in
2838 2208 3158 2264 molaribus
3207 2203 3572 2275 signiﬁcatur
3608 2201 3742 2255 abs-

2102 2303 2352 2360 condita.
2409 2324 2435 2353 ‹‹
2468 2308 2618 2358 Deus
2666 2303 2922 2355 conteret
2969 2299 3172 2352 dentes
3203 2311 3404 2350 eorum
3436 2292 3496 2346 in
3528 2307 3624 2346 ore
3654 2289 3747 2361 ip-

2103 2408 2302 2448 sorum
2333 2417 2346 2458 ;
2383 2413 2409 2440 »
2459 2407 2529 2446 ne
2577 2390 2834 2444 lacerare
2889 2385 3117 2442 valeant
3173 2383 3393 2454 iniquis
3451 2377 3747 2434 morsibus

2101 2499 2298 2538 servos
2330 2481 2478 2551 ejus.
2513 2504 2538 2528 ‹‹
2566 2478 2744 2534 Melas
2775 2479 3009 2533 leonum
3043 2473 3368 2544 confringet
3392 2469 3692 2525 Dominus.
3719 2487 3747 2515 »

2101 2570 2387 2627 Maiarum
2422 2569 2814 2640 nequitiarum
2849 2564 3132 2621 insidias:
3169 2562 3265 2634 qui
3295 2559 3465 2632 quasi
3497 2557 3747 2613 molares

2100 2660 2338 2716 leonum
2389 2661 2590 2714 dentes
2639 2658 2710 2712 ad
2760 2655 3097 2711 validiorem
3138 2665 3400 2706 morsum
3433 2648 3744 2702 habentur.

2181 2768 2202 2796 ι
2235 2749 2318 2804 Ad
2369 2747 2619 2803 nihilum
2673 2744 2979 2800 devenient
3027 2746 3309 2812 tanquam
3349 2753 3503 2807 aqua
3540 2735 3748 2790 decur-

2104 2854 2260 2893 rens.
2297 2859 2324 2885 »
2355 2837 2514 2891 Sicut
2543 2834 2699 2889 enim
2731 2849 2884 2904 aqua
2913 2832 3247 2892 decurrens,
3271 2830 3372 2881 aut
3403 2823 3750 2880 absorbetur

2107 2943 2141 2981 a
2168 2931 2340 2992 terra,
2375 2929 2476 2979 aut
2505 2925 2560 2978 in
2595 2922 2739 2977 mari
2789 2920 2985 2977 deficit
3017 2936 3029 2973 :
3081 2919 3163 2972 ita
3191 2919 3249 2971 et
3277 2916 3372 2972 isti
3404 2914 3474 2970 ad
3507 2912 3615 2967 hoc
3647 2911 3750 2966 de-

2107 3014 2405 3069 ducuntur
2453 3017 2517 3067 ut
2567 3013 2822 3083 pereant.
2868 3009 3029 3063 Sicut
3081 3023 3233 3078 aqua
3285 3021 3411 3076 quae
3461 3002 3531 3057 ab
3587 2999 3752 3060 initio

2110 3102 2304 3158 seaculi
2344 3101 2399 3155 in
2448 3118 2587 3173 gyro
2637 3099 2839 3154 vadit:
2892 3097 2972 3151 ita
3018 3096 3280 3168 ipsorum
3329 3096 3420 3146 est
3467 3088 3750 3144 doctrina.

2110 3198 2340 3262 «Aqua
2388 3192 2724 3254 decurrens,
2761 3210 2788 3237 »
2841 3186 2997 3258 quod
3047 3187 3133 3240 est
3189 3187 3437 3246 torrens,
3488 3178 3597 3234 hoc
3645 3181 3752 3244 est,

2111 3297 2266 3352 aqua
2313 3296 2439 3350 quae
2486 3277 2788 3333 montibus
2843 3273 3098 3330 decurrit
3138 3273 3198 3326 in
3239 3268 3435 3326 valles.
3468 3267 3567 3322 Vel
3603 3266 3758 3321 sicut

2109 3385 2273 3439 aquae
2305 3365 2587 3421 hiemales
2619 3381 2752 3419 cum
2783 3363 3044 3428 veniunt,
3072 3361 3268 3416 statim
3302 3359 3596 3413 siccantur
3623 3372 3636 3410 :
3671 3355 3756 3410 sic

2105 3456 2200 3511 isti
2232 3456 2346 3510 cito
2376 3457 2703 3509 transeunt.
2739 3452 2900 3508 Unde
2943 3451 3166 3504 dictum
3217 3452 3305 3502 est
3339 3464 3350 3500 :
3406 3448 3479 3500 De
3515 3449 3754 3500 torrente

2106 3547 2165 3600 in
2209 3545 2294 3599 via
2337 3545 2472 3598 bibit
2521 3543 2688 3610 (Psal.
2723 3557 2834 3608 cxx,
2865 3542 2940 3609 7).
2993 3536 3276 3594 Dominus
3306 3537 3378 3590 de
3408 3537 3662 3589 torrente
3692 3532 3751 3586 in

2105 3634 2199 3689 via
2230 3634 2400 3699 bibit,
2426 3632 2565 3704 quia
2597 3632 2666 3686 de
2696 3635 2895 3685 nostro
2927 3627 3168 3698 accepit.
3206 3649 3226 3674 α
3265 3622 3519 3680 Intendit
3548 3638 3748 3677 arcum

2107 3739 2281 3779 suum
2314 3723 2496 3777 donec
2524 3721 2914 3775 inﬁrmentur.
2945 3741 2971 3766 »
3005 3718 3109 3771 Per
3137 3731 3360 3779 arcum,
3383 3713 3481 3768 irae
3513 3715 3570 3766 et
3599 3727 3751 3766 com-

2110 3812 2461 3868 minationes
2519 3811 2616 3865 Dei
2677 3808 3103 3879 intelliguntur.
3166 3805 3324 3860 Unde
3381 3801 3570 3857 dixit:
3627 3799 3753 3854 Nisi

2109 3902 2371 3959 conversi
2424 3901 2672 3965 fueritis,
2705 3899 2760 3954 id
2811 3903 2899 3953 est
2935 3897 3006 3952 de
3045 3893 3321 3966 superbia
3351 3892 3420 3946 ad
3453 3888 3752 3946 humilita-

2087 3988 2224 4048 tem
2265 4009 2277 4046 :
2311 4007 2511 4047 arcum
2544 4006 2717 4045 suum
2751 3987 3017 4050 vibravit,
3052 3985 3206 4040 sicut
3235 3980 3454 4037 Paulus
3484 3977 3707 4034 audivit
3737 3995 3749 4033 :

2110 4081 2294 4146 Saule,
2355 4079 2545 4145 Saulc,
2607 4077 2737 4148 quid
2793 4092 2878 4130 me
2935 4074 3274 4145 persequeris
3334 4070 3465 4139 (Act.
3528 4070 3602 4137 ix,
3653 4065 3756 4134 1i)?

2112 4191 2140 4219 ‹‹
2173 4167 2430 4224 Intendit
2450 4183 2692 4222 aureum
2718 4181 2914 4231 suum,
2938 4157 3506 4230 futurumjudicium
3532 4172 3545 4211 :
3570 4154 3754 4209 donec
3832 4186 3833 4189 η

2111 4258 2504 4320 inﬁrmentur,
2542 4279 2560 4303 η
2618 4254 2726 4309 hoc
2759 4257 2866 4318 est,
2899 4266 3085 4323 usque
3117 4249 3258 4304 dum
3291 4247 3638 4303 evanescant
3672 4243 3756 4297 in-

2108 4343 2268 4406 sidiae
2295 4361 2518 4400 eorum.

2181 4457 2207 4484 ‹‹
2242 4433 2403 4489 Sicut
2431 4450 2561 4488 cera
2591 4449 2717 4504 quae
2751 4429 2899 4497 fluit,
2932 4430 3285 4484 auferentur.
3321 4443 3345 4474 ια
3406 4422 3567 4477 Sicut
3595 4420 3754 4476 enim

2108 4539 2240 4578 cera
2270 4523 2403 4594 igne
2445 4520 2807 4587 dissolvitur,
2839 4519 2922 4574 ita
2952 4523 3010 4574 et
3037 4515 3132 4571 isti
3163 4515 3356 4570 futuro
3379 4509 3587 4582 judicii
3619 4510 3756 4581 igne

2109 4612 2446 4684 perdentur.
2490 4633 2516 4659 ‹‹
2554 4606 2952 4680 Supercecidit
2983 4606 3160 4677 ignis,
3191 4623 3216 4654 η
3270 4600 3567 4659 Judicium
3599 4615 3755 4654 mor-

425 4719 452 4746 «
487 4694 716 4750 Etenim
748 4695 807 4750 in
839 4694 1010 4749 corde
1050 4694 1393 4765 iniquitates
1436 4697 1756 4769 operamini
1790 4699 1849 4754 in
1884 4705 2004 4756 ter-
2035 4708 2082 4772 Β
2113 4700 2255 4756 tuis.
2291 4723 2317 4749 «
2354 4701 2419 4754 Et
2452 4716 2565 4754 non
2598 4698 2868 4752 viderunt
2899 4694 3101 4751 solem.
3132 4715 3158 4743 ιι
3191 4692 3314 4749 Non
3347 4688 3758 4745 intellexerunt

355 4801 436 4840 ra.
468 4805 495 4832 ››
531 4785 594 4839 In
616 4783 724 4838 hac
751 4787 905 4840 terra
925 4800 1102 4854 quam
1125 4783 1424 4853 habitatis,
1450 4787 1801 4858 cogitatione
1823 4789 1996 4860 mala,

353 4874 497 4930 dum
551 4873 705 4928 bona
751 4871 1026 4929 videmini
1076 4873 1253 4946 loqui.
1308 4897 1334 4924 ‹‹
1370 4875 1744 4947 Iniquitatem
1789 4895 1999 4934 manus

351 4969 551 5018 vestrae
582 4960 910 5018 concinant.
950 4983 976 5009 n
1007 4961 1196 5034 Opera
1225 4963 1380 5019 enim
1410 4969 1603 5021 vestra
1633 4983 1758 5037 quae
1792 4984 1998 5023 secun-

353 5051 494 5107 dum
523 5049 860 5123 allegoriam
894 5067 1106 5108 manus
1152 5051 1538 5123 accipiuntur,
1572 5053 1875 5126 iniquitate
1908 5075 1996 5112 re-

354 5140 510 5213 pleta
541 5143 701 5196 sunt.

426 5253 456 5282 ‹‹
486 5228 734 5287 Alienati
765 5233 904 5286 sunt
928 5234 1258 5302 peccatores
1292 5247 1325 5286 a
1355 5231 1543 5288 vulva.
1582 5255 1608 5281 ››
1648 5233 1894 5297 Quidam
1927 5236 1998 5292 de

356 5321 641 5378 descensu
695 5318 904 5376 animai
952 5319 1010 5375 in
1061 5337 1294 5394 corpus,
1326 5321 1423 5376 alii
1472 5338 1606 5378 vero
1660 5324 1729 5378 de
1779 5324 1997 5381 Judaeis

354 5409 690 5483 intelligunt
720 5427 732 5466 :
786 5409 941 5482 quod
973 5409 1281 5468 abalienati
1313 5415 1452 5468 sunt
1481 5429 1514 5467 a
1553 5413 1664 5468 Deo
1697 5429 1710 5467 :
1763 5430 1830 5469 ex
1881 5431 1996 5486 quo

354 5499 536 5578 Maria
565 5499 767 5572 genuit
795 5497 1173 5555 Salvatorem.
1232 5522 1260 5550 «
1293 5500 1645 5556 Erraverunt
1690 5501 1762 5557 ab
1807 5507 1990 5568 utero,

347 5589 526 5647 locuti
555 5593 694 5644 sunt
724 5587 891 5645 falsa.
930 5609 958 5637 »
1002 5588 1286 5646 Prtescius
1316 5590 1644 5647 futurorum
1679 5590 1852 5660 Deus,
1888 5591 1996 5647 ini-

2112 4788 2408 4845 Cbristum
2444 4786 2775 4853 Dominum,
2801 4784 2898 4858 qui
2931 4788 3021 4840 est
3051 4781 3137 4839 sol
3167 4781 3426 4853 iustitiae,
3449 4779 3518 4834 de
3551 4793 3664 4850 quo
3694 4776 3754 4830 in

2110 4877 2328 4948 judicio
2351 4875 2562 4931 dicturi
2595 4879 2734 4929 sunt
2762 4874 2925 4945 impii
2952 4890 2963 4927 :
3001 4873 3068 4928 Et
3097 4871 3181 4928 sol
3205 4869 3448 4942 justitiae
3471 4883 3585 4922 non
3610 4865 3756 4924 luxit

2109 4965 2277 5022 nobis
2327 4966 2474 5035 (δίῳ.
2507 4981 2563 5029 v,
2595 4966 2673 5030 6).
2727 4985 2753 5011 ‹‹
2784 4963 3002 5018 Cecidit
3045 4960 3217 5034 ignis,
3252 4964 3309 5013 et
3338 4974 3452 5013 non
3484 4955 3755 5010 viderunt

2109 5054 2311 5111 solem.
2345 5073 2370 5105 η
2429 5056 2764 5108 Peccatores
2794 5050 3086 5107 Christum
3123 5050 3316 5121 ignem
3357 5045 3576 5107 vident,
3600 5041 3749 5113 justi

2109 5144 2288 5200 solem
2313 5142 2575 5215 justitiar.
2611 5141 2790 5197 Aliter
2821 5158 2832 5194 :
2877 5140 2981 5204 Qui
3016 5133 3572 5194 comminationibus
3600 5130 3750 5184 Scri-

2107 5238 2412 5306 pturarum
2437 5231 2674 5288 territus
2696 5229 2815 5302 agit
2836 5223 3408 5301 pmnitentiam,buic
3433 5238 3534 5294 per
3553 5219 3750 5292 ignem

2107 5323 2531 5396 suppliciorum
2569 5320 2652 5377 sol
2684 5337 2856 5375 verus
2887 5317 3234 5374 ostenditur.

2178 5437 2205 5464 ‹‹
2238 5416 2564 5484 Antequam
2588 5406 3115 5481 intelligantspinae
3148 5409 3342 5458 vestrae
3364 5401 3695 5456 rhamnum.
3719 5419 3747 5445 »

2103 5503 2278 5568 Quasi
2325 5502 2504 5564 vivos,
2538 5498 2704 5570 quasi
2756 5498 2810 5552 in
2853 5496 2940 5552 ira
2969 5495 3240 5551 absorbet
3269 5507 3387 5548 eos.
3421 5491 3746 5558 Antequam

2103 5595 2339 5664 peccata
2367 5594 2560 5647 vestra
2590 5589 2660 5645 ad
2692 5589 2868 5642 ﬁnem
2901 5601 3087 5656 usque
3120 5581 3474 5655 perveniant,
3505 5581 3562 5632 et
3593 5574 3748 5648 cogi-

421 5775 437 5809 ι
472 5772 685 5827 Notum
716 5766 856 5824 illud
891 5765 1052 5825 Ovid.
1085 5768 1156 5825 de
1198 5768 1404 5828 Medic.
1436 5771 1545 5829 fac.
1582 5787 1595 5826 :
1644 5772 1750 5828 Nec
1797 5770 1994 5830 mediae
2031 5771 2226 5829 Marsis
2255 5771 2541 5843 ﬁnduntur
2563 5767 2812 5824 cantibus
2842 5781 3066 5834 angues.
