4314 6572
570 394 725 459 1061

2063 397 2481 463 APPENDIX.

3815 402 3979 473 ian

566 529 856 590 tationem
888 532 1069 607 spinas
1101 533 1160 591 in
1191 535 1457 594 arborem
1485 536 1770 596 ebulliant
1798 542 2167 613 peccatorum
2197 580 2210 594 .
2246 534 2300 600 Α
2328 533 2569 591 occulte.
2606 534 3049 594 Insurrexernnt
3077 538 3280 594 contra
3308 550 3467 607 eum,
3498 538 3981 612 cumvpruceptis

568 619 724 678 Deus
775 639 876 679 vos
924 625 1197 698 corripiet
1243 628 1612 694 non,iratus,
1646 630 1745 685 sed
1797 630 1969 702 quasi
2001 631 2211 687 iratus.

492 784 495 791 ί
568 710 695 768 Non
726 716 816 768 est
845 714 1061 786 quippe
1093 716 1187 772 Dei
1216 716 1324 784 ira,
1346 719 1447 774 sed
1478 720 1828 786 emendatio,
1859 725 1915 777 et
1943 723 2216 795 corripiet

568 816 671 857 vos
721 818 835 857 non
888 808 953 859 ut
1001 804 1182 870 vivos,
1223 807 1322 862 sed
1356 809 1525 880 quasi
1555 809 1735 865 vivos.
1769 812 1878 875 Qui
1909 811 2064 868 enim
2095 813 2212 886 spi-

568 906 676 945 nas
716 889 935 948 habent
982 893 1349 964 delictorum,
1385 898 1491 953 vivi
1525 916 1639 954 non
1672 905 1971 956 merentur
1998 903 2211 958 vocari.

568 978 917 1051 Priusquam
968 982 1362 1057 intelligerent
1408 988 1588 1058 spinas
1633 994 1835 1044 vestrae
1874 989 2210 1055 rhamnum,

565 1067 689 1126 haec
717 1069 791 1124 ad
836 1070 1114 1143 populum
1167 1080 1500 1145 peccantem
1551 1076 1858 1149 loquitur:
1910 1079 2214 1136 Rhamnus

567 1157 825 1213 sentium
870 1176 1057 1231 genus
1108 1167 1198 1218 est
1246 1164 1637 1234 asperrimum
1689 1167 1930 1232 aculeis,
1965 1173 2022 1223 et
2075 1170 2216 1223 flore

570 1246 996 1318 gratissimum.
1031 1249 1194 1306 Unde
1223 1252 1573 1325 intelligitur
1597 1254 1836 1328 duplam
1867 1257 2080 1314 habere
2108 1259 2216 1312 vir-

569 1339 755 1391 tutem
797 1354 809 1391 :
841 1336 1083 1394 ultionis
1113 1345 1169 1395 et
1200 1341 1485 1399 bonorum
1520 1345 1922 1402 retributionis
1954 1366 1972 1403 :
2012 1348 2068 1403 id
2104 1351 2213 1412 est,

558 1425 930 1496 jnstisﬂoret
950 1429 1019 1483 ad
1044 1437 1338 1499 ornatum,
1354 1434 1755 1505 peccatoribus
1777 1437 1993 1509 praebet
2012 1436 2216 1509 spinas

566 1513 635 1569 ad
670 1515 1153 1589 confringendum
1176 1519 1214 1575 ¹.

638 1626 665 1654 ‹‹
700 1604 865 1660 Sicut
916 1605 1196 1673 viventes,
1247 1609 1399 1665 sicut
1450 1610 1510 1665 in
1559 1611 1647 1667 ira
1702 1614 1976 1670 absorbet
2031 1632 2149 1670 eos.
2186 1637 2219 1663 »υ

561 1691 847 1749 Velociter
895 1711 994 1751 eos
1043 1696 1318 1754 absorbet
1366 1717 1553 1772 poena,
1587 1702 1727 1774 quia
1772 1706 1871 1774 qui
1897 1720 2009 1760 non
2034 1706 2213 1761 credi-

564 1779 727 1847 derit,
766 1783 887 1854 jam
924 1783 1214 1855 judicatus
1259 1791 1339 1843 est
1395 1788 1572 1860 (.loan.
1624 1809 1705 1858 ιιι,
1760 1793 1868 1864 18).
1922 1793 2212 1858 Viventes,

564 1868 625 1925 id
658 1873 769 1935 est,
791 1871 1085 1942 sapientes
1118 1875 1321 1930 mundi
1345 1877 1445 1949 qui
1476 1895 1577 1950 per
1605 1878 1840 1936 illorum
1863 1882 2212 1954 sapientiam

565 1962 776 2030 putant
825 1976 908 2025 se,
940 1962 1107 2032 quasi
1154 1964 1414 2023 viventes
1451 1967 1587 2023 sint.
1623 1969 1725 2025 Sed
1752 1973 2024 2043 sapientia
2053 1972 2215 2041 huius

564 2047 780 2116 mundi,
808 2051 1046 2107 stultitia
1092 2057 1170 2108 est
1215 2055 1361 2126 apud
1398 2058 1571 2113 Deum
1601 2059 1648 2129 (l
1679 2061 1807 2115 Cor.
1840 2078 1923 2129 ιιι,
1962 2062 2069 2132 19).
2102 2062 2212 2117 Sed

565 2136 654 2192 ira
684 2138 779 2194 Dei
812 2156 991 2211 quam
1025 2142 1185 2210 dicit,
1210 2145 1378 2215 justa
1403 2146 1662 2204 vindicta
1694 2154 1800 2205 est.

638 2247 667 2275 «
703 2228 1017 2284 Laetabitur
1037 2231 1241 2301 justus
1274 2250 1407 2289 cum
1440 2236 1648 2292 viderit
1676 2238 2019 2295 vindictam.
2045 2264 2067 2291 ι
2107 2242 2216 2296 Im-

568 2313 800 2387 piorum
828 2332 841 2370 :
875 2317 1016 2388 quia
1038 2321 1273 2390 quando
1302 2321 1385 2377 illi
1408 2324 1766 2381 damnantur
1794 2327 1853 2382 in
1886 2330 2096 2400 pcenis.
2117 2328 2214 2385 isti

568 2401 944 2461 laetificantur
990 2407 1048 2462 in
1100 2410 1375 2481 praemiis.
1431 2436 1457 2463 ι(
1493 2414 1702 2471 Manus
1744 2433 1884 2473 suas
1912 2416 2127 2474 lavabit
2156 2418 2217 2473 in

570 2493 856 2565 sanguine
887 2502 1278 2568 peccatorum.
1307 2523 1334 2550 η
1367 2502 1514 2567 Quia
1534 2503 1790 2560 difficilis
1812 2510 1902 2561 est
1920 2506 2015 2562 hic
2036 2509 2216 2562 versi-

569 2580 737 2637 culus
766 2584 839 2639 ad
871 2584 1315 2659 intelligendum
1345 2607 1358 2645 :
1391 2591 1520 2663 ipsa
1547 2595 1722 2649 verba
1741 2610 1868 2666 qua:
1895 2597 2217 2653 anteriores

567 2675 981 2742 tractaverunt,
1016 2677 1260 2734 educam
1286 2696 1300 2747 ;
1342 2679 1598 2737 Hilarius
1627 2683 1833 2740 beatus
1863 2686 2110 2742 antistes
2138 2691 2214 2756 et,

568 2764 634 2816 ut
657 2761 740 2818 ita
760 2762 973 2830 dicam,
997 2764 1151 2822 inter
1178 2768 1465 2839 procellas
1486 2773 1691 2828 mundi
1717 2791 1967 2845 magnus
1988 2780 2217 2832 susten-

567 2854 721 2907 tator
740 2851 1028 2922 Ecclesia,
1054 2855 1136 2912 ita
1157 2857 1229 2913 de
1250 2875 1315 2913 eo
1337 2858 1479 2915 dicit
1501 2877 1514 2916 :
1548 2884 1576 2911 ‹‹
1604 2861 1827 2920 Justus
1844 2880 2056 2921 manus
2077 2882 2217 2921 suas

569 2956 687 2996 non
710 2946 1081 3016 peccatorum
1106 2948 1395 3018 sanguine
1418 2948 1637 3018 abluit;
1672 2954 1771 3007 sed
1802 2969 1934 3008 cum
1957 2959 2217 3026 peccato-

572 3044 665 3084 res
698 3029 757 3085 in
789 3033 1075 3104 sanguine
1098 3034 1236 3106 sint,
1261 3036 1400 3107 quia
1428 3038 1510 3095 rei
1536 3045 1675 3095 sunt
1696 3042 2075 3115 sanguinum,
2099 3060 2217 3099 ma-

570 3133 685 3175 nus
715 3134 853 3175 suas
904 3119 1005 3177 ille
1048 3122 1121 3178 ab
1166 3126 1326 3180 omni
1365 3131 1528 3183 reatu
1558 3129 1865 3201 sanguinis
1896 3131 2219 3189 continebit

572 3205 822 3263 ablutas.
859 3231 887 3258 »
940 3213 1099 3266 Tunc
1147 3212 1301 3269 lavat
1338 3216 1539 3286 justus
1587 3235 1799 3274 manus
1838 3219 2216 3292 in‘sanguine

2323 625 2451 696 ejus
2481 625 2874 683 obviaverunt.
2927 626 3189 699 Operarii
3231 625 3561 699 iniquitatis
3590 625 3779 684 effecti
3810 632 3977 700 sunt,

2323 731 2456 771 cum
2515 732 2729 772 manus
2787 720 3161 772 armaverunt
3210 717 3279 771 ad
3328 715 3819 772 interfectionem.
3850 717 3981 776 Viri

2323 809 2463 860 sunt
2495 805 2631 861 iacti
2661 804 2905 872 cruoris,
2928 822 3074 861 .cum
3129 804 3479 878 sanguinem
3517 805 3665 877 justi
3707 821 3882 878 super
3908 824 3973 866 se

2324 910 2581 967 suosque
2618 894 2770 950 filios
2795 895 3061 950 futurum
3094 911 3222 950 esse
3252 894 3528 951 dixerunt
3557 895 3764 966 (Matth.
3796 913 3980 964 xxv",-

2321 983 2436 1051 25).

2398 1093 2426 1121 «
2456 1071 2602 1135 Quia
2630 1088 2762 1127 ecce
2793 1077 3073 1144 ceperunt
3101 1073 3361 1129 animam
3394 1090 3587 1130 meam
3620 1090 3634 1130 :
3673 1074 3975 1132 irruerent

2325 1160 2384 1215 in
2416 1176 2509 1216 me
2538 1160 2733 1217 fortes.
2766 1184 2794 1212 »
2829 1162 2900 1218 Ut
2933 1178 3023 1218 me
3054 1163 3350 1219 traderent
3380 1163 3575 1219 morti.

2401 1273 2421 1299 α
2456 1254 2655 1322 Neque
2686 1251 2966 1324 iniquitas
2992 1269 3121 1309 mea
3142 1270 3330 1325 neque
3355 1257 3681 1326 peccatum,
3701 1253 3979 1323 Domine,

2326 1340 2453 1396 sine
2482 1340 2791 1412 iniquitate
2820 1342 3071 1412 cucurri,
3105 1348 3161 1398 et
3191 1341 3393 1400 direxi.
3423 1365 3453 1393 »
3483 1343 3610 1400 Non
3639 1342 3761 1401 huc
3789 1343 3965 1399 David

2325 1429 2397 1485 de
2427 1446 2488 1486 se
2519 1429 2709 1487 dicere
2741 1431 2950 1502 potuit,
2981 1431 3082 1502 qui
3114 1448 3177 1487 se
3204 1431 3265 1487 in
3296 1430 3412 1487 alio
3456 1431 3682 1504 psalmo
3730 1430 3973 1504 plenum

2324 1518 2576 1591 peccatis
2606 1536 2737 1575 esse
2766 1520 3036 1591 cognovit
3069 1537 3081 1575 :
3134 1521 3234 1577 sed
3266 1522 3338 1576 de
3368 1536 3435 1577 eo
3466 1520 3566 1594 qui
3596 1524 3831 1594 peccata
3858 1537 3971 1577 nc-

2327 1613 2447 1663 stra
2480 1612 2741 1680 portans,
2775 1608 2900 1665 sine
2945 1608 3063 1665 ullo
3111 1609 3438 1681 iniquitatis
3484 1610 3740 1682 pondere
3783 1624 3975 1681 usque

2326 1697 2397 1753 ad
2430 1699 2649 1754 exitum
2681 1715 2968 1771 corporeae
3002 1699 3213 1755 mortis
3233 1699 3506 1756 cucurrit.
3532 1721 3561 1750 ‹‹
3586 1699 3727 1756 Sine
3753 1698 3979 1771 iniquis

2324 1790 2445 1842 tate
2475 1786 2726 1856 cucurri,
2758 1791 2816 1843 et
2854 1787 3057 1843 direxi.
3092 1788 3162 1843 Et
3189 1788 3301 1845 iste
3330 1787 3597 1860 psalmus
3626 1802 3695 1842 ex
3723 1802 3977 1859 persona

2324 1875 2555 1932 Domini
2587 1875 2832 1949 intelligi
2864 1881 3074 1948 potest.
3108 1876 3203 1932 Ait
3233 1876 3450 1949 quippe
3480 1894 3495 1932 :
3535 1877 3693 1933 Venit
3715 1878 3973 1949 princeps

2321 1965 2526 2021 mundi
2556 1966 2733 2031 istius,
2765 1970 2814 2021 et
2846 1966 3052 2023 invenit
3080 1967 3143 2021 in
3168 1982 3257 2022 me
3299 1966 3449 2023 nihil
3488 1967 3674 2036 (Joaa.
3706 1980 3821 2034 xiv,
3850 1965 3963 2034 30).

2321 2054 2424 2110 Vel
2474 2060 2627 2110 certe
2675 2054 2937 2111 cucurrit
2967 2074 2980 2111 :
3030 2056 3088 2110 id
3135 2060 3241 2124 est,
3275 2056 3347 2111 de
3389 2055 3534 2112 creto
3562 2055 3721 2112 venit
3750 2054 3808 2110 in
3839 2058 3973 2111 utet.

2325 2161 2481 2212 rum,
2512 2144 2584 2199 de
2617 2148 2780 2200 utero
2814 2144 2873 2199 in
2904 2161 3181 2217 praesepe,
3218 2144 3288 2201 de
3317 2142 3561 2217 pressepi
3591 2144 3650 2198 in
3689 2158 3919 2199 crucem
3954 2156 3970 2197 :

2324 2233 2396 2289 de
2425 2250 2595 2289 cruce
2626 2232 2686 2289 in
2718 2232 3054 2305 sepulcrum
3092 2250 3106 2288 ε
3157 2234 3230 2291 de
3269 2232 3538 2306 sepulcro
3588 2233 3659 2289 ad
3711 2232 3924 2289 inferos
3955 2245 3972 2287 ε

2325 2324 2395 2379 de
2423 2322 2627 2379 inferis
2658 2322 2840 2379 victor
2870 2323 3151 2380 remeavit
3179 2323 3253 2379 ad
3284 2322 3480 2378 caelos.
3521 2345 3550 2373 «
3583 2323 3651 2377 Et
3678 2321 3915 2387 direxit,
3936 2340 3969 2372 ιι

2326 2429 2441 2468 non
2472 2429 2683 2469 sensus
2714 2429 2875 2479 suos,
2907 2413 3007 2468 sed
3041 2418 3295 2481 nostros,
3328 2412 3469 2484 quia
3507 2410 3669 2484 pravi
3698 2414 3885 2480 erant,
3913 2412 3973 2465 et

2325 2501 2594 2559 tortuosi.
2625 2501 2788 2558 Unde
2818 2500 3103 2574 propheta
3150 2502 3297 2557 dixit
3328 2517 3342 2556 :
3391 2503 3460 2557 Et
3500 2504 3669 2556 erunt
3708 2516 3885 2571 prava
3910 2500 3972 2553 in

2324 2590 2554 2659 directa,
2587 2595 2638 2647 et
2666 2608 2861 2664 aspera
2891 2593 2952 2647 in
2982 2592 3097 2647 vias
3124 2593 3318 2664 planas
3360 2591 3493 2663 (Isa;
3523 2607 3614 2660 ιιι,
3643 2589 3723 2659 3).

2397 2702 2423 2731 ‹‹
2459 2682 2716 2754 Exsurge
2746 2680 2805 2736 in
2830 2697 3141 2737 occursum
3172 2697 3392 2737 meum.
3428 2700 3457 2731 »
3479 2679 3568 2736 ΑΔ
3589 2679 3823 2735 Patrem
3851 2676 3977 2733 hac

2325 2769 2606 2842 loquitur,
2639 2787 2674 2826 a
2721 2786 2837 2842 quo
2880 2785 2942 2825 se
2986 2770 3045 2826 in
3077 2768 3407 2842 Evangeliis
3437 2767 3741 2824 clarificari
3771 2782 3967 2839 preca-

2325 2863 2441 2914 tur.
2476 2858 2583 2924 Qui
2614 2862 2670 2913 et
2701 2862 2985 2933 tanquam
3026 2872 3358 2927 occurrens,
3394 2871 3753 2929 manumque
3784 2854 3967 2928 porri-

2325 2963 2489 3021 gens,
2541 2949 2843 3021 respondit
2890 2947 3137 3005 dicens:
3187 2946 3252 3004 Et
3301 2944 3631 3021 clariﬁcavi,
3667 2948 3719 3002 et
3765 2945 3969 3000 iterum

2324 3037 2644 3110 clariﬁcabo
2676 3038 2856 3107 (Joan.
2906 3054 3010 3106 xu,
3040 3038 3153 3109 28).
3206 3039 3386 3104 Quem
3428 3050 3739 3094 occursum
3780 3049 3969 3106 usque

2325 3128 2399 3183 ad
2430 3127 2819 3183 visitationem
2853 3128 3115 3200 gentium
3148 3126 3379 3183 extendi
3409 3125 3688 3200 postulat,
3719 3124 3918 3180 dicens
3951 3137 3965 3178 :

2327 3239 2356 3267 ‹‹
2387 3218 2496 3273 Sed
2527 3233 2774 3288 exsurge
2806 3215 2865 3272 in
2898 3230 3208 3273 occursum
3238 3216 3407 3286 mihi,
3428 3235 3455 3268 ι
3490 3214 3551 3271 id
3580 3218 3689 3286 est,
3721 3213 3812 3269 fac
3839 3210 3971 3267 illos

571 3301 939 3369 peccatorum
991 3317 1124 3357 cum
1173 3303 1490 3362 vindictam
1541 3307 1612 3364 de
1661 3307 1809 3380 ipsis
1838 3286 2070 3381 viderit:
2100 3327 2216 3367 non
2248 3286 2293 3355 (ἶ
2327 3305 2653 3378 intelligere
2700 3286 2773 3361 de
2820 3304 2919 3362 illo
2970 3322 3148 3362 cursu
3197 3321 3374 3378 quem
3422 3304 3627 3374 habui:
3655 3303 3815 3376 91³οά
3865 3316 3970 3373 ⁸80

571 3388 1023 3457 procurantibus
1053 3393 1292 3459 sanctis,
1324 3400 1382 3451 et
1409 3400 1549 3451 tunc
1578 3395 1885 3462 laetabitur,
1919 3415 2052 3455 cum
2084 3408 2219 3472 post

571 3474 789 3531 exitum
820 3492 1044 3545 eorum,
1082 3481 1211 3552 ejus
1241 3499 1416 3554 opera
1445 3484 1697 3557 gloriose
1729 3487 2036 3560 refulgent.

642 3586 672 3613 ‹‹
700 3568 768 3620 Et
814 3565 967 3623 dicet
1014 3571 1188 3627 homo
1238 3570 1286 3626 si
1336 3573 1536 3646 utique
1578 3580 1669 3631 est
1707 3577 1931 3632 fructus
1968 3579 2151 3648 justo.
2186 3600 2214 3627 »

571 3652 733 3709 Tunc
761 3654 919 3711 enim
968 3656 1079 3712 erit
1115 3659 1243 3730 ejus
1274 3661 1521 3730 fructus,
1552 3680 1683 3720 cum
1719 3665 1770 3720 ei
1801 3665 2070 3723 Christus
2100 3666 2216 3723 Do-

572 3740 773 3807 minus
803 3742 1083 3801 ccelorum
1112 3764 1291 3821 regna
1329 3751 1778 3825 participaverit.
1826 3776 1855 3804 «
1888 3753 2100 3827 Utique
2128 3760 2219 3811 est

571 3830 733 3886 Deus
746 3832 1025 3902 judicans
1044 3851 1144 3892 eos
1166 3837 1225 3893 in
1248 3842 1421 3896 terra.
1448 3863 1476 3890 ››
1503 3840 1590 3897 Illi
1614 3847 1748 3898 ante
1765 3842 2059 3913 judicium
2081 3843 2217 3901 ﬁnis

574 3918 633 3976 in
665 3918 775 3977 hac
805 3924 1341 3995 terrajudicantur,
1374 3930 1447 3985 de
1490 3930 1707 4002 quibus
1753 3932 2025 4004 superius
2071 3933 2216 3990 dixi-

575 4025 753 4065 mus:
805 4012 913 4080 Qui
956 4029 1070 4070 non
1113 4017 1424 4086 crediderit,
1446 4021 1568 4091 jam
1604 4021 1887 4090 judicatus
1930 4031 2009 4078 est
2038 4023 2215 4092 (Joan.

574 4115 659 4168 ιιι,
695 4100 799 4172 18).
834 4101 904 4157 Et
946 4120 1051 4158 nos
1095 4104 1144 4160 si
1191 4106 1250 4162 in
1297 4109 1601 4181 praeceptis
1632 4110 1730 4166 Dei
1764 4128 1934 4167 aures
1966 4130 2080 4167 non
2112 4112 2217 4167 ob-

574 4192 863 4262 turamus,
913 4192 961 4248 si
1020 4200 1361 4253 sanctorum
1413 4197 1639 4255 monita
1693 4216 1828 4256 cum
1887 4200 2220 4257 innocentia

572 4292 982 4349 exsequamur,
1016 4282 1063 4337 si
1118 4289 1456 4342 nostrorum
1501 4288 1691 4359 spinis
1738 4289 2061 4346 facinorum
2101 4306 2217 4345 non

567 4366 923 4441 afﬂigamur,
956 4371 1006 4428 si
1057 4390 1271 4431 manus
1312 4375 1385 4432 ab
1416 4376 1576 4432 omni
1605 4378 1891 4451 sanguine
1923 4368 2219 4435 immunes

568 4472 704 4512 cum
734 4457 1167 4519 innocentibus
1206 4463 1538 4533 abluamus,
1571 4466 1881 4524 honorabit
1909 4485 2016 4525 nos
2040 4468 2216 4525 Jesus

574 4545 859 4603 Dominus
907 4548 1105 4621 dignis
1146 4553 1423 4623 praemiis,
1456 4555 1673 4628 quibus
1703 4557 1887 4614 sancti
1920 4574 2053 4613 cum
2088 4558 2216 4630 ipso

574 4635 991 4706 perpetualiter
1025 4639 1407 4700 collautantur.
1438 4646 1645 4702 Amen.

1106 4782 1430 4843 PSALMUS
1490 4788 1680 4845 LVIII.

571 4868 874 4957 In'ﬁnem,
910 4887 975 4957 ne
1020 4870 1301 4957 disparatae
1348 4876 1530 4957 David.
1570 4880 1629 4957 ia
1677 4878 2049 4957 inscriptione
2080 4881 2212 4934 titu-

647 4937 693 5023 ii
717 4960 736 5023 ς
783 4943 997 5023 quando
1048 4937 1369 5023 misitiﬁaul
1415 4948 1701 5023 custodire
1732 4937 1949 5023 devium
1999 4952 2112 5023 ejus
2160 4959 2219 5007 ut

644 5014 986 5094 interﬁceret
1019 5031 1144 5094 eum
1191 5019 1238 5089 (I
1277 5024 1428 5094 Reg._
1456 5036 1570 5094 xix,
1624 5022 1732 5091 11).
1788 5022 1902 5094 Iste
1952 5014 2216 5094 psalmus

642 5083 783 5163 quia
814 5087 991 5163 David
1023 5083 1205 5163 docet
1237 5083 1630 5159 pcr'titnlu'm
1675 5083 1989 5163 custodire,
2024 5096 2215 5151 Domi.

641 5156 783 5213 nicas
816 5159 1108 5230 passionis
1141 5156 1397 5218 declarat
1425 5164 1793 5234 mysterium,
1833 5156 2031 5223 dicens
2066 5182 2079 5224 :

644 5284 670 5313 ‹‹
706 5262 873 5332 Eripe
903 5282 997 5320 me
1026 5266 1099 5323 de
1127 5266 1386 5324 inimicis
1417 5270 1584 5337 meis,
1618 5276 1770 5328 Deus
1800 5288 1986 5343 meus,
2022 5295 2051 5322 »
2106 5277 2215 5328 etc.

568 5350 676 5408 Per
703 5352 812 5411 hos
843 5354 1289 5413 inimicitiarum
1316 5359 1536 5432 gradus
1567 5376 1757 5432 usque
1777 5362 1850 5417 ad
1873 5361 2218 5418 eil‘usionem

567 5442 905 5500 ascenditur
934 5446 1260 5519 sanguinis.
1287 5447 1510 5504 Inimici
1537 5450 1752 5506 etenim
1774 5451 2012 5508 fuerunt
2028 5450 2057 5507 J
2069 5450 2217 5506 udaei

563 5526 704 5587 Jesu
754 5533 981 5591 Christo
1034 5535 1282 5592 Domino
1333 5541 1555 5609 nostro,
1590 5555 1724 5595 cum
1777 5539 1829 5595 ei
1880 5538 2220 5597 invidebant

636 5711 660 5744 ‘
688 5710 888 5769 Malim
920 5717 1140 5787 reponi,
1172 5717 1242 5773 ad
1268 5673 1729 5792 conﬁngendum;

2246 4658 2293 4729 Β

2326 3394 2569 3468 aequalis
2597 3395 2726 3451 tibi.
2753 3393 2917 3452 Unde
2946 3394 3064 3451 ait:
3097 3396 3139 3452 Α
3168 3410 3380 3451 summa
3407 3394 3539 3450 calo
3565 3393 3804 3463 egressio
3830 3391 3970 3463 ejus,

2326 3490 2379 3541 et
2408 3500 2662 3541 occursus
2692 3483 2812 3551 eius
2840 3499 3009 3556 usque
3036 3483 3109 3541 ad
3133 3500 3411 3540 summum
3449 3484 3565 3556 ejus
3607 3481 3777 3553 (Paul.
3806 3493 3968 3549 xvm,

2323 3575 2380 3642 7)
2405 3592 2418 3631 :
2451 3573 2560 3629 hoc
2588 3577 2695 3642 est,
2722 3574 2874 3630 Deus
2894 3576 3064 3630 Pater
3087 3588 3267 3645 super
3294 3588 3509 3629 omnes»
3527 3574 3824 3628 creaturas
3851 3567 3972 3641 spiv

2326 3662 2587 3719 rituales.
2633 3686 2661 3713 «
2695 3663 2763 3718 Et
2789 3662 2940 3719 vide.
2976 3684 3005 3713 »
3037 3667 3119 3718 Ac
3147 3663 3197 3718 si
3227 3661 3391 3719 dicat
3417 3679 3431 3717 :
3477 3664 3544 3718 ut
3571 3659 3751 3717 facias
3778 3663 3845 3715 tu
3870 3673 3975 3714 eos

2323 3753 2521 3808 videre
2554 3769 2567 3807 :
2620 3751 2679 3807 id
2711 3754 2821 3819 est,
2852 3756 2918 3806 ut
2955 3751 3199 3807 credant
3227 3767 3320 3806 me
3350 3748 3633 3822 aqualem
3663 3746 3791 3804 tibi.

2398 3864 2427 3892 «
2460 3840 2529 3896 Et
2557 3845 2645 3908 tu,
2667 3840 2916 3897 Domine
2937 3844 3091 3897 Deus
3119 3840 3429 3910 virtutum,
3448 3839 3604 3896 Deus
3635 3836 3811 3895 Israel
3840 3854 3867 3909 εΙ
3887 3834 3976 3891 in-

2326 3930 2498 4001 tende
2528 3931 2600 3987 ad
2632 3929 2954 3987 visitandas
2982 3945 3187 3986 omnes
3212 3932 3416 4003 gentes
3444 3945 3456 3983 :
3492 3945 3608 3985 non
3636 3924 3972 3999 miserearis

2327 4019 2601 4076 omnibus
2618 4018 2715 4091 qui
2741 4023 3058 4090 operantur
3078 4018 3474 4092 iniquitatem.
3487 4039 3515 4069 »
3537 4016 3612 4075 Ut
3626 4032 3758 4074 cum
3774 4015 3972 4087 justus

2325 4109 2580 4165 visitatio
2602 4108 2800 4164 divina
2820 4108 3075 4179 respicit,
3100 4106 3231 4164 illos
3254 4106 3483 4181 peccati
3501 4102 3972 4180 pmnaocastrin-

2326 4203 2442 4271 gat.
2499 4219 2526 4252 α
2553 4202 2619 4254 Et
2649 4203 2736 4265 tu,
2768 4197 3011 4254 Domine
3039 4196 3209 4254 Deusr
3223 4197 3526 4263 virtutum,
3558 4217 3588 4246 η
3637 4194 3701 4250 id
3724 4197 3837 4261 est,
3864 4209 3970 4249 an-

2326 4288 2594 4362 gelorum
2642 4291 2699 4343 et
2746 4286 3075 4345 hominum.
3108 4286 3266 4344 Deus
3314 4284 3513 4357 Israel,
3545 4284 3802 4351 hocest,
3818 4280 3971 4339 Deus

2326 4378 2659 4434 animarum
2691 4375 3014 4433 videntium
3048 4377 3248 4432 Deum.
3282 4375 3549 4433 Christus
3588 4373 3661 4430 ad
3693 4372 3919 4431 Patrem
3950 4386 3967 4427 :

2330 4489 2359 4518 ιι
2388 4466 2629 4538 Intende
2658 4466 2730 4522 ad
2760 4466 3082 4522 visitandas
3110 4481 3316 4522 omnes
3333 4467 3558 4538 gentes,
3580 4485 3611 4515 ››
3641 4459 3968 4533 conscium

2325 4556 2384 4612 in
2414 4556 2640 4625 Judaca,
2671 4555 2773 4613 sed
2804 4556 2982 4611 etiam
3012 4560 3070 4612 et
3097 4554 3158 4612 in
3188 4554 3482 4628 gentibus.

2399 4670 2427 4697 (ι
2460 4645 2886 4703 Convertantur
2906 4645 2977 4702 ad
3003 4660 3334 4717 vesperum,
3356 4647 3419 4701 et
3434 4642 3655 4701 famem
3670 4637 3972 4716 patiantur

2325 4741 2392 4793 ut
2437 4752 2631 4793 canes.
2666 4758 2694 4785 ››
2746 4734 2942 4807 Usque
2996 4734 3069 4790 ad
3128 4732 3350 4790 exitum
3397 4732 3532 4790 vitae
3581 4728 3966 4802 sua,.iamem

2324 4824 2485 4881 verbi
2512 4824 2611 4880 Dei
2643 4823 2959 4896 patientur,
2988 4839 3095 4881 nec
3121 4823 3454 4896 arguuntur
3478 4820 3543 4878 in
3567 4816 3814 4877 diversis
3843 4832 3968 4874 ma-

2325 4913 2421 4983 lis,
2455 4917 2521 4969 ut
2550 4911 2953 4985 pcenitantiam
2983 4916 3241 4987 agerent.
3301 4931 3330 4966 α
3359 4912 3428 4969 Et
3456 4908 3789 4967 eircuibunt
3833 4904 3972 4964 civi-

2328 5008 2527 5063 tatem.
2563 5024 2591 5053 »
2642 5002 2751 5059 Sed
2803 5001 3024 5060 nullam
3055 5002 3507 5061 solemnitatum.
3538 4997 3970 5073 jucunditatcm

2326 5109 2394 5148 ac
2415 5092 2835 5148 sacrificiorum
2858 5092 2918 5147 in
2939 5108 3007 5147 ea
3029 5090 3344 5164 reperiunt.
3360 5088 3458 5146 Vel
3483 5089 3557 5146 de
3576 5088 3675 5144 his
3690 5084 3972 5160 loquitur,

2327 5181 2429 5255 qui
2474 5180 2535 5237 in
2584 5181 2701 5238 ﬁne
2751 5198 2821 5238 ex
2864 5180 3082 5239 ludatis
3129 5179 3407 5237 credituri
3451 5182 3621 5237 sunt,
3645 5177 3783 5234 Cum
3816 5175 3975 5253 _enim

2326 5272 2659 5328 subintroie»
2674 5273 2717 5328 it
2762 5270 3046 5344 plenitudo
3091 5271 3358 5343 gentium,
3393 5274 3529 5326 tunc
3571 5268 3763 5326 omnis.
3801 5263 3973 5322 Israel

2325 5363 2512 5419 salvus
2540 5363 2646 5418 erit
2676 5363 2850 5434 (Rom.
2882 5377 2962 5432 xx,
2993 5362 3085 5427 25,
3109 5362 3221 5433 26).
3948 5426 3953 5429 _

2401 5472 2429 5502 «
2461 5451 2606 5508 Ecce
2635 5450 2950 5523 loquentur
2978 5449 3037 5506 in
3063 5465 3171 5508 ore.
3192 5466 3300 5509 suo
3325 5466 3339 5509 :
3372 5444 3689 5523 ebgladius
3714 5446 3775 5504 in
3803 5440 3977 5521 labli‘

2326 5556 2549 5598 eorum.
2576 5562 2605 5593 »
2638 5538 3021 5613 Blaspbemiae
3050 5544 3104 5597 et
3132 5539 3757 5609 inﬁdelitates-eorum,
3779 5530 3973 5611 gladio
