4314 6574
335 420 492 493 1053

1498 421 1995 487 BREVlARIUM
2040 421 2121 485 1N
2165 424 2551 494 PSALMOS.

3579 426 3745 491 ωδε

334 565 683 637 comparata
712 564 871 619 sunt.
905 559 1250 626 «Quoniam
1279 561 1413 632 quis
1443 559 1689 615 audivit.
1726 581 1755 608 n
1780 558 1980 615 ‘Nemo
2009 557 2064 626 Α
2092 561 2149 613 et
2173 563 2652 635 mnrmurabunt,
2686 584 2714 615 ››
2747 564 2886 620 Post
2913 558 3262 634 diapsalma,
3304 558 3478 617 iterat
3511 564 3747 618 senten-

333 654 493 712 enim
523 652 835 711 hominum
863 652 1192 722 audit,cum
1216 649 1277 706 hi
1307 666 1341 706 a
1369 648 1617 705 Domino
1643 648 1981 720 irridentur,

333 743 490 801 sicut
518 741 805 815 sequitur.

408 855 436 883 ‹‹
468 833 539 889 Et
567 837 655 900 tu,
688 830 948 899 Domine,
982 829 1276 887 deridebis
1300 845 1419 885 eos.
1454 850 1484 879 ››
1516 828 1623 894 Qui
1656 832 1711 885 te
1743 828 1803 884 in
1859 827 1983 885 risu

331 926 390 980 et
419 922 691 995 despectu
722 920 959 977 habent.
997 936 1025 969 cc
1063 923 1174 975 Pro
1232 917 1416 974 nihilo
1473 918 1726 974 deduces
1776 932 1983 975 omnes

331 1017 556 1086 gentes.
590 1034 619 1061 »
652 1007 788 1067 Illae
817 1024 943 1082 quas
976 1012 1032 1065 te
1088 1008 1476 1064 resurrexisse
1532 1023 1646 1063 non
1706 1007 1975 1063 credunt.

331 1101 478 1161 Nam
510 1099 729 1158 suntin
769 1099 862 1155 his
893 1097 1063 1154 multi
1119 1098 1462 1154 credentes:
1523 1096 1623 1168 qui
1673 1113 1789 1153 non
1847 1095 1978 1152 irri-

331 1192 544 1248 dentur
573 1190 767 1247 aDeo.
800 1188 923 1259 Vel,
974 1210 1001 1237 ‹‹
1062 1202 1265 1243 omnes
1313 1190 1589 1259 gentes,»
1637 1184 1737 1258 qui
1792 1184 1974 1257 ligna,

330 1283 390 1336 et
443 1278 675 1352 lapides
709 1278 1076 1334 adorabunt:
1140 1275 1318 1332 nullis
1367 1274 1593 1330 meritis
1648 1274 1975 1347 praeceden-

326 1370 509 1441 tibus,
540 1367 781 1425 adducit
808 1366 942 1423 illos
988 1368 1143 1424 Deus
1192 1366 1264 1421 ad
1324 1364 1787 1438 cognoscendam
1833 1366 1977 1421 veri-

326 1461 529 1515 tatem.

398 1570 426 1597 ‹‹
451 1543 874 1603 Fortitudinem
894 1560 1086 1602 meam
1119 1544 1189 1600 ad
1220 1547 1277 1600 te
1307 1543 1654 1600 custodiam.
1687 1563 1713 1593 η
1771 1543 1832 1599 ld
1884 1545 1975 1599 est

328 1646 533 1692 omnes
559 1635 806 1692 virtutes
832 1646 992 1692 meas
1023 1635 1095 1690 ad
1125 1638 1182 1690 te
1211 1633 1561 1703 custodiam,
1592 1649 1708 1688 non
1739 1633 1811 1688 ad
1857 1649 1969 1699 me,

326 1725 428 1783 sed
451 1726 522 1781 ad
551 1728 609 1781 te
636 1743 649 1793 ;
684 1723 824 1796 quia
852 1738 1087 1795 semper
1104 1723 1163 1779 in
1195 1722 1342 1794 ipsis
1366 1722 1475 1778 tibi
1503 1722 1707 1778 laudes
1764 1722 1968 1789 refero,

326 1818 443 1871 non
474 1813 627 1870 meis
652 1814 898 1870 viribus.
932 1813 1096 1869 Unde
1126 1811 1343 1868 Paulus
1371 1811 1549 1867 dicit:
1583 1812 1644 1867 Si
1668 1813 1820 1868 enim
1872 1827 1968 1866 ac-

320 1904 560 1996 cepistiL
563 1903 699 1996 quid
723 1903 988 1996 gloriaris
1014 1904 1179 1975 quasi
1200 1918 1312 1996 non
1340 1904 1627 1996 acceperis.
1644 1903 1693 1973 (Ι
1717 1900 1838 1965 Cor.
1890 1918 1967 1996 iv,
2002 1931 2051 1996 Β

319 1994 381 2065 7)
408 1993 436 2049 ?
457 2016 484 2043 «
520 1992 945 2049 Fortitudinem
976 2006 1166 2048 meam
1198 1992 1270 2048 ad
1299 1996 1357 2047 te
1403 1990 1754 2062 custodiam,
1813 1990 1971 2063 quia,

323 2074 497 2153 Deus,
530 2086 836 2154 susceptor
890 2096 1059 2138 meus
1105 2098 1188 2138 es.
1241 2104 1263 2134 ι
1329 2081 1750 2137 Fortitudinem
1808 2079 1973 2136 illam

323 2170 649 2228 custodiam
667 2166 829 2237 dicit,
865 2169 1004 2242 quia
1033 2170 1291 2226 animam
1339 2170 1467 2242 ejus
1515 2185 1688 2226 nemo
1744 2170 1974 2226 auferre

327 2259 538 2333 potuit,
566 2258 696 2332 ipse
726 2258 954 2315 dicente
985 2275 999 2313 :
1032 2261 1196 2316 Nemo
1224 2275 1354 2316 eam
1381 2261 1600 2333 auferet
1623 2276 1659 2315 α
1685 2276 1772 2314 me
1805 2277 1823 2313 :
1880 2259 1973 2315 sed

324 2363 418 2420 ego
462 2352 795 2419 potestatem
851 2347 1021 2405 habeo
1066 2349 1321 2416 tollendi,
1378 2348 1799 2420 resumendique
1847 2365 1971 2404 eam

324 2439 500 2511 (Joan.
557 2453 615 2503 x,
667 2438 775 2508 18).
842 2458 869 2490 α
914 2438 1069 2493 Deus
1128 2453 1315 2508 meus,
1371 2437 1772 2494 misericordia
1845 2438 1970 2508 ejus

324 2526 636 2600 praeveniet
657 2538 825 2583 me.»
855 2527 1138 2584 Praevenit
1182 2526 1349 2583 illum
1408 2526 1808 2584 misericordia
1861 2530 1972 2582 Pa-

323 2615 479 2672 tris:
521 2632 656 2671 cum
714 2616 879 2689 prius
926 2617 1191 2673 centurio
1239 2632 1375 2673 eum
1428 2618 1611 2673 Deum
1667 2618 1972 2673 confessus

326 2708 433 2773 cst,
467 2718 641 2778 quem
663 2704 883 2762 videret
912 2707 987 2763 ab
1043 2705 1247 2762 inferis
1295 2707 1704 2763 resurrexisse.
1761 2707 1873 2763 Sed
1915 2710 1973 2762 ct

321 2793 492 2851 multi
521 2796 917 2867 percutientes
951 2798 1184 2868 pectora
1236 2812 1342 2852 sua
1393 2797 1828 2853 revertebantur
1883 2795 1972 2851 di-

321 2887 519 2941 centes
549 2900 564 2939 :
593 2889 730 2939 Vere
756 2885 934 2941 Filius
960 2886 1059 2941 Dei
1084 2893 1206 2942 erat
1233 2885 1547 2958 iste(Marc.
1580 2902 1674 2956 xv,
1692 2886 1805 2957 39).

398 2995 419 3022 ι
454 2975 608 3028 Deus
637 2974 895 3029 ostendit
923 2973 1070 3030 mihi
1101 2988 1278 3047 super
1325 2974 1597 3032 inimicos
1655 2990 1841 3040 meos,
1900 2990 1971 3031 ne

323 3061 557 3119 occidas
584 3077 684 3118 eos
719 3079 733 3120 :
764 3064 1079 3135 nequando
1106 3062 1527 3121 obliviscantur
1555 3064 1753 3137 populi
1783 3064 1918 3120 mei.
1938 3085 1966 3115 »

324 3151 420 3219 Ut,
452 3150 563 3206 etsi
594 3164 709 3206 non
741 3151 1002 3218 credant,
1035 3155 1232 3208 tamen
1264 3153 1598 3227 intelligant
1650 3170 1786 3210 eum
1843 3169 1972 3210 esse

324 3238 531 3306 Deum,
556 3238 728 3310 juxta
757 3238 903 3294 illud
938 3258 951 3294 :
985 3248 1039 3296 et
1066 3234 1273 3297 videbit
1320 3244 1498 3298 omnis
1542 3258 1676 3298 caro
1729 3244 1972 3299 salutare

320 3327 420 3383 Dei
445 3302 795 3399 (Luc.
847 3343 933 3398 ιιι,
988 3327 1066 3398 6).
1117 3320 1189 3383 Et
1242 3342 1360 3386 non
1417 3329 1645 3386 occidas
1693 3330 1845 3402 illos,
1900 3347 1972 3388 ne
2003 3302 2047 3370 Ο

329 3415 481 3472 forte
507 3414 927 3472 obliviscantur
956 3417 1215 3473 nominis
1272 3419 1380 3474 tui.

398 3527 427 3556 ‹‹
459 3504 741 3577 Disperge
772 3522 870 3561 eos
892 3504 953 3560 in
982 3504 1195 3563 virtute
1226 3511 1348 3563 tua.
1384 3529 1411 3557 ››
1443 3507 1571 3564 Noli
1615 3508 1848 3582 penitus
1877 3511 1974 3566 de-

331 3592 452 3651 lere
478 3592 713 3650 Judaeos
746 3609 761 3648 :
794 3593 935 3666 quia
963 3595 1217 3667 populus
1253 3601 1394 3652 tuus
1450 3610 1683 3671 semper
1734 3602 1824 3654 est
1874 3616 1975 3672 ap-

330 3681 601 3756 pellatus,
636 3683 737 3739 sed
758 3682 818 3738 in
848 3687 970 3740 toto
999 3684 1138 3741 orbe
1181 3685 1469 3760 disperge,
1522 3693 1588 3744 ut
1633 3687 1841 3745 saltem
1894 3690 1978 3745 sic

330 3772 648 3842 emendati,
681 3772 982 3845 superbire
1010 3773 1318 3845 desistant,
1350 3780 1418 3832 ut
1463 3776 1552 3834 vel
1606 3777 1666 3833 in
1725 3778 1836 3835 hac
1891 3779 1977 3835 di-

329 3861 631 3935 spersione
661 3861 856 3919 scelus
877 3877 1053 3919 suum
1081 3864 1411 3937 paenitendo
1465 3867 1787 3939 deplorant.
1824 3892 1851 3919 ‹‹
1911 3868 1981 3925 Et

326 3950 555 4025 depone
583 3966 703 4024 eos,
734 3957 1030 4024 pretantur
1058 3962 1231 4011 meus
1246 3956 1508 4013 Domine.
1542 3956 1829 4015 Delictum
1859 3959 1980 4016 oris

329 4056 554 4111 eorum,
581 4057 882 4098 sermones
911 4041 1201 4099 labiorum
1225 4043 1506 4116 ipsorum.
1531 4069 1557 4097 »
1591 4047 1981 4105 Destruantur

330 4129 392 4185 in
422 4128 650 4184 malitia
669 4134 821 4185 sua:
884 4135 1121 4202 prepter
1172 4134 1351 4189 verba
1407 4135 1627 4206 quibus
1679 4136 1976 4194 Christum

324 4218 503 4273 tuum
534 4222 912 4289 negaverunt,
944 4223 1003 4274 et
1028 4224 1228 4276 tamen
1260 4220 1412 4278 ﬁlios
1441 4223 1688 4280 Abrahae
1732 4238 1795 4282 se
1849 4240 1981 4283 esse

323 4305 620 4377 jaetitant.
650 4304 681 4354 ‘c
714 4305 1300 4378 Comprehendantur
1340 4311 1401 4366 in
1450 4314 1728 4385 superbia
1785 4328 1912 4373 sua.
1948 4337 1977 4373 ι»

327 4395 448 4452 Hoc
476 4398 587 4462 est,
618 4394 870 4451 humiles
899 4396 1063 4453 fiant.

403 4506 437 4535 ‹‹
462 4483 533 4541 Et
560 4484 639 4540 de
655 4488 1053 4541 exsecratione
1073 4489 1130 4542 et
1151 4487 1457 4545 mendacio
1469 4506 1540 4545 an
1550 4492 1979 4549 nuntiabuntur

330 4571 391 4629 in
423 4574 956 4642 consummatione,
990 4597 1018 4625 »
1049 4577 1510 4634 Exseerabantur
1564 4580 1720 4637 enim
1780 4582 1975 4638 Domi-

2092 648 2621 723 tiam,quainimici
2650 653 2865 709 famem
2898 651 3195 724 patientur
3221 652 3286 705 ut
3329 664 3541 705 canes:
3601 651 3743 707 dum

2092 737 2238 811 legis
2268 739 2520 798 litteram
2553 758 2688 798 eum
2720 740 3165 797 circumcisione
3194 738 3435 804 carnali,
3466 742 3524 795 et
3562 739 3744 794 sacri-

2092 827 2225 899 ficia
2256 829 2327 885 de
2360 846 2499 887 nece
2556 831 2850 903 pecudum
2882 832 3335 902 prosequuntur.
3371 828 3484 885 Sed
3515 828 3655 900 quia
3685 828 3745 885 in

2091 917 2559 990 peregrinatione
2589 919 2707 975 haec
2729 919 3157 989 celebrant,uec
3187 917 3258 973 ab
3288 917 3382 973 his
3404 916 3746 974 reficiuntur

2091 1006 2492 1079 spiritualiter,
2530 1014 2906 1064 murmurant
2936 1012 3138 1064 contra
3162 1008 3363 1062 Deum.
3412 1006 3556 1063 Hinc
3611 1023 3742 1079 pro-

2089 1093 2263 1165 pheta
2292 1096 2604 1152 Dominicae
2628 1096 2972 1168 mysterium
3002 1095 3747 1153 resurrectioniseontuens
3790 1126 3797 1133 ε

2087 1181 2338 1239 exsultat
2365 1188 2423 1240 et
2452 1185 2624 1241 dicit:
3475 1241 3481 1249 .

2161 1294 2188 1321 «
2218 1273 2335 1346 Ego
2366 1278 2564 1330 autem
2588 1275 2835 1331 cantabo
2867 1274 3270 1331 fortitudinem
3300 1278 3484 1342 tuam,
3545 1273 3745 1331 Domi-

2086 1377 2177 1417 ne.
2215 1384 2235 1411 ιι
2274 1361 2419 1426 Quia
2468 1363 2658 1419 vicisti
2704 1369 2970 1420 mortem.
3039 1362 3142 1419 Vel
3200 1362 3602 1420 fortitudinem
3654 1363 3741 1418 di-

2082 1450 2345 1507 vinitatis
2379 1468 2391 1507 :
2417 1452 2707 1524 quomodo
2738 1452 2875 1509 vicit
2902 1451 3363 1519 diabolum,'hoc
3393 1451 3738 1524 praedicabo.

2084 1560 2111 1589 ‹‹
2145 1539 2215 1594 Et
2255 1540 2556 1596 exsultabo
2608 1540 3071 1597 misericordiam
3126 1546 3311 1598 tuam.
3370 1540 3517 1606 Quia
3587 1540 3739 1597 dilu-

2083 1626 2214 1684 culo
2245 1630 2515 1686 surrexit.
2551 1631 2723 1698 Mane,
2759 1631 2867 1687 hoc
2897 1635 3007 1699 est,
3060 1631 3294 1702 quando
3343 1631 3623 1687 convertit
3680 1630 3739 1686 in

2072 1717 2403 1787 j-uventute.
2435 1719 2539 1775 Vel
2568 1736 2747 1787 mane,
2781 1719 3016 1776 initium
3062 1720 3194 1775 ﬁdei
3251 1718 3543 1775 catholicze
3578 1736 3592 1774 :
3650 1717 3741 1775 vel

2078 1820 2267 1874 mane,
2301 1812 2365 1863 ut
2393 1807 2538 1876 dixi,
2570 1808 3080 1865 resurrectionem.
3594 1854 3599 1861 ,

2158 1916 2184 1949 α
2215 1895 2362 1961 Quia
2390 1897 2583 1953 factus
2637 1914 2700 1953 es
2759 1901 3063 1970 susceptor
3119 1912 3289 1952 meus
3343 1899 3401 1952 et
3445 1895 3739 1969 refugium

2084 2000 2281 2041 meum
2304 1984 2372 2047 ,in
2402 1986 2493 2042 die
2524 1985 2923 2043 tribulationis
2991 2003 3153 2043 meae.
3193 2008 3212 2034 ι
3273 1983 3592 2059 Suscepisti
3648 2000 3743 2041 me

2082 2075 2436 2145 proiectione
2466 2076 2723 2147 praesidii
2756 2076 2863 2146 tui,
2896 2092 2969 2131 ne
3017 2091 3149 2131 cum
3209 2074 3301 2131 his
3356 2074 3739 2146 conjungere-

2081 2166 2180 2217 tur
2211 2163 2570 2220 conscientia
2592 2182 2742 2221 mea.

2153 2275 2180 2301 ‹‹
2217 2252 2462 2322 Adjutor
2477 2270 2665 2321 meus,
2718 2253 2824 2311 tibi
2856 2252 3139 2326 psallam:
3177 2253 3334 2325 quia,
3363 2252 3540 2320 Deus,
3601 2268 3737 2308 sus:-

2082 2346 2280 2413 ceptor
2310 2357 2475 2398 meus
2504 2357 2601 2399 es:
2634 2343 2788 2399 Deus
2834 2360 3022 2412 meus,
3068 2341 3469 2399 misericordia
3522 2357 3672 2398 mea.
3709 2362 3738 2390 η

2082 2430 2201 2500 lpsi
2226 2447 2289 2487 se
2310 2430 2556 2488 Domino
2606 2431 2889 2503 propheta
2946 2430 3253 2504 pollicetur
3302 2431 3528 2504 jugiter
3584 2428 3738 2502 psal-

2079 2518 2218 2587 lere,
2254 2521 2425 2591 cujus
2445 2536 2552 2592 ope
2581 2521 2819 2593 adjutus
2877 2526 3052 2594 atque
3108 2524 3417 2592 susceptus
3462 2523 3570 2575 est.
3629 2504 3738 2585 Qui

2079 2612 2137 2664 et
2166 2608 2336 2669 nobis
2367 2614 2645 2682 praestare
2672 2611 2969 2683 dignetur,
2996 2615 3061 2666 ut
3087 2609 3380 2681 adjutorio
3428 2608 3558 2679 ejus
3606 2622 3739 2665 mue

2080 2696 2211 2766 niti,
2242 2697 2642 2754 misericordia
2672 2699 2882 2769 adjuti,
2924 2698 3347 2755 resurrectione
3402 2694 3735 2769 gloriﬁcati,

2079 2802 2411 2843 mereamur
2449 2787 2508 2843 in
2538 2787 2791 2844 Ecclesia
2823 2792 3024 2846 sancta
3051 2786 3254 2843 laudes
3274 2787 3403 2857 ejus
3449 2785 3737 2841 immacu-

2078 2864 2215 2932 latis
2244 2875 2520 2933 sensibus
2551 2876 2827 2934 exaltare.
2860 2882 3067 2933 Amen.

2653 2998 2978 3056 PSALMUS
3027 3000 3164 3055 LIX.

2079 3090 2143 3145 In
2165 3090 2350 3160 ﬁnem,
2374 3106 2471 3160 pro
2521 3090 2606 3145 his
2656 3091 2752 3160 qui
2799 3087 3281 3145 commutabantur
3332 3087 3388 3142 in
3442 3085 3593 3143 tituli
3645 3086 3739 3142 in-

2150 3164 2436 3233 sciptione,
2469 3163 2578 3233 ipsi
2622 3160 2794 3216 David
2848 3163 2909 3216 in
2967 3160 3292 3226 doctrinam,
3349 3174 3472 3214 cum
3527 3172 3741 3214 euocans

2153 3233 2233 3288 dit
2289 3235 2737 3312 Mesopotamiam
2785 3234 2985 3312 Syriae
3025 3240 3094 3312 et.
3141 3232 3367 3312 Syriam
3405 3230 3646 3312 ’βθόςξμη
3687 3237 3741 3285 et

2156 3301 2602 3370 convertit'loab,
2634 3313 2685 3359 el
2713 3301 2987 3370 percussit
3017 3301 3189 3358 Edoni
3215 3305 3271 3358 in
3329 3302 3469 3357 valle
3527 3301 3743 3357 Salina-

2156 3320 2424 3359 converm
2451 3320 2602 3370 Joav,
2634 3320 2685 3359 et
2751 3320 2987 3359 ercussu
3017 3320 3185 3358 suam
3215 3320 3271 3358 ιη
3329 3320 3469 3357 υαιιε
3527 3320 3742 3357 cauna-

2156 3391 2279 3429 ram
2308 3374 2588 3430 duodecim
2618 3320 2828 3428 miilia.
2881 3374 3170 3437 Quaeritur
3224 3372 3321 3429 ubi
3381 3372 3502 3428 haec
3558 3372 3742 3427 histe-

2156 3446 2243 3500 ria
2266 3446 2483 3516 scripta
2543 3447 2636 3500 sit.
2667 3445 2772 3516 7an
2817 3444 3152 3516 Regnorum
3210 3443 3398 3508 libris,
3457 3458 3593 3516 quas
3642 3442 3736 3516 hic

2157 3512 2637 3573 manifestissime
2664 3515 2881 3587 legitur
2904 3512 3005 3585 '(II
3055 3517 3178 3585 Reg.
3239 3532 3295 3583 x,
3352 3512 3739 3587 7)._'Sed‘ibi

2200 3605 2261 3643 ro
2291 3587 2435 3643 valle
2465 3584 2795 3643 Satinarum
2844 3584 2985 3643 LXX
3041 3584 3399 3658 lnterpretes
3445 3585 3576 3658 ipsa
3628 3584 3736 3658 He-

2200 3606 2261 3643 ro
2291 3606 2435 3643 vaue
2465 3606 2795 3643 naturarum
2844 3606 2985 3643 mm
3041 3606 3399 3658 interpretes
3445 3606 3576 3658 ipsa
3628 3606 3735 3642 ne-

2156 3606 2313 3715 Ereea
2365 3659 2544 3714 verba
2599 3664 2925 3732 posuerunt
2944 3675 3234 3732 centenae.
3274 3658 3399 3732 Sed
3424 3657 3572 3732 quia
3646 3655 3735 3711 in-

2159 3733 2542 3803 terpretatum
2566 3727 2680 3787 non
2737 3733 2846 3801 est,
2908 3730 3130 3803 abhis
3188 3727 3738 3803 quiileb‘raziserf

2158 3799 2351 3858 monis
2417 3819 2534 3858 non
2590 3799 3142 3870 habent'notitiam,
3205 3799 3369 3874 ‘quid
3451 3799 3741 3873 significet

2156 3875 2477 3948 ignoratur.
3329 3877 3352 3897 ‘

2164 3987 2187 4016 ι
2226 3966 2375 4020 Deus
2404 3962 2668 4035 repulisti
2701 3978 2807 4019 nos
2825 3965 2883 4019 et
2918 3961 3257 4018 destruxisti
3284 3970 3409 4017 nos.
3434 3982 3464 4011 ››
3484 3960 3742 4017 Pertinet

2089 4055 2161 4110 ad
2193 4053 2473 4126 populum
2503 4051 2838 4107 Judaicum.
2870 4050 3110 4114 Quando
3149 4049 3315 4105 illum
3374 4049 3742 4120 permittebat

2090 4144 2241 4199 Deus
2269 4139 2533 4197 tribulari
2567 4140 2773 4211 :quasi
2805 4144 2943 4194 tunc
2962 4139 3268 4195 videbatur
3316 4139 3613 4212 repellere.
3672 4138 3742 4195 Et

2089 4232 2262 4287 modo
2342 4229 2661 4285 Ecclesiam
2738 4228 2966 4284 videtur
3032 4228 3310 4300 repellere
3358 4228 3597 4300 quando
3667 4227 3740 4283 il-

2088 4319 2207 4375 lam
2265 4318 2551 4391 permittit
2592 4318 2804 4374 tentari
2863 4331 2964 4389 per
3055 4316 3516 4373 tribulationem.
3593 4317 3739 4373 Nam

2088 4408 2258 4464 aliter
2299 4423 2415 4464 non
2474 4406 2749 4479 repellit:
2813 4407 2952 4479 quia
2992 4404 3137 4461 dixit
3191 4409 3432 4462 sanctus
3486 4403 3740 4460 Paulus:

2087 4499 2203 4553 Non
2257 4495 2481 4569 repellit
2532 4498 2673 4552 Deus
2711 4497 2927 4568 plebem
2979 4508 3155 4563 suam,
3222 4500 3389 4566 quam
3463 4494 3741 4566 praesciuit

2087 4586 2263 4659 (Rom.
2290 4602 2369 4654 χι,
2401 4586 2478 4657 2).
2510 4585 2675 4641 Unde
2706 4590 2766 4641 et
2794 4600 2901 4640 vox
2930 4585 3000 4640 ad
3030 4585 3344 4641 Jeremiam
3394 4582 3739 4655 Prephetam

333 4662 525 4745 sum:
786 4678 931 4719 eum
979 4664 1169 4721 ﬁlium
1221 4665 1439 4738 Jesepb
1494 4669 1642 4724 fabri
1708 4668 1980 4728 dicebant
2009 4674 2058 4741 Ι)
2089 4674 2206 4730 ait:
2242 4674 2406 4743 Vade,
2443 4683 2494 4730 ει
2530 4674 2764 4741 dextrae,
2798 4677 2847 4729 et
2902 4673 3129 4745 dissipa,
3172 4676 3229 4729 et
3279 4674 3463 4741 evelle,
3496 4676 3553 4728 et
3604 4672 3745 4730 auii-

332 4742 542 4822 (Hatth.
573 4758 652 4818 VI,
684 4738 760 4820 3).
798 4753 1178 4811 Innectebant
1216 4756 1608 4829 mendacium,
1654 4774 1789 4815 eum
1842 4775 1976 4816 eum

332 4839 685 4897 ﬂamonium
716 4840 933 4899 habere
962 4843 1195 4900 aiebant
1223 4846 1404 4915 (Joan.
1437 4863 1538 4914 vn,
1577 4850 1690 4918 20).
1730 4870 1753 4898 α
1798 4851 1860 4905 In
1894 4849 1981 4905 ira

328 4925 875 5000 censummdtionls,
900 4936 959 4988 et
989 4944 1103 4990 non
1134 4939 1326 4991 erunt.
1364 4958 1393 4986 »
1452 4937 1523 4993 Ut
1576 4954 1692 4995 non
1751 4940 1980 5011 possint

327 5022 697 5092 perseverare
751 5019 812 5075 in
861 5021 1088 5079 malitia
1129 5036 1257 5093 sua,
1316 5026 1419 5082 sed
1467 5027 1524 5083 in
1574 5042 1643 5083 ea
1705 5044 1974 5085 consum-

330 5110 585 5165 mentur.

408 5216 432 5245 ι
456 5197 528 5254 Et
547 5196 734 5254 scient
756 5198 896 5271 quia
924 5199 1087 5259 Deus
1107 5202 1508 5261 dominabitur
1533 5206 1734 5275 Jacob,
1768 5207 1976 5265 finium

329 5290 519 5344 terrae.
543 5308 567 5341 ι
600 5286 746 5345 Nam
776 5292 917 5345 sunt
944 5291 1214 5349 nonnulli
1243 5293 1344 5366 qui
1397 5309 1460 5350 se
1506 5294 1857 5353 descendere
1906 5298 1977 5355 ab

328 5370 507 5434 Jaccb
537 5380 751 5450 genere
777 5374 1125 5452 glbriantur.
1157 5378 1283 5441 Et«
1327 5378 1532 5440 finium
1582 5388 1768 5454 terres,
1834 5409 1855 5436 ι
1918 5388 1976 5443 id

328 5470 420 5545 est
449 5467 715 5524 omnium
745 5467 1031 5542 gentium.

332 5564 335 5571 '
405 5568 429 5605 α
451 5554 871 5615 ϐοῠνθίδῑθηωι·
897 5559 970 5615 ad
998 5568 1321 5633 vesperam,
1354 5566 1411 5620 et
1441 5564 1653 5621 famem
1685 5565 1982 5637 patientur

330 5648 398 5701 ut
423 5650 619 5727 eanee,
652 5649 711 5703 et
729 5646 1069 5705 circuibunt
1086 5648 1403 5709 civitatem.
1438 5652 1554 5726 Ipsi
1574 5653 1981 5727 dispergentur

327 5735 401 5791 ad
431 5726 910 5794 manducandum
947 5751 962 5795 :
994 5736 1045 5794 si
1074 5752 1211 5796 vero
1258 5754 1374 5798 non
1430 5742 1646 5801 fuerint
1710 5726 1977 5815 saturati,

2088 4763 2520 4834 ﬁca(.lerem.1,
2558 4763 2664 4834 10).
2722 4768 2804 4817 Ac
2850 4761 2899 4818 si
2956 4761 3245 4819 dixisset:
3306 4762 3550 4819 Destrue
3604 4759 3744 4817 vitia

2086 4856 2144 4909 et
2190 4857 2446 4924 peccata,
2507 4856 2564 4908 et
2624 4851 2848 4908 aediﬁca
2901 4852 3168 4909 virtutes.
3215 4851 3461 4925 Repellit
3509 4867 3616 4907 nos
3672 4864 3739 4906 ac

2086 4941 2355 5011 destruit,
2390 4957 2523 4997 cum
2556 4956 2885 5013 peccamus.
2911 4940 3218 4997 Miseretur
3245 4947 3303 4997 et
3330 4940 3578 4996 aediﬁcat
3602 4954 3738 4994 cum

2086 5029 2158 5087 ad
2207 5046 2341 5087 eum
2400 5030 2733 5103 pmnitendo
2790 5030 3154 5086 revertimur.
3216 5052 3245 5078 ‹‹
3300 5031 3487 5085 Iratus
3541 5043 3623 5094 es,
3684 5033 3741 5083 et

2086 5120 2364 5176 misertus
2395 5136 2458 5175 es
2490 5119 2680 5175 nobis.
2713 5140 2741 5169 »
2772 5117 2861 5174 Ira
2893 5118 2987 5172 Dei
3014 5119 3179 5189 justa
3204 5117 3460 5173 vindicta
3500 5116 3735 5172 dicitur.

2163 5231 2184 5259 ι
2212 5208 2587 5266 Commovisti
2614 5212 2852 5264 terram.
2889 5230 2917 5256 »
2950 5206 3219 5279 Corporis
3242 5206 3445 5277 utique
3502 5204 3685 5260 nostri
3721 5223 3734 5261 :

2088 5318 2116 5349 ‹‹
2149 5299 2219 5355 Et
2245 5297 2608 5356 conturbasti
2639 5313 2790 5354 eam.
2826 5316 2854 5346 ››
2883 5298 3026 5353 Cum
3088 5293 3341 5351 tribulos
3396 5292 3739 5368 produceret

2085 5392 2145 5444 et
2172 5388 2395 5460 spinas.
2420 5409 2450 5439 «
2477 5388 2634 5445 Sana
2662 5386 3042 5443 contritiones
3073 5386 3219 5455 ejus,
3252 5383 3393 5457 quia
3447 5386 3740 5439 commota

2087 5481 2195 5534 est.
2234 5500 2254 5526 ι
2292 5477 2448 5534 Mota
2473 5482 2565 5534 est
2592 5477 2751 5533 enim
2785 5493 2819 5532 a
2849 5474 3115 5531 militiis:
3154 5480 3218 5530 ut
3276 5475 3530 5529 fructum
3576 5469 3738 5529 exhi-

2086 5567 2222 5624 beat
2252 5566 2604 5623 sanctitatis.
3718 5584 3725 5591 ‘

2161 5656 2532 5713 «Ostendisti
2563 5653 2779 5729 populo
2836 5658 2939 5709 tuo
2993 5653 3161 5709 dura.
3223 5655 3294 5708 Ut
3348 5657 3405 5710 te
3461 5653 3739 5711 attentius

2087 5750 2391 5817 quaereret.
2424 5747 2668 5818 ϐαςιίθασ
2695 5746 2845 5804 enim
2888 5757 3110 5801 omnem
3155 5742 3339 5814 ﬁlium
3394 5758 3557 5817 qum
3610 5743 3740 5800 reoi-

2848 6536 3129 6545 -ώ-ψ-ηρ..
3154 6534 3497 6545 WH—
