4314 6598
570 427 723 492 1055

565 651 675 707 hoc
698 656 787 708 est
814 652 1270 711 tribulationem.
1295 654 1457 711 Unde
1489 661 1727 712 sanctus
1776 656 1989 713 Paulus
2038 657 2217 713 dicit:

567 742 673 810 Qui
700 745 887 797 volunt
913 745 1003 814 pie
1031 745 1210 799 vivere
1251 746 1306 799 in
1368 744 1580 801 Christo
1632 748 2066 817 persecutionem
2118 763 2219 819 pa-

568 830 774 885 tientur
800 833 879 899 (II
908 834 1049 887 Tim.
1080 849 1164 898 111,
1200 834 1309 900 12).
1365 856 1392 883 ι(
1434 835 1651 889 Potasti
1715 852 1820 890 nos
1873 836 2005 890 vino
2063 853 2219 891 com-

564 919 917 991 punctionis.
948 944 970 972 ι
1006 921 1074 976 Ut
1104 922 1331 977 confusi
1352 922 1412 978 in
1442 923 1818 991 facinoribus,
1851 924 2224 996 compunctio

567 1007 645 1064 sit
674 1008 742 1062 ad
775 1012 831 1063 te
862 1010 1206 1065 revertendi.
1240 1010 1348 1065 Per
1375 1011 1596 1081 vinum,
1630 1012 1721 1067 lex
1753 1013 1950 1083 populi
1983 1013 2082 1068 Dei
2139 1014 2224 1067 in-

565 1095 871 1168 telligitur,
905 1102 961 1152 et
990 1098 1118 1169 ipsa
1148 1100 1520 1171 compunctio
1550 1101 1737 1172 gratia
1766 1102 1866 1158 Dei
1898 1107 2007 1157 est.

641 1208 668 1235 «
696 1186 914 1241 Dedisti
948 1188 1347 1244 metuentibus
1376 1194 1431 1244 te
1471 1189 1981 1261 signiﬁcationem,
2017 1196 2081 1245 ut
2141 1191 2226 1245 fu-

569 1272 735 1347 giant
765 1292 799 1330 a
831 1275 973 1330 facie
1004 1282 1266 1346 arcus,ut
1296 1277 1617 1333 liberentur
1647 1279 1842 1334 dilecti
1877 1280 1984 1335 tui.
2020 1302 2049 1329 »
2077 1280 2223 1334 Pras-

567 1362 745 1418 buisti
779 1363 1282 1436 baptismum,quo
1314 1364 1520 1434 abluti,
1552 1368 1886 1438 fugeremus
1946 1387 1979 1423 a
2031 1368 2227 1423 futura

567 1449 828 1523 irazper
850 1453 1003 1518 quod
1056 1470 1169 1508 non
1230 1456 1421 1510 solum
1491 1462 1842 1528 peccatores,
1894 1458 1993 1513 sed
2048 1457 2223 1511 etiam

567 1539 760 1595 dilecti
792 1540 1238 1598 tuiliberantur.
1264 1567 1291 1593 «
1325 1543 1561 1600 Salvum
1617 1548 1706 1601 tac
1764 1546 1999 1601 dextera
2046 1551 2166 1601 tua.
2193 1568 2221 1595 ››

567 1627 796 1685 Christo
833 1633 953 1697 tuo,
1006 1631 1107 1703 qui
1166 1637 1254 1687 est
1312 1634 1473 1689 salus
1530 1641 1750 1691 nostra.
1812 1658 1839 1685 «
1887 1637 1956 1691 Et
2014 1633 2225 1691 exaudi

568 1733 680 1773 me.
714 1740 743 1769 ››
779 1720 923 1775 Cum
955 1724 1010 1775 te
1064 1721 1425 1778 invocavero.
1478 1723 1722 1779 Dextera
1770 1724 1980 1789 Patris,
2040 1724 2223 1780 Filius

567 1812 731 1862 est.«
783 1806 1020 1863 Salvum
1054 1809 1161 1865 fac.
1212 1832 1240 1860 »
1299 1811 1375 1866 De
1426 1811 1544 1868 illis
1591 1813 1735 1874 dicit
1786 1812 1886 1886 qui
1956 1813 2221 1870 salvandi

2060 427 2485 493 APPENDIX.

560 564 651 634 pis
681 562 862 634 (Hebr.
893 580 996 631 x11,
1027 564 1104 635 6).
1143 585 1171 616 ‹‹
1201 563 1520 622 Ostendisti
1565 565 1779 640 populo
1837 571 1937 623 tuo
1986 567 2155 631 dura,
2190 588 2216 614 ››
2250 564 2305 631 Α
2332 563 2684 620 exardescent
2739 562 2906 633 mala,
2961 576 3079 634 quae
3123 561 3249 616 sunt
3304 570 3467 629 super
3523 560 3735 612 terram

3824 413 3984 487 ιοθβ

2334 563 2684 620 exardescent
2739 562 2906 633 mata,
2961 576 3079 634 quae
3123 561 3249 616 sunt
3304 570 3467 629 super
3523 560 3735 612 terram
3818 552 3980 625 (Ibid.

2334 654 2421 725 111)
2454 670 2467 707 :
2501 653 2557 709 id
2586 656 2696 721 est,
2731 650 3140 707 tribulationes
3170 646 3464 704 veniunta
3521 640 3753 699 diabolo
3810 658 3985 714 super

2329 748 2566 812 terram,
2599 760 2729 814 quae
2758 746 2847 797 est
2878 737 3151 804 Ecclesia,
3185 736 3338 792 sicut
3370 731 3584 789 Paulus
3626 730 3804 787 dicit:
3866 730 3981 787 Tri-

2334 833 2538 888 bulatio
2567 832 2897 903 patientiam
2926 836 3227 898 operatur:
3272 824 3550 897 patientia
3599 824 3785 878 autem
3842 836 3985 892 pro-

2333 923 2607 978 bationem
2637 939 2655 975 :
2684 920 2933 991 probatio
2963 932 3087 972 vero
3113 932 3263 987 spem
3293 932 3311 968 :
3350 928 3469 985 spes
3508 927 3634 968 vero
3686 926 3794 966 non
3851 926 3984 965 con-

2331 1010 2611 1081 funditur,
2644 1010 2779 1079 quia
2806 1008 3051 1063 charitas
3081 1004 3177 1060 Dei
3225 1003 3430 1075 diﬁ‘usa
3474 1004 3551 1057 est
3609 1002 3669 1055 in
3733 998 3987 1055 cordibus

2331 1101 2561 1165 nostris,
2592 1114 2696 1169 per
2714 1096 2988 1168 Spiritum
3044 1096 3295 1150 sanctum
3342 1092 3437 1163 qui
3489 1090 3650 1146 datus
3703 1096 3779 1146 est
3830 1087 3986 1145 nobis

2335 1189 2505 1258 (Rom.
2531 1204 2585 1257 v,
2617 1186 2751 1258 3—5).

2408 1299 2436 1327 ‹‹
2466 1281 2530 1331 In
2562 1276 2879 1332 Idumaaam
2902 1272 3212 1329 extendam
3235 1270 3697 1327 calceamentum
3727 1282 3983 1323 meum.»

2334 1367 2531 1438 Usque
2563 1366 2622 1420 in
2655 1365 2952 1437 regionem
2979 1363 3155 1430 Esau,
3187 1357 3583 1432 apostolorum
3617 1358 3795 1430 pedes
3841 1355 3987 1411 diri-

2334 1456 2555 1529 gendos
2586 1471 2715 1510 esse
2746 1452 3091 1526 pronuntiat
3122 1467 3136 1506 :
3169 1450 3309 1522 quia
3339 1448 3399 1504 in
3431 1446 3861 1513 calceamentis,
3884 1461 3988 1518 pe-

2335 1547 2437 1601 des
2472 1561 2484 1599 :
2520 1545 2578 1599 in
2607 1543 2853 1616 pedibus
2883 1558 3016 1597 vero
3047 1556 3287 1612 gressus
3317 1535 3619 1611 apostolici
3648 1534 3986 1607 intelligun-

2334 1639 2451 1703 tur,
2477 1635 2651 1705 juxta
2679 1632 2825 1688 illud
2861 1649 2873 1686 :
2909 1632 3082 1700 Quam
3126 1628 3359 1702 speciosi
3399 1626 3563 1699 pedes
3599 1626 3988 1697 euangelizan-

2332 1725 2476 1779 tium
2506 1736 2735 1795 'pacem,
2785 1721 3299 1794 euangelizantium
3355 1718 3493 1774 bona
3540 1714 3776 1782 (Nahum
3820 1731 3860 1779 1,
3915 1716 3986 1781 5;

2336 1815 2483 1869 Rom.
2546 1830 2601 1877 x,
2656 1811 2785 1883 15)!
2852 1810 3109 1865 Idumasa
3180 1808 3615 1879 interpretatur,
3688 1806 3989 1875 sanguinea

569 1897 1029 2002 erunt,.qu‘ando
1058 1898 1402 2002 Pili-ustum
1425 1901 1615 1957 mittet
1665 1918 1757 1958 me
1808 1903 1865 1958 in
1924 1903 2221 1959 dexteram
2255 1938 2301 2002 Β
2333 1901 2451 1958 sive
2479 1906 2720 1961 terrena.
2752 1903 2830 1955 Ac
2862 1898 2911 1954 si
2941 1899 3099 1954 dicat
3132 1915 3145 1954 :
3180 1898 3245 1952 In
3276 1896 3424 1952 istos
3477 1892 3626 1951 tales
3681 1892 3986 2002 ostendam

566 1986 730 2039 tuam
763 1983 822 2039 in
850 1985 943 2041 die
965 1986 1196 2055 judicii.
1230 1988 1392 2045 Unde
1419 1990 1478 2045 in
1506 1990 1619 2047 alio
1651 1991 1775 2047 loco
1833 1992 1973 2048 dicit
2004 2008 2018 2047 :
2077 1993 2222 2047 Deac-

568 2080 687 2129 tera
716 2074 941 2129 Domini
965 2078 1095 2147 fecit
1123 2080 1379 2133 virtutem
1409 2080 1578 2151 (Psal.
1612 2097 1805 2136 cxvm.
1855 2083 1962 2152 16).

646 2184 671 2212 α
708 2166 857 2218 Deus
888 2163 1117 2221 locutus
1166 2173 1255 2223 est
1309 2168 1368 2222 in
1424 2174 1625 2225 sancto
1682 2188 1810 2227 suo.
1872 2193 1899 2219 »
1957 2172 2127 2227 Pater
2166 2171 2227 2225 in

570 2249 686 2307 Deo
720 2250 976 2327 homine,
1004 2255 1076 2309 de
1107 2273 1222 2327 quo
1243 2256 1473 2312 Gabriel
1504 2258 1576 2313 ad
1610 2258 1850 2314 Mariam
1900 2259 1981 2315 ait
2008 2278 2021 2315 :
2079 2260 2231 2327 Quod

569 2344 830 2395 nascetur
856 2358 926 2397 ex
946 2351 998 2397 te
1026 2352 1302 2410 sanctum,
1351 2347 1635 2402 vocabitur
1688 2350 1862 2403 Filius
1921 2350 2013 2404 Dei
2071 2350 2226 2419 (Luc.

572 2428 625 2493 1,
658 2430 770 2499 35).
805 2430 906 2485 Vel
937 2435 1000 2486 ut
1030 2438 1269 2489 sanctus
1300 2434 1516 2491 Paulus
1563 2437 1706 2493 dicit
1738 2454 1751 2491 :
1811 2439 1952 2494 Deus
2006 2442 2122 2493 erat
2171 2440 2229 2492 in

578 2515 810 2590 Christo,
838 2523 1106 2576 mundum
1135 2525 1496 2580 reconcilians
1545 2528 1655 2581 sibi
1704 2527 1777 2599 (II
1824 2530 1948 2583 Cor.
2008 2545 2064 2593 ν,
2114 2528 2226 2598 19)-

572 2627 601 2655 «
624 2607 887 2664 Laetabor
914 2610 1245 2667 etdividam
1278 2613 1589 2681 Sicemam,
1621 2621 1678 2671 et
1732 2616 2052 2673 convallem
2112 2618 2228 2673 Ta-

573 2695 1027 2755 bernaculorum
1061 2701 1325 2757 metibor.
1357 2725 1384 2752 »
1415 2704 1661 2768 Quidam
1685 2707 1971 2763 Sicemam
2026 2712 2226 2762 Sama-

571 2785 718 2881 riam
779 2792 1027 2859 putant:
1075 2790 1393 2848 convallem
1455 2810 1589 2849 vero
1664 2795 2233 2881 Tabernaculorum,

570 2873 719 2930 hanc
781 2875 1203 2935 habitationem
1254 2886 1565 2939 terrenam.
1629 2884 1775 2955 Ergo
1830 2901 1965 2939 cum
2009 2873 2232 2941 venerit

531 2964 853 3020 ~Dominus
898 2966 959 3021 in
1018 2967 1217 3024 lzetitia
1284 2970 1613 3042 splendoris
1696 2974 1893 3028 (sterni
1962 2974 2231 3044 judicare

574 3054 1111 3119 mundum,dividet
1141 3058 1467 3114 Samariam
1501 3075 1514 3114 :
1549 3078 1615 3115 ac
1645 3061 1965 3117 convallem
2022 3064 2233 3119 Taber-

575 3141 919 3199 naculorum
952 3143 1310 3203 dimetiatur.
1333 3149 1497 3205 Tunc
1528 3149 1702 3205 aliam
1736 3155 1959 3222 partem
1996 3153 2067 3207 ad
2103 3152 2237 3208 bea-

2335 1991 2796 2047 calceamentum
2828 2004 3047 2055 meum,
3079 1987 3137 2043 id
3168 1990 3277 2053 est,
3300 2000 3432 2042 mea
3459 1983 3742 2055 exempla.
3776 2004 3802 2031 (ι
3843 1979 3987 2037 Mihi

2336 2080 2675 2152 alienigena:
2724 2077 2947 2133 subditi
3004 2080 3163 2132 sunt.
3253 2098 3274 2125 ι
3344 2075 3697 2145 Alienigena,
3762 2070 3820 2127 id
3896 2074 3990 2126 est

2335 2174 2557 2242 gentes,
2590 2168 2838 2225 subditae
2870 2170 3010 2222 sunt
3040 2164 3329 2222 Ecclesiae.
3357 2164 3421 2219 In
3450 2160 3796 2235 Allophylis,
3851 2159 3992 2216 alie-

2339 2276 2547 2316 narum
2577 2259 2839 2331 gentium
2872 2256 3188 2328 pravitates
3218 2252 3493 2318 ostendit,
3523 2268 3652 2324 quis
3684 2267 3869 2323 usque
3916 2248 3991 2304 ad

2338 2350 2648 2405 adventum
2676 2346 2913 2410 Christi,
2947 2345 3007 2400 in
3061 2343 3405 2416 ignorantiae
3461 2340 3716 2397 tenebris
3773 2338 3991 2395 reside-

2339 2438 2499 2494 bant.
2534 2438 2700 2492 Nunc
2724 2440 2920 2491 autem
2950 2433 3223 2496 subdita},
3272 2432 3327 2487 id
3378 2434 3485 2498 est,
3535 2427 3833 2486 humiliter
3888 2443 3992 2482 au-

2339 2528 2658 2584 scultantes
2697 2523 3087 2598 prophetiam,
3114 2538 3241 2594 quae
3285 2519 3582 2576 Christum
3643 2514 3991 2575 annuntiat:

2338 2635 2441 2689 per
2458 2618 2632 2672 ﬁdem
2664 2632 2855 2681 suam,
2890 2612 3080 2669 lucem
3110 2611 3310 2667 vident
3337 2625 3635 2683 magnam.

2410 2729 2437 2756 «
2472 2706 2613 2772 Quis
2661 2705 2909 2760 deducet
2955 2717 3050 2758 me
3109 2700 3168 2756 in
3226 2700 3519 2756 civitatem
3569 2696 3854 2754 munitam
3885 2696 3913 2751 ?
3956 2716 3985 2748 ιο

2338 2795 2605 2851 Christus
2636 2792 2921 2850 Dominus
2964 2791 3065 2864 qui
3106 2790 3313 2847 avertit
3368 2788 3728 2862 impietatem
3775 2785 3848 2843 ab
3893 2785 3993 2842 Ja-

2339 2884 2484 2939 cob:
2546 2884 2671 2956 ipse
2718 2882 2966 2937 deducet
3021 2896 3127 2937 nos
3176 2879 3234 2934 in
3279 2878 3574 2935 civitatem
3619 2873 3984 2932 Jerusalem:

2338 2973 2397 3028 in
2447 2989 2563 3044 qua
2608 2969 2793 3027 sancti
2844 2969 3103 3025 divinam
3155 2968 3542 3023 circumstant
3598 2965 3986 3036 majestatem.

2337 3062 2461 3127 Vel,
2493 3062 2556 3117 in
2585 3062 2862 3116 civitatem
2889 3059 3184 3124 munitam,
3230 3056 3336 3112 hoc
3393 3060 3484 3112 est
3538 3055 3598 3110 in
3647 3052 3988 3121 Ecclesiam,

2340 3167 2467 3223 quae
2500 3150 2728 3205 munita
2746 3153 2837 3204 est
2867 3163 2969 3219 per
2998 3146 3194 3202 ﬁdem.
3227 3149 3364 3212 Aut,
3397 3168 3425 3196 «
3459 3144 3599 3211 Quis
3631 3142 3875 3199 deducet
3895 3156 3990 3198 me

572 3231 884 3288 titudinem
916 3236 1259 3291 transferet:
1311 3235 1487 3293 aliam
1538 3256 1673 3295 vero
1726 3256 1903 3311 quam
1946 3239 2229 3313 injustam
2270 3307 2302 3313 _
2341 3257 2527 3312 usque
2556 3238 2616 3293 in
2649 3236 3008 3293 Idumaeam?
3036 3259 3065 3287 »
3097 3234 3200 3293 Ille
3229 3233 3330 3308 qui
3359 3249 3421 3291 se
3458 3232 3729 3307 superius
3774 3230 3991 3287 calcea-

575 3318 844 3391 reperiet,
874 3336 1007 3376 cum
1041 3320 1376 3381 infidelibus
1409 3326 1630 3398 puniet.

653 3431 671 3456 ι
707 3411 869 3464 Meus
915 3414 1002 3465 est
1051 3410 1287 3481 Galaad,
1332 3418 1391 3469 et
1447 3431 1614 3471 meus
1666 3420 1755 3472 est
1803 3417 2123 3486 Manasses,
2176 3423 2234 3476 et

578 3497 855 3569 Ephraim
887 3500 1169 3557 fortitudo
1200 3502 1409 3575 capitis
1440 3504 1575 3560 mei.
1611 3528 1639 3555 »
1672 3506 1734 3561 In
1795 3506 2010 3563 Galaad
2058 3512 2232 3580 atque

576 3590 864 3654 Manasse,
894 3593 1081 3645 totum
1115 3590 1226 3647 sibi
1258 3592 1589 3663 subjectum
1640 3595 1859 3651 indicat
1918 3599 2229 3653 mundum.

578 3675 641 3731 In
673 3675 946 3746 Ephraim
978 3693 1111 3733 vero
1143 3679 1341 3751 populi
1383 3682 1565 3737 futuri
1600 3699 1612 3737 :
1666 3684 1722 3739 id
1782 3688 1891 3754 est,
1958 3685 2228 3740 Ecclesiae

578 3765 993 3836 congreganda;
1026 3768 1280 3838 speciem
1305 3768 1499 3842 signat
1531 3789 1543 3826 :
1579 3778 1814 3844 propter
1865 3773 2228 3830 benedictio-

580 3867 713 3907 nem
750 3853 1177 3926 Jacob,-quam
1235 3855 1293 3911 in
1351 3874 1482 3914 eum
1541 3860 1765 3915 effudit.
1809 3861 2229 3919 Fortitudinem

579 3946 795 4010 autem,
858 3942 1047 4013 ipsam
1107 3944 1417 4003 Ecclesium
1464 3947 1623 4019 dicit,
1673 3950 1844 4021 cujus
1884 3951 2071 4007 factus
2143 3956 2233 4008 est

579 4035 772 4103 caput.
808 4053 835 4081 «
870 4032 1034 4089 Meus
1057 4038 1145 4089 est
1193 4034 1433 4103 Galaad,
1491 4055 1657 4094 meus
1713 4044 1803 4095 est
1846 4043 2164 4096 Manasses.
2200 4062 2228 4091 ››

581 4120 860 4177 Universa
915 4122 1034 4178 haec
1081 4125 1153 4179 de
1227 4126 1489 4197 gentium
1577 4129 1875 4185 vocatione
1953 4130 2232 4186 dicuntur

578 4226 830 4281 quarum
852 4210 1090 4267 diversas
1119 4212 1501 4282 virtutes,sub
1521 4215 1889 4288 singulorum
1922 4218 2228 4275 nominum

576 4297 1052 4371 interpretatione
1079 4303 1395 4360 referendae
1422 4310 1614 4361 erunt.

654 4409 676 4437 ι
708 4388 862 4445 Juda
885 4407 984 4446 rex
1013 4408 1201 4449 meus.
1244 4414 1272 4442 ››
1333 4392 1479 4459 Quia
1534 4411 1602 4450 ex
1646 4396 1805 4452 tribu
1862 4397 2017 4454 Juda
2064 4403 2227 4455 ortus

575 4483 665 4534 est
691 4478 978 4536 Christus.
1014 4481 1161 4545 Quia
1190 4498 1306 4537 non
1339 4482 1567 4539 deﬁciet
1596 4484 1867 4558 princeps
1924 4488 1994 4542 de
2049 4488 2230 4561 stirpe

573 4568 703 4637 ejus
737 4568 951 4635 ;donec
982 4569 1173 4625 veniat
1201 4572 1504 4640 Dominus,
1536 4578 1598 4629 ut
1646 4574 1791 4631 dixit
1846 4576 2034 4632 Jabob
2068 4595 2079 4633 :
2140 4580 2231 4634 Ju-

574 4655 665 4748 da,
691 4662 746 4712 te
777 4658 1085 4715 laudabunt
1111 4664 1315 4730 [ratres
1335 4664 1446 4718 tui:
1474 4680 1676 4719 manus
1696 4672 1808 4723 tuae
1836 4666 1897 4721 in
1925 4668 2227 4724 cervicibus
2257 4683 2306 4748 Ι)

2260 3307 2303 3374 CI
2342 3307 2540 3386 menta
2569 3328 2875 3385 extendere
2938 3307 3296 3399 repromisit,
3349 3323 3475 3397 ipse
3529 3322 3704 3379 etiam
3742 3318 3991 3394 prophe-

2340 3418 2505 3489 tiam,
2566 3417 2624 3471 id
2678 3422 2786 3483 est,
2838 3412 3305 3488 praedicationem
3363 3410 3763 3485 propheticam
3820 3406 3994 3482 dirigi

2334 3507 2509 3579 jubet
2540 3507 2598 3562 in
2630 3522 2781 3562 eam.

2415 3618 2443 3647 «
2474 3597 2675 3652 Nonne
2698 3600 2782 3665 tu,
2815 3594 2993 3659 Deus,
3022 3592 3125 3665 qui
3156 3590 3425 3665 repulisti
3463 3590 3615 3646 nos?
3662 3591 3735 3645 Ut
3791 3586 3997 3660 proba-

2342 3691 2431 3742 tos
2464 3701 2828 3756 agnosceres.
2854 3682 3141 3755 Repulisti,
3193 3685 3428 3754 propter
3472 3676 3993 3751 transgressionem

2341 3778 2625 3840 nostram,
2657 3771 2746 3829 vel
2779 3776 3085 3845 peccatum
3130 3771 3317 3826 Ade:
3380 3768 3490 3825 hoc
3547 3773 3659 3835 est,
3706 3763 3993 3822 destruxit

2340 3863 2758 3929 idololatriam,
2788 3861 2876 3918 vel
2900 3864 3100 3917 nostra
3127 3860 3269 3916 vitia
3298 3862 3356 3916 et
3391 3861 3648 3931 peccata.
3684 3878 3712 3907 «
3760 3856 3830 3912 Et
3875 3868 3991 3909 non

2340 3952 2681 4027 egredieris,
2714 3956 2887 4018 Deus,
2920 3950 2981 4005 in
3009 3949 3326 4005 virtutibus
3355 3946 3593 4004 nostris.
3627 3969 3651 4000 ι
3687 3942 3833 4012 Quia
3858 3957 3993 4015 pec-

2338 4042 2485 4099 catis
2515 4041 2733 4097 inﬁrmi
2756 4056 2985 4097 sumus.

2412 4154 2439 4181 ‹‹
2474 4135 2556 4186 Da
2585 4129 2756 4185 nobis
2779 4127 3060 4185 auxilium
3092 4127 3164 4183 de
3194 4125 3611 4183 tribulatione:
3659 4121 3798 4197 quia
3842 4136 3991 4177 vana

2339 4219 2500 4276 salus
2528 4217 2865 4275 hominis.»
2910 4216 3168 4273 Audiant
3222 4215 3344 4272 haac
3393 4214 3493 4287 qui
3549 4228 3683 4286 spes
3730 4226 3869 4268 suas
3924 4209 3985 4266 in

2339 4308 2739 4382 potentatibus
2770 4307 3101 4374 hominum,
3132 4304 3221 4361 vel
3252 4306 3311 4361 in
3361 4310 3722 4362 terrenarum
3768 4298 3989 4356 divitia-

2340 4409 2474 4454 rum
2500 4396 2912 4470 splendoribus
2943 4399 3171 4468 ponunt
3200 4411 3213 4450 :
3243 4394 3383 4468 quia
3408 4409 3559 4450 vana
3589 4395 3679 4450 est
3696 4388 3853 4448 salus
3882 4387 3990 4445 ho-

2339 4486 2538 4552 minis,
2571 4490 2629 4541 et
2658 4486 2813 4542 Deus
2843 4484 3006 4541 solus
3064 4488 3461 4558 opportunum
3516 4476 3988 4539 tribulationibus

2340 4576 2557 4632 nostris
2589 4579 2827 4647 praestat
2857 4573 3162 4632 auxilium.

2410 4687 2439 4715 «
2473 4665 2536 4720 In
2563 4663 2678 4721 Deo
2712 4664 2990 4720 iaciemus
3010 4662 3304 4734 virtutem,
3336 4665 3394 4719 et
3426 4661 3553 4735 ipse
3608 4659 3679 4717 ad
3738 4655 3987 4714 nihilum

575 4747 931 4801 inimicorum
959 4755 1202 4805 tuorum.
1256 4751 1327 4804 Tu
1384 4750 1759 4809 dominaberis
1810 4770 1973 4825 super
2024 4757 2225 4826 fratres
2336 4754 2584 4810 deducet
2614 4752 2964 4809 tribulantes
2995 4769 3121 4809 nos.
3158 4774 3187 4801 »
3209 4751 3272 4809 In
3303 4752 3429 4825 ipso
3451 4751 3530 4808 sit
3554 4748 3743 4807 virtus
3789 4749 3989 4803 nostra

573 4842 690 4890 tuos
722 4834 873 4906 (Gen.
906 4853 1056 4907 xux,
1105 4838 1180 4906 8).
1237 4839 1506 4897 Christus
1563 4841 1912 4915 intelligitur
1966 4860 2068 4914 per
2117 4843 2221 4899 Ju-

572 4924 731 4992 dam,
767 4929 832 4980 ut
862 4924 1027 4982 illud.
1062 4929 1197 4983 Vicit
1228 4929 1308 4985 leo
1337 4929 1402 4985 de
1430 4931 1580 4985 tribu
1604 4932 1746 4987 Juda
1776 4936 1969 5004 (Apoc.
2026 4950 2081 4997 v,
2136 4934 2213 4999 5).

573 5035 602 5063 α
631 5015 799 5071 Moab
831 5014 944 5070 olla
966 5016 1089 5089 spei
1121 5033 1283 5073 meae.
1320 5039 1347 5067 ››
1379 5019 1545 5075 Moab
1596 5018 1655 5075 in
1715 5020 1923 5077 Genesi
1973 5021 2214 5077 maledi-

566 5102 744 5160 tionis
775 5105 1032 5177 suscepit
1050 5107 1427 5179 opprobrium
1450 5110 1606 5180 (Gen.
1635 5127 1752 5177 XIX,
1781 5112 1871 5182 27)
1906 5128 1919 5167 :
1953 5110 2051 5183 qui
2086 5115 2220 5184 post

564 5193 766 5257 decem
798 5196 1201 5265 generationes
1230 5196 1508 5269 recipitur
1530 5200 1587 5254 in
1624 5199 1877 5256 Ecclesia
1902 5200 2002 5271 Dei
2040 5201 2216 5271 (Deut.

564 5300 726 5352 xxm,
756 5285 833 5356 3).
870 5286 1118 5358 ideoque
1147 5290 1204 5342 et
1229 5285 1346 5341 olla
1373 5286 1516 5358 spei,
1563 5288 1733 5359 quasi
1791 5292 1923 5361 post
1974 5306 2216 5345 conver-

567 5372 794 5430 sionem
828 5390 1006 5431 urens
1035 5374 1442 5431 crudelitatem
1474 5376 1713 5448 peccati.
1747 5377 1892 5447 Spes
1920 5377 2076 5434 enim
2120 5378 2217 5435 Dei

564 5462 639 5518 de
694 5464 1097 5533 peccatoribus
1150 5464 1271 5519 haec
1327 5469 1437 5530 est,
1494 5470 1559 5521 ut
1613 5465 1866 5521 decoctis
1942 5468 2214 5538 peccatis,

569 5556 980 5608 convertantur
999 5557 1056 5608 et
1092 5552 1305 5609 vivant.
1337 5555 1474 5609 Inde
1540 5553 1682 5609 dicit
1735 5554 2022 5612 Jeremias
2081 5574 2213 5629 pro-

2337 4843 2394 4898 in
2428 4842 2555 4916 ipso
2586 4842 2779 4898 omnis
2809 4840 3016 4915 gloria,
3070 4845 3128 4898 et
3176 4841 3303 4914 ipse
3353 4841 3425 4898 ad
3475 4839 3725 4897 nihilum
3764 4836 3987 4909 rediget

2332 4935 2454 4987 tam
2486 4931 2627 4987 vitia
2648 4947 2778 5002 quae
2806 4947 2914 4988 nos
2960 4929 3267 4999 tribulant,
3321 4946 3500 5003 quam
3559 4926 3828 4985 inimicos
3879 4924 3981 4997 qui

2329 5036 2436 5077 nos
2470 5019 2840 5093 impugnant,
2874 5024 2931 5075 et
2959 5035 2993 5076 a
3022 5036 3125 5093 spe
3172 5018 3515 5077 aiternitatis
3566 5031 3831 5074 revocare
3883 5029 3980 5085 co-

2327 5111 2563 5166 nantur.

2898 5214 3224 5273 PSALMUS
3279 5215 3395 5272 LX.

2326 5308 2390 5363 In
2417 5308 2603 5378 ﬁnem,
2634 5308 2693 5362 in
2738 5307 3013 5379 hymnis“
3036 5305 3312 5379 Psalmus
3337 5297 3531 5362 David.
3578 5302 3816 5379 Vocant
3839 5318 3981 5379 con-

2396 5370 2541 5506 t'indet
2569 5370 2920 5450 gratulantis
2947 5370 3244 5450 Propheta
3282 5377 3355 5435 de
3400 5375 3745 5443 aeternitatis
3800 5370 3985 5443 beatir

2425 5469 2457 5506 ι]
2508 5467 2622 5507 me.

2396 5557 2699 5623 «Exaudi,
2747 5558 2917 5627 Deus,
2970 5556 3437 5629 deprecationem
3486 5570 3700 5621 meam,
3728 5575 3758 5604 »
3806 5528 3984 5610 Fidu-

570 5637 786 5708 pheta:
825 5642 940 5697 Vidi
964 5642 1133 5697 ollam
1155 5659 1492 5710 succensam,
1521 5649 1573 5699 et
1599 5645 1769 5714 facies
1816 5645 1934 5717 ejus
1989 5663 2022 5701 a
2071 5649 2217 5719 facie
2323 5646 2549 5704 cialiter
2578 5662 2640 5704 se
2671 5645 2861 5703 audiri
2892 5644 3169 5718 postulat,
3222 5646 3363 5719 quia
3420 5645 3532 5703 scit
3579 5661 3642 5703 se
3687 5648 3984 5701 sanctum-

569 5726 845 5796 aquilonis
873 5731 1090 5800 (Jsrem.
1122 5749 1165 5801 ι,
1196 5733 1303 5804 13).
1338 5734 1407 5797 Et
1428 5732 1568 5791 alibi
1606 5731 1782 5790 dicit:
1836 5735 1915 5792 Ab
1956 5737 2216 5809 aquilone
2328 5757 2357 5790 ‹‹
2385 5735 2626 5795 Intende
2651 5733 2900 5803 orationi
2930 5750 3093 5794 meai.
3131 5759 3154 5788 ι
3188 5740 3273 5793 Ac
3295 5735 3347 5805 si
3372 5735 3593 5794 diceret
3624 5750 3639 5791 :
3678 5732 3824 5803 Vide
3846 5747 3985 5803 eam

882 6538 1205 6547 _..____ﬁ"_
