4314 6590
362 436 529 548 iam

1530 478 2025 543 BREVIARIUM
2071 480 2151 543 ΙΝ
2195 479 2340 541 PSA
2353 479 2584 553 LMUS.

3612 464 3777 559 1058

363 606 418 681 si
441 617 608 689 ju'sta
636 614 725 672 vel
757 630 904 688 pura
947 611 1045 683 sit,
1100 589 1196 667 ubi
1232 613 1296 667 tu
1345 608 1506 666 solus
1556 612 1725 668 audis
1769 616 1825 667 et
1851 600 2012 668 vides
2040 613 2099 681 Α
2125 610 2396 667 criminet
2417 627 2547 666 nox.
2584 630 2613 660 ‹‹
2644 609 2890 681 Adjicies
2920 628 3105 668 annos
3133 614 3263 685 ejus
3310 634 3498 690 usque
3531 621 3589 677 in
3620 624 3775 685 diem

369 706 431 763 in
462 705 633 763 corde
664 723 677 762 :
710 703 863 760 sicut
891 702 963 758 ad
996 698 1233 774 Moysen
1281 699 1504 756 dictum
1552 705 1675 756 est:
1728 701 1876 775 Quid
1905 702 2019 756 cla-

368 812 486 851 mas
513 794 583 851 ad
609 808 698 849 me
724 790 917 861 (Exod.
950 807 1066 859 xxv,
1100 790 1186 860 l5)
1210 789 1238 844 ?
1284 789 1585 861 Numquid
1632 806 1770 847 voce
1801 790 2019 847 clamo-

369 885 450 941 ris
480 882 667 939 dicit?
696 880 858 937 Non:
893 880 997 937 sed
1026 895 1163 935 voce
1203 879 1394 934 cordis
1427 877 1659 934 clamat.

359 1037 364 1041 .
445 993 472 1023 ‹‹
503 973 548 1026 Α
576 970 794 1026 finibus
815 974 980 1025 terris
1002 968 1073 1025 ad
1096 966 1152 1024 te
1189 966 1458 1036 clamavi,
1501 968 1642 1023 dum
1684 967 2021 1025 anxiaretur

362 1049 468 1118 cor
497 1076 715 1127 meum,
752 1080 779 1109 »
809 1058 933 1114 Non
966 1059 1036 1114 de
1064 1057 1341 1113 extremis
1382 1061 1546 1112 terrae
1594 1056 1883 1128 terminis,
1916 1058 2018 1112 sed

367 1150 439 1206 de
458 1149 639 1221 hujus
658 1146 916 1220 corporis
942 1145 1275 1202 habitacula
1300 1146 1454 1217 quod
1473 1144 1816 1217 superindui
1835 1146 2016 1217 cupit,

367 1247 426 1295 et
447 1255 517 1295 ex
536 1237 733 1293 intimi
753 1235 944 1293 cordis
965 1234 1162 1291 dolore
1202 1232 1495 1305 clamavit,
1542 1238 1607 1289 ut
1636 1234 2019 1290 absorbeatur

368 1327 477 1384 hoc
507 1324 663 1398 quod
695 1323 939 1381 mortale
970 1327 1058 1380 est
1095 1340 1130 1379 a
1178 1324 1312 1378 vita.
1349 1345 1377 1373 «
1410 1329 1457 1376 A
1510 1322 1746 1393 ﬁnibus,
1782 1344 1810 1373 »
1840 1323 1895 1377 id
1927 1327 2017 1379 est

368 1432 403 1471 a
433 1420 684 1488 quatuor
709 1413 974 1487 partibus
1004 1412 1247 1468 mundi:
1281 1412 1447 1481 quasi
1503 1428 1653 1466 unus
1690 1411 1866 1467 homo
1898 1410 2014 1468 cla-

369 1509 507 1562 met.
540 1503 643 1560 Vel
694 1520 849 1560 unus
907 1501 1106 1569 homo,
1159 1504 1249 1556 est
1306 1516 1421 1555 una
1463 1498 1740 1556 Ecclesia.
1776 1504 2016 1573 Propter

368 1595 652 1651 unitatem
682 1593 899 1649 dicitur
929 1608 1065 1648 una.
1098 1590 1260 1647 Unde
1290 1594 1347 1646 et
1383 1589 1443 1646 in
1494 1590 1731 1647 Cantica
1762 1591 2014 1647 cantico-

367 1700 500 1741 rum
531 1683 782 1739 dicitur:
819 1683 934 1740 Una
982 1684 1059 1737 est
1115 1680 1366 1737 columba
1418 1696 1542 1735 mea
1596 1681 1787 1751 (Cant.
1827 1697 1902 1752 vr,
1935 1680 2011 1753 8),

367 1773 424 1829 id
460 1776 567 1844 est,
591 1771 845 1829 Ecclesia
874 1771 934 1827 in
964 1774 1085 1827 toto
1116 1771 1337 1825 mundo
1369 1768 1599 1825 diffusa.
1632 1770 1773 1825 Dum
1810 1772 2013 1825 anxia-

365 1866 562 1919 retur:
593 1862 651 1918 id
711 1866 819 1931 est,
879 1864 1114 1933 propter
1161 1859 1688 1932 transgressionem
1738 1858 2010 1914 aliorum.

354 1942 467 2007 ‘Vel
499 1952 677 2007 linem
709 1966 903 2005 meum
931 1966 943 2004 :
976 1949 1116 2004 dum
1150 1947 1336 2003 nescit
1362 1946 1539 2002 homo
1569 1946 1788 2001 exitum
1813 1964 2008 2003 suum.

365 2045 433 2098 In
458 2044 617 2113 petra
640 2039 903 2096 exaltasti
927 2054 1013 2093 me
1033 2053 1052 2090 :
1109 2036 1386 2093 deduxisti
1438 2052 1527 2091 me
1581 2038 1712 2108 quia
1745 2037 1932 2107 factus
1960 2053 2016 2093 es

344 2146 490 2202 _spes
545 2145 687 2186 mea.
748 2129 811 2184 In
869 2126 1095 2183 Christo
1154 2141 1216 2182 se
1253 2124 1569 2182 exaltatum
1601 2125 1758 2196 dicit,
1792 2126 1889 2198 qui
1924 2142 2014 2182 se-

371 2219 632 2275 cundum
655 2214 1021 2290 Apostolum,
1044 2219 1099 2271 et
1120 2219 1281 2288 petra
1302 2213 1552 2283 stabilis,
1575 2218 1632 2269 et
1650 2216 2013 2271 credentium

372 2324 505 2381 spes
532 2307 889 2364 nominatur.
924 2310 990 2361 In
1018 2312 1171 2376 petra
1216 2305 1480 2360 erallasti
1523 2320 1646 2359 me:
1696 2303 1804 2359 hoc
1836 2308 1924 2359 est
1954 2304 2012 2358 in

374 2397 707 2469 temetipso,
767 2398 832 2450 ut
885 2392 1077 2450 illud:
1138 2395 1298 2449 Petra
1368 2396 1549 2448 autem
1604 2396 1721 2448 erat
1780 2394 2021 2448 Christus

343 2486 411 2559 ς(ι
445 2485 566 2542 Cor.
623 2502 682 2553 x,
738 2484 815 2556 4).
875 2483 1083 2539 Petrus
1140 2482 1210 2537 de
1267 2486 1448 2553 petra.
1511 2481 1673 2536 Unde
1729 2481 2013 2537 Dominus

369 2570 552 2628 dixit:
601 2572 677 2627 Tu
704 2586 760 2627 es
782 2571 1000 2635 Petrus,
1032 2577 1085 2625 et
1109 2584 1279 2642 super
1306 2571 1446 2625 hanc
1471 2572 1683 2642 petram
1730 2569 2014 2640 aediﬁcabo

363 2661 661 2727 Ecclesium
713 2676 894 2723 meam
948 2658 1155 2731 (Matth.
1196 2674 1311 2722 xvr,
1345 2659 1474 2731 18):
1533 2662 1589 2714 et
1644 2657 1823 2714 alibi:
1861 2659 2016 2714 Vene-

365 2753 497 2804 runt
543 2749 799 2821 ﬂumina,
830 2756 884 2805 et
910 2750 1182 2818 ﬂaverant
1209 2749 1402 2815 veniti,
1436 2756 1488 2803 et
1520 2749 1809 2803 irruerunt
1838 2749 1898 2802 in
1927 2747 2019 2803 do-

362 2854 517 2893 mum
545 2838 723 2905 illam,
756 2845 806 2893 et
832 2853 941 2892 non
969 2837 1168 2893 cecidit
1186 2854 1207 2898 ;
1235 2836 1470 2908 fundata
1497 2840 1645 2893 enim
1676 2845 1795 2892 erat
1820 2853 2011 2908 supra.

365 2926 585 2996 firmam
616 2934 829 2998 petram
856 2927 1063 2999 (Matth.
1097 2943 1198 2994 vn,
1245 2927 1357 2998 25),
1412 2944 1537 2999 quae
1588 2930 1678 2981 est
1725 2925 2012 2981 Christus.

366 3039 393 3065 «ί
429 3015 730 3072 Deduxisti
760 3032 874 3088 me,
909 3037 937 3066 ››
971 3016 1029 3071 id
1063 3020 1174 3081 est,
1209 3015 1267 3071 in
1309 3016 1654 3087 temetipso:
1688 3016 1829 3087 quia
1858 3018 1920 3071 tu
1954 3030 2016 3071 es

368 3102 489 3161 dux
517 3122 708 3171 meus,
738 3108 802 3161 tu
835 3121 897 3161 es
922 3104 1114 3161 viator
1142 3121 1329 3161 meus.
1366 3126 1394 3155 «
1424 3104 1568 3179 Quia
1590 3104 1778 3161 factus
1798 3121 1859 3160 es
1882 3120 2015 3176 spes

368 3210 519 3250 mea.
559 3216 579 3244 ι
644 3193 767 3250 Vox
823 3192 1080 3250 ecclesia:
1133 3195 1206 3249 ad
1263 3193 1581 3252 Christum.
1630 3200 1709 3249 Ac
1740 3193 1789 3249 si
1820 3194 2013 3251 dicat:

369 3274 673 3353 Quomodo
728 3285 796 3354 tu
854 3281 1222 3337 resurrexisti
1280 3280 1650 3347 immortalis,
1710 3286 1767 3336 et
1795 3299 1902 3337 nos
1933 3282 2016 3339 sic

2128 699 2520 771 generationis
2577 703 2635 753 et
2681 700 3092 771 generationis.
3151 726 3180 754 ››
3238 704 3544 766 Generatio
3597 713 3778 786 igitur

2129 788 2309 859 hujus
2334 788 2488 860 regis
2518 788 2708 860 prima
2738 793 2864 846 est:
2894 807 3010 861 qua
3038 791 3109 846 de
3148 796 3262 847 Deo
3302 799 3471 854 Patre
3505 800 3770 860 ineffabi-

2126 876 2260 933 liter
2280 878 2560 933 nascitur.
2583 878 2867 947 Secunda,
2892 896 3008 951 qua
3030 880 3218 936 factus
3235 888 3324 939 est
3345 886 3772 962 primogenitus

2128 972 2518 1035 mortuorum,
2544 982 2669 1038 quae
2689 968 3021 1023 extenditur
3045 986 3227 1041 usque
3248 974 3319 1027 ad
3345 974 3506 1031 illam
3530 995 3770 1050 genera-

2128 1056 2345 1110 tionem
2406 1056 2583 1110 futuri
2640 1056 2839 1126 iudicii
2898 1057 2967 1112 de
3015 1074 3131 1129 qua
3187 1060 3471 1121 Dominus
3518 1068 3636 1124 ait:
3678 1072 3771 1126 Vos

2126 1146 2221 1215 qui
2274 1148 2444 1200 secuti
2487 1147 2619 1200 estis
2647 1162 2733 1200 me
2764 1147 2823 1200 in
2855 1150 3276 1219 regeneratione,
3310 1168 3435 1207 cum
3457 1156 3656 1214 sederit
3682 1160 3776 1214 Fi-

2127 1234 2234 1288 lius
2262 1233 2505 1289 hominis
2533 1236 2590 1288 in
2638 1234 2763 1290 sede
2806 1236 3108 1305 majestatis
3152 1254 3264 1294 sua:
3311 1242 3568 1300 se:.lehitis
3595 1250 3644 1301 et
3676 1264 3770 1305 vos

2124 1338 2292 1393 super
2345 1323 2492 1377 sedes
2547 1322 2851 1391 duodecim,
2890 1324 3211 1393 judicantes
3256 1328 3543 1388 duodecim
3594 1337 3770 1393 tribus

2124 1411 2292 1467 Israel
2323 1411 2531 1481 (Matth.
2566 1429 2679 1479 xxx,
2712 1412 2825 1483 28).
2861 1413 3003 1485 Ergo
3054 1415 3406 1486 adjiciantur
3442 1421 3596 1477 inter
3625 1425 3770 1483 istas

2126 1502 2526 1572 generationes
2550 1501 2703 1573 regis
2738 1501 2935 1571 hujus,
2961 1508 3016 1557 et
3050 1504 3174 1559 dies
3211 1511 3264 1561 et
3287 1508 3443 1575 anni,
3479 1527 3612 1567 cum
3636 1530 3771 1573 con-

2123 1590 2377 1661 gregatis
2398 1588 2616 1658 electis,
2642 1588 3151 1663 supplantatisque
3192 1593 3447 1653 inimicis
3474 1601 3585 1655 sub
3607 1604 3768 1673 pedi-

2125 1680 2235 1733 bus
2280 1677 2630 1733 tradiderit:
2692 1678 2955 1750 Regnum
3021 1680 3136 1735 Deo
3191 1682 3364 1750 Patri,
3420 1686 3564 1758 ipsis
3591 1690 3765 1747 simul

2122 1767 2489 1839 congregatis
2520 1767 2757 1835 sanctis,
2790 1768 2941 1822 sicut
2981 1770 3268 1841 sequitur.

2198 1878 2219 1904 α
2247 1857 2552 1911 Permanet
2586 1856 2643 1910 in
2685 1861 2965 1911 aeternum
2998 1857 3054 1912 in
3087 1866 3401 1932 conspectu
3434 1865 3551 1921 Dei.
3582 1890 3607 1917 ››
3645 1869 3765 1925 Ma-

2123 1945 2283 1999 nebit
2310 1944 2467 1999 enim
2499 1948 2751 1999 aeternus
2781 1945 2840 1999 in
2874 1945 2964 2000 his
3012 1964 3162 2018 quos
3195 1951 3437 2006 tradidit
3466 1953 3580 2011 Deo
3617 1956 3766 2013 Patri

2123 2033 2181 2088 in
2215 2049 2460 2105 regnum
2491 2033 2789 2099 caelorum,
2823 2039 2881 2089 et
2912 2035 3046 2090 fecit
3075 2037 3421 2108 coheredes,
3455 2046 3511 2096 et
3540 2044 3766 2101 confor-

2124 2139 2248 2178 mes
2278 2139 2344 2177 ac
2376 2123 2687 2195 participes
2719 2122 2851 2191 sibi,
2885 2123 3046 2180 nullo
3068 2127 3194 2197 jam
3228 2128 3285 2182 in
3312 2127 3403 2184 his
3435 2133 3640 2189 mortis
3669 2135 3768 2190 do-

2124 2211 2306 2266 minio
2336 2211 2694 2267 dominante.
2731 2234 2759 2260 ‹‹
2787 2213 2847 2265 ln
2881 2219 3195 2284 conspectu
3231 2217 3347 2283 Dei,
3379 2236 3405 2269 υ
3446 2219 3502 2274 id
3535 2224 3641 2288 est,
3664 2223 3763 2278 ubi

2124 2315 2237 2355 non
2267 2299 2377 2355 erit
2407 2298 2786 2355 mutabilitas.
2826 2323 2853 2350 ‹‹
2885 2301 3335 2360 Misericordiam
3381 2312 3439 2362 et
3466 2310 3765 2367 veritatem

2124 2390 2252 2459 ejus
2295 2388 2427 2460 quis
2478 2388 2843 2460 requiret?»
2897 2389 3293 2447 Misericordia
3341 2401 3465 2450 est:
3507 2398 3646 2469 quia
3675 2399 3765 2454 in-

2123 2477 2324 2549 dulget
2372 2482 2571 2532 nostra
2624 2482 2876 2548 peccata.
2938 2478 3188 2551 Veritas,
3241 2487 3303 2537 ut
3350 2484 3607 2556 amplius
3648 2505 3764 2544 non

2124 2582 2451 2638 peccemus,
2488 2570 2551 2620 ut
2581 2572 2882 2637 peccatum
2914 2584 3092 2640 super
3122 2576 3421 2640 peccatum
3454 2590 3567 2628 non
3600 2575 3770 2632 indu-

2124 2672 2347 2710 camus.
2382 2656 2534 2723 Quis,
2576 2661 2811 2727 propter
2857 2655 2993 2726 quid
3045 2656 3141 2711 hic
3188 2659 3376 2715 dicit?
3418 2661 3561 2725 Quia
3592 2666 3762 2735 pauci

2123 2749 2262 2800 sunt
2291 2743 2390 2816 qui
2422 2744 2640 2815 aliquid
2676 2744 2809 2799 boni
2840 2743 3110 2809 habeant,
3142 2752 3199 2802 et
3229 2753 3407 2803 Deum
3443 2751 3762 2824 requirant,

2124 2834 2224 2888 sed
2260 2832 2391 2904 plus
2446 2832 2649 2887 dicunt
2705 2848 2906 2888 eorum
2959 2833 3173 2891 virtute
3221 2836 3310 2891 vel
3366 2837 3489 2893 suis
3518 2840 3762 2914 viribus,

2125 2938 2300 2993 quam
2333 2921 2432 2976 Dei
2465 2922 2706 2977 donum.
2778 2943 2804 2974 α
2855 2922 3313 2980 Misericordiam
3363 2932 3421 2982 et
3463 2928 3765 2987 veritatem

2125 3011 2259 3083 quis
2288 3011 2545 3083 requiret
2576 3010 2751 3082 ejus?
2778 3032 2805 3060 ι)
2853 3011 2979 3066 Non
3029 3013 3157 3084 ejus
3189 3015 3507 3086 requiritur
3539 3019 3763 3075 miseri-

2125 3101 2222 3156 dia
2248 3117 2314 3157 ac
2344 3099 2554 3156 veritas
2582 3100 2656 3155 ab
2686 3100 2771 3156 eis
2802 3101 2901 3172 qui
2936 3101 2992 3156 in
3025 3102 3384 3173 plenitudine
3425 3105 3526 3161 Dei
3574 3110 3765 3165 consi-

2126 3195 2308 3257 stunt,
2330 3190 2431 3245 sed
2454 3206 2556 3245 nec
2578 3189 2672 3245 his
2694 3190 3016 3262 quidquam
3042 3192 3222 3259 deest,
3254 3194 3427 3265 juxta
3463 3194 3604 3252 illud
3642 3214 3767 3255 ora-

2126 3279 2325 3335 culum
2359 3278 2677 3334 Salvatoris
2701 3295 2711 3334 :
2742 3280 2807 3333 In
2834 3278 2923 3333 die
2951 3280 3050 3334 illa
3079 3282 3223 3336 nihil
3256 3284 3522 3351 rogabilis
3546 3288 3764 3342 Patrem

370 3366 667 3424 credimus
723 3383 1044 3439 resurgere.
1103 3390 1129 3417 «
1162 3367 1363 3423 Turris
1418 3367 1775 3422 fortitudinis
1806 3384 1839 3423 a
1869 3367 2012 3423 facie
2043 3353 2085 3419 C
2125 3370 2444 3435 (Joan.xv1,
2476 3367 2590 3436 23).
2628 3369 2690 3421 In
2735 3365 2843 3421 hac
2892 3383 3029 3439 ergo
3071 3368 3431 3440 plenitudine
3485 3374 3769 3446 propheta

346 3455 613 3513 "inimici.
650 3478 678 3507 »
708 3455 840 3512 Haec
870 3456 1025 3512 enim
1058 3471 1214 3528 spes,
1246 3456 1512 3511 Christus
1546 3455 1847 3520 Dominus,
1880 3461 2008 3511 tur-

368 3545 452 3602 ris
481 3544 650 3601 nobis
697 3545 885 3601 factus
931 3549 1019 3600 est
1065 3561 1098 3600 a
1138 3544 1283 3600 facie
1326 3544 1565 3612 diaboli,
1597 3543 1686 3600 vel
1721 3544 2008 3616 nequitia-

369 3649 502 3690 rum
533 3634 682 3711 ejus,
716 3636 781 3689 ut
809 3649 915 3689 nos
937 3634 1008 3689 ab
1039 3633 1168 3704 ejus
1190 3632 1422 3689 insidiis
1457 3634 1685 3689 muniat
1716 3649 1782 3689 ac
1812 3633 2009 3689 defen-

367 3723 487 3779 dat.
519 3724 628 3779 Sed
655 3728 713 3779 et
741 3721 896 3779 Deus
928 3722 1095 3778 Pater
1150 3722 1340 3778 factus
1378 3726 1468 3777 est
1497 3722 1664 3778 nobis
1693 3721 1874 3777 turris
1905 3722 2014 3777 for-

365 3811 638 3869 titudinis
668 3830 680 3868 :
715 3811 976 3869 exultans
1006 3829 1114 3868 nos
1142 3811 1200 3866 in
1250 3816 1432 3884 petra,
1483 3811 1541 3866 id
1573 3815 1661 3867 est
1692 3811 1747 3866 in
1781 3809 2010 3867 Christo

367 3918 495 3959 suo.
527 3902 633 3974 Tu,
693 3900 939 3972 Christe,
994 3901 1172 3957 turris
1231 3900 1642 3967 fortitudinish
1680 3900 1779 3973 qui
1823 3901 2010 3956 vicisti

366 3990 686 4062 diabolum,
716 3995 774 4046 et
819 3990 1094 4064 dignatus
1137 4007 1200 4046 es
1246 3990 1365 4062 pati
1419 3998 1653 4062 propter
1705 4005 1830 4045 nos.
1864 3989 2014 4045 Sunt

335 4148 339 4153 θ
367 4096 502 4153 ergo
530 4084 724 4137 turres
752 4079 1133 4147 infirmitatis,
1166 4079 1224 4134 id
1256 4082 1363 4145 est,
1396 4077 1479 4132 illi
1503 4078 1601 4150 qui
1628 4078 1932 4133 conﬁdunt
1952 4078 2010 4133 in

364 4169 578 4224 virtute
628 4185 754 4236 sua,
816 4168 968 4223 sicut
1026 4167 1084 4221 in
1144 4166 1452 4239 Evangelia
1510 4166 1847 4223 dicilur:Si
1880 4166 2013 4239 quis

366 4255 492 4313 vult
519 4260 741 4311 turrem
772 4255 1078 4322 aediﬁcare,
1134 4258 1191 4309 et
1239 4271 1354 4309 non
1404 4259 1707 4326 computat
1737 4260 2013 4327 sumptus

346 4328 518 4416 ejus,
549 4349 606 4400 et
633 4342 881 4487 reliqiilia,
912 4348 1114 4415 postea
1143 4343 1242 4415 qui
1289 4342 1540 4398 viderint
1569 4343 1815 4399 illudent
1843 4345 1893 4401 ei
1924 4345 2012 4400 di-

368 4437 603 4487 centes:
635 4431 728 4487 bic
815 4448 947 4487 omo
995 4430 1169 4487 creuit
1216 4429 1520 4487 aedificare.
1571 4437 1628 4487 et
1678 4448 1793 4487 non
1827 4433 2012 4487 notuit

368 4437 603 4494 centes:
635 4431 728 4489 hic
771 4429 947 4488 homo
995 4430 1169 4503 ccepit
1216 4429 1520 4499 aedificare,
1571 4437 1628 4488 et
1678 4448 1793 4488 non
1826 4433 2016 4506 potuit

367 4514 795 4580 consummare.

440 4636 467 4663 ‹‹
500 4610 846 4668 Inhabitabo
878 4610 938 4665 in
972 4609 1344 4666 tabernaculo
1374 4612 1475 4665 tuo
1507 4609 1566 4665 in
1619 4609 1851 4667 saecula.
1888 4633 1917 4660 »
1951 4613 2013 4667 In

329 4699 467 4777 ‘illo
518 4700 739 4789 utique,
790 4699 890 4755 ubi
940 4699 1066 4789 sine
1109 4698 1224 4755 ﬁne
1272 4698 1535 4789 mansuri
1590 4699 1769 4755 Deum
1791 4700 2089 4789 jugiterD

2120 3472 2283 3529 spem
2315 3472 2556 3527 ponens,
2591 3456 2877 3526 subjecit:

2191 3545 2346 3599 «Sic
2395 3542 2642 3616 psallam
2700 3543 2923 3599 nomini
2978 3549 3101 3611 tuo,
3154 3546 3329 3618 Deus,
3393 3549 3451 3604 in
3485 3551 3765 3609 saeculum

2120 3633 2337 3690 szeculi.
2377 3655 2404 3681 ››
2460 3632 2581 3687 Vox
2638 3633 2925 3704 Ecclesiae,
2986 3636 3251 3707 Psallam,
3319 3639 3666 3713 praedicabo,
3711 3645 3770 3698 et

2120 3740 2291 3795 opere
2322 3722 2643 3793 complebo.
2683 3744 2710 3773 «
2738 3722 2811 3778 Ut
2850 3724 3089 3780 reddam
3129 3730 3262 3782 vota
3309 3744 3441 3783 mea
3487 3729 3558 3785 de
3585 3730 3678 3786 die
3707 3730 3767 3786 in

2121 3812 2297 3868 diem.
2334 3836 2355 3865 ι
2394 3835 2422 3862 ‹‹
2454 3811 2527 3867 Ut
2558 3812 2798 3867 reddam
2853 3818 2983 3868 vota
3035 3830 3184 3881 mea,
3242 3815 3298 3871 id
3334 3824 3442 3888 est,
3476 3818 3764 3891 quidquid

2121 3901 2547 3975 spopondimus
2593 3901 2706 3956 Deo
2751 3902 3079 3957 custodire:
3133 3926 3161 3954 ‹‹
3196 3909 3272 3961 De
3301 3906 3395 3962 die
3433 3906 3493 3961 in
3525 3907 3701 3964 diem.
3734 3930 3764 3959 »

2121 3991 2230 4047 hoc
2259 3995 2368 4055 est,
2400 3995 2457 4045 et
2486 3989 2580 4044 hic
2611 3994 2667 4044 te
2696 4005 2928 4062 semper
2955 3991 3214 4063 laudare,
3247 3998 3304 4048 et
3332 3994 3389 4049 in
3423 3995 3621 4051 futuro
3643 3997 3769 4053 sine

2124 4081 2255 4135 ﬁne.
2290 4078 2503 4135 Psallet
2543 4078 2779 4134 assidue
2827 4084 2884 4133 et
2935 4085 3066 4135 vota
3105 4081 3330 4153 jugiter
3376 4084 3597 4151 reddet,
3632 4101 3767 4142 cum

2122 4170 2415 4240 corruptio
2447 4167 2707 4239 corporis
2736 4166 2917 4237 hujus
2950 4168 3203 4225 induerit
3247 4170 3765 4244 incorruptionem,

2121 4263 2178 4314 et
2208 4255 2456 4312 mortale
2493 4255 2601 4311 hoc
2650 4255 2909 4312 induerit
2951 4256 3475 4326 immortalitatem,
3505 4266 3562 4317 et
3591 4262 3767 4318 reful-

2123 4347 2263 4403 serit
2294 4347 2339 4418 (1
2369 4345 2488 4401 Cor.
2521 4362 2615 4416 xv,
2648 4346 2759 4416 53).
2819 4346 2980 4413 Quod
3039 4351 3095 4401 et
3150 4348 3319 4404 nobis
3376 4355 3650 4421 praestare
3678 4351 3767 4407 di-

2123 4441 2357 4510 gnetur,
2418 4438 2483 4490 ut
2540 4436 2865 4491 conformes
2923 4435 3058 4490 facti
3114 4436 3311 4508 gloriae
3368 4455 3509 4510 suae,
3551 4440 3770 4496 erutia

2122 4523 2491 4597 corruptione
2537 4524 2746 4579 mortis
2792 4525 3082 4589 secundae,
3149 4525 3392 4597 psallere
3440 4543 3772 4584 mereamur

2123 4613 2348 4670 nomini
2378 4614 2506 4685 ejus
2535 4614 2593 4668 in
2625 4612 3022 4684 spiritualium
3054 4613 3346 4671 oblatione
3371 4622 3658 4673 votorum.

2690 4718 3012 4775 PSALMUS
3059 4721 3197 4777 LXI.

366 4787 975 4886 φοηῐθωΡῙδδίξηυςνε
1010 4788 1282 4886 Ρτίξξθεαν
1320 4788 1378 4843 in
1432 4787 1763 4886 Velamef‘tq
1787 4788 2011 4844 alarum
2043 4787 2061 4789 ί
2123 4813 2192 4866 ιη
2240 4810 2427 4886 ﬁnem,
2459 4824 2558 4879 pro
2588 4806 2856 4886 Idilhgm.
2914 4809 3166 4886 Pjalmus
3220 4811 3408 4886 David.
3469 4814 3769 4886 Istepsal-

365 4882 623 4951 tuarum,
656 4900 685 4930 »
720 4882 828 4934 etc.
864 4882 1013 4934 Dum
1045 4877 1235 4935 adhuc
1281 4893 1611 4934 commoror
1657 4878 1715 4933 in
1748 4878 1858 4935 hoc
1886 4895 2014 4934 cor-

366 4984 524 5040 pore,
546 4970 651 5023 tua
680 4966 916 5023 muniar
942 4967 1316 5040 protectione.
1367 4968 1654 5039 Protegar,
1706 4968 1762 5023 id
1796 4973 1885 5025 est
1913 4968 2012 5025 de-

366 5057 587 5113 fendar.
640 5079 669 5107 «
703 5056 765 5111 In
798 5050 1137 5113 velamento
1185 5056 1435 5112 alarum.
1490 5076 1517 5108 η
1552 5056 1673 5112 Alis
1732 5062 1867 5126 tuae,
1899 5058 2013 5115 duo

364 5149 738 5203 Testamenta
767 5149 924 5217 sunt,
976 5146 1193 5218 quibus
1241 5143 1569 5218 protegitur
1606 5145 1880 5203 Ecclesia.
1916 5146 2012 5205 Vel

366 5235 478 5291 sub
508 5233 862 5308 protectione
890 5235 1238 5291 divinitatis.

376 5334 386 5351 ‘
444 5318 702 5379 cDedisti
723 5322 1121 5380 haareditatem
1147 5323 1493 5379 timentibus
1529 5340 1741 5380 nomen
1764 5328 1955 5380 tuum.
1982 5348 2009 5375 »

364 5411 426 5468 Id
456 5416 565 5482 est,
598 5412 656 5467 in
687 5428 865 5485 regno
896 5413 1174 5469 ccslorum
1218 5412 1537 5486 prmstitisti
1569 5412 1674 5480 eis,
1727 5418 1791 5469 ut
1819 5414 1878 5469 in
1928 5414 2009 5470 vi-

338 5505 484 5557 ‘tam
516 5506 792 5558 aeternam
830 5502 1191 5558 basreditent.

435 5611 463 5641 ‹‹
494 5589 631 5646 Dies
660 5607 835 5664 super
883 5591 1005 5647 dies
1053 5591 1232 5664 regis.
1265 5614 1293 5642 ››
1338 5591 1478 5663 Regi
1529 5596 1773 5659 interno;
1808 5592 1865 5647 id
1897 5597 2006 5658 est,

358 5677 591 5735 Christo
620 5677 887 5747 Domino,
918 5680 1041 5735 dies
1072 5679 1271 5735 aeterni
1294 5685 1451 5748 sunt,
1479 5681 1579 5752 qui
1611 5681 1872 5752 quotidie
1903 5698 2007 5739 su-

358 5767 617 5845 per’dies
646 5772 939 5845 augentur
959 5765 1151 5842 :'quod
1182 5767 1504 5851 claritatem
1535 5769 1663 5843 ejus
1696 5769 1858 5827 nulla
1886 5771 2004 5830 dis-

2194 4896 2327 4955 mus
2357 4879 2595 4952 plenum
2630 4880 2688 4933 in
2731 4879 2849 4935 Deo
2895 4880 3166 4938 aﬁ‘ectum
3221 4883 3513 4955 propheta:
3544 4879 3765 4953 edocet,

2194 4953 2395 5007 dicens
2420 4966 2434 5007 :

2198 5081 2225 5109 ‹‹
2251 5063 2455 5114 Nonne
2485 5057 2600 5112 Deo
2631 5058 2895 5128 subjecta
2925 5060 3038 5115 erit
3084 5060 3282 5116 anima
3333 5061 3509 5117 mea?
3539 5062 3611 5116 ab
3640 5062 3767 5133 ipso

2123 5146 2280 5202 enim
2304 5144 2559 5201 salutare
2582 5159 2801 5199 meum.
2828 5165 2855 5195 »
2881 5145 3077 5202 Potest
3104 5146 3215 5202 hoc
3245 5153 3303 5203 et
3350 5148 3522 5203 homo
3554 5147 3651 5204 ille
3680 5148 3769 5204 di-

2123 5252 2288 5303 cere;
2314 5234 2437 5306 qui,
2462 5232 2682 5289 relictis
2711 5250 2872 5289 vanae
2914 5234 3313 5292 deliramentis
3364 5236 3767 5309 philosOphizs,

2122 5342 2188 5381 ac
2217 5325 2429 5380 erroris
2460 5320 2801 5378 idololatriae
2843 5339 3028 5390 cceno,
3077 5326 3298 5381 mundo
3346 5341 3409 5381 se
3455 5327 3627 5381 corde
3659 5332 3766 5383 Do—

2122 5414 2282 5469 mino
2314 5412 2594 5468 subdidit.
2630 5434 2656 5461 ‹‹
2689 5411 2836 5466 Nam
2868 5414 3067 5484 etipse
3090 5413 3243 5469 Deus
3267 5430 3454 5479 meus,
3479 5419 3536 5470 et
3555 5414 3771 5472 saluta-

2120 5503 2202 5558 ris
2255 5517 2441 5557 meus.
2504 5522 2532 5551 »
2593 5500 2713 5555 Scit
2768 5500 2921 5556 enim
2981 5502 3234 5558 salutare
3291 5503 3521 5573 mundi,
3563 5504 3767 5562 Jesum

2119 5590 2414 5646 Christum
2436 5587 2694 5644 hominis
2721 5589 2967 5645 formam
2991 5592 3338 5663 suscepisse,
3364 5594 3461 5664 qui
3491 5609 3552 5648 se
3574 5597 3766 5651 trans-

2121 5682 2265 5737 ferat
2295 5696 2329 5735 a
2360 5682 2544 5734 morte
2574 5678 2634 5732 in
2666 5678 2865 5734 vitam.
2901 5680 2986 5733 Ab
3018 5680 3145 5752 ipso
3175 5681 3332 5736 enim
3368 5686 3478 5736 Deo
3509 5681 3767 5740 salutare

2119 5786 2354 5828 meum:
2406 5768 2559 5826 sicut
2611 5768 2757 5823 dixit
2812 5768 3089 5828 Simeon:
3146 5771 3289 5841 Quia
3336 5771 3591 5829 viderunt
3619 5772 3768 5831 oculi
