4256 6584
567 452 724 514 1059

2061 442 2477 508 APPENDIX.

3813 451 3837 507 Ι
3851 448 3974 510 060

565 587 674 638 mei
701 583 944 637 salutare
972 585 1130 636 tuum
1157 582 1304 652 (Luc.
1367 598 1429 649 ιι,
1473 583 1583 650 30).
1643 582 1711 636 Et
1768 581 1827 634 in
1884 579 1996 635 alio
2025 579 2204 634 dicit:
2239 580 2290 652 Α
2322 573 3002 646 decipiuntinnocentes.
3029 573 3152 629 Filii
3181 571 3459 645 hominis,
3487 573 3592 629 filii
3631 575 3969 648 Adam,ﬁlii

565 673 817 728 Salulure
860 672 1042 726 vultus
1095 673 1221 737 mei,
1279 671 1420 725 Deus
1475 687 1627 725 meus
1680 672 1848 742 (Psal.
1907 686 2016 733 xu,
2047 668 2202 736 6,7).

565 784 594 812 «
628 761 873 832 Adjutor
904 777 1090 826 meus,
1125 776 1238 815 non
1273 760 1545 815 movebor
1570 760 1845 830 amplius.
1882 782 1908 807 »
1943 758 2208 812 Firmiter

561 851 717 908 enim
773 867 835 906 se
891 850 948 904 in
1005 866 1071 904 eo
1116 854 1406 904 staturum
1458 849 1717 903 conlidit.
1749 848 1996 918 Adjutor
2039 862 2205 901 meus

562 941 620 996 in
652 940 938 1012 przssenti,
972 945 1277 1010 susceptor
1321 939 1380 992 in
1439 939 1757 992 aeternitate
1817 941 1943 1009 Ipse
2008 941 2208 1007 postea

562 1047 678 1084 non
711 1031 878 1084 timet
916 1030 1140 1084 cadere.
1194 1029 1315 1083 Non
1355 1027 1530 1083 habet
1572 1028 1671 1081 ubi
1702 1031 1898 1080 currat
1929 1024 2202 1095 amplius,

562 1119 674 1174 nisi
710 1135 894 1190 usque
941 1119 1010 1172 ad
1065 1123 1264 1172 Deum.
1315 1115 1574 1188 Apostoli
1625 1116 1896 1170 dixerunt
1935 1113 2005 1168 ad
2041 1110 2204 1167 Chri-

560 1213 718 1263 stum
753 1223 765 1262 :
798 1209 1045 1277 Domine,
1074 1207 1289 1261 ostende
1319 1205 1476 1260 nobis
1523 1206 1762 1270 Patrem,
1803 1211 1855 1260 el
1882 1203 2086 1273 sufﬁcit
2115 1217 2206 1256 no-

561 1298 642 1352 bis
673 1299 848 1367 (Joan.
881 1313 996 1366 XIX,
1023 1298 1099 1364 8),

630 1410 656 1434 ‹‹
691 1387 1002 1456 Quousque
1028 1384 1251 1440 irruitis
1283 1384 1338 1438 in
1379 1382 1697 1447 hominem,
1721 1380 2049 1436 interlicitis
2074 1380 2202 1434 uni-

557 1475 703 1530 versi
735 1492 856 1543 vos,
917 1480 1198 1544 tanquam
1259 1472 1460 1545 parieti
1521 1471 1824 1535 inclinato,
1857 1477 1912 1524 et
1941 1468 2202 1524 maceriae

557 1563 858 1635 depulere?
893 1587 911 1614 ι
962 1562 1087 1617 Non
1135 1561 1257 1616 vult
1303 1561 1670 1632 asquiescere
1716 1559 1956 1630 iniquis,
1995 1558 2093 1629 qui
2127 1563 2205 1612 te-

557 1669 701 1708 nues
733 1651 1035 1707 hominum
1062 1667 1128 1705 ac
1150 1650 1384 1704 vitiosas
1407 1654 1652 1710 mentes,
1677 1647 1735 1702 in
1777 1664 1924 1702 nova
1948 1646 2204 1700 facinora

555 1739 834 1795 inclinare
859 1738 1237 1810 compellunt.
1287 1737 1646 1792 Interllcictis
1691 1754 1792 1791 vos
1839 1752 2060 1790 omnes.
2094 1733 2202 1797 Qui

556 1829 914 1884 voluntatem
946 1827 1122 1882 habet
1151 1827 1471 1894 occidendi,
1505 1826 1731 1880 etiamsi
1758 1841 1868 1879 non
1895 1822 2199 1896 percutiat,

562 1917 791 1972 occidit.
828 1939 853 1966 ‹‹
895 1917 1069 1981 Quasi
1125 1915 1328 1988 parieti
1379 1914 1680 1980 inclinato,
1711 1916 2064 1969 ct'maceriae
2099 1913 2197 1966 de-

559 2005 761 2079 pulsae.
795 2024 820 2056 ι
859 2005 1002 2060 Cum
1034 2021 1138 2077 ego
1171 2005 1499 2076 passionem
1553 2004 1667 2075 pati
1719 2003 2070 2072 advenerim,
2103 2019 2201 2057 vos

558 2095 726 2166 quasi
751 2094 997 2148 invitum
1023 2093 1166 2148 mori
1195 2093 1421 2164 cogitis.
1448 2091 1645 2160 Aliter,
1669 2092 1846 2147 Juxta
1866 2089 2200 2163 Symmachi

559 2191 749 2238 tamen
781 2183 1361 2255 interpretationem:
1397 2205 1424 2230 «
1459 2181 1752 2237 Naturalis
1808 2183 1866 2234 in
1914 2180 2076 2236 vobis
2107 2180 2199 2234 in-

554 2289 755 2328 versus
786 2277 874 2327 est
904 2289 1151 2328 sensus:
1187 2278 1248 2326 ut
1279 2288 1413 2326 cum
1448 2273 1584 2326 recti
1638 2271 1767 2322 citis
1803 2270 2002 2333 creati,
2034 2268 2198 2340 proni

556 2362 625 2417 ad
661 2362 890 2416 ruinam
926 2361 1211 2416 feramini.
1251 2386 1270 2412 ιι

631 2471 652 2500 α
687 2449 1100 2505 Verumtamen
1134 2450 1385 2522 pretium
1439 2467 1632 2504 meum
1682 2449 2080 2520 cogitaverunt
2113 2463 2198 2502 re-

555 2538 804 2611 pellere:
838 2538 1067 2594 cucurri
1100 2539 1156 2594 in
1204 2540 1320 2594 siti.
1355 2558 1380 2588 ι
1437 2538 1695 2594 Declinat
1745 2555 1778 2592 a
1827 2537 2064 2606 talibus,
2099 2537 2193 2607 qui

554 2645 666 2683 non
700 2627 891 2682 solum
925 2635 1250 2698 peccatores
1279 2628 1627 2700 impugnant
1655 2645 1667 2687 :
1702 2628 1799 2683 sed
1828 2627 2199 2698 etiamjustis

550 2717 830 2772 honorem
859 2717 1085 2771 auferre
1135 2717 1418 2772 nituntur.
1475 2718 1604 2772 Ideo
1653 2717 1836 2771 currit
1884 2719 1942 2770 in
1993 2721 2198 2771 sancta

549 2807 682 2861 siti:
715 2806 852 2877 quia
905 2807 1056 2861 beati
1112 2811 1250 2862 sunt
1308 2806 1407 2878 qui
1467 2806 1733 2861 esuriunt
1780 2811 1835 2861 et
1867 2807 2079 2861 sitiunt
2104 2808 2197 2877 ju-

547 2896 770 2950 stitiam
801 2896 1014 2965 (Matth.
1043 2913 1097 2964 v,
1129 2897 1205 2966 6).
1241 2895 1474 2950 Cucurri
1502 2898 1558 2950 in
1591 2898 1705 2951 siti.
1740 2897 2008 2952 Cucurrit
2038 2895 2196 2951 Chri-

547 2990 675 3038 stus
704 2984 775 3038 de
804 2983 965 3052 colo,
998 2985 1153 3040 venit
1182 2985 1241 3038 in
1274 2990 1525 3051 uterum,
1580 2985 1650 3039 de
1698 2989 1860 3039 utero
1892 2985 1949 3039 in
1983 3003 2193 3057 praise-

549 3071 747 3144 pium:
790 3073 876 3127 vel
909 3079 1112 3127 caetera
1145 3073 1235 3127 his
1265 3073 1501 3128 similia.
1535 3074 1806 3128 Cucurrit
1838 3073 2064 3144 sitiens,
2096 3090 2189 3129 ve-

550 3161 635 3215 nit
659 3161 730 3216 ad
766 3161 980 3216 fontem
1013 3178 1024 3216 :
1060 3163 1344 3231 esuriens,
1381 3163 1535 3217 venit
1567 3163 1636 3217 ad
1671 3163 1959 3217 arborem.
1995 3163 2094 3218 Vel
2121 3163 2194 3218 si-

547 3247 693 3318 tivit,
717 3248 774 3302 id
798 3254 905 3314 est,
924 3249 981 3304 in
1006 3265 1174 3304 cruce
1197 3249 1444 3304 salutem
1470 3249 1711 3304 humani
1735 3250 1965 3320 generis
1991 3249 2187 3305 sitivit.

2316 665 2788 736 transgressoris.
2840 662 3001 718 Unde
3049 662 3223 718 dicit:
3275 663 3406 718 Filii
3452 662 3738 723 hominum
3766 683 3966 739 usque-

2315 769 2417 823 quo
2446 757 2606 824 gravi.
2633 753 2790 809 corde
2821 753 2988 823 (Psal.
3038 769 3114 820 ιν,
3163 751 3263 820 3)?
3303 775 3330 802 ‹‹
3365 752 3672 810 Mendaces
3724 755 3828 810 filii
3854 757 3968 814 bo-

2320 859 2459 897 num
2493 844 2552 897 in
2592 842 2845 898 steteris.
2884 865 2910 890 ››
2945 841 3220 896 Salomon
3272 841 3450 896 dicit:
3502 843 3720 901 Pondus
3751 853 3964 918 etpon-

2315 931 2437 997 dus,
2480 947 2734 986 mensura
2791 934 2842 984 et
2898 947 3192 985 mensura:
3253 939 3546 1004 utrumque
3600 933 3970 993 abominabile

2315 1020 2458 1090 apud
2492 1025 2660 1075 Deum
2691 1022 2871 1090 (Prov.
2907 1036 3004 1085 xx,
3052 1021 3159 1088 IO).
3221 1020 3290 1074 Et
3343 1019 3401 1074 iu
3463 1020 3573 1077 alio
3631 1021 3754 1080 loco
3784 1025 3962 1082 dicit:

2316 1110 2532 1164 Statera
2551 1110 2738 1164 dolosa
2771 1109 3160 1166 abominabilis
3190 1109 3435 1178 Domino,
3485 1119 3536 1166 et
3576 1112 3786 1183 pondus
3823 1132 3970 1188 aequ-

2313 1215 2405 1253 um
2438 1199 2686 1254 voluntas
2713 1199 2833 1268 ejus
2865 1200 3048 1268 (Prov.
3080 1214 3160 1268 x1,
3198 1199 3270 1267 1).

2394 1307 2420 1340 α
2451 1286 2637 1342 Nolite
2668 1304 2900 1358 sperare
2932 1287 2989 1342 in
3023 1287 3356 1358 iniquitate.
3409 1292 3466 1343 et
3516 1290 3752 1362 rapinas
3783 1292 3960 1350 nolite

2314 1377 2724 1448 concupiscere
2753 1393 2764 1430 :
2818 1376 3034 1431 divitiae
3071 1375 3119 1431 si
3170 1375 3435 1448 afﬂuant,
3461 1375 3643 1435 nolite
3665 1395 3761 1436 cor
3790 1398 3964 1455 appa-

2315 1483 2470 1522 ῃθι-ρ,
2508 1489 2532 1514 ››
2565 1466 2711 1530 Quia
2741 1466 2840 1537 qui
2874 1465 2931 1520 in
2965 1465 3059 1520 his
3090 1465 3435 1537 speraverit,
3483 1483 3726 1540 regnum
3759 1486 3963 1544 capere

2314 1555 2542 1611 caeleste
2564 1571 2676 1609 non
2718 1559 2927 1626 potest.
2957 1554 3118 1610 Unde
3142 1555 3283 1610 dicit
3318 1554 3630 1627 Apostolus
3669 1558 3739 1614 ad
3767 1560 3958 1617 Timo-

2311 1642 2512 1697 theum
2541 1659 2552 1697 :
2591 1645 2833 1714 Praecipe
2863 1644 3128 1698 divitibus
3156 1643 3322 1714 hujus
3365 1645 3562 1700 seculi
3605 1661 3712 1702 non
3742 1663 3964 1720 sperare

2313 1734 2368 1786 in
2401 1733 2605 1787 incerto
2634 1733 3005 1799 divitiarum;
3039 1733 3131 1787 sed
3163 1735 3218 1787 in
3257 1734 3364 1787 Deo
3413 1735 3561 1800 vivo,
3614 1737 3711 1807 qui
3735 1743 3961 1808 prestat

2311 1821 2463 1876 nobis
2495 1824 2678 1875 omnia
2709 1823 3061 1877 abundanter
3089 1821 3158 1877 ad
3186 1824 3486 1892 fruendum
3516 1824 3564 1895 (Ι
3594 1825 3724 1880 Tim.
3747 1828 3958 1899 v1.17).

2382 1931 2409 1960 ‹‹
2444 1909 2634 1965 Semel
2667 1910 2896 1966 locutus
2925 1915 3014 1966 est
3070 1911 3222 1966 Deus
3265 1912 3380 1967 duo
3415 1933 3442 1961 η
3502 1913 3657 1984 quod
3690 1915 3770 1969 ait
3797 1917 3962 1976 semel

2312 1998 2652 2055 ﬁrmitatem
2685 1999 2976 2055 dictorum
3011 2000 3284 2068 ostendit,
3318 2001 3495 2074 quod,
3526 2002 3652 2071 duo,
3686 2003 3822 2060 Novi
3852 2005 3958 2064 Ve-

2311 2087 2568 2159 tcrisque
2600 2090 2956 2144 Testamenti
3013 2105 3196 2144 unum
3246 2090 3611 2147 demonstrat
3641 2099 3956 2164 auctorem,

2313 2199 2339 2225 ‹‹
2372 2177 2555 2233 Semel
2587 2176 2819 2233 locutus
2852 2186 2937 2234 cst
2969 2179 3121 2234 Deus
3152 2179 3287 2245 duo,
3317 2202 3344 2229 »
3377 2179 3495 2236 haec
3536 2181 3728 2238 audivi
3753 2201 3766 2242 :
3792 2187 3960 2242 semel

2312 2283 2428 2320 non
2449 2267 2521 2321 ad
2550 2283 2864 2321 numerum
2885 2268 3254 2324 referendum
3278 2273 3385 2338 est,
3425 2271 3524 2326 sed
3561 2271 3633 2325 ad
3657 2273 3957 2332 sententia:

2314 2354 2668 2410 ﬁrmitatem.
2697 2357 2829 2418 Quae
2863 2360 3000 2412 sunt
3031 2362 3228 2414 autem
3282 2374 3409 2429 qua;
3462 2361 3576 2415 duo
3607 2362 3823 2432 pariter
3852 2380 3955 2426 au-

2310 2443 2498 2498 divit?
2530 2445 2594 2499 Et
2625 2461 2794 2516 posse
2825 2446 3001 2500 Deum
3034 2447 3252 2514 omnia,
3283 2452 3339 2502 et
3379 2448 3436 2502 in
3486 2449 3578 2504 sui
3624 2449 3829 2520 judicii
3859 2468 3954 2508 ve-

2309 2532 2479 2587 ritate
2519 2533 2804 2589 misereri.
2859 2534 3107 2600 Quidam
3159 2535 3240 2590 ita
3287 2535 3528 2592 dicunt:
3582 2538 3770 2595 Semel
3804 2545 3956 2598 Deus

2309 2619 2540 2676 locutus
2570 2627 2659 2677 est
2691 2622 2748 2677 in
2779 2621 2925 2694 lege,
2959 2629 3015 2677 et
3045 2623 3247 2679 eadem
3297 2641 3504 2681 rursus
3555 2626 3613 2682 in
3648 2628 3954 2700 Evangelio

2309 2710 2601 2782 praecipit:
2641 2731 2666 2762 ι
2696 2711 2825 2766 Ηωο
2874 2713 3090 2777 audivi,
3142 2712 3278 2785 quia
3339 2713 3593 2786 potestas
3651 2716 3749 2773 Dei
3781 2723 3886 2775 est.
3924 2741 3954 2768 ››

2309 2799 2557 2854 Pcrhaec
2589 2802 2702 2856 duo
2757 2802 3152 2868 Testamenta,
3205 2807 3573 2874 potestatem,
3624 2807 3953 2864 misericor-

2305 2888 2920 2960 diam,justitiamque
2952 2891 3051 2947 Dei
3087 2892 3395 2965 cognovit:
3450 2893 3602 2950 sicut
3645 2896 3949 2969 sequitur:

2303 2999 2331 3024 ‹‹
2367 2977 2434 3030 Et
2481 2978 2606 3045 tibi,
2659 2979 2921 3046 Domine,
2976 2979 3398 3051 misericordia,
3453 2983 3592 3055 quia
3643 2988 3702 3040 tu
3744 2987 3952 3044 reddes

2305 3065 2813 3138 unicuiquejuxta
2843 3084 3018 3138 opera
3047 3085 3174 3124 sua.
3213 3092 3239 3117 ››
3284 3071 3411 3143 Ipse
3461 3072 3618 3128 enim
3663 3089 3831 3130 omne
3854 3075 3954 3146 ju-

2303 3154 2521 3231 dicium
2544 3156 2765 3227 accepit
2796 3173 2828 3212 a
2860 3157 3025 3212 Patre
3056 3160 3236 3227 (Joan.
3270 3176 3327 3227 v,
3359 3161 3471 3231 27),
3507 3165 3571 3216 ut
3601 3161 3948 3235 negligenti-

2302 3244 2410 3299 bus
2462 3244 2922 3312 damnationem,
2978 3247 3397 3318 pmnitentibus
3460 3249 3944 3322 misericordiam,

546 3336 708 3392 Unde
737 3337 956 3392 dictum
989 3343 1116 3392 est:
1173 3339 1248 3392 De
1304 3342 1550 3392 torrente
1607 3339 1665 3391 in
1724 3338 1812 3392 via
1858 3339 1993 3392 bibit
2018 3338 2186 3406 (Psal.
2224 3338 2266 3402 C
2296 3334 2478 3404 justis
2511 3335 2748 3406 praemia
2779 3342 3078 3407 praeparet,
3113 3337 3210 3408 qui
3261 3353 3366 3394 nos
3416 3355 3450 3394 a
3487 3339 3712 3409 judicio
3744 3342 3948 3399 mortis

545 3443 656 3493 Cix,
686 3428 763 3496 7).
799 3427 866 3480 Et
922 3427 1106 3482 sancti
1164 3434 1408 3482 currunt
1462 3433 1518 3482 et
1577 3426 1819 3482 sitiunt:
1855 3433 2099 3482 currunt
2131 3434 2193 3482 ut

544 3514 762 3571 Paulus
805 3517 982 3571 dicit:
1035 3516 1268 3571 Cursum
1323 3519 1714 3585 consummavi,
1767 3516 1927 3584 ﬁdem
1981 3519 2194 3573 servavi

544 3607 612 3673 (ll
643 3607 774 3659 Tim.
808 3622 881 3672 ιν,
913 3607 990 3673 7).
1025 3605 1264 3682 Sitiunt,
1326 3613 1389 3662 ut
1445 3608 1667 3661 dictum
1727 3612 1849 3660 est:
1897 3607 2051 3661 Beati
2088 3608 2187 3678 qui

545 3693 814 3748 esuriunt
845 3699 901 3748 et
931 3694 1454 3764 sitiuntjustitiam
1482 3711 1494 3749 :
1525 3695 1800 3765 quoniam
1833 3696 1944 3766 ipsi
1968 3701 2190 3752 satura-

546 3781 786 3836 buntur.
847 3803 868 3830 σι
920 3782 1029 3837 Ore
1084 3799 1189 3838 suo
1248 3782 1685 3852 benedicebant,
1745 3790 1801 3837 et
1859 3787 2029 3840 corde
2082 3803 2188 3841 suo

543 3868 984 3925 maledicebant.
1025 3894 1052 3920 »
1108 3872 1476 3926 Proferebant
1526 3873 1596 3926 ad
1647 3873 2045 3930 seducendum
2093 3892 2188 3932 ore

540 3959 794 4014 venefico
822 3960 991 4030 bona,
1025 3976 1157 4015 cum
1193 3961 1345 4017 mala
1373 3961 1648 4016 cordibus
1681 3963 2015 4019 retinerent.

616 4071 636 4098 ι
672 4047 1086 4105 Verumtamen
1141 4049 1255 4106 Deo
1302 4051 1565 4122 subjecta
1615 4052 1724 4106 erit
1771 4052 1967 4108 anima
2016 4070 2180 4109 mea:

539 4137 612 4192 ab
641 4136 768 4209 ipso
801 4138 956 4193 enim
1005 4139 1261 4195 salutare
1311 4157 1527 4195 meum.
1581 4140 1725 4196 Nam
1774 4147 1830 4196 et
1875 4141 1998 4213 ipse
2031 4143 2183 4199 Deus

539 4242 724 4294 meus,
759 4231 817 4282 et
847 4229 1122 4283 salutaris
1153 4246 1339 4296 meus,
1391 4231 1626 4300 adjutor
1673 4247 1840 4286 meus
1890 4248 2001 4285 non
2036 4233 2181 4288 emi-

537 4317 737 4387 grabo.
795 4317 856 4372 In
912 4319 1026 4372 Deu
1081 4319 1335 4374 salutare
1391 4336 1608 4388 meum,
1657 4320 1841 4390 gloria
1872 4338 1999 4377 mea
2034 4327 2182 4379 Deus

537 4406 734 4460 auxilii
767 4407 897 4477 mei,
927 4413 982 4461 et
1013 4424 1145 4478 spes
1180 4425 1309 4463 mea
1355 4407 1412 4461 in
1466 4408 1579 4463 Deo
1632 4415 1738 4465 est.
1780 4433 1806 4456 η
1840 4411 1974 4465 Post
2005 4412 2179 4467 inter-

527 4493 841 4564 jectionem
878 4495 1287 4567 Diapsalmatis
1335 4497 1641 4568 profitetur
1689 4516 1750 4554 se
1792 4499 1910 4553 sive
1943 4502 2180 4570 adjuto-

535 4583 709 4651 rium,
744 4584 860 4639 sive
891 4584 1134 4655 gloriam
1180 4589 1250 4641 ab
1304 4587 1428 4658 ipso
1484 4588 1714 4653 habere,
1762 4590 1860 4659 qui
1913 4591 2077 4646 nobis
2108 4593 2180 4647 de

533 4670 626 4728 his
657 4672 930 4728 omnibus
977 4692 1010 4728 a
1057 4675 1346 4746 passionis
1395 4694 1511 4733 sua:
1562 4679 1915 4734 contumelia
1945 4680 2180 4752 reliquit
2209 4713 2256 4776 D

531 4761 814 4833 exempla.

601 4874 630 4900 ‹‹
664 4853 900 4922 Sperate
933 4856 988 4910 in
1013 4873 1099 4923 eo,
1123 4858 1313 4912 omnis
1349 4859 1719 4930 congregatio
1753 4861 1970 4930 populi.
1998 4884 2025 4911 ››
2052 4863 2178 4932 Ipse

529 4946 695 4997 estet
734 4943 1036 5011 auxilium,
1071 4951 1127 5001 et
1160 4964 1330 5019 spes:
1379 4948 1434 5001 in
1487 4964 1600 5018 quo
1651 4948 1843 5003 omnis
1874 4955 2058 5005 cmtus
2090 4967 2178 5006 ec-

527 5032 887 5088 clesiasticus
931 5051 1163 5106 sperare
1213 5038 1384 5092 debet
1432 5054 1496 5091 ac
1547 5038 1860 5108 deprecari,
1903 5039 2055 5094 sicut
2084 5057 2172 5097 se-

527 5121 763 5191 quitur:
798 5146 826 5171 ‹‹
859 5124 1150 5180 Etl‘undite
1181 5143 1375 5181 coram
1408 5125 1506 5180 illo
1549 5127 1723 5181 corda
1756 5134 1982 5184 vestra:
2019 5129 2173 5186 Deus

526 5208 760 5279 adjutor
788 5217 988 5267 noster
1017 5212 1074 5267 in
1125 5219 1423 5270 aeternum.
1460 5238 1486 5263 »
1538 5214 1596 5269 Si
1646 5232 1774 5270 cum
1824 5216 1959 5272 ﬂetu
1993 5218 2041 5272 ei
2076 5235 2170 5274 oc-

521 5297 677 5353 culta
708 5301 971 5355 cordium
1006 5319 1357 5373 reseramus,
1393 5308 1456 5359 ut
1484 5321 1687 5359 omnes
1721 5305 1940 5360 faciunt
1962 5307 2166 5375 sancti,

520 5388 814 5457 adjutoria
843 5390 971 5458 ejus
1003 5391 1415 5463 adipiscemur.
1468 5393 1612 5448 Nam
1661 5393 1798 5463 quia
1821 5393 1936 5448 hmo
1967 5411 2168 5464 pecca-

523 5482 679 5532 tores
707 5478 1008 5547 omittunt,
1055 5481 1268 5551 adjecit
1300 5498 1313 5538 :
1375 5506 1401 5531 ‹‹
1435 5482 1850 5538 Verumtamen
1899 5484 2028 5537 vani
2066 5485 2165 5539 lilii

521 5563 848 5634 hominum,
884 5570 1194 5625 mendaces
1226 5571 1327 5625 lilii
1379 5571 1688 5625 hominum
1745 5570 1801 5623 in
1835 5572 2070 5628 steteris
2102 5580 2166 5628 ut

521 5653 829 5723 decipiant,
863 5657 973 5728 ipsi
1007 5659 1065 5713 in
1113 5661 1364 5716 vanitate
1423 5661 1480 5714 in
1541 5660 1816 5730 idipsum.
1854 5682 1880 5709 n
1916 5662 2021 5725 Qui
2055 5664 2164 5718 sub

511 5741 756 5815 justitim
788 5748 1204 5819 ponderatione
1260 5755 1436 5825 atque
1491 5747 1835 5822 eloquentia
1887 5752 2162 5830 vanitate,

2302 3423 2510 3494 eripiat
2539 3440 2551 3478 :
2586 3440 2809 3494 nosque
2839 3423 2951 3480 sibi
2979 3425 3149 3496 quasi
3191 3424 3462 3482 alumnos
3511 3429 3775 3502 proprios
3807 3431 3944 3486 sub-

2303 3512 2420 3577 dat,
2454 3512 2898 3582 conformesque
2945 3514 3172 3586 corpori
3215 3530 3321 3568 suo
3375 3515 3581 3582 factos,
3641 3517 3944 3575 aeternitati

2303 3607 2591 3671 perpetua:
2623 3601 2933 3673 dignanter
2964 3603 3269 3659 adsciscat.
3325 3627 3351 3654 ‹‹
3383 3605 3530 3669 Quia
3560 3611 3814 3677 potestas
3843 3606 3944 3670 Dei

2298 3695 2405 3744 est.
2444 3713 2470 3738 ››
2503 3691 2763 3746 Potestas
2798 3691 2923 3757 fuit,
2950 3692 3088 3764 quia
3110 3708 3314 3749 omnes
3351 3698 3645 3750 creaturas
3675 3711 3743 3750 ex
3764 3695 3942 3753 nihilo

2298 3779 2531 3834 creavit.
2565 3779 2984 3849 Misericordia,
3015 3781 3073 3835 in
3107 3783 3392 3854 regendo,
3442 3787 3498 3838 et
3543 3783 3946 3857 gubernando.

2298 3872 2562 3924 Potestas
2586 3867 2694 3922 luit
2717 3869 2774 3922 in
2807 3867 3021 3924 diluvio
3050 3887 3062 3937 ;
3106 3870 3509 3930 misericordia
3548 3872 3814 3929 liberavit
3834 3873 3949 3934 Noe

2297 3957 2448 4026 (Gen.
2481 3973 2558 4011 vn
2583 3960 2633 4012 et
2665 3959 2809 4026 vni).
2847 3978 2865 4005 α
2897 3958 3042 4023 Quia
3074 3963 3137 4013 tu
3187 3960 3392 4016 reddes
3443 3960 3759 4033 unicuique
3782 3965 3950 4034 juxta

2295 4063 2467 4118 opera
2497 4063 2639 4116 sua;
2679 4068 2705 4095 ››
2739 4046 2888 4101 bona
2914 4047 3108 4118 bonis,
3146 4048 3298 4104 mala
3327 4049 3518 4106 malis.
3545 4050 3799 4108 Damnas
3819 4068 3945 4126 pec-

2295 4139 2537 4204 catores,
2572 4151 2912 4191 remuneras
2943 4137 3159 4208 justos.

2847 4225 3182 4282 PSALMUS
3229 4226 3391 4283 LXII.

2293 4297 2547 4351 Psalmus
2576 4295 2746 4350 David
2776 4313 2902 4351 cum
2954 4304 3093 4352 esset
3154 4300 3213 4352 in
3265 4298 3471 4355 deserto
3528 4299 3798 4357 Idume.
3832 4303 3936 4359 Da-

2361 4368 2453 4444 vid
2488 4369 2735 4444 liguram
2791 4372 2975 4444 tenet_
3001 4369 3233 4444 Christi.
3260 4443 3267 4444 ί
3298 4370 3938 4444 David.interpretatur

2359 4441 2524 4510 fortis
2572 4455 2761 4515 manu,
2794 4441 2912 4494 sive
2941 4439 3334 4515 desiderabilis.
3373 4443 3626 4498 Idumam
3656 4439 3933 4515 interpre-

2360 4512 2870 4585 tatursanguinea,
2904 4513 3293 4585 siveiterrena.
3333 4515 3654 4585 Desertum,
3686 4512 3911 4574 hoc‘est

2359 4561 2816 4657 dereliptuixgid
2858 4561 2977 4649 ’est,
3027 4584 3151 4657 ipse
3201 4586 3452 4657 populus
3497 4561 3938 4656 Juda’icuVs;vel

2359 4652 2616 4724 gentilis,
2648 4652 2747 4725 qui
2793 4653 2848 4708 in
2883 4652 3217 4725 sanguine
3248 4652 3336 4710 vel
3394 4658 3640 4712 terrenis
3669 4652 3940 4717 videntur

2358 4724 2729 4780 commorari.
2764 4724 3046 4780 Psalmus’
3065 4727 3348 4782 adventus
3381 4729 3660 4784 Dominici
3683 4729 3938 4785 declarat

2361 4797 2702 4880 mysterium
2734 4814 2746 4851 :
2782 4798 2852 4851 de
2883 4813 3004 4880 quo.
3030 4813 3092 4880 se
3124 4799 3404 4880 propheta
3435 4801 3605 4872 quasi
3636 4800 3934 4858 illumina-

2307 4897 2312 4902 -
2357 4872 2484 4922 tum
2525 4884 2788 4934 cernens,
2822 4869 3075 4924 exsultat
3103 4875 3160 4925 et
3190 4869 3333 4926 dicit
3361 4889 3373 4927 :

2357 4980 2384 5006 «
2419 4957 2593 5024 Deus,
2625 4957 2780 5012 Deus
2813 4974 3001 5025 meus,
3032 4959 3103 5014 ad
3131 4964 3186 5015 te
3215 4961 3285 5018 de
3311 4960 3440 5018 luce
3478 4961 3678 5034 vigilo.
3715 4984 3742 5011 ››
3778 4962 3936 5026 Licet

2284 5063 2487 5101 omnes
2515 5047 2703 5100 sancti
2736 5046 2794 5101 in
2827 5046 2944 5103 Deo
2973 5047 3070 5104 die
3103 5054 3395 5121 noctuque
3420 5049 3692 5122 vigilent:
3731 5050 3824 5106 hic
3854 5056 3936 5106 ta-

2283 5153 2416 5190 men
2450 5135 2505 5190 in
2535 5135 2797 5191 oratione
2829 5153 2956 5205 sua,
2993 5137 3162 5209 pleno
3207 5138 3412 5195 divinae
3442 5139 3592 5196 lucis
3621 5138 3932 5210 splendore

2283 5224 2545 5295 refulget.
2581 5247 2609 5274 ‹‹
2640 5225 2831 5280 Sitivit
2865 5225 2923 5279 in
2956 5231 3011 5280 te
3041 5225 3237 5282 anima
3267 5244 3419 5297 mea,
3447 5245 3626 5301 quam
3653 5227 3932 5300 multipli-

2281 5314 2424 5368 citer
2444 5314 2547 5368 tibi
2571 5330 2703 5369 caro
2757 5314 2920 5369 mea!
2960 5314 3018 5368 In
3068 5319 3223 5371 terra
3273 5318 3523 5384 deserta,
3573 5323 3632 5374 et
3664 5317 3838 5383 invia,
3869 5321 3929 5374 et

2279 5403 2583 5475 inaquosa.
2620 5425 2647 5452 n
2678 5403 2815 5458 Sitit
2843 5402 2901 5456 in
2941 5408 3070 5468 Deo,
3106 5409 3170 5459 ut
3199 5407 3429 5477 animai,
3465 5412 3521 5462 et
3561 5407 3757 5464 cordis
3786 5406 3923 5471 aﬂ'e-

2277 5499 2370 5546 ctu
2402 5511 2413 5548 :
2448 5491 2592 5547 nihil
2627 5490 2896 5556 dubium,
2930 5491 3076 5546 nihil
3109 5493 3417 5552 adversum
3449 5497 3506 5552 in
3539 5513 3598 5552 se
3627 5497 3920 5552 retinens:

2275 5582 2374 5637 sed
2409 5582 2560 5637 inter
2608 5580 2909 5636 ariditates
2968 5597 3033 5636 ac
3090 5583 3438 5642 solitudines
3498 5585 3670 5643 istius
3702 5583 3921 5651 seculi,

2274 5688 2406 5726 cum
2441 5675 2559 5726 tota
2592 5674 2782 5725 mente
2811 5669 3128 5729 desiderat:
3162 5672 3330 5730 illum
3375 5675 3599 5732 habens
3629 5674 3922 5740 ardorem,

2272 5777 2387 5832 quo
2408 5758 2644 5833 justitia
2671 5756 2772 5816 Dei
2804 5757 3022 5818 sititur.
3056 5784 3084 5814 α
3110 5762 3300 5824 Sitivit
3337 5764 3398 5822 in
3445 5767 3502 5824 te
3533 5764 3733 5825 anima
3762 5777 3916 5838 mea;
