4256 6606
293 476 444 539 1061
1471 473 1962 536 BREVIARIUM

2134 472 2512 534 PSALMOS.
3544 481 3702 541 1062

292 624 470 682 quam
501 604 904 680 multipliciter
930 604 1036 661 tibi
1066 619 1200 660 caro
1231 619 1379 660 mea.
1409 626 1430 655 ιο
1464 605 1676 662 Anima
1700 605 1939 678 quidem
1972 608 2024 678 Α
2054 607 2405 662 conﬁtentur
2429 605 2778 677 adjutorem,
2811 605 2949 679 quia
2978 622 3080 680 per
3111 607 3507 682 integritatem
3539 612 3699 686 ﬁdei,

293 697 586 754 desiderat
614 696 830 762 Deum;
862 693 965 751 sed
996 693 1067 748 ad
1098 693 1494 750 desideratum
1529 695 1702 751 finem
1750 694 1944 751 carnis
2055 694 2345 749 matutina
2387 693 2515 764 ejus
2545 691 2865 749 delectatur
2886 696 3331 753 resurrectione.
3367 698 3621 756 Ultinam
3646 708 3705 757 et

293 786 596 849 laboribus
625 783 975 858 pervenitur.
1010 783 1142 840 Ideo
1172 782 1573 856 multipliciter
1598 801 1729 840 caro
1765 786 1944 841 Deum
2054 799 2162 839 nos
2185 799 2285 855 per
2317 781 2687 854 splendorem
2720 784 2847 855 puri
2880 784 3128 855 pectoris
3152 803 3514 845 mereremur
3544 789 3602 845 in
3635 807 3702 847 eo

299 874 505 948 quarit
543 890 557 943 ;
590 874 730 946 quia
777 871 981 929 multis
1032 871 1311 928 afﬂicitur
1355 871 1613 943 injuriis.
1661 873 1948 929 Describit
2057 870 2347 943 spirituali
2377 871 2577 926 laetitia
2607 871 2903 929 delectari.

290 963 441 1036 justi
471 963 578 1017 viri
608 965 946 1036 egestatem,
975 965 1288 1028 tormenta,
1318 960 1946 1035 vigiliaSymgrotatio-
2129 983 2157 1009 «
2190 961 2257 1014 Et
2286 963 2346 1015 in
2376 958 2700 1015 velamento
2739 961 2965 1018 alarum
3012 966 3247 1020 tuarum
3296 966 3618 1025 exsultabo.
3672 990 3700 1019 ι)

300 1068 458 1109 nem.
510 1051 699 1107 Sitivit
751 1050 1031 1107 Dominus
1078 1049 1254 1104 ﬁdem
1301 1049 1587 1118 Ecclesite,
1620 1056 1678 1106 et
1706 1050 1951 1106 esurivit
2058 1049 2922 1121 Ca:lestis,auxiliiproiectione
2944 1069 3005 1108 se
3024 1054 3337 1110 tutandum
3366 1060 3550 1128 putat;
3575 1057 3705 1113 ideo

2060 1137 2119 1193 in
2150 1154 2217 1194 eo
2242 1139 2515 1194 exsultat.
2555 1158 2581 1190 α
2609 1139 2867 1195 Adhzesit
2895 1141 3094 1196 anima
3128 1158 3260 1198 mea
3310 1150 3442 1216 post
3477 1151 3533 1200 te
3565 1164 3577 1202 :
3613 1161 3706 1202 me

2060 1227 2319 1298 suscepit
2343 1227 2578 1282 dextera
2606 1231 2724 1282 tua.
2763 1250 2791 1277 ››
2825 1228 3042 1285 Relicto
3074 1232 3309 1301 saeculo,
3358 1233 3460 1289 Dei
3510 1234 3705 1290 dexte-

2060 1332 2145 1382 ra,
2189 1316 2245 1370 id
2277 1321 2365 1371 est
2394 1317 2465 1371 ab
2497 1316 2624 1387 ejus
2655 1316 2920 1388 salutari,
2954 1335 3015 1375 se
3047 1326 3384 1392 susceptum
3434 1327 3704 1380 testatur.

2132 1426 2160 1453 ‹‹
2197 1405 2309 1475 Ipsi
2342 1421 2495 1460 vero.
2525 1425 2551 1455 η
2595 1406 2845 1477 Ηοοιθεῐ,
2875 1406 3118 1463 inimici.
3160 1429 3186 1460 «ι
3217 1409 3279 1464 In
3312 1427 3527 1467 vanum
3557 1428 3710 1483 quae—

2062 1492 2288 1547 sierunt
2318 1492 2576 1548 animam
2615 1510 2826 1550 meam.
2866 1518 2892 1543 ››
2915 1495 3060 1561 Quia
3092 1496 3387 1554 incassum
3421 1499 3472 1555 ei
3504 1516 3711 1558 nocere

304 1585 586 1644 tationem
616 1584 905 1641 crucietur
934 1582 991 1638 in
1022 1598 1261 1655 corpore
1294 1598 1307 1638 :
1341 1597 1551 1655 corpus
1584 1587 1779 1640 tamen
1822 1600 1956 1639 sus-
2062 1582 2388 1637 voluerunt.
2431 1604 2456 1631 «
2489 1583 2816 1638 Introibunt
2845 1584 2903 1638 in
2940 1585 3211 1641 inferiora
3238 1591 3423 1643 terrae.
3456 1608 3482 1641 η
3520 1590 3583 1645 In
3615 1589 3710 1646 in-

307 1675 454 1731 tinet
477 1690 513 1730 a
540 1673 681 1730 foris
718 1671 1179 1728 tribulationem.
1230 1669 1369 1727 Vult
1417 1670 1650 1728 liberari
1683 1688 1695 1727 :
1732 1671 1790 1727 id
1840 1677 1951 1740 est,
2067 1670 2226 1725 ferno
2257 1671 2712 1727 damnabantur.
2735 1693 2754 1721 ι
2790 1673 3118 1729 Tradentur
3144 1674 3203 1731 in
3232 1692 3439 1734 manus
3469 1678 3709 1751 gladii.»

306 1764 597 1837 deponere
626 1760 1062 1818 mortalitatem.
1096 1783 1125 1811 ‹‹
1153 1759 1214 1816 In
1248 1764 1402 1816 terra
1433 1761 1684 1832 deserta,
1716 1765 1773 1817 et
1800 1762 1959 1817 invia
2067 1763 2129 1814 In
2162 1760 2606 1831 perpetuitatem
2638 1764 3307 1834 tormentorum,quibus
3328 1766 3710 1823 detruncandi

309 1858 369 1910 et
394 1852 698 1924 inaquosa.
733 1872 762 1911 ››
797 1852 860 1906 In
892 1850 1140 1916 deserto,
1173 1848 1275 1906 ubi
1328 1866 1445 1905 non
1493 1855 1583 1906 est
1627 1850 1722 1906 via
1769 1866 1958 1922 neque
2068 1851 2472 1904 sunt.«Partes
2503 1848 2766 1920 vulpium
2798 1852 3259 1908 erunt.»Sortem
3278 1854 3649 1929 Herodis,qui
3682 1873 3717 1912 a

310 1959 487 2015 aqua,
520 1942 781 1997 mundus
806 1939 1175 2011 intelligitur.
1209 1943 1537 2007 Desertum,
1568 1944 1801 2012 propter
1822 1955 1960 2012 pec-
1990 1977 2038 2041 Β
2068 1936 2315 1993 Domino
2344 1937 2548 2009 vulpes
2575 1938 2770 1994 dictus
2799 1942 2909 2005 est,
2942 1942 3272 2014 suscepturi
3301 1945 3716 2015 (Luo.xm,3'2.)

315 2037 539 2090 catores
587 2029 820 2085 dicitur.
855 2052 882 2080 ‹‹
917 2029 1011 2084 Sic
1039 2027 1099 2083 in
1132 2032 1334 2084 saneto
1380 2028 1624 2101 apparui
1672 2029 1797 2084 tibi.
1836 2050 1864 2079 κ
1899 2030 1960 2085 In
1993 2026 2038 2041 ¹¹
2142 2049 2170 2077 ‹‹
2206 2026 2323 2081 Rex
2367 2042 2500 2081 vero
2547 2026 2839 2083 laetabitur
2885 2029 2943 2084 in
2997 2031 3259 2086 Domino.
3298 2054 3319 2080 ι»
3355 2032 3623 2089 Christus
3656 2034 3716 2088 in

313 2121 422 2177 hac
449 2118 562 2177 sibi
590 2118 829 2191 degens,
879 2122 1121 2173 sanctus
1168 2118 1461 2189 apparebo
1509 2117 1633 2173 tibi.
1676 2118 1781 2173 Hic
1829 2135 1961 2191 pro-
2073 2115 2237 2171 Patre
2267 2118 2398 2186 post
2427 2116 2936 2173 resurrectionem.
2971 2140 3000 2168 ‹‹
3034 2118 3103 2173 Et
3154 2119 3553 2177 laudabuntur
3587 2138 3718 2177 om-

317 2209 492 2282 pheta
521 2213 758 2281 propter
785 2222 951 2280 spem
980 2222 1174 2273 suam,
1219 2206 1484 2261 futurum
1532 2223 1635 2278 pro
1668 2208 1962 2279 prasterito
2072 2220 2176 2259 nes
2207 2204 2306 2276 qui
2339 2209 2576 2275 sperant
2608 2204 2666 2258 in
2700 2221 2786 2260 eo.
2822 2228 2849 2256 »
2880 2205 2987 2269 Qui
3023 2213 3296 2281 suscepta
3351 2215 3719 2266 sacramenta

300 1140 554 1198 salutem
582 1139 827 1196 humani
860 1138 1111 1211 generis.
1156 1138 1250 1193 Sic
1300 1142 1357 1194 et
1403 1138 1662 1195 Ecclesia
1690 1139 1950 1211 quotidie

298 1228 426 1286 sitit
469 1229 790 1285 Christum.
834 1227 1000 1283 Unde
1043 1225 1257 1282 dicitur
1306 1243 1319 1282 :
1356 1229 1519 1283 Beati
1558 1230 1653 1300 qui
1696 1229 1951 1284 esuriant

301 1322 353 1376 et
409 1320 609 1374 sitiunt
654 1317 932 1390 justitiam
986 1334 1005 1371 :
1061 1316 1327 1388 quoniam
1382 1317 1489 1387 ipsi
1553 1317 1953 1373 saturabuntur

302 1407 518 1479 (ﬂanti.
550 1420 605 1475 v,
633 1406 710 1479 6).
743 1428 771 1457 α
804 1403 1198 1477 Multipliciter
1226 1420 1380 1472 caro,
1413 1426 1441 1455 ››
1475 1404 1614 1477 quia
1640 1404 1773 1477 plus
1818 1421 1949 1461 sus-

306 1496 452 1563 tinet
479 1512 634 1562 caro,
665 1511 841 1567 quam
870 1494 1086 1550 anima.
1121 1492 1399 1557 Quamvis
1427 1494 1626 1549 anima
1656 1510 1758 1566 per
1799 1495 1952 1567 cogi-

318 2297 534 2372 posuit.
577 2318 606 2349 ‹‹
663 2296 731 2353 Ut
775 2294 1031 2351 viderem
1072 2295 1351 2351 virtutem
1398 2297 1562 2350 tuam
1609 2300 1668 2351 et
1715 2295 1961 2368 gloriam

318 2392 503 2455 tuam.
542 2406 569 2439 η
621 2384 918 2442 Christum
959 2384 1164 2457 utique
1205 2383 1329 2456 qui,
1369 2385 1544 2455 juxta
1589 2385 1962 2457 Apostolum,
2005 2456 2009 2460 θ

321 2476 508 2534 Patris
537 2480 594 2532 et
621 2475 806 2531 virtus
836 2478 895 2529 et
922 2471 1157 2529 claritas
1187 2476 1277 2529 est
1303 2474 1350 2545 (ι
1382 2472 1503 2529 Cor.
1536 2490 1690 2541 xxrv,
1722 2474 1964 2546 30).Vir-

321 2573 488 2625 tutam
516 2583 535 2622 :
564 2564 705 2637 quia
728 2562 867 2619 vicit
895 2560 1214 2630 diabolum,
1251 2560 1518 2619 liberavit
1546 2579 1731 2635 genus
1761 2562 1968 2619 huma-

326 2672 490 2712 num.
520 2654 809 2710 Virtutem
841 2652 1004 2723 dicit,
1036 2652 1177 2724 quia
1204 2651 1354 2723 quod
1383 2652 1669 2722 inﬁrmum
1714 2656 1792 2708 est
1840 2654 1966 2721 Dei,

322 2747 525 2816 [artius
550 2751 630 2800 est
655 2741 967 2799 hominibus
993 2740 1151 2811 (Ibid.
1181 2741 1292 2817 25).
1328 2764 1356 2793 ‹‹
1387 2742 1483 2797 Sic
1512 2742 1573 2796 in
1610 2747 1810 2797 sancto
1861 2758 1969 2814 ap-

327 2832 495 2906 parui
526 2832 653 2901 tibi,
682 2852 708 2885 s
740 2830 800 2886 id
832 2829 1009 2887 estin
1048 2834 1251 2886 sancto
1298 2830 1604 2887 desiderio.
1657 2852 1685 2881 ‹‹
1734 2831 1802 2885 Et
1848 2829 1972 2902 glo-

328 2924 477 2979 riam
502 2926 689 2993 tuam,
739 2942 769 2972 »
822 2920 882 2975 id
925 2924 1036 2985 est,
1079 2917 1327 2992 gloriam
1368 2920 1726 2992 resurgentis
1757 2937 1791 2975 a
1820 2936 1974 2976 mor-

331 3012 472 3082 tuis,
505 3010 765 3068 sedentis
795 3010 868 3065 ad
900 3009 1196 3065 dexteram
1227 3009 1435 3066 Patris.

413 3122 444 3153 α
475 3100 623 3165 Quia
646 3098 852 3155 melior
880 3104 970 3155 est
988 3099 1391 3155 misericordia
1420 3104 1521 3154 tua
1541 3115 1720 3173 super
1746 3099 1913 3155 vitas.
1951 3121 1973 3152 ρ

332 3188 731 3247 Misericordia
754 3195 852 3244 tua
878 3187 1057 3244 vitam
1087 3191 1324 3260 prestat
1350 3192 1648 3244 aeternam.
1683 3188 1813 3244 Vita
1841 3205 1983 3261 prae-

332 3295 470 3336 sens
500 3293 654 3350 saepe
683 3280 933 3333 mortem
959 3280 1252 3348 operatur.
1290 3298 1311 3325 ι
1347 3276 1747 3333 Misericordia
1790 3283 1914 3347 tua,
1950 3297 1978 3329 η

2073 2294 2199 2365 eius
2228 2292 2640 2349 inviolabiliter
2669 2299 3061 2352 servaverunt.
3097 2318 3125 2346 ‹‹
3157 2298 3303 2362 Quia
3347 2300 3716 2356 obstructum

2074 2387 2161 2438 est
2190 2398 2254 2438 os
2285 2382 2651 2453 loquentium
2700 2383 2922 2455 iniqua.
2960 2408 2986 2433 ››
3017 2385 3355 2442 Judaeorum
3407 2394 3465 2444 et
3515 2389 3724 2461 princi-

2076 2487 2215 2543 pum
2249 2472 2617 2527 sacerdotum
2660 2488 2723 2527 os
2778 2479 3118 2547 resurgente
3162 2476 3409 2533 Domino
3440 2478 3724 2550 opilatum

2077 2565 2186 2626 est,
2218 2564 2510 2615 crescente
2539 2561 2875 2617 testimonio
2902 2563 3180 2620 veritatis.
3222 2565 3291 2619 Et
3316 2581 3422 2621 nos
3449 2566 3722 2637 deprece-

2081 2666 2214 2704 mur
2269 2649 2582 2704 Dominum
2617 2666 2629 2701 :
2665 2655 2729 2704 ut
2760 2650 2819 2705 in
2850 2651 2978 2722 ejus
3011 2650 3197 2707 lucem
3254 2653 3586 2725 vigilantes,
3637 2655 3725 2728 ip-

2080 2755 2211 2794 sum
2270 2737 2492 2811 jugiter
2558 2737 2841 2807 sitientes,
2895 2756 3247 2809 mereamur,
3307 2758 3372 2797 eo
3422 2742 3726 2816 largiente,

2082 2828 2252 2885 bonis
2280 2828 2554 2900 operibus
2584 2827 2909 2900 adimpleri.

2633 2918 2967 2974 PSALMUS
3000 2918 3174 2976 LXIII

2089 3011 2147 3065 In
2191 3008 2357 3079 ﬁnem
2411 3009 2668 3063 Psalmus
2697 3008 2886 3064 David.
2920 3008 3189 3066 Psalmus
3225 3027 3422 3067 vocem
3475 3012 3734 3068 continet

2159 3080 2452 3206 propheta:
2484 3080 2667 3134 Deum
2688 3080 2909 3151 jugiter
2938 3081 3308 3206 deprecantis
3340 3100 3354 3138 :
3391 3087 3455 3138 ut
3482 3099 3598 3138 non
3640 3100 3733 3138 so-

2185 3168 2280 3206 um
2315 3168 2425 3206 sua
2455 3155 2708 3206 peccata.
2742 3152 2842 3206 sed
2892 3156 2950 3206 et
2992 3169 3024 3206 a
3051 3153 3107 3206 ia
3154 3152 3443 3206 malorum
3492 3171 3732 3206 venena.

2185 3168 2280 3208 um
2315 3168 2425 3206 sua
2455 3155 2708 3224 peccata,
2742 3152 2857 3224 sed
2892 3156 2950 3207 et
2992 3152 3107 3209 alia
3154 3152 3443 3211 malorum
3492 3171 3732 3221 venena,

2162 3224 2288 3307 ipso
2318 3222 2672 3296 protegente,
2705 3222 2890 3306 possit
2918 3225 3178 3281 evadere.
3211 3226 3319 3281 Sed
3351 3232 3408 3282 et
3437 3244 3542 3284 nos
3572 3226 3738 3283 intel-

2163 3295 2340 3349 ligere
2370 3294 2653 3349 debemus
2710 3294 2767 3349 1d
2801 3295 2956 3349 auod
3005 3295 3066 3349 in
3112 3311 3177 3349 eo
3229 3298 3477 3349 canitur-
3512 3298 3570 3349 in
3621 3314 3738 3349 cre-

2187 3294 2340 3368 igere
2370 3294 2682 3368 debemus
2710 3294 2767 3349 id
2794 3295 2956 3368 quod
3005 3295 3066 3350 in
3112 3311 3177 3353 eo
3229 3298 3477 3368 canitur,
3512 3298 3570 3353 in
3621 3314 3740 3355 cre-

335 3382 453 3440 qua
481 3344 741 3423 liberasti
774 3381 881 3421 nos
911 3365 981 3421 de
996 3344 1292 3437 potestate
1321 3364 1557 3422 diaboli.
1591 3388 1620 3415 ‹‹
1647 3366 1825 3422 Labia
1854 3344 1985 3422 mea
2012 3344 2055 3412 C
2165 3344 2650 3436 ἆὲιῖὶῖδόἷρόέἑέ
2668 3344 2918 3435 hibita

339 3455 668 3514 laudabunt
689 3453 1132 3524 te,Domine.Sic
1151 3453 1493 3509 benedicam
1508 3459 1563 3509 te
1583 3455 1641 3510 in
1659 3454 1778 3509 vita
1799 3471 1986 3510 mea.»

342 3546 491 3602 Bene
522 3544 581 3600 in
608 3543 729 3600 vita
747 3559 856 3599 sua
883 3541 1057 3599 labiis
1080 3542 1264 3598 Deum
1286 3542 1614 3614 laudat,qui
1636 3543 1694 3597 in
1727 3559 1794 3599 eo
1816 3542 1983 3599 vivit:

343 3635 482 3707 quia
510 3633 623 3690 scit
650 3632 789 3689 alibi
821 3630 1042 3688 dictum
1068 3648 1081 3686 :
1109 3633 1226 3687 Non
1253 3633 1460 3687 mortui
1489 3632 1797 3688 laudabunt
1817 3633 1990 3699 te,Do-

342 3726 493 3783 mins
510 3721 689 3796 (Paci.
717 3736 874 3788 exui,
900 3722 1008 3793 i7).
1036 3725 1173 3777 Post
1195 3719 1678 3789 misericordiam,
1703 3720 1832 3777 laus
1857 3739 1869 3778 :
1896 3721 1990 3776 hic

342 3813 584 3884 orando,
619 3811 739 3867 illic
770 3809 1083 3867 laudando.
1118 3833 1147 3860 κ
1179 3810 1248 3865 Et
1275 3811 1335 3866 in
1367 3811 1602 3866 nomine
1641 3815 1741 3866 tuo
1790 3809 1991 3867 levabo

346 3918 559 3960 manus
591 3917 770 3957 meas.
806 3921 834 3949 »
866 3901 1109 3956 Perfecti
1142 3901 1334 3971 operis
1365 3899 1517 3956 bono
1549 3916 1583 3955 a
1605 3904 1665 3955 te
1709 3900 1992 3956 sublima-

346 3992 481 4061 bor;
513 3990 780 4048 Christus
812 3994 932 4046 tota
961 3990 1055 4047 die
1083 3989 1361 4062 expandit
1390 4005 1603 4045 manus
1632 3990 1692 4044 in
1724 4005 1894 4045 cruce
1921 3989 1992 4045 ad

346 4080 630 4154 populum
679 4096 796 4135 non
845 4080 1198 4148 credentem,
1243 4082 1301 4134 et
1348 4078 1840 4135 contradicentem
1881 4079 1994 4134 sibi

347 4170 479 4243 (ha.
514 4186 638 4239 va,
667 4169 743 4239 2).
777 4166 952 4222 Velut
983 4166 1201 4225 Paulus
1232 4168 1292 4222 in
1324 4183 1603 4239 personas
1652 4171 1991 4222 sanctorum

347 4259 551 4315 levans
582 4272 795 4313 manus
816 4271 995 4328 puras
1022 4255 1149 4311 sine
1171 4255 1255 4311 ira
1279 4261 1337 4310 et
1362 4254 1833 4328 disceptatione(l
1857 4256 1992 4311 Tim.

348 4363 412 4420 ιι,
441 4347 517 4414 8).
550 4346 656 4402 Per
685 4359 897 4400 manus
931 4360 1108 4416 opera
1135 4343 1548 4417 intelliguntur
1579 4360 1593 4399 :

429 4457 452 4486 α
493 4435 658 4492 Sicut
703 4434 893 4506 adipe,
944 4437 1002 4488 et
1048 4432 1403 4504 pinguedine
1453 4432 1749 4505 repleatur
1796 4434 1998 4491 anima

354 4530 568 4592 mea,et
594 4522 768 4581 labiis
789 4520 1193 4578 exsultationis
1220 4520 1486 4579 laudabit
1516 4538 1579 4577 os
1610 4523 1996 4579 meum.»Non

352 4617 410 4672 in
439 4615 611 4688 adipe
638 4630 705 4669 ac
735 4611 1087 4686 pinguedine
1117 4610 1415 4667 hircorum
1444 4609 1533 4667 vel
1563 4626 1882 4684 agnorum;
1916 4613 1995 4668 si-

2168 3474 2196 3502 ‹‹
2227 3452 2467 3519 Exaudi,
2497 3452 2989 3521 Deus,orationem
3023 3469 3215 3510 meam
3245 3472 3380 3511 cum
3411 3456 3691 3527 deprecor
3724 3474 3737 3511 :

2097 3559 2130 3598 a
2157 3542 2367 3596 timore
2397 3539 2621 3595 inimici
2659 3539 2816 3612 eripe
2854 3540 3112 3597 animam
3163 3559 3377 3599 meam.
3414 3566 3442 3593 ››
3473 3544 3746 3601 Credenti

2099 3635 2302 3697 Deum,
2334 3628 2521 3683 multa
2542 3633 2680 3684 sunt
2715 3634 3098 3702 tentamenta,
3132 3633 3455 3688 secundum
3496 3635 3744 3706 Aposto-

2098 3720 2223 3775 lum
2260 3735 2271 3774 :
2308 3718 2520 3783 Omnes,
2555 3717 2766 3790 inquit,
2783 3721 2878 3789 qui
2900 3720 3089 3776 volunt
3118 3723 3207 3793 pie
3234 3725 3415 3779 vivere
3448 3724 3507 3778 in
3539 3721 3748 3780 Christo

2097 3810 2244 3874 Iesu,
2272 3808 2697 3879 persecutionem
2725 3810 3024 3879 patiuntur
3055 3811 3129 3880 (II
3156 3812 3287 3867 Tim.
3323 3830 3408 3881 In,
3444 3814 3553 3885 12).
3585 3813 3750 3870 Unde

2102 3899 2325 3953 intente
2355 3913 2461 3951 nos
2508 3897 2565 3951 in
2616 3897 2980 3954 orationibus
3011 3899 3251 3972 vigilare
3283 3906 3530 3973 oportet,
3562 3905 3628 3959 ut
3660 3918 3751 3958 re-

2103 4002 2364 4060 pugnare
2404 3985 2700 4058 possimus
2754 3986 2932 4043 vitiis.
2964 3989 3001 4042 Α
3041 3989 3232 4059 timore
3261 3991 3483 4045 inimici
3510 4009 3528 4045 :
3556 3991 3613 4046 id
3640 3995 3750 4063 est,

2103 4074 2319 4132 diaboli
2352 4074 2739 4145 persecutoris
2767 4092 2779 4130 :
2807 4080 2871 4130 ut
2902 4074 3045 4131 illud
3072 4093 3084 4131 :
3110 4079 3294 4134 Nolite
3321 4080 3516 4135 timere
3543 4096 3632 4135 eos
3654 4081 3756 4151 qui

2101 4164 2354 4220 occidunt
2382 4178 2596 4233 corpus,
2630 4163 2876 4218 animam
2906 4173 3093 4221 autem
3139 4182 3249 4221 non
3288 4172 3514 4239 possunt
3541 4168 3753 4225 occide-

2104 4270 2197 4315 re;
2224 4252 2317 4307 sed
2344 4253 2529 4324 potius
2561 4267 2684 4306 eum
2713 4253 2910 4317 timete,
2945 4256 3041 4324 qui
3076 4261 3253 4326 potest
3296 4273 3490 4329 corpus
3538 4266 3589 4313 et
3634 4259 3756 4314 ani-

1995 4371 2003 4376 ~
2103 4359 2248 4399 mam
2275 4342 2508 4413 perdere
2538 4342 2595 4395 in
2620 4341 2934 4413 gehennam
2957 4343 3160 4415 (Matth.
3194 4362 3250 4413 x,
3282 4346 3393 4418 28).

2180 4453 2207 4481 ‹‹
2240 4430 2544 4487 Protexisti
2571 4448 2663 4486 me
2688 4448 2721 4486 a
2741 4438 3026 4488 conventu
3051 4434 3521 4507 malignantium,
3546 4453 3580 4491 a
3602 4435 3753 4492 mul-

2106 4521 2356 4577 titudine
2403 4520 2771 4593 cperantium
2829 4520 3199 4594 iniquitatem
3259 4541 3271 4578 :
3334 4524 3473 4596 quia
3516 4520 3757 4581 exacue-

2106 4615 2246 4665 runt
2285 4614 2350 4664 ut
2380 4609 2641 4681 gladium
2670 4608 2902 4681 linguas
2927 4611 3521 4687 suas.»Maliguantur
3542 4614 3752 4686 iniqui,

354 4709 454 4761 cut
482 4703 812 4777 priscorum
843 4699 1384 4757 holocautomatum
1407 4716 1535 4756 mos
1564 4703 1681 4768 est;
1705 4701 1806 4756 sed
1827 4701 1999 4757 corde
2028 4715 2076 4781 D
2107 4704 2163 4756 et
2192 4703 2412 4755 acuunt
2442 4698 2676 4767 linguas
2705 4716 2863 4766 suas,
2896 4704 2964 4755 ut
2994 4700 3429 4775 blasphement;
3458 4705 3561 4761 sed
3584 4720 3753 4761 sanc-

361 4796 591 4867 pure,et
610 4807 709 4847 ore
738 4790 957 4846 mundo
976 4789 1282 4847 concinam
1305 4789 1529 4845 nomini
1550 4790 1833 4845 tuo.Sicut
1853 4789 1998 4845 illud

354 4881 766 4939 holocaustum
802 4880 863 4935 in
907 4879 1299 4937 anterioribus
1346 4884 1649 4952 acceptum
1701 4878 1810 4935 tibi
1848 4879 1996 4948 fuit;

355 4969 764 5042 sic'repleatur
791 4969 991 5026 anima
1018 4985 1151 5025 mea
1179 4969 1250 5024 de
1279 4970 1633 5043 pinguedine
1663 4970 1859 5042 gratiae
1881 4970 2003 5042 Spi-

356 5059 505 5117 ritus
561 5058 768 5115 sancti.
838 5078 865 5111 α
925 5057 1120 5114 Labiis
1167 5056 1575 5113 exsultationis
1627 5057 1891 5113 laudabit
1936 5074 2001 5114 os

357 5141 576 5206 meum.
608 5168 638 5200 »
666 5147 771 5203 Hie
799 5146 1113 5218 orationes,
1144 5152 1202 5204 et
1230 5146 1350 5202 illic
1381 5146 1768 5216 laudationes,
1801 5150 1859 5203 et
1904 5146 2001 5202 lm-

353 5226 488 5295 titia
514 5236 894 5309 sempiterna.

433 5350 454 5377 ι
487 5327 583 5384 Sic
611 5341 838 5383 memor
865 5323 949 5380 fui
974 5326 1058 5382 tui
1091 5342 1271 5399 super
1317 5329 1568 5382 stratum
1619 5340 1838 5381 meum.
1873 5347 1901 5377 υ
1937 5325 2000 5381 In

354 5416 566 5475 lectulo
596 5415 889 5491 pudicitia
918 5420 1093 5488 atque
1123 5414 1453 5472 sanctitatis
1484 5430 1710 5470 memor
1738 5431 1870 5470 sum
1893 5416 1998 5470 tui:

358 5506 498 5580 quia
523 5506 835 5562 immemor
864 5521 999 5561 sum
1030 5504 1434 5561 delectationis
1474 5503 1822 5559 mundanae:
1849 5526 1876 5553 «
1909 5502 2003 5560 Sic

358 5612 584 5652 memor
614 5595 696 5650 fui
726 5593 871 5651 tui.»
884 5594 1035 5650 Dicit
1062 5593 1184 5649 haec
1213 5592 1473 5649 Ecclesia
1498 5608 1512 5648 :
1546 5596 1602 5648 et
1631 5591 1691 5647 in
1723 5591 2005 5664 requie,et

355 5686 417 5743 in
447 5683 845 5752 tribulatione,
869 5699 985 5739 non
1013 5682 1102 5738 tui
1133 5682 1217 5738 fni
1246 5682 1484 5739 oblitus.
1518 5705 1546 5733 υ
1582 5682 1646 5738 In
1694 5682 2004 5739 matutinis

361 5774 692 5833 meditabor
719 5772 780 5829 in
810 5775 869 5831 te
901 5788 916 5831 :
949 5771 1088 5846 quia
1116 5768 1280 5829 fuisti
1309 5771 1544 5845 adiutor
1573 5774 1764 5831 meus.
1796 5770 2002 5831 Merito

2108 4792 2205 4845 tus
2232 4789 2327 4844 hic
2356 4804 2471 4843 non
2503 4788 2907 4857 conturbatur,
2935 4791 3075 4862 quia
3104 4809 3137 4847 a
3168 4792 3282 4849 Deo
3313 4793 3758 4867 protegitur.«A

2111 4882 2395 4934 conventu
2442 4875 2917 4950 malignantium,
2949 4898 2974 4930 ιι
3014 4880 3072 4936 id
3123 4886 3211 4938 est
3260 4882 3621 4949 Judaeorum,
3668 4880 3755 4938 vel

2108 4970 2567 5040 persccutorum.
2602 4987 2630 5015 «
2664 4966 3030 5023 Exacuerunt
3087 4973 3151 5025 ut
3206 4969 3471 5043 gladium
3522 4970 3756 5043 linguas

2110 5073 2268 5113 suas.
2304 5077 2332 5104 »
2363 5053 2491 5111 Alio
2520 5052 2646 5109 loco
2676 5054 2818 5110 dicit
2851 5073 2863 5111 :
2897 5058 3113 5128 Lingua
3140 5075 3328 5114 eorum
3357 5058 3577 5129 gladius
3621 5073 3755 5115 acu-

2109 5150 2197 5201 tus
2222 5145 2397 5215 (Psal.
2434 5161 2544 5208 LVI,
2570 5144 2646 5215 5).

2185 5256 2213 5286 ‹‹
2246 5233 2631 5290 Intenderunt
2673 5249 2875 5288 arcum
2907 5250 3102 5291 suum.
3142 5256 3164 5287 ι
3201 5235 3533 5292 Doctrinam
3566 5251 3756 5291 suam.

2118 5348 2138 5394 gi
2175 5329 2314 5380 Rem
2347 5321 2747 5379 amaram.»Ut
2768 5322 3050 5379 doctrinis
3073 5323 3290 5381 dolosis
3317 5324 3612 5398 decipiant
3634 5341 3764 5398 par-

2110 5414 2277 5469 vulos
2299 5412 2512 5469 Christi
2546 5429 2559 5467 :
2594 5412 2713 5467 sive
2736 5411 3093 5484 neophytum
3118 5414 3176 5469 in
3205 5414 3516 5487 baptismo,
3548 5414 3668 5469 sive
3691 5412 3759 5468 il-

2112 5503 2233 5559 lum
2258 5502 2357 5575 qui
2382 5502 2573 5557 adhuc
2589 5501 2818 5573 ignorat
2832 5502 3173 5574 mysterium
3188 5504 3465 5561 doctrina:
3484 5502 3759 5560 caelestis.

2189 5591 2422 5651 «Subito
2454 5591 2817 5663 sagittabunt
2838 5596 3059 5659 eum,et
3078 5609 3193 5649 non
3217 5593 3529 5648 timebunt.
3558 5616 3584 5642 »
3616 5592 3762 5649 Cum

2111 5699 2247 5739 eum
2277 5680 2476 5737 dolose
2505 5680 2777 5736 venenosi
2810 5680 3111 5755 sagittant.
3132 5681 3345 5750 Subito,
3381 5682 3549 5756 quasi
3571 5699 3638 5738 ex
3658 5680 3765 5739 im-

2112 5770 2363 5847 proviso.
2395 5769 2455 5827 id
2483 5771 2572 5827 est
2598 5768 2659 5826 in
2681 5783 2943 5828 excessu.
2976 5792 3006 5823 «
3048 5771 3120 5835 Et
3150 5788 3267 5831 non
3295 5771 3764 5849 timebunt,»hoe
