4256 6576
573 434 728 495 1063

2059 421 2482 485 APPENDIX.

3819 421 3978 484 106!

572 571 681 633 est,
718 568 895 621 Deum
923 568 977 619 et
998 561 1286 635 judicium
1314 561 1498 631 ejus.«
1517 559 1919 615 Firmaverunt
1948 556 2062 612 sibi
2091 572 2212 611 ser-
2242 556 2297 623 Α
2324 554 2594 628 terpellat
2620 570 2722 627 pro
2750 553 2937 610 nobis.
2970 575 2998 605 ››
3029 555 3115 610 Ad
3143 558 3199 610 te
3229 552 3422 610 omnis
3451 569 3585 609 caro
3614 553 3825 610 veniet.
3845 577 3867 604 ι
3893 561 3975 611 Ac

571 672 804 714 monem
836 669 1112 725 nequam.
1148 649 1539 706 Narraverunt
1587 652 1652 703 ut
1682 646 2103 703 absconderant
2133 644 2216 699 lu-

573 762 753 818 queos
789 761 802 799 :
837 743 1127 805 dixerunt,
1159 739 1293 813 quis
1321 738 1539 793 videbit
1568 736 1748 792 eos?»
1772 738 1915 792 Cum
1947 751 2007 789 se
2031 735 2087 789 in
2110 734 2217 789 hac

572 833 797 891 malitia
828 833 1085 896 firmant,
1140 832 1206 883 ut
1255 827 1362 883 hos
1411 825 1769 896 deceptionis
1811 823 2052 895 laqueos
2083 822 2218 878 huic

571 922 702 980 rudi
734 920 1043 977 intendant
1072 934 1085 972 ε
1118 934 1233 971 non
1267 920 1477 987 putant
1515 915 1622 969 hoc
1670 914 1850 969 Deum
1886 929 2054 985 posse
2085 926 2216 984 cog-

571 1027 812 1069 noscere
843 1027 856 1065 :
890 1008 982 1063 cui
1015 1006 1161 1063 nihil
1209 1004 1502 1059 occultum
1556 1002 1697 1057 latet
1730 1019 1743 1056 :
1777 1002 1875 1072 qui
1903 1005 1958 1055 et
1989 1005 2218 1055 nostras

573 1116 806 1174 quoque
835 1098 1065 1153 animas
1094 1099 1299 1166 potens
1329 1097 1417 1147 est
1447 1109 1480 1146 a
1510 1090 1740 1163 sagittis
1789 1105 1991 1144 eorum
2039 1088 2219 1160 largis

571 1189 804 1263 pietatis
836 1204 953 1242 suae
985 1184 1165 1240 armis
1194 1181 1523 1237 defendere.

646 1275 926 1332 «Scrutati
957 1277 1097 1329 sunt
1123 1269 1492 1342 iniquitates;
1526 1268 1861 1327 defecerunt
1890 1268 2221 1321 scrutantes

573 1364 876 1425 scrutinio.
911 1387 936 1411 ‹‹
958 1359 1224 1416 Haeretici
1257 1373 1487 1430 quoque
1518 1360 1858 1412 scrutantur
1886 1355 2220 1426 Scripturas

565 1458 799 1513 sanctas
834 1469 845 1507 :
880 1458 937 1507 et
969 1467 1081 1505 non
1115 1445 1504 1520 spiritualiter
1532 1449 1874 1510 tractantes,
1902 1460 2083 1499 vanas
2121 1460 2216 1498 ex-

561 1544 698 1601 inde
730 1541 1034 1616 proferunt
1064 1535 1433 1611 quaestiones,
1468 1534 1685 1606 quibus
1718 1550 1824 1587 nos
1865 1548 1967 1604 per
2008 1530 2221 1603 iniqui-

562 1638 742 1689 tatem
775 1635 831 1686 et
860 1628 1060 1684 dolum
1092 1625 1340 1697 cupiunt
1367 1622 1707 1694 illaqueare.
1746 1621 1856 1676 Sed
1890 1619 1969 1674 nil
2004 1636 2217 1691 prava-

568 1722 777 1786 lentes,
814 1716 1010 1790 potius
1042 1732 1076 1769 a
1119 1717 1228 1769 Deo
1278 1711 1522 1768 scrutati
1573 1715 1747 1781 atque
1795 1710 2098 1777 exinaniti,
2132 1725 2220 1764 re-

568 1809 694 1865 licti
726 1812 865 1862 sunt
895 1803 1080 1859 vacui.

645 1895 919 1950 uAccedet
938 1892 1114 1947 homo
1135 1890 1208 1945 ad
1232 1906 1330 1944 cor
1346 1888 1617 1955 altum,et
1638 1886 1989 1943 exaltabitur
2010 1890 2219 1942 Deus.»

570 1987 631 2042 Si
662 2002 797 2041 cum
830 1981 1116 2055 sapientia
1136 1980 1234 2035 Dei
1261 1980 1329 2033 ad
1350 1978 1448 2033 alti
1474 1978 1667 2033 cordis
1701 1976 2057 2032 intellectum
2082 1978 2216 2048 quis

567 2074 848 2131 accedens
879 2073 995 2127 ista
1023 2068 1389 2124 discriminat
1423 2085 1435 2122 :
1466 2066 1524 2121 id
1557 2071 1664 2136 est,
1695 2065 1997 2121 veritatem
2022 2082 2087 2119 ac
2113 2064 2215 2119 fal-

565 2165 800 2220 sitatem
831 2160 1143 2222 discernat,
1175 2161 1314 2211 tunc
1345 2156 1499 2211 Deus
1531 2154 1899 2210 exaltabitur.
1935 2154 2041 2219 Qui
2080 2170 2214 2208 cum

567 2254 644 2309 sit
689 2249 1036 2317 altissimus,
1070 2250 1266 2301 tamen
1317 2246 1386 2299 de
1435 2261 1500 2299 eo
1550 2245 1785 2315 quando
1825 2248 1979 2298 recte
2033 2242 2216 2297 senti-

570 2358 723 2407 mus,
757 2337 1110 2394 sublimatur
1140 2334 1199 2389 in
1231 2334 1421 2389 nobis.

640 2453 668 2481 «
701 2428 935 2501 Sagittae
967 2424 1339 2497 parvulorum
1398 2423 1560 2477 facta:
1609 2425 1747 2477 sunt
1776 2420 1955 2493 plaga:
1988 2438 2213 2476 eorum.

569 2517 963 2590 Intelligentes
993 2513 1147 2570 enim
1172 2512 1321 2584 justi
1364 2528 1498 2566 cum
1539 2510 1789 2565 viderint
1816 2510 1970 2565 hunc
2011 2527 2217 2581 parvu-

564 2607 687 2663 lum
720 2622 894 2679 quem
927 2601 1197 2675 superius
1228 2600 1715 2673 exposuimus,ab
1747 2598 1854 2654 hoc
1884 2600 2213 2671 persuasio-

564 2696 657 2753 nis
685 2710 905 2751 veneno
936 2692 1093 2747 infici
1129 2707 1141 2746 :
1177 2707 1310 2745 cum
1342 2689 1693 2744 elevaverint
1730 2705 1923 2743 vocem
1960 2705 2125 2743 suam
2151 2694 2215 2745 ut

565 2802 701 2843 eum
733 2780 1324 2855 corrigant,protinus
1354 2783 1528 2833 erunt
1557 2777 1778 2849 iniquis
1807 2778 1980 2833 verba
2011 2795 2212 2833 eorum

565 2874 736 2948 quasi
765 2873 968 2945 plagae.
1003 2893 1030 2921 «
1067 2870 1133 2924 Et
1160 2868 1459 2923 infirmata
1506 2872 1595 2922 est
1638 2871 1840 2922 contra
1871 2883 1969 2922 eos
2013 2866 2215 2938 lingua

565 2979 792 3019 eorum.
828 2983 855 3011 »
904 2957 1138 3015 Nullam
1190 2957 1347 3028 capit
1394 2955 1773 3011 stabilitatem
1822 2954 2069 3010 elocutio
2117 2972 2211 3010 eo-

566 3068 701 3108 rum
738 3068 751 3105 :
788 3049 888 3105 sed
920 3047 1091 3103 dolus
1119 3062 1320 3102 eorum
1358 3045 1562 3099 reddet
1589 3061 1688 3099 eos
1717 3044 2003 3099 inﬁrmos.

638 3135 1020 3196 «Conturbati
1053 3140 1193 3190 sunt
1221 3150 1425 3189 omnes
1456 3132 1554 3204 qui
1587 3133 1861 3187 videbant
1888 3133 2214 3189 eos.»Con-

569 3228 683 3286 fusi
714 3232 772 3283 et
801 3224 1127 3281 conturbati
1161 3227 1300 3278 sunt
1329 3222 1425 3294 qui
1459 3238 1520 3277 se
1550 3220 1728 3277 simili
1776 3238 1968 3277 errore
2018 3222 2211 3295 impli-

2327 644 2376 700 si
2407 645 2622 699 diceret
2653 661 2666 699 :
2698 644 2783 699 Ad
2809 648 2865 699 te
2895 647 3264 700 convertatur
3289 642 3483 698 omnis
3513 641 3710 699 homo.

2404 753 2424 781 ι
2461 733 2650 790 Verba
2679 732 3037 803 iniquorum.
3074 754 3101 781 »
3138 734 3417 804 Dogmata
3462 730 3971 804 philosophorum,

2326 822 2745 893 fatuitatesque
2801 820 3128 893 gentilium.
3176 821 3597 878 Praevaluerunt
3640 838 3806 895 super
3847 840 3968 880 nos.

2326 917 2468 965 Cum
2501 916 2558 965 te
2590 910 2968 974 nesciremus,
2989 910 3281 980 quomodo
3308 909 3593 965 Jeremias
3622 909 3765 966 dixit
3792 927 3807 966 :
3845 912 3974 968 Vere

2326 999 2675 1055 mendacium
2703 1003 2755 1053 ct
2784 1000 3085 1053 vanitatem
3123 999 3289 1053 locuti
3316 1002 3444 1053 sunt
3466 1001 3651 1070 patre:
3692 1002 3891 1072 nostri,
3919 1008 3976 1057 et

2326 1106 2438 1142 non
2467 1089 2677 1159 profuit
2706 1089 2784 1142 eis
2815 1088 3035 1158 (Jerem.
3069 1104 3186 1155 xvr,
3230 1087 3335 1154 i9).
3390 1109 3418 1137 »
3468 1088 3536 1142 Et
3572 1086 3972 1160 impietatibus

2328 1177 2548 1232 nostris
2570 1181 2629 1231 tu
2654 1175 3081 1248 propitiaberis.
3118 1174 3313 1248 Usque
3332 1175 3391 1230 in
3415 1176 3592 1232 finem
3625 1193 3732 1233 nos
3767 1177 3971 1237 fuisse-

2329 1282 2462 1321 mus
2492 1265 2550 1320 in
2582 1282 2793 1332 errore,
2819 1263 2929 1320 nisi
2954 1270 3014 1320 tu
3043 1265 3330 1337 propitius
3351 1265 3565 1322 fuisses
3586 1266 3770 1322 nostri
3818 1284 3833 1322 :
3866 1268 3968 1342 qui

2329 1372 2435 1411 nos
2466 1354 2752 1427 sanguine
2783 1354 3016 1425 proprio
3047 1357 3338 1409 mercatus
3382 1371 3467 1411 es.
3507 1354 3600 1410 Sic
3648 1361 3705 1411 et
3754 1357 3971 1414 Paulus

2329 1443 2630 1516 apostolus
2662 1442 2743 1498 ait
2775 1460 2786 1497 :
2822 1444 2928 1511 Qui
2954 1458 3056 1498 nos
3091 1443 3474 1499 reconciliavit
3517 1444 3624 1500 Deo
3672 1446 3830 1501 Patri
3869 1462 3973 1515 per

2326 1548 2544 1590 crucem
2574 1534 2619 1603 (ι
2650 1531 2769 1586 Cor.
2803 1548 2856 1599 v,
2892 1531 2999 1602 18).
3035 1554 3063 1582 ‹‹
3096 1532 3307 1587 Beatus
3338 1549 3514 1604 quem
3544 1532 3770 1606 elegisti
3801 1539 3858 1591 et
3885 1553 3973 1593 as-

2330 1621 2640 1693 sumpsisti
2672 1637 2686 1676 :
2719 1620 3070 1676 inhabitabit
3099 1621 3157 1675 in
3189 1620 3355 1677 atriis
3384 1622 3522 1677 tuis.
3559 1644 3585 1670 ››
3616 1622 3794 1679 Vocat
3821 1623 3973 1681 Deus

2328 1727 2533 1766 omnes
2570 1728 2581 1765 :
2619 1726 2720 1765 nec
2751 1708 2935 1765 ullum
2968 1710 3221 1780 spernit;
3254 1710 3355 1765 sed
3406 1711 3577 1782 pauci
3622 1718 3968 1784 sequuntur.

2329 1800 2476 1872 Ergo
2507 1798 2606 1871 qui
2639 1816 2699 1854 se
2728 1800 2972 1870 dignum
3020 1799 3147 1869 ejus
3195 1798 3462 1854 electioni
3514 1800 3842 1872 prabuerit,
3872 1818 3968 1859 co-

2329 1888 2554 1944 habitat
2581 1888 2632 1944 ei
2676 1904 2810 1945 cum
2860 1887 3138 1960 apostolis
3193 1888 3412 1944 sanctis
3462 1888 3521 1944 in
3579 1889 3968 1948 tabernaculis

2327 1977 2724 2050 sempiternis.

2399 2091 2425 2117 ‹‹
2460 2066 2838 2139 Replebimur
2866 2067 2924 2122 in
2957 2066 3125 2122 bonis
3151 2067 3363 2123 domus
3394 2072 3525 2123 tute.
3559 2090 3588 2119 ››
3624 2068 3685 2124 Id
3739 2074 3827 2126 est
3860 2070 3968 2127 Ec-

2326 2155 2537 2225 clesiae,
2563 2173 2689 2227 quae
2711 2156 2957 2212 diversis
2991 2171 3303 2211 numerum
3334 2156 3731 2227 spiritualium
3754 2161 3967 2215 exube-

2328 2251 2415 2301 rat
2444 2246 2631 2301 bonis.
2667 2269 2694 2295 ‹‹
2728 2250 3005 2301 Sanctum
3036 2249 3125 2301 est
3155 2248 3443 2317 templum
3487 2251 3676 2303 tuum.
3714 2271 3741 2300 ‹‹
3786 2248 3969 2307 Homo

2326 2335 2422 2390 ille
2448 2335 2504 2389 in
2533 2350 2649 2406 quo
2681 2334 2982 2406 plenitudo
3018 2333 3340 2389 divinitatis
3387 2334 3720 2393 inhabitat:
3753 2338 3824 2393 de
3851 2354 3969 2410 quo

2325 2422 2541 2478 dicitur
2569 2423 2641 2478 ad
2672 2423 2913 2478 Mariam
2947 2440 2961 2478 :
2994 2423 3057 2476 Et
3085 2421 3225 2493 quod
3254 2427 3510 2479 nascetur
3537 2432 3675 2481 exte
3700 2430 3967 2495 sanctum,

2324 2513 2603 2568 vocabitur
2631 2514 2807 2569 Filius
2836 2512 2935 2567 Dei
2964 2512 3113 2582 (Luc.
3149 2529 3187 2579 ι,
3220 2512 3312 2583 35)
3348 2530 3360 2568 :
3394 2529 3530 2568 cum
3561 2512 3622 2568 in
3661 2530 3730 2570 ea
3773 2514 3969 2571 Domi-

2326 2619 2437 2657 nus
2468 2618 2703 2658 carnem
2734 2605 3151 2673 assumpturus
3181 2601 3599 2660 inhabitabit.«
3632 2603 3970 2661 Mirabilein

2323 2692 2612 2764 aequitate.
2646 2715 2665 2738 υ
2698 2690 2849 2753 Quia
2881 2708 2996 2746 non
3027 2690 3398 2746 credentibus
3427 2690 3666 2763 Judaais,
3695 2693 3972 2751 mirabili-

2323 2785 2413 2835 ter
2439 2780 2565 2852 ipse
2596 2779 2881 2835 Dominus
2911 2778 3210 2835 veritatem
3242 2780 3489 2851 aperuit.

2396 2891 2425 2919 «
2458 2870 2674 2924 Exaudi
2710 2885 2834 2935 nos,
2872 2872 3022 2923 Deus
3072 2866 3346 2924 salutaris
3386 2876 3583 2925 noster
3612 2887 3626 2927 :
3660 2886 3794 2941 spes
3840 2888 3966 2929 om-

2324 2958 2487 3013 nium
2520 2957 2728 3012 ﬁnium
2760 2961 2923 3012 terra:
2972 2961 3029 3011 et
3077 2957 3135 3012 in
3179 2957 3327 3013 mari
3368 2958 3558 3031 longe.
3588 2979 3615 3011 υ
3652 2960 3968 3018 Providens

2322 3046 2624 3119 propheta,
2652 3050 2839 3111 terrae,
2874 3045 3075 3111 maris,
3106 3062 3171 3101 ac
3205 3046 3412 3102 finium
3466 3048 3753 3117 omnium,
3800 3066 3967 3123 spem

2321 3136 2615 3191 Christum
2646 3151 2774 3190 esse
2805 3134 3193 3190 annuntiavit.
3221 3136 3382 3201 Quod
3425 3140 3625 3193 autem
3668 3154 3731 3194 se
3777 3139 3849 3195 ab
3895 3154 3964 3195 eo

2320 3224 2582 3280 exaudiri
2615 3222 2871 3295 postulat
2904 3240 2918 3278 :
2952 3224 3035 3278 sic
3065 3222 3429 3297 intelligitur,
3485 3242 3552 3282 ac
3598 3226 3648 3282 si
3696 3225 3911 3283 diceret
3948 3246 3963 3284 ε

567 3319 714 3375 citos
745 3317 1187 3387 recognoscunt.
1222 3336 1247 3361 ‹‹
1283 3311 1347 3366 Et
1376 3310 1575 3366 timuit
1605 3310 1797 3367 omnis
1828 3311 2021 3367 homo.
2047 3334 2074 3363 »
2107 3312 2209 3367 Ju-
2241 3298 2284 3365 C
2320 3314 2454 3369 Jam
2484 3312 2633 3381 veni,
2669 3317 2734 3367 ut
2765 3329 2867 3385 per
2896 3316 2950 3367 te
2981 3311 3193 3368 salvari
3228 3329 3470 3369 merear.

567 3408 786 3465 dicium
819 3405 933 3461 sibi
964 3403 1269 3459 imminere
1294 3401 1580 3456 divinum.

641 3518 668 3547 ‹‹
700 3496 769 3551 Et
800 3493 1293 3550 annuntiaverunt
1323 3507 1498 3562 opera
1531 3490 1647 3553 Dei,
1682 3494 1738 3544 et
1771 3490 1920 3545 facta
1948 3491 2075 3561 ejus
2125 3490 2214 3545 in-

566 3586 934 3642 tellexerunt.
967 3604 994 3632 ››
1028 3578 1373 3652 Compuncti
1421 3578 1577 3634 enim
1627 3580 1820 3647 corde,
1852 3578 2211 3651 intelligunt,

567 3673 1037 3742 annuntiautque
1061 3668 1353 3724 mirabilia
1384 3668 1501 3723 Dei.

636 3785 664 3812 «
689 3760 1001 3817 Laetabitur
1024 3759 1225 3829 justus
1256 3756 1315 3812 in
1350 3759 1674 3824 Domino,et
1704 3756 1963 3828 sperabit
1992 3757 2049 3811 in
2080 3773 2212 3812 eo.»

566 3853 731 3908 Sicut
748 3847 969 3922 impius
992 3864 1094 3920 pro
1112 3844 1454 3901 infidelitate
1476 3863 1584 3901 sua
1601 3846 1984 3901 formidatita:
2013 3847 2212 3917 justus

563 3958 665 4014 per
694 3955 860 4013 spem
892 3935 1233 3993 aeternitatis
1265 3952 1381 3990 suae
1413 3934 1669 3991 exsultat
1698 3935 1758 3989 in
1789 3934 2056 3990 Domino.
2094 3958 2121 3986 ‹‹
2148 3936 2215 3990 Et

561 4029 962 4085 laudabuntur
993 4041 1196 4081 omnes
1228 4024 1365 4078 recti
1398 4022 1627 4078 corde.»
1649 4022 1793 4089 Quia
1825 4021 2005 4077 Deum
2031 4021 2213 4077 visuri

562 4122 722 4175 sunt.
754 4118 909 4173 Beati
936 4116 1083 4172 enim
1114 4112 1316 4168 mundo
1344 4112 1503 4168 corde
1533 4130 1551 4166 :
1580 4114 1843 4182 quoniam
1894 4114 2007 4182 ipsi
2048 4112 2213 4166 Deum

560 4201 1296 4275 videbunt(Matth.v,8).Qui
1328 4202 1497 4256 nobis
1529 4205 1801 4273 praestare
1827 4200 2211 4272 dignetur.ut,

565 4315 598 4353 a
629 4296 860 4368 sagittis
893 4293 1268 4350 inimicorum
1301 4290 1490 4353 liberi,
1523 4290 1594 4345 ab
1625 4306 1760 4344 arcu
1796 4288 2071 4344 falsitatis
2099 4305 2215 4345 ere-

563 4386 667 4459 pti,
703 4400 1036 4441 mereamur
1066 4382 1138 4437 ab
1169 4396 1235 4435 eo
1266 4378 1490 4451 protegi
1539 4377 1639 4449 qui
1687 4378 1907 4432 sanctis
1938 4379 2214 4434 omnibus

564 4492 669 4547 pro
700 4490 802 4546 spe
834 4469 1065 4541 salutis,
1093 4468 1336 4541 gloriam
1371 4466 1576 4522 tribuit
1605 4465 2084 4522 immortalitatis.

1109 4581 1443 4639 PSALMUS
1482 4580 1669 4637 LXIV.

2397 3428 2424 3452 ‹‹
2458 3403 2796 3474 Praeparans
2823 3406 3051 3457 montes
3082 3401 3141 3456 in
3171 3401 3383 3458 virtute
3413 3404 3834 3473 tua,accinetus
3863 3422 3969 3478 po-

2324 3491 2525 3547 tentia.
2551 3512 2578 3541 »
2604 3491 2732 3563 Ipse
2763 3490 3047 3546 Dominus
3071 3489 3325 3545 Verbum
3358 3507 3491 3547 caro
3520 3494 3736 3549 factum
3777 3499 3866 3551 est
3904 3495 3967 3551 in

2324 3584 2628 3651 assumpto
2661 3578 2959 3634 hominem
2987 3578 3296 3634 Accinctus
3325 3580 3639 3653 potentia,»
3670 3581 3966 3639 celsitudi-

2324 3686 2455 3724 nem
2489 3669 2780 3723 montium
2810 3667 3107 3723 diabolieae
3137 3669 3555 3726 dominationis
3581 3671 3888 3744 oppressit,
3908 3678 3970 3729 et

2323 3756 2696 3829 sempiternis
2730 3756 2964 3828 ignibus
2997 3758 3679 3829 praeparavitAccinctus
3706 3760 3806 3817 Dei
3826 3776 3965 3817 con-

2322 3846 2502 3901 trahit
2530 3845 2964 3902 vestimentum.
3017 3846 3143 3901 Non
3192 3847 3348 3902 enim
3397 3864 3714 3920 possumus
3751 3866 3965 3923 expan-~

2322 3952 2449 3990 sam
2482 3934 2843 3990 fortitudinis
2873 3951 2991 3989 sua;
3021 3939 3237 3990 vestem
3270 3952 3677 4009 cognoscere.«
3706 3938 3810 4005 Qui
3834 3955 3967 3995 con-

2321 4024 2525 4079 turbas
2548 4023 2906 4095 profundum
2931 4023 3164 4079 maris»
3188 4025 3391 4081 Βαθουιὶ
3416 4026 3593 4097 hujus
3615 4028 3965 4099 profundam

2312 4112 2685 4183 jactantiam,
2736 4111 3146 4185 praedicatione
3205 4113 3526 4187 apostolica
3569 4132 3963 4175 commovens.

2322 4224 2350 4251 ‹‹
2386 4202 2607 4257 Sonum
2637 4201 2925 4257 ﬂuctuum
2976 4203 3102 4272 ejus
3147 4203 3281 4274 quis
3330 4204 3779 4261 sustinebittln
3809 4221 3968 4262 ever-

2322 4292 2485 4348 sione
2514 4291 2670 4347 enim
2701 4290 3157 4347 simulacrorum
3189 4292 3331 4347 dant
3358 4293 3689 4350 damnonia
3717 4310 3964 4350 sonum:

2322 4381 2631 4436 illicientes
2661 4395 2941 4452 paganos,
2973 4384 3038 4435 ut
3066 4379 3409 4437 interimant
3439 4386 3675 4438 sanctos
3705 4383 3821 4438 Dei.
3854 4382 3968 4439 Sed

2322 4470 2417 4525 hic
2446 4486 2649 4539 sonus,
2677 4468 2775 4524 Dei
2801 4468 3061 4540 potentia
3089 4468 3365 4541 opilatur.

2398 4581 2426 4608 α
2456 4558 2875 4614 Turbabuntur
2904 4562 3127 4629 gentes.
3164 4581 3191 4606 ››
3223 4558 3368 4614 Cum
3399 4560 3619 4617 sanctis
3661 4557 3968 4632 pravalere

560 4680 625 4734 In
652 4678 841 4747 ﬁnem,
872 4670 1356 4747 PsalmusADavid,
1383 4671 1673 4747 Canticum
1699 4671 1954 4747 lere-mia:
2002 4678 2052 4747 et
2081 4672 2211 4725 Eze-

2324 4664 2439 4703 non
2470 4646 2790 4719 potuerint.
2830 4647 2932 4701 «Et
2960 4646 3253 4702 timebunt
3276 4646 3512 4703 termini
3543 4654 3709 4706 terra:
3730 4647 3969 4722 asignis

634 4742 867 4813 chiel,et
891 4745 1084 4817 populi
1106 4744 1173 4799 de
1201 4745 1540 4817 captivitate.
1576 4742 1688 4798 Iste
1720 4743 1983 4817 psalmus
2006 4742 2063 4817 in
2087 4757 2215 4817 per-

636 4836 781 4875 sona
810 4814 1022 4872 Christi
1048 4814 1338 4884 Cantatur,
1362 4820 1417 4869 et
1440 4816 1508 4869 de
1536 4815 1861 4869 reversione
1886 4814 2212 4883 Babyloniae

634 4892 695 4948 in
714 4890 1125 4955 Jerusalem,et
1145 4889 1216 4943 de
1239 4893 1437 4943 nostra
1458 4887 1528 4942 ad
1553 4886 1842 4942 cmlestem
1860 4886 2210 4941 Jerusalem.

634 5030 661 5057 ‹‹
697 5008 777 5062 Te
806 5005 973 5061 decet
1003 5001 1468 5076 hymnus,Deus,
1491 5002 1547 5055 in
1571 5001 1706 5057 Sion
1733 5018 1745 5055 :
1778 5006 1835 5055 et
1866 5000 1972 5056 tibi
2004 4999 2213 5056 redde-

563 5102 662 5153 tur
687 5100 888 5152 votum
920 5094 980 5149 in
1010 5092 1353 5159 Jerusalem,
1403 5111 1428 5142 η
1466 5091 1589 5145 Non
1619 5088 2004 5144 theatralibus
2027 5104 2214 5161 neque

561 5184 1012 5241 simulacrorum
1048 5180 1302 5252 templis.
1339 5180 1439 5234 sed
1484 5179 1613 5249 tibi,
1647 5178 2049 5249 Omnipotens,
2083 5178 2213 5234 laus

565 5291 633 5331 ac
663 5279 860 5331 votum
883 5272 1109 5344 jugiter
1138 5276 1227 5325 est
1256 5270 1620 5325 reddendum
1652 5268 1713 5323 in
1743 5268 1899 5332 Sion,
1934 5267 1989 5321 id
2016 5272 2122 5330 est.
2155 5268 2211 5322 in

563 5362 842 5430 Ecclesia,
876 5365 1041 5415 tuam
1072 5358 1316 5432 gloriam
1368 5356 1705 5430 speculante
1738 5373 1750 5412 :
1782 5354 1871 5410 vel
1897 5356 1957 5409 in
1996 5355 2212 5412 cmlesti

559 5450 885 5508 Jerusalem
915 5449 1128 5520 dignus
1160 5445 1636 5503 commemoraris
1667 5443 2044 5500 inhabitator.
2067 5445 2209 5501 Bed—

565 5540 738 5593 detur
766 5554 903 5611 ergo
935 5537 1041 5591 tibi
1074 5538 1221 5604 laus,
1256 5536 1395 5609 quia
1423 5536 1579 5591 Deus
1607 5551 1669 5589 es
1705 5549 1717 5586 :
1751 5535 2096 5605 votum,quia
2128 5551 2213 5590 re-

570 5628 836 5698 demptor
866 5644 948 5683 es.
982 5647 1009 5676 «
1046 5626 1263 5682 Exaudi
1295 5624 1618 5681 orationem
1654 5638 1865 5677 meam.
1902 5645 1929 5673 »
1960 5623 2065 5679 Per
2086 5625 2213 5697 Spi-

563 5714 745 5774 ritum
775 5718 1045 5772 sanctum
1092 5716 1192 5788 qui
1223 5712 1540 5788 gemitibus
1587 5710 2078 5770 inenarrabilibus
2125 5714 2212 5771 in-

2321 4737 2549 4791 tuis.»A
2581 4736 2793 4790 virtute
2822 4735 3167 4806 crucis,quaa
3194 4736 3279 4791 eis
3311 4736 3474 4809 prius
3503 4736 3755 4794 stultitia
3795 4741 3918 4795 erat
3948 4754 3964 4794 :

2320 4825 2409 4881 vel
2441 4826 2514 4881 ab
2546 4824 2637 4879 bis
2670 4823 3039 4879 mirabilibus
3070 4831 3611 4898 compunguntur.«
3631 4827 3833 4885 Exitus
3851 4841 3971 4882 ma-

2322 4913 2519 4983 tutini,
2551 4918 2608 4968 et
2636 4929 2871 4985 vespere
2901 4912 3239 4970 delectabis.
3275 4936 3303 4964 »
3336 4914 3641 4972 Matutinis
3694 4914 3971 4989 vesperti-

2323 5002 2532 5075 nisque
2584 5001 2819 5074 hymnis
2865 5002 3129 5059 Ecclesiae
3160 5002 3481 5059 delectatur
3506 5004 3682 5075 Deus,
3715 5019 3816 5076 per
3844 5002 3965 5060 ani-

2323 5108 2481 5148 mam
2514 5091 2745 5147 ﬁdelem
2780 5109 2792 5146 :
2828 5108 2976 5163 quae,
3037 5091 3237 5147 relicto
3287 5091 3552 5148 inanium
3602 5091 3968 5165 superstitio-

2323 5197 2465 5236 num
2499 5180 2638 5247 ritu,
2667 5196 2803 5235 eum
2835 5181 3037 5235 devote
3070 5179 3412 5237 laudaverit.
3448 5181 3553 5237 Per
3598 5197 3789 5250 mane,
3822 5179 3967 5237 laeti-

2322 5270 2405 5325 tia
2441 5287 2453 5325 :
2490 5256 2593 5343 per
2623 5286 2953 5342 vesperum,
2987 5269 3247 5324 tristitia.
3286 5293 3306 5319 ι
3340 5270 3600 5327 Visitasti
3648 5275 3885 5327 terram.
3934 5290 3967 5321 ιι

2320 5358 2593 5415 Visitavit
2622 5359 2825 5430 utique
2856 5361 3071 5412 terram
3104 5357 3286 5413 nostri
3319 5359 3596 5432 corporis,
3617 5357 3972 5415 assumenda

2322 5443 2627 5504 materiam
2678 5445 2891 5503 carnis.
2922 5469 2949 5495 «
2986 5446 3054 5501 Et
3093 5446 3397 5503 inebriasti
3429 5464 3581 5504 eam.
3617 5469 3645 5499 ››
3680 5447 3803 5504 Non
3834 5447 3972 5503 vino

2320 5537 2582 5606 luxuriae,
2616 5536 2716 5592 sed
2746 5535 3037 5592 infusione
3067 5536 3320 5608 Spiritus
3350 5538 3595 5594 sancti.«
3620 5534 3969 5609 Multiplice-

2320 5628 2393 5683 sti
2417 5625 2772 5698 locupletare
2788 5641 2976 5681 eam.»
3006 5625 3377 5682 Diversarum
3398 5627 3609 5699 opibus
3619 5624 3970 5699 gratiarum.

2391 5739 2419 5768 ‹‹
2460 5716 2704 5773 Flumen
2728 5713 2827 5771 Dei
2849 5713 3134 5788 repletum
3156 5720 3246 5774 est
3269 5715 3457 5790 aquis.
3482 5737 3512 5768 ››
3537 5715 3795 5793 Denique
3820 5713 3972 5775 dicit
