4256 6592
314 412 472 485 1065

1490 406 1983 475 BREVIARJUM
2027 407 2107 469 IN
2155 410 2539 472 PSALMOS.

3566 412 3725 475 1066

312 545 599 626 Dominus
628 544 687 599 in
721 542 1029 615 Evangelio
1063 557 1076 596 :
1112 542 1219 610 Qui
1246 541 1548 597 crediderit
1592 543 1651 596 in
1694 558 1800 606 me,
1851 542 1956 609 [lu-
1994 540 2039 607 Α
2078 541 2284 598 saltem
2315 542 2543 598 veniam
2577 542 2894 612 consecuti,
2925 556 3095 615 pcsna
3153 556 3460 598 careamus
3518 543 3720 598 aeterni

308 634 548 691 ininade
575 634 886 704 ventreejus
911 633 1259 703 ﬂuentaque:
1305 630 1631 700 vivanoan.
1685 648 1786 696 vn,
1837 631 1948 699 38).

310 724 540 779 Attende
585 723 981 793 evangelistam
1011 738 1029 775 :
1063 720 1165 775 hoc
1193 722 1346 775 enim
1401 719 1617 775 diccbat
1646 720 1713 775 de
1739 720 1955 790 Spiritu

311 815 493 868 s'ancto
524 828 685 882 quem
714 810 991 881 accepturi
1019 812 1180 864 erant
1218 809 1491 864 credentes
1523 811 1584 863 in
1613 826 1743 864 eum
1791 807 1956 880 (Ibid,

312 901 429 973 39).
458 901 572 956 Nos
605 916 741 971 ergo
774 898 873 971 qui
907 898 1222 963 credimus,
1256 898 1381 968 jam
1442 898 1661 953 ﬂumen
1721 898 1822 953 Dei
1870 916 1964 953 su-

316 1007 471 1045 mus.
506 988 822 1061 Replemur
852 1003 1023 1059 aqua,
1058 1003 1191 1042 cum
1227 986 1518 1057 baptismo
1560 986 1879 1052 abluimur,
1908 991 1965 1042 et

317 1076 365 1134 si
398 1078 558 1151 digni
591 1094 799 1133 sumus
828 1081 894 1131 ut
924 1077 1143 1147 Spiritu
1193 1081 1392 1131 sancto
1451 1076 1825 1146 impleamur.
1857 1077 1965 1132 Lo-

318 1168 688 1241 cupletamur
718 1167 789 1221 ab
821 1165 1023 1221 eodem
1055 1163 1379 1236 spiritualis
1411 1163 1723 1219 infusionis
1755 1164 1966 1236 imbre,

320 1262 477 1328 c‘um,
508 1256 637 1311 vitae
669 1254 937 1326 perennis
973 1256 1128 1309 fonte
1156 1253 1382 1324 repleti,
1441 1253 1614 1308 donis
1648 1253 1968 1325 spirituali-

320 1346 431 1400 bus
462 1343 797 1415 irrigamur.
831 1365 859 1392 «
892 1342 1116 1398 Parasti
1150 1342 1343 1397 cibum
1394 1340 1653 1409 illorum,
1686 1342 1966 1413 quoniam

258 1422 265 1429 ’
306 1432 404 1488 ita
433 1435 521 1488 est
552 1431 893 1503 praeparatio
924 1432 1071 1501 ejus.
1108 1454 1134 1481 ››
1169 1429 1532 1501 Ρτωρθῐιειεὶὶ,
1564 1429 1829 1501 inquam,
1863 1430 1969 1485 Do-

320 1519 497 1592 mine,
531 1521 727 1576 cibum
760 1523 1028 1576 nostrum
1057 1519 1116 1574 in
1150 1519 1560 1574 communione
1590 1519 1745 1574 beati
1776 1536 1973 1591 corpo-

320 1610 401 1667 ris
433 1628 498 1667 ac
557 1609 865 1682 sanguinis
926 1608 1049 1663 tui:
1088 1608 1243 1679 quod
1275 1608 1321 1662 si
1383 1607 1557 1679 digne
1619 1607 1967 1664 hauriamus

314 1686 607 1771 judicium
640 1698 847 1754 mortis
876 1698 1209 1770 effugimus.
1244 1698 1327 1752 Tu
1360 1714 1422 1752 es
1454 1697 1610 1752 enim
1643 1697 1814 1769 panis
1843 1698 1971 1753 vitae

318 1787 678 1845 descendens
710 1788 781 1842 de
812 1786 955 1843 coelo
988 1804 1000 1842 :
1037 1791 1094 1842 et
1123 1786 1300 1842 vitam
1333 1786 1664 1842 retribuens
1688 1787 1932 1842 mundo.

2057 629 2285 701 jadicii,
2324 634 2530 687 Amen.

2632 721 2959 777 PSALMUS
2994 720 3158 775 LXV.

2067 810 2129 863 In
2160 809 2344 878 ﬁnem,
2371 812 2655 866 Canticum
2690 811 2897 865 Psalmi
2927 811 3379 865 resurrectionis.
3441 810 3548 867 Per
3581 828 3723 867 can-

2140 882 2344 954 ticum,
2375 882 2761 953 intelligentia
2792 881 3117 954 spiritualis
3177 879 3554 954 intelligitur.
3617 888 3727 938 Per

2145 952 2463 1026 psalmum,
2493 952 2640 1024 opus
2674 952 3165 1026 resurrectionis:
3199 953 3340 1026 quia
3380 952 3508 1009 'iste
3569 954 3724 1026 psal-

2094 1072 2101 1079 .
2146 1040 2279 1079 mus
2307 1025 2378 1079 ad
2411 1023 2896 1080 resurrectionem
2927 1023 3142 1079 Christi
3172 1023 3442 1096 pertinet.

2092 1162 2097 1165 _
2155 1111 2453 1167 «Jubilale
2508 1112 2646 1179 Deo,
2705 1112 2898 1168 omnis
2955 1118 3154 1169 terra:
3188 1112 3489 1184 psalmum
3546 1114 3722 1173 dicite

2076 1200 2299 1256 nomini
2328 1202 2477 1273 ejus.
2515 1222 2541 1251 ‹‹
2584 1201 2745 1266 Quod
2778 1201 2878 1268 ait,
2935 1204 3114 1258 omnis
3170 1210 3356 1271 terra”
3386 1218 3559 1260 omne
3617 1203 3723 1261 hu-

2076 1305 2319 1344 manum
2354 1306 2534 1359 genus
2566 1294 2864 1345 terrenum
2895 1307 3021 1345 esse
3076 1291 3464 1347 demonstrat.
3499 1293 3600 1348 Cui
3624 1293 3722 1364 ju-

2078 1377 2228 1449 gitcr
2250 1377 2662 1449 jubilationem
2695 1379 2764 1434 ad
2803 1384 2979 1435 Deum
3013 1384 3239 1452 oportet
3278 1380 3561 1448 emittere,
3595 1385 3661 1439 ut
3690 1398 3723 1439 a

2080 1466 2355 1538 nequitiis
2385 1466 2748 1539 Spiritalibus
2806 1472 3063 1524 eruatur.
3100 1489 3129 1518 ‹‹
3190 1468 3495 1525 Psalmum
3547 1470 3725 1527 dicite

2080 1554 2303 1610 nomini
2336 1557 2483 1627 ejus.
2517 1576 2544 1608 ιι
2605 1555 2768 1610 Multi
2828 1556 3089 1625 laudant,
3151 1558 3252 1614 sed
3305 1575 3420 1614 non
3476 1558 3727 1631 implent

2082 1659 2272 1716 opere.
2309 1668 2329 1694 α
2371 1647 2506 1700 Date
2536 1645 2783 1717 gloriam
2813 1644 2972 1701 laudi
3005 1647 3153 1717 ejus.
3189 1669 3217 1696 ››
3268 1647 3338 1702 Ut
3367 1647 3523 1704 sicut
3551 1648 3603 1707 ei
3632 1664 3729 1706 vo-

2082 1732 2249 1788 cibus
2318 1733 2613 1804 jubilatis,
2668 1734 2728 1788 in
2784 1749 2918 1789 eum
2952 1750 3055 1806 pro
3113 1735 3283 1791 bonis
3343 1736 3571 1793 actibus
3600 1737 3726 1809 glo-

2086 1821 2316 1877 riemini
2369 1839 2381 1877 :
2419 1824 2486 1879 Ut
2536 1823 2775 1878 videntes
2818 1823 3065 1878 homines
3113 1839 3276 1895 opera
3327 1834 3515 1882 vestra,
3563 1826 3722 1895 bona,

392 1895 602 1950 «Ilivos
631 1895 758 1965 ejus
781 1891 1822 1964 inebrians,multiplicansgenimina
1843 1894 1971 1963 ejus

2085 1910 2387 1981 gloriﬁcent
2432 1913 2651 1967 Patrem
2701 1920 2942 1967 vestrum
2997 1914 3093 1984 qui
3139 1891 3310 1968 estin
3339 1915 3487 1971 caelis
3517 1891 3725 1986 (Matth;

323 1986 383 2040 in
417 1982 733 2039 stillicidiis
763 1983 910 2053 ejus.
948 2005 976 2031 »
1010 1981 1131 2037 Rivi
1165 1982 1320 2037 enim
1352 1980 1412 2035 in
1464 1980 1633 2037 nobis
1663 1999 1696 2037 a
1729 1982 1969 2038 flumine

323 2072 450 2142 illo,
512 2072 569 2127 id
601 2075 690 2128 est
715 2088 748 2126 a
777 2070 998 2143 Spiritu
1030 2078 1255 2137 sancto,
1296 2071 1700 2143 emanant,qui
1747 2088 1854 2127 nos
1875 2072 1967 2126 di-

320 2161 506 2219 versis
535 2160 852 2231 gratiarum
888 2160 1059 2215 donis
1082 2158 1460 2214 inebriantmt
1482 2157 1578 2214 alii
1604 2160 1776 2215 detur
1795 2176 1971 2216 sermo

321 2251 631 2324 sapientiaz,
658 2249 764 2303 alii
790 2248 1101 2320 prophetia,
1128 2248 1233 2302 alii
1258 2250 1492 2318 curatio,
1517 2248 1619 2303 alii
1650 2249 1970 2320 interpreta-

323 2341 419 2406 tio,
451 2339 532 2395 vel
574 2338 798 2408 reliquze
843 2336 1162 2391 donationes
1190 2356 1209 2391 .-
1241 2352 1374 2408 quas
1414 2344 1673 2407 cperatur
1702 2344 1848 2394 unus
1879 2344 1968 2393 at-

321 2442 431 2500 que
460 2426 602 2483 idem
633 2426 891 2495 Spiritus,
923 2425 1170 2481 dividens
1204 2427 1502 2497 unicuique
1545 2430 1709 2498 prout
1756 2426 1879 2481 vult
1927 2427 1976 2498 (Ι

327 2517 446 2572 Cor.
478 2532 578 2571 xu.
611 2516 789 2582 6-11),
824 2515 931 2569 Per
961 2531 1088 2587 qua:
1113 2514 1497 2570 donationum
1555 2531 1784 2587 genera,
1821 2514 1971 2570 mul-

323 2604 664 2677 tiplicantur
691 2603 958 2659 Ecclesiae
990 2605 1124 2669 Quae
1185 2602 1442 2675 primum
1497 2605 1738 2675 quidem
1800 2604 1973 2676 quasi

325 2693 622 2750 stillicidia
652 2694 712 2747 in
744 2692 911 2748 nobis
945 2693 1230 2758 deﬂuunt,
1266 2692 1475 2747 dehinc
1504 2692 1605 2747 rivi
1638 2694 1803 2748 ﬁunt.
1838 2694 1976 2749 Post

325 2782 447 2837 haec
480 2781 951 2853 multiplicantur
982 2780 1037 2835 in
1071 2781 1545 2853 generationibus
1579 2798 1592 2835 :
1630 2787 1694 2837 ut
1724 2782 1971 2838 afferant

325 2873 605 2939 fructum,
641 2869 799 2926 aliud
831 2870 1237 2925 centesimum:
1299 2870 1457 2925 aliud
1516 2871 1972 2943 sexagesimum,

325 2961 483 3017 aliud
517 2959 883 3019 tricesimum
916 2958 1376 3031 (Matth.xm,8).«
1414 2958 1734 3015 Laetabitur
1757 2961 1974 3032 germi-

329 3065 498 3105 nans.
538 3071 558 3097 ι
594 3049 773 3103 Terra
804 3047 1026 3103 scilicet
1056 3046 1347 3104 laetabitur
1372 3048 1499 3119 (Isa.
1534 3065 1690 3119 Lvm,
1724 3050 1977 3120 l-i),cum

330 3141 391 3193 in
416 3154 484 3193 ea
512 3137 608 3192 hic
641 3138 862 3193 fructus
894 3134 1220 3208 spiritualis
1250 3137 1558 3193 exorietur.

2038 2017 2135 2078 ἄν,
2170 2001 2256 2071 16)
2289 2000 2387 2055 Vel
2422 2000 2562 2056 illud
2598 2018 2610 2056 :
2644 2001 2768 2056 Non
2799 2000 2988 2069 nobis,
3049 2000 3311 2069 Domine,
3364 2020 3479 2060 non
3535 2004 3724 2073 nobis,

2080 2090 2182 2145 sed
2213 2090 2432 2144 nomini
2468 2094 2566 2145 tuo
2597 2090 2672 2144 da
2701 2088 2945 2161 gloriam
2979 2091 3153 2162 (Psal.
3188 2107 3345 2162 CXIII,
3383 2093 3454 2163 1).

2152 2201 2181 2230 ‹‹
2213 2177 2397 2234 Dicite
2427 2178 2563 2248 Deo,
2596 2194 2776 2249 quam
2835 2178 3120 2234 terribilia
3176 2183 3315 2235 sunt
3370 2196 3546 2252 opera
3600 2185 3724 2251 tua,

2082 2267 2344 2334 Domine,
2379 2290 2405 2315 ››
2436 2266 2667 2322 Scilicet
2696 2272 2759 2323 ut
2791 2284 2906 2322 non
2956 2273 3290 2324 creaturam
3344 2268 3555 2339 colant,
3618 2271 3722 2328 sed

2082 2355 2369 2411 Creatoris
2426 2356 2701 2413 virtutem
2754 2356 2814 2411 in
2878 2355 2969 2411 his
3017 2374 3143 2429 quas
3221 2359 3719 2431 contemplantur,

2082 2444 2430 2515 intelligant.
2465 2466 2490 2493 «
2526 2444 2710 2510 Quam
2742 2444 3027 2500 terribilia
3085 2451 3224 2501 sunt
3280 2464 3456 2519 opera
3512 2452 3616 2504 tua
3647 2449 3660 2504 ι
3696 2469 3725 2499 »

2083 2533 2364 2588 Terribile
2389 2537 2476 2588 est
2507 2534 2657 2605 quod
2695 2534 2937 2605 potestis
2969 2534 3189 2591 mirari.
3224 2538 3283 2599 et
3311 2553 3425 2592 non
3485 2536 3731 2609 potestis

2084 2622 2596 2694 comprehendere,
2627 2621 2684 2677 id
2716 2626 2822 2694 est,
2857 2623 2927 2678 de
2959 2622 3173 2694 populo
3221 2624 3465 2681 Judaico
3522 2626 3728 2695 electo,

2085 2716 2140 2766 et
2170 2716 2371 2782 postea
2404 2712 2709 2783 reprobate
2739 2715 2797 2767 et
2822 2716 3024 2783 gentes
3056 2712 3330 2783 primitus
3368 2715 3727 2789 condemna-

2083 2788 2193 2870 tas,
2229 2804 2286 2855 et
2319 2804 2517 2872 postea
2548 2798 2892 2856 electas.Vel
2923 2801 3025 2871 qui
3048 2800 3494 2873 videnturquasi
3514 2788 3727 2870 sancti,

2086 2894 2143 2944 et
2173 2890 2488 2961 reprobati;
2520 2893 2575 2944 et
2608 2889 2678 2944 de
2709 2888 3241 2961 poccatoribus,qui
3266 2890 3536 2947 videntur
3556 2892 3729 2964 quasi

2087 2978 2399 3049 reprobati,
2462 2982 2519 3032 et
2576 2977 2763 3033 electi.
2837 2977 3075 3033 Occulta
3133 2982 3275 3034 sunt
3324 2979 3548 3049 judicia
3577 2980 3724 3037 Dei:

2087 3066 2392 3131 terribilia,
2427 3066 2482 3121 id
2516 3070 2603 3122 est
2636 3066 2951 3121 timenda.«
2984 3066 3047 3122 In
3094 3067 3475 3125 multitudine
3495 3069 3732 3126 virtutis

2088 3160 2199 3211 tuae
2231 3156 2587 3211 mentientur
2613 3155 2718 3210 tibi
2751 3154 2970 3211 inimici
3003 3155 3142 3211 tui.»
3178 3156 3422 3220 Quando
3454 3158 3730 3214 viderunt

403 3268 432 3295 «
465 3244 776 3300 Benedices
815 3259 1091 3299 coronam
1141 3242 1276 3299 anni
1337 3244 1714 3315 benignitatis
1774 3249 1910 3301 tuae.
1948 3268 1975 3296 »
2009 3264 2052 3331 ρ
2086 3244 2148 3300 in
2180 3245 2420 3317 Egypto
2449 3244 2713 3315 virtutes,
2746 3248 2803 3299 et
2829 3244 3037 3315 signa:
3069 3250 3128 3301 et
3183 3245 3244 3302 in
3304 3247 3453 3302 mari
3510 3248 3730 3304 Rubro.

333 3336 457 3400 Qua
486 3336 719 3389 sanctos
750 3332 1026 3403 praemiis,
1056 3336 1113 3387 et
1144 3332 1521 3404 temetipsum
1554 3349 1755 3388 eorum
1788 3334 1976 3407 agmi-

333 3422 509 3479 nibus
539 3418 865 3477 coronabis.
899 3421 1125 3474 Annum
1157 3435 1288 3475 vero
1321 3419 1761 3491 acceptabilem,
1782 3421 1978 3493 ipsum

323 3526 451 3566 esse
491 3507 800 3565 Dominum
833 3508 985 3563 alius
1043 3507 1326 3580 prepheta
1364 3514 1789 3565 commemorat
1824 3527 1836 3566 :
1870 3510 1977 3566 Be-

325 3599 557 3656 nedices
581 3613 855 3654 coronam
887 3595 1027 3652 anni
1078 3597 1221 3667 ejus.
1281 3596 1577 3653 Circulum
1632 3602 1687 3653 et
1749 3615 1981 3671 semper

326 3691 387 3745 in
423 3706 484 3745 se
516 3688 810 3744 currentia
866 3686 1001 3742 anni
1056 3690 1340 3757 tempora,
1392 3703 1669 3743 coronam
1730 3689 1973 3745 vocavit.

331 3783 449 3834 Aut
482 3782 633 3834 certe
681 3775 820 3849 quia
873 3776 931 3831 in
987 3775 1260 3847 passione
1315 3775 1549 3831 Domini
1608 3777 1852 3833 victoria
1909 3779 1979 3833 de

332 3871 454 3927 toto
488 3867 625 3922 orbe
657 3868 930 3936 suscepta
959 3868 1068 3920 est.
1107 3888 1127 3913 ‹ι
1163 3864 1232 3919 Et
1289 3864 1479 3936 campi
1521 3866 1603 3920 tui
1666 3865 1977 3937 repleban-

329 3961 428 4015 tur
457 3957 739 4011 ubertate.
775 3975 801 4003 »
839 3953 1057 4024 Campi,
1091 3952 1233 4026 legis
1265 3954 1365 4026 qui
1416 3953 1650 4009 nullum
1694 3956 1975 4026 jucundi-

330 4045 469 4100 tatis
504 4045 759 4099 fructum
788 4042 846 4098 in
886 4041 1080 4098 littera
1136 4042 1510 4113 protulerunt
1542 4059 1555 4099 :
1589 4060 1746 4099 nunc
1806 4043 1977 4117 spiri-

328 4132 567 4191 tualiter
618 4129 920 4197 intellecti,
990 4132 1214 4187 fructus
1284 4131 1600 4203 evangelici
1685 4133 1978 4205 dogmatis

334 4220 602 4279 ubertate
633 4217 1019 4291 complentur.

402 4331 432 4360 «
465 4307 853 4380 Pinguescent
881 4305 1143 4378 speciosa
1173 4306 1406 4362 deserti.
1445 4329 1472 4356 ››
1506 4307 1763 4366 Ecclesia
1821 4309 1979 4365 scili-

331 4401 439 4466 cet,
473 4413 598 4469 quae
630 4395 826 4451 divina
854 4393 955 4450 Dei
987 4394 1176 4467 gratia
1215 4395 1363 4451 ﬂuit.
1399 4418 1425 4445 ‹‹
1460 4396 1529 4452 Et
1586 4396 1978 4455 exsultatione

334 4486 513 4544 colles
547 4484 946 4557 accinguntur.
984 4506 1012 4533 »
1046 4483 1347 4556 Martyres,
1382 4483 1500 4539 sive
1530 4484 1736 4556 reliqui
1769 4487 1975 4542 sancti:

332 4576 454 4648 qui,
486 4573 795 4631 immensis
828 4589 861 4628 a
892 4572 1005 4629 Deo
1037 4573 1292 4645 praemiis
1324 4572 1615 4643 honorati,
1656 4575 1978 4645 ,perpetuis

331 4663 570 4738 gaudiis
610 4662 1008 4734 accingentur.

409 4776 436 4803 «
472 4752 667 4809 Induti
694 4757 837 4808 sunt
867 4751 1076 4807 arietes
1107 4750 1321 4807 ovium.
1360 4774 1380 4801 η
1448 4751 1818 4821 Patriarchzs,
1851 4769 1982 4825 pro-

336 4843 550 4916 phetae,
602 4842 721 4899 sive
779 4840 1073 4913 apostoli:
1109 4842 1204 4914 qui
1265 4842 1446 4898 duces
1502 4842 1740 4899 fuerunt
1792 4842 1986 4898 ovium

339 4932 534 5005 gregis
565 4930 963 4999 ecclesiastici,
1014 4931 1282 4987 translati
1341 4949 1373 4987 a
1423 4936 1611 4987 morte
1667 4933 1726 4988 in
1758 4931 1984 4987 vitam:

342 5022 673 5077 induuntur
727 5020 1171 5076 immortalitate
1226 5026 1525 5093 perpetua.
1586 5044 1613 5071 ‹‹
1689 5021 1752 5077 ΕΙ
1811 5021 1988 5077 valles

340 5104 729 5166 abundabunt
759 5110 1105 5166 frumento.»
1142 5110 1493 5165 Clamabunt
1523 5112 1710 5166 sancti
1746 5111 1989 5166 minoris

342 5200 556 5266 meriti,
593 5203 648 5255 et
679 5214 954 5255 coronam
988 5216 1101 5254 non
1145 5200 1374 5271 capient
1408 5217 1420 5255 :
1457 5200 1744 5255 fructibus
1794 5203 1988 5256 tamen

340 5293 571 5347 steteram
601 5289 731 5344 vitae
762 5287 1010 5344 alentur.
1038 5310 1065 5338 «
1126 5288 1496 5359 Clamabunt,
1553 5288 1769 5343 etenim
1820 5289 1987 5361 hym-

348 5395 491 5433 num
523 5378 734 5433 dicent.
771 5398 799 5426 »
831 5377 1046 5432 Omnes
1078 5378 1407 5449 promiscue
1465 5376 1629 5432 electi
1660 5394 1765 5448 pro
1796 5379 1987 5433 diver-

338 5484 544 5525 sorum
578 5482 891 5522 munerum
923 5466 1114 5533 donis,
1148 5467 1263 5523 Deo
1301 5471 1612 5539 perpetuas
1667 5467 1990 5522 concinunt

343 5556 570 5614 laudes.
602 5558 862 5623 Quorum
890 5561 957 5610 ut
1011 5572 1433 5629 congregemur
1492 5555 1734 5622 meritis,
1788 5557 1988 5628 depre-

343 5650 545 5703 cantes
570 5662 829 5713 oramus,
888 5649 952 5700 ut
1001 5645 1329 5718 jungamur
1385 5645 1664 5717 praemiis,
1696 5650 1763 5701 ut
1792 5645 1840 5702 si
1875 5662 1990 5702 non

343 5750 640 5797 meremur
667 5733 944 5790 honorari
989 5734 1267 5806 praemiis,
1328 5735 1415 5792 vel
1474 5735 1669 5808 ornari
1731 5736 1985 5809 coronis,

626 5862 892 5927 ΡΑτιιοι.
939 5860 1153 5929 XXVI.

2090 3333 2311 3388 Mentiti
2344 3336 2481 3387 sunt
2516 3333 2749 3403 quando
2798 3333 3108 3388 dixerunt:
3147 3332 3346 3389 Omnia
3402 3352 3738 3408 quacunque

2086 3421 2404 3494 praeceperit
2431 3420 2586 3475 nobis
2611 3421 2892 3486 Dominus,
2949 3422 3220 3491 faciemus
3274 3423 3471 3493 (Exod.
3505 3441 3623 3491 xxv,
3655 3423 3735 3496 7)‘.

2089 3509 2253 3565 Unde
2285 3508 2425 3565 dicit
2456 3524 2469 3563 :
2503 3508 2775 3578 lniquitas
2803 3510 3034 3563 mentita
3062 3512 3221 3578 est,et
3262 3509 3488 3567 'inimici
3514 3512 3739 3569 Domini

2087 3600 2307 3655 mentiti
2330 3600 2460 3653 sunt
2486 3596 2537 3652 ei
2565 3597 2735 3667 (Psal.
2770 3613 2921 3663 xxvr,
2958 3598 3066 3668 12).

2160 3711 2187 3737 ‹‹
2221 3687 2426 3743 Omnis
2453 3690 2575 3741 tera
2605 3686 2805 3742 adoret
2854 3691 2931 3753 te,
2969 3687 3139 3754 Deus,
3197 3692 3255 3743 et
3313 3688 3526 3761 psallat
3580 3689 3684 3744 tibi
3722 3705 3735 3745 :

2089 3776 2384 3849 psalmum
2418 3775 2574 3830 dicat
2623 3774 2844 3830 nomini
2902 3780 3023 3830 tuo.
3065 3797 3086 3827 ι
3150 3797 3178 3826 »
3239 3778 3318 3833 Te
3368 3779 3588 3846 adoret,
3624 3800 3651 3828 »
3682 3783 3740 3835 te

2086 3871 2394 3922 veneretur
2425 3882 2437 3921 :
2473 3865 2575 3920 tibi
2609 3865 2898 3933 concinet,
2922 3882 3038 3920 non
3072 3871 3369 3933 creatura),
3403 3884 3580 3939 quam
3605 3869 3735 3937 eius

2089 3955 2299 4011 usibus
2329 3952 2651 4025 subjecisti.
2685 3952 2788 4008 Hic
2818 3954 3139 4025 interponit
3189 3955 3537 4027 diapsalma,
3569 3960 3635 4010 ut
3659 3957 3732 4012 ad

2088 4062 2196 4101 nos
2226 4043 2396 4098 verba
2423 4044 2737 4115 convertat,
2770 4041 2971 4097 dicens
3014 4059 3026 4097 :

2160 4155 2186 4181 ‹‹
2220 4130 2443 4197 Venite,
2477 4134 2535 4184 et
2587 4129 2776 4183 videte
2823 4145 2998 4200 opera
3056 4131 3307 4199 Domini,
3339 4132 3617 4188 terribilis
3670 4132 3733 4188 in

2089 4218 2351 4276 consiliis
2381 4235 2558 4289 super
2591 4217 2738 4273 ﬁlios
2770 4216 3099 4273 hominum.
3138 4242 3158 4269 ι
3207 4219 3419 4276 Gentes
3450 4236 3579 4293 qua
3631 4220 3734 4277 diu

2087 4307 2145 4363 in
2177 4324 2368 4364 errore
2399 4307 2650 4362 fanatico
2675 4306 2962 4376 vixerunt,
2995 4306 3147 4363 sicut
3188 4308 3485 4381 quondam
3534 4315 3735 4381 patres

2090 4401 2295 4465 nostri,
2328 4397 2397 4452 ad
2432 4395 2613 4451 Deum
2648 4397 3121 4469 cognoscendum
3173 4397 3402 4453 invitat.
3432 4398 3541 4464 Qui
3563 4398 3735 4454 terri-

2092 4486 2313 4542 bilibus
2343 4485 2606 4541 consiliis
2638 4485 2897 4540 humano
2929 4486 3126 4558 generi
3174 4485 3495 4556 consuluit,
3527 4492 3593 4542 ut
3638 4503 3740 4543 co-

2094 4578 2440 4647 gnoscentes
2471 4574 2759 4629 Creatoris
2790 4591 2985 4646 opera,
3031 4575 3248 4631 scirent
3303 4591 3547 4648 operum
3601 4592 3741 4633 cou-

2017 4634 2063 4697 D
2094 4634 2364 4719 ditorem.
2397 4686 2425 4712 «
2459 4662 2683 4732 Venite,
2715 4666 2773 4718 et
2800 4634 2988 4719 videte
3017 4680 3195 4736 Opera
3228 4634 3518 4720 Domini.»
3558 4666 3741 4722 Venite

2097 4753 2359 4816 credite,
2418 4752 2637 4816 videte,
2696 4749 3041 4824 intelligite.
3105 4753 3224 4810 Vox
3297 4754 3743 4826 praedicatorum

2104 4864 2123 4892 ι
2159 4841 2341 4904 Quam
2365 4839 2662 4911 terribilis,
2696 4841 2754 4895 in
2812 4840 3076 4897 consiliis
3107 4858 3285 4915 super
3342 4842 3496 4899 ﬁlios
3554 4843 3747 4899 homi-

2099 4947 2241 4985 num
2273 4929 2285 4983 l
2324 4951 2347 4979 ι
2380 4929 2686 4999 Terribilis,
2714 4929 2823 4984 hoc
2855 4935 2964 4998 est,
2998 4932 3292 5002 quomodo
3340 4948 3496 4986 unus
3546 4947 3745 5003 repro-

2098 5020 2272 5075 batur
2328 5024 2384 5074 et
2434 5016 2581 5073 alter
2633 5017 2891 5089 eligitur.
2953 5019 3365 5090 Reprobantur
3418 5019 3629 5089 Judtei,
3688 5022 3748 5074 et

2098 5108 2398 5181 eliguntur
2426 5110 2627 5179 gentes
2662 5123 2675 5174 ;
2709 5106 2864 5162 sicut
2893 5107 3041 5162 dixit
3069 5109 3128 5163 in
3163 5108 3468 5180 Evangelio
3504 5124 3517 5161 :
3551 5109 3668 5163 Duo
3689 5109 3752 5163 in

2097 5216 2227 5271 agro
2254 5217 2271 5252 :
2315 5214 2458 5253 unus
2504 5205 2830 5261 assumelur,
2879 5207 2930 5253 et
2982 5213 3127 5252 unus
3186 5198 3548 5270 relinquetur.
3608 5198 3749 5254 Duae

2096 5290 2357 5345 metentes
2388 5306 2406 5341 :
2439 5304 2550 5341 una
2581 5286 2907 5355 assumelur,
2942 5293 2992 5341 et
3018 5287 3132 5341 alia
3155 5286 3506 5358 relinquetur
3535 5286 3749 5357 (Matth.

2097 5393 2251 5449 xxw,
2302 5378 2394 5443 40,
2442 5378 2549 5446 41).
2605 5377 2718 5430 Duo
2764 5376 2822 5429 in
2861 5372 2996 5430 lecto
3044 5393 3063 5430 :
3118 5392 3264 5431 unus
3320 5379 3656 5446 assumetur,
3702 5378 3757 5431 et

2099 5485 2241 5524 unus
2270 5468 2622 5537 relinquetur
2652 5466 2803 5536 (Luc.
2837 5482 2970 5529 xvn,
3003 5465 3113 5535 34).
3146 5464 3437 5520 Terribile
3467 5468 3575 5535 est,
3602 5464 3747 5519 dum

2103 5559 2173 5613 de
2203 5574 2319 5613 una
2351 5572 2549 5611 massa
2604 5556 2841 5610 fuerunt
2887 5554 3089 5625 creati,
3128 5558 3186 5610 et
3232 5554 3331 5609 alii
3378 5553 3762 5627 eliguntur,et

2101 5646 2203 5703 alii
2238 5646 2645 5718 reprobantur.

2177 5758 2200 5788 ι
2231 5735 2339 5817 Qui
2363 5734 2643 5793 convertit
2673 5748 2832 5791 mare
2863 5732 2922 5789 in
2954 5732 3179 5792 aridam
3211 5750 3225 5792 :
3261 5734 3321 5791 in
3354 5733 3605 5791 ﬂumine
3631 5747 3764 5815 per:

3396 5861 3478 5957 33
