4256 6574
550 433 705 529 I067

2047 428 2468 491 APPENDIX.

3791 420 3952 486 1068

542 565 879 622 transibunt
911 562 1075 634 pede.
1109 582 1137 613 »
1200 563 1400 635 Ipsum
1458 561 1700 618 adorare
1753 561 1918 618 docet
1963 562 2065 634 qui
2116 563 2186 618 ad
2217 567 2273 632 Α
2301 581 2427 636 quae
2461 568 2517 618 et
2547 561 2951 619 holocaustum
2978 562 3279 631 acceptum
3313 556 3501 614 effecti
3536 558 3697 627 sunt,
3747 572 3947 629 perve-

547 652 856 710 transitum
899 650 1151 719 Israelis,
1201 654 1258 705 et
1315 668 1474 707 mare
1532 651 1770 707 siccavit
1826 651 2017 722 (Exod.
2074 669 2189 716 xxv,

539 744 653 815 22),
685 746 742 799 et
794 741 1068 797 Jordanis
1126 741 1317 796 undas
1374 742 1652 812 appendit
1706 745 1908 808 (Iosue,
1962 758 2045 807 Ill,
2080 741 2188 811 16).

543 832 653 889 Sed
684 836 742 887 et
769 831 893 903 ipse
924 829 1209 886 Dominus
1242 830 1380 897 dux,
1414 830 1535 885 haec
1579 829 1748 901 quasi
1781 830 1924 900 pede
1954 834 2193 900 prmter-

543 922 630 985 iit,
664 920 879 993 populo
911 923 1317 992 prosequente.
1352 918 1501 991 Ergo
1532 920 1687 974 sicut
1716 922 1857 973 tunc
1891 918 1977 971 hae
2022 934 2189 988 aqua:

542 1011 670 1083 ipso
702 1011 851 1067 duce
880 1008 1078 1064 divisa:
1118 1007 1332 1080 pepulo
1392 1008 1544 1063 viam
1595 1008 1652 1062 in
1712 1013 1927 1061 terram
1988 1022 2188 1077 repro-

542 1098 845 1156 missionis
887 1101 1241 1170 aperuerunt
1283 1113 1296 1150 :
1332 1097 1412 1151 ita
1451 1114 1607 1151 nunc
1666 1096 1854 1161 nobis,
1889 1095 1938 1149 si
1996 1094 2188 1164 bapti-

541 1203 739 1244 smum
772 1204 887 1243 non
919 1186 1272 1259 polluamus,
1309 1201 1411 1255 per
1440 1184 1636 1255 ipsum
1667 1183 1870 1249 abluti,
1894 1186 2189 1254 praeeunte

540 1276 718 1345 eo,in
752 1293 866 1347 quo
918 1275 1103 1331 renati
1159 1290 1388 1339 sumus,
1451 1274 1508 1327 in
1570 1274 1865 1344 regionem
1925 1272 2185 1326 vivorum

541 1366 925 1439 ingredimur.
960 1384 986 1415 ι)
1042 1363 1145 1419 Vel
1197 1362 1641 1435 pertransibunt
1692 1363 1857 1434 pede,
1919 1384 1947 1409 »
1999 1361 2185 1416 sancti

540 1455 948 1526 praedicatores
979 1453 1204 1509 fortiter
1259 1451 1710 1507 ambulaverunt
1767 1449 2180 1521 praedicando:

536 1545 675 1616 quia
704 1544 857 1600 Deus
890 1546 1175 1614 przeparat
1205 1540 1320 1595 illis
1364 1541 1538 1595 viam.
1575 1541 1735 1593 Unde
1794 1538 2013 1593 dictum
2046 1543 2134 1592 est
2165 1553 2177 1591 :

539 1632 777 1688 Caleiate
820 1632 980 1703 pedes
1026 1639 1237 1685 vestros
1286 1631 1345 1683 in
1405 1630 1821 1699 praeparatione
1893 1628 2184 1694 Evangelii

530 1724 685 1793 pacis
714 1722 927 1792 (Ephes.
957 1719 1169 1788 χι.15).
1207 1741 1233 1767 ‹‹
1276 1717 1354 1772 Ibi
1392 1716 1721 1771 lmtabimur
1780 1718 1836 1769 in
1869 1714 2129 1786 idipsum
2165 1730 2177 1769 :

535 1811 639 1881 qui
688 1809 1069 1864 dominantur
1116 1808 1175 1860 in
1227 1807 1437 1861 virtute
1506 1822 1613 1860 sua
1678 1805 1735 1858 in
1795 1810 2097 1859 aeternum.
2152 1826 2179 1851 ››

538 1921 570 1950 κ
604 1898 667 1953 In
698 1897 980 1967 idipsum,
1013 1895 1122 1951 hoc
1154 1900 1244 1951 est
1299 1894 1359 1948 in
1419 1894 1650 1950 Christo
1709 1910 1721 1949 :
1756 1894 1892 1964 quia
1923 1893 2024 1964 qui
2087 1893 2179 1947 hic

533 1987 645 2042 fuit
696 1986 1067 2054 humiliatus,
1128 1986 1251 2055 ipse
1309 1984 1647 2039 dominatur
1719 1983 1775 2036 in
1832 1982 2174 2037 mternitate.

533 2077 697 2132 Sicut
720 2075 877 2132 enim
907 2076 1033 2145 ejus
1064 2074 1293 2129 virtulis
1325 2073 1644 2128 dominatio
1673 2072 1833 2126 nullo
1882 2072 2177 2126 clauditur

530 2167 648 2222 ﬁne
682 2184 694 2234 ;
729 2167 809 2221 ita
839 2171 1038 2220 nostra
1070 2162 1283 2231 laetitia,
1318 2180 1435 2233 qua
1482 2165 1527 2216 ei
1564 2163 1892 2216 conformes
1954 2160 2176 2215 efﬁcie-

532 2271 688 2325 mur,
720 2258 997 2327 perpetuo
1032 2248 1429 2325 permanebit.~

602 2366 631 2395 «
663 2343 828 2399 Oculi
860 2344 987 2414 ejus
1035 2358 1212 2413 super
1269 2346 1468 2413 gentes
1527 2340 1866 2411 respiciunt.
1930 2359 1957 2388 »
1985 2338 2055 2393 Ut
2087 2354 2172 2392 re-

531 2430 1077 2507 probeuturJudiei,
1111 2436 1167 2485 et
1212 2430 1503 2502 eligantur
1558 2429 1802 2500 gentiles
1838 2446 1850 2497 ;
1887 2434 1951 2483 ut
1981 2427 2125 2481 illud
2158 2443 2169 2482 :

532 2526 640 2592 Qui
668 2524 833 2594 ﬁnxit
863 2523 1103 2591 oculum,
1146 2537 1254 2575 non
1301 2519 1601 2575 considerat
1652 2519 1822 2588 [Pan].
1874 2535 2030 2583 x0111,
2061 2517 2115 2587 9)
2149 2515 2177 2569 ?

530 2612 1024 2684 Contemplatione
1055 2614 1257 2665 sancta
1283 2610 1518 2679 inspicit
1550 2607 1794 2680 populos
1828 2608 2171 2661 credituros:

529 2719 665 2758 nam
715 2701 895 2757 nullis
937 2701 1172 2773 penitus
1228 2698 1611 2769 distinguitur
1669 2697 1967 2752 membris.
2010 2718 2035 2747 α
2066 2695 2172 2758 Qui

532 2796 897 2864 exasperant,
931 2807 1045 2845 non
1078 2789 1404 2845 exaltentur
1436 2788 1494 2842 in
1540 2786 1895 2858 semetipsis.
1933 2808 1959 2835 ››
1990 2784 2173 2839 Judaei

530 2882 774 2952 scilicet,
809 2881 950 2936 dum
983 2896 1085 2951 per
1115 2878 1264 2934 fellis
1295 2876 1748 2933 amaritudinem
1813 2876 1871 2930 in
1932 2874 2173 2929 Abrahae

531 2970 837 3026 nativitate
867 2968 1109 3033 carnali,
1144 2967 1241 3023 Dei
1280 2967 1525 3038 gloriam
1575 2966 1883 3033 collocant,
1945 2980 2177 3035 semper

530 3058 940 3115 humiliantur.
971 3055 1296 3127 Interjectio
1327 3054 1733 3126 diapsalmatis
1790 3053 2053 3109 ordinem
2087 3052 2173 3106 di-

532 3151 760 3204 ctorum
791 3147 1088 3213 immutat,
1149 3149 1212 3200 ut
1266 3162 1299 3199 a
1351 3144 1689 3216 prophetica
1742 3141 2170 3209 vaticinatione,

529 3238 602 3293 ad
634 3234 1013 3310 apostolicam
1045 3239 1305 3290 transeat
1334 3234 1813 3289 exhortationem.

572 3369 628 3409 ,‹‹
662 3344 1012 3411 Benedicite,
1046 3346 1266 3414 gentes,
1300 3341 1615 3396 Dominum
1665 3339 1849 3395 Deum
1883 3342 2170 3407 nostrum,

530 3434 878 3492 etauditam
912 3433 1083 3488 facite
1124 3448 1319 3487 vocem
1370 3430 1563 3485 laudis
1620 3431 1766 3500 ejus.
1831 3452 1857 3478 ››
1915 3427 2172 3500 Apostoli

531 3526 652 3581 haec
682 3524 1020 3601 praedicant,
1053 3522 1325 3593 utipsum
1357 3519 1701 3575 benedicant
1732 3523 1932 3590 gentes
1961 3520 2171 3585 Deum;

533 3630 709 3686 quem
740 3612 917 3668 iidem
952 3609 1199 3681 apostoli
1244 3610 1448 3664 dicunt
1492 3625 1688 3675 suum,
1740 3608 2174 3677 obaudiantque

530 3706 726 3777 ipsum
758 3702 818 3757 in
850 3706 1023 3772 quem
1056 3702 1195 3754 sunt
1231 3698 1414 3753 renati
1460 3715 1561 3769 per
1610 3697 1992 3768 baptismum.
2031 3697 2173 3751 llinc

532 3794 744 3849 iterum
777 3789 1062 3862 prepheta
1092 3787 1375 3859 loquitur.

601 3907 628 3933 «
659 3882 767 3947 Qui
798 3878 994 3953 posuit
1025 3879 1279 3935 animam
1315 3895 1503 3933 meum
1538 3879 1607 3933 ad
1638 3877 1836 3934 vitam.
1874 3900 1900 3926 »
1933 3878 2014 3935 Ne
2044 3888 2172 3933 cam

531 3975 813 4045 perpetua
842 3974 1212 4026 consumeret
1242 3986 1420 4024 mors.
1456 3969 1608 4024 Mors
1652 3968 1866 4025 occidit
1898 3973 2171 4035 mortem,

524 4062 585 4117 id
615 4068 724 4129 est,
760 4078 917 4116 mors
946 4059 1156 4116 Christi
1188 4058 1397 4115 occidit
1431 4063 1675 4114 mortem
1727 4064 2008 4113 nostram.
2048 4078 2075 4111 υ
2106 4059 2173 4114 Et

526 4169 642 4209 non
674 4150 834 4208 dedit
866 4150 922 4205 in
956 4150 1407 4205 commotionem
1442 4150 1617 4221 pedes
1650 4165 1830 4204 meos.
1861 4172 1886 4196 ››
1909 4149 2018 4203 Sed
2052 4154 2171 4204 'sta-

527 4241 715 4298 bilivit
746 4257 837 4297 me
867 4240 925 4295 in
986 4238 1498 4312 praedicationibus
1559 4255 1706 4309 quas
1760 4239 2035 4309 gentibus
2081 4239 2168 4293 in-

529 4333 658 4389 tuli.
692 4331 838 4387 Hinc
870 4330 1131 4385 succedit
1156 4346 1266 4383 vox
1296 4334 1639 4398 martyrum.

564 4465 623 4507 _«
661 4438 947 4504 Quoniam
975 4435 1296 4507 reprobasti
1340 4452 1467 4503 nos,
1499 4435 1653 4490 Deus
1712 4436 1843 4505 igne
1902 4453 2007 4491 nos
2038 4453 2167 4491 exa-

527 4531 788 4602 minasti,
823 4530 977 4585 sicut
1007 4526 1375 4581 examinatur
1414 4531 1744 4596 argentum,
1777 4531 1833 4581 et
1887 4526 2167 4582 induxisti

527 4639 633 4677 nos
665 4621 723 4675 in
756 4620 1032 4691 laqueum
1067 4635 1079 4671 :
1116 4616 1363 4688 posuisti
1417 4616 1824 4672 tribulationes
1882 4618 1938 4671 in
1994 4619 2167 4673 dorso

528 4716 727 4767 nostro
761 4726 774 4763 :
808 4709 1144 4780 imposuisti
1176 4707 1443 4762 homines
1466 4724 1644 4779 super
1674 4709 1864 4778 capita
1896 4712 2113 4763 nostra.
2140 4730 2168 4757 »

526 4801 586 4856 Id
618 4805 725 4854 est.
760 4797 1081 4866 diabolum,
1115 4801 1177 4851 ut
1207 4813 1382 4868 super
1412 4814 1517 4851 nos
1559 4797 1902 4869 exigeretur,
1937 4798 2007 4852 ad
2035 4815 2168 4869 pro-

522 4888 912 4946 bandum.Vel
945 4888 1116 4944 aliter
1150 4904 1160 4942 :
1196 4904 1308 4942 non
1342 4888 1485 4942 dixit
1514 4889 1583 4942 de
1616 4868 1859 4957 angelis,
1889 4868 2075 4958 neque
2099 4868 2167 4943 de

523 4980 763 5047 sanctis,
800 4979 900 5034 sed
934 4978 1003 5033 de
1034 4976 1457 5048 peccatoribus,
1492 4976 1547 5029 id
1581 4980 1687 5041 est,
1722 4980 2051 5047 peccatores
2084 4978 2161 5031 fe-

520 5070 647 5126 cisti
682 5086 810 5125 esse
840 5085 1016 5140 super
1046 5084 1170 5135 nos,
1203 5071 1267 5121 ut
1322 5083 1429 5121 nos
1488 5066 1882 5120 sustineamus
1917 5082 2016 5137 per
2062 5082 2164 5136 pa-

516 5159 803 5215 tientiam.
840 5158 911 5213 Ut
945 5157 1085 5213 illud
1121 5174 1132 5212 :
1167 5158 1275 5211 Per
1304 5157 1510 5210 multas
1541 5156 1916 5210 tribulationcs
1957 5159 2167 5224 oportet

498 5265 612 5304 .nos
641 5250 875 5304 introire
905 5250 960 5302 in
994 5263 1223 5316 regnum
1251 5246 1352 5300 Dei
1380 5246 1515 5314 (Act.
1548 5262 1662 5314 xxv,
1694 5245 1803 5311 21).

590 5360 617 5388 ‹‹
650 5338 1056 5394 Transivimus
1088 5353 1190 5408 per
1217 5335 1412 5405 ignem
1446 5338 1500 5388 et
1556 5350 1791 5404 aquam,
1825 5337 1882 5387 et
1911 5333 2163 5389 eduxisti

516 5444 622 5483 nos
654 5428 710 5483 in
745 5428 1133 5500 refrigerium,
1172 5449 1198 5475 ››
1235 5426 1549 5495 Martyrum
1588 5423 1681 5476 hic
1708 5422 1965 5476 ostendit
1989 5423 2161 5477 vieto-

516 5514 653 5583 rias,
687 5533 833 5587 quas
864 5518 920 5571 in
944 5516 1188 5571 diversis
1217 5513 1591 5586 passionibus
1615 5515 1972 5581 meruerunt,
2008 5517 2064 5566 et
2086 5513 2156 5567 ad

515 5620 700 5658 unum
732 5622 831 5661 eos
897 5607 1058 5661 ducit
1123 5603 1510 5675 ret’rigerium,
1579 5600 1637 5653 id
1706 5605 1795 5655 est
1860 5600 2156 5658 Christum

515 5693 826 5751 Dominum
860 5712 872 5748 :
908 5713 1010 5767 per
1040 5696 1300 5766 laqueos,
1350 5708 1450 5764 per
1506 5706 1727 5759 cruces,
1765 5706 1865 5761 per
1894 5692 2152 5760 verbera,

518 5798 617 5861 per
648 5781 834 5857 ignes,
868 5791 1163 5860 aestusque
1193 5789 1246 5843 et
1279 5782 1394 5839 alia
1448 5780 1674 5837 diversa
1705 5780 2010 5857 supplicia,
2053 5799 2156 5859 per

2300 654 2479 709 nisse.
2513 652 2669 726 Ignis
2700 656 2882 717 vorat,
2914 666 3068 721 aqua
3097 648 3385 704 absorbet.
3433 646 3612 718 Ignis,
3644 646 3895 702 tentatio
3929 662 3941 701 :

2300 761 2454 815 aqua
2486 742 2859 814 prosperitas.
2895 738 2996 793 Vel
3019 737 3213 810 ignem
3259 736 3514 808 Spiritus
3549 735 3764 791 sancti.
3795 736 3947 813 ..ἱει-

2299 833 2515 888 duxisti
2549 849 2655 887 nos
2686 832 2745 885 in
2777 828 3164 900 refrigerium.
3202 849 3229 875 ››
3261 826 3369 881 hoc
3400 830 3489 881 est
3533 825 3593 881 in
3626 825 3942 883 beatitudi-

2299 938 2433 976 nem
2469 925 2767 975 aeternam.

2371 1033 2397 1061 ((
2436 1010 2688 1064 Introibo
2720 1008 2777 1062 in
2800 1008 3039 1069 domum
3073 1009 3234 1060 tuam
3269 1004 3328 1059 in
3360 1003 3743 1061 holocaustis.
3781 1027 3803 1057 ι
3843 1006 3942 1063 Hic

2298 1100 2580 1172 propheta
2610 1115 2725 1153 non
2756 1097 2826 1152 de
2873 1112 2934 1150 se
2980 1098 3208 1150 tantum
3256 1093 3539 1166 loquitur,
3596 1095 3698 1151 sed
3748 1095 3820 1151 de
3849 1096 3940 1152 his

2297 1206 2443 1260 quos
2474 1188 2745 1259 superius
2777 1184 3140 1252 memoravit,
3190 1183 3291 1254 qui
3350 1183 3699 1239 introierunt
3750 1184 3807 1240 in
3838 1185 3940 1241 do-

2296 1295 2461 1333 mum
2492 1276 2610 1333 Dei:
2647 1280 2847 1332 utnon
2869 1274 3060 1330 solum
3084 1290 3145 1328 se
3166 1272 3510 1328 exhiberent
3543 1274 3654 1329 Deo
3681 1273 3940 1331 hostiam

2294 1368 2501 1435 vivam,
2537 1366 2637 1422 sed
2668 1371 2723 1421 et
2752 1364 2883 1421 illo’s
2916 1363 3016 1435 qui
3047 1378 3245 1417 eorum
3278 1360 3541 1435 exempla
3570 1378 3673 1435 pro
3703 1364 3939 1421 nomine

2296 1456 2521 1512 Domini
2559 1454 2715 1527 passi
2747 1457 2886 1511 sunt
2917 1470 2929 1508 :
2986 1472 3012 1504 ι
3042 1451 3116 1507 Ut
3145 1452 3383 1507 reddam
3435 1450 3539 1506 tibi
3568 1456 3702 1507 vota
3757 1469 3886 1509 mea
3919 1469 3933 1508 :

2295 1564 2421 1619 qure
2453 1546 2845 1600 distinxerunt
2874 1541 3029 1597 labia
3078 1556 3224 1595 mea.
3252 1562 3278 1589 ››
3312 1541 3446 1604 Quae
3496 1545 3627 1596 vota
3656 1541 3937 1600 dixtinxe-

2293 1641 2448 1704 runt,
2484 1634 2597 1690 nisi
2630 1637 2693 1689 ut
2725 1632 2869 1688 alios
2901 1630 3013 1686 sibi
3044 1631 3103 1686 in
3136 1629 3484 1702 martyrium
3537 1628 3879 1702 copularent
3906 1632 3935 1687 ‘i

2288 1726 2389 1781 Vel
2419 1724 2796 1798 promissum,
2822 1725 2887 1776 ut
2915 1720 3098 1776 Deum
3130 1718 3525 1787 laudemus,et
3554 1720 3937 1777 confiteamur

2288 1815 2454 1870 illum
2490 1819 2827 1869 creatorem.
2863 1815 3142 1866 Locutum
3176 1816 3265 1863 est
3306 1825 3370 1863 os
3428 1824 3623 1864 meum
3655 1808 3714 1864 in
3745 1810 3931 1865 tribu-

2288 1904 2499 1959 latione
2530 1920 2677 1958 mea.
2718 1924 2737 1948 ι
2775 1899 2973 1955 Locuti
3005 1902 3144 1953 sunt
3174 1897 3351 1965 enim,
3399 1901 3462 1952 ut
3494 1914 3794 1970 nunquam
3824 1917 3929 1958 eos

2288 1998 2581 2065 Separaret
2608 2009 2639 2045 a
2668 1990 2949 2046 charitate
2977 1987 3191 2043 Christi
3227 1986 3345 2041 ulla
3375 1988 3725 2059 persecutio.

2358 2108 2384 2133 ((
2419 2082 2767 2137 Ilolocausta
2797 2076 3115 2133 medullata
3167 2077 3403 2131 olleram
3459 2076 3586 2131 tibi.
3644 2098 3671 2131 ι
3734 2079 3929 2136 Fidem

2286 2173 2515 2240 animre,
2546 2169 2631 2225 vel
2665 2167 2922 2240 corporis
2952 2167 3245 2230 allectum,
3302 2164 3389 2220 vel
3439 2182 3649 2238 corpus
3701 2167 3931 2226 Christi

2284 2264 2431 2317 Ossa
2461 2259 2735 2315 inferiora
2764 2256 2923 2313 carni
2959 2274 2971 2311 :
3005 2260 3062 2311 et
3090 2253 3369 2323 medulla,
3396 2254 3635 2311 inferior
3663 2257 3926 2315 ossibus.

2284 2353 2600 2421 Medullata,
2632 2349 2740 2403 hoc
2771 2350 2881 2412 est,
2912 2347 3195 2401 viscerata
3215 2361 3347 2399 cum
3394 2360 3631 2416 corpore
3654 2350 3711 2401 et
3731 2346 3929 2405 anima

2286 2465 2313 2492 ‹‹
2345 2444 2489 2497 Cum
2519 2438 2776 2493 incenso.
2809 2455 2835 2485 ιθ
2873 2439 3017 2489 Cum
3047 2432 3385 2504 acceptabili
3417 2433 3694 2491 orationis
3713 2436 3927 2494 odore.

2290 2555 2310 2581 a
2347 2531 2413 2585 Et
2444 2528 2673 2595 arietes,
2701 2548 2728 2576 »
2764 2521 3045 2596 Apostoli,
3075 2522 3163 2578 vel
3196 2523 3458 2577 doctores
3506 2522 3924 2582 Ecclesiarum.

2286 2646 2311 2672 ‹‹
2347 2621 2595 2675 Oti‘eram
2626 2616 2731 2671 tibi
2780 2615 2973 2671 boves.
3038 2635 3065 2661 »
3120 2611 3228 2677 Qui
3287 2612 3499 2683 rejecta
3554 2616 3927 2671 contumacia

2284 2711 2447 2782 legis,
2478 2708 2618 2778 jugo
2649 2704 2875 2760 Domini
2909 2702 3158 2758 cervices
3198 2718 3357 2768 suas,
3390 2702 3545 2775 quod
3604 2719 3779 2759 suave
3810 2709 3927 2777 est,

2285 2799 2691 2855 subdiderunt.
2728 2819 2754 2843 ‹‹
2790 2798 2931 2848 Cum
2962 2791 3162 2846 hircis.
3199 2813 3225 2840 ››
3258 2790 3366 2856 Qui
3424 2796 3556 2863 post
3613 2797 3920 2864 peccatum

2284 2886 2565 2955 conversi,
2601 2883 2848 2939 ﬁdeliter
2905 2882 2965 2936 in
3023 2880 3302 2952 martyrio
3360 2880 3761 2952 perstiterunt.
3824 2882 3927 2939 Hic

2284 2983 2478 3033 autem
2512 2990 2714 3030 omnes
2745 2970 2990 3027 Domino
3014 2986 3116 3041 per
3153 2968 3559 3024 holocaustum
3610 2970 3921 3042 paciﬁcum

2284 3069 2608 3122 offeruntur
2641 3080 2652 3117 :
2688 3062 2759 3117 ad
2791 3077 2937 3132 quos
2952 3076 3105 3113 nunc
3123 3058 3404 3131 propheta
3434 3063 3565 3132 post
3595 3059 3925 3132 diapsalma

2284 3155 2565 3213 convertit
2595 3166 2944 3214 sermonem,
2980 3147 3178 3203 dicens
3214 3165 3225 3202 :

2355 3269 2381 3293 ‹‹
2413 3243 2637 3311 Venite,
2671 3245 2726 3295 et
2757 3239 2974 3310 audite,
3021 3240 3076 3293 et
3106 3237 3378 3305 narrabo,
3439 3253 3642 3294 omnes
3699 3237 3799 3310 qui
3847 3240 3926 3294 ti-

2285 3334 2455 3390 metis
2488 3338 2689 3397 Deum,
2723 3332 2946 3401 quanta
2978 3326 3111 3383 fecit
3139 3326 3345 3383 animae
3378 3342 3539 3382 meae.
3584 3328 3670 3383 Ad
3727 3328 3925 3401 ipsum

2283 3441 2379 3479 ore
2412 3439 2540 3478 meo
2572 3418 2910 3485 clamavi,et
2941 3414 3221 3493 exsultavi
3252 3416 3360 3471 sub
3391 3414 3594 3489 lingua
3619 3417 3925 3474 mea.»Vos

2284 3513 2381 3585 qui
2415 3510 2728 3567 Dominum
2754 3504 3380 3574 metuitis,accedite,et
3408 3505 3767 3562 considerate
3787 3522 3929 3578 qua-

2285 3602 2415 3656 liter
2445 3600 2700 3654 animam
2737 3611 2927 3651 meam
2978 3594 3036 3648 in
3088 3592 3507 3649 beatitudinem
3563 3594 3928 3652 constituerit

2284 3689 2700 3761 sempiternam
2729 3703 2741 3740 :
2777 3701 2879 3756 pro
2906 3699 2971 3738 eo
3005 3683 3159 3754 quod
3192 3700 3305 3738 non
3333 3682 3525 3739 solum
3556 3699 3653 3739 ore
3684 3683 3917 3756 postulo

2284 3780 2383 3835 sed
2416 3778 2592 3833 etiam
2618 3776 2676 3830 in
2709 3773 2937 3828 arcanis
2968 3771 3160 3828 cordis
3192 3771 3321 3843 puri
3351 3771 3595 3828 clamavi
3626 3771 3695 3827 ad
3727 3771 3923 3828 Domi-

2282 3885 2446 3923 num.
2484 3866 2612 3920 «Ad
2645 3864 2839 3935 ipsum
2876 3878 2974 3917 ore
3008 3876 3134 3917 meo
3167 3860 3429 3928 clamavi,
3488 3883 3517 3911 υ
3569 3860 3923 3917 manifestis-

2283 3958 2429 4012 sime
2459 3954 2789 4011 declaratur
2808 3950 2867 4005 in
2900 3951 3008 4006 hoc
3038 3949 3162 4005 loco
3186 3948 3503 4005 clamorem
3526 3949 3581 4005 in
3606 3948 3929 4022 Scripturis

2282 4064 2395 4101 non
2428 4044 2583 4099 vocis
2610 4039 3013 4113 accipiendum
3046 4055 3193 4105 esse,
3228 4039 3327 4094 sed
3351 4039 3564 4094 cordis.

2359 4159 2379 4185 (ι
2416 4132 2789 4204 Iniquitatem
2857 4128 2907 4185 si
2975 4127 3174 4200 aspexi
3242 4127 3302 4183 in
3368 4128 3538 4184 corde
3605 4143 3755 4198 meo,
3818 4144 3937 4185 non

2280 4224 2549 4281 exaudiet
2578 4220 2885 4277 Dominus.
2932 4220 3245 4289 Propterea
3287 4217 3579 4273 exaudivit
3632 4233 3725 4273 me
3776 4216 3935 4273 Deus

2283 4330 2468 4381 mens,
2490 4315 2547 4367 et
2574 4308 2827 4365 intendit
2855 4307 2979 4363 voci
3012 4306 3292 4362 orationis
3344 4323 3505 4362 meae.
3540 4328 3567 4356 »
3595 4305 3729 4361 Vidi
3770 4305 3931 4363 enim

2280 4402 2593 4475 puritatem
2625 4397 2841 4453 mentis
2871 4413 3029 4452 meae.
3062 4396 3196 4451 Ideo
3228 4401 3423 4467 petere
3458 4394 3826 4468 praesumpsi.

2351 4515 2377 4541 ‹‹
2412 4489 2758 4545 Benedictus
2790 4485 3200 4557 Deminus,qui
3225 4503 3339 4541 non
3367 4484 3583 4541 amovit
3604 4483 3923 4542 orationem

2279 4596 2492 4647 meam,
2525 4583 2582 4633 et
2628 4574 3089 4632 misericordiam
3148 4591 3317 4631 suam
3384 4590 3418 4630 a
3475 4590 3585 4632 me.
3617 4595 3645 4624 ››
3711 4571 3928 4630 Plenus

2205 4680 2247 4744 D
2281 4667 2701 4733 misericordia,
2739 4683 2851 4720 non
2886 4664 3104 4720 amovit
3144 4664 3615 4736 deprecationem
3671 4678 3860 4718 meam
3893 4679 3931 4719 a

2280 4778 2341 4816 se
2373 4778 2385 4815 :
2424 4758 2562 4829 quia
2595 4773 2723 4828 quae
2749 4756 2914 4826 justa
2938 4756 3123 4821 erant,
3156 4752 3555 4825 postulabam.
3590 4752 3739 4809 Nam
3770 4768 3931 4807 sem-

2279 4867 2381 4922 per
2411 4848 2520 4920 piae
2551 4861 2725 4901 aures
2756 4844 2884 4914 ejus
2913 4843 3207 4914 iustorum
3242 4843 3516 4914 precibus
3559 4845 3780 4915 patent.
3812 4840 3932 4898 Sed

2279 4954 2384 4993 nos
2414 4934 2755 5007 suppliciter
2786 4933 3096 4989 Dominum
3130 4933 3536 5005 deprecemur,
3588 4936 3653 4987 ut
3707 4930 3935 5003 aperiat

2278 5044 2448 5083 aures
2483 5040 2621 5079 suas
2653 5023 2723 5078 ad
2759 5038 2960 5094 preces
3016 5027 3269 5089 nostras,
3304 5025 3361 5077 et
3416 5021 3540 5094 ipse
3603 5036 3730 5089 nos,
3791 5019 3932 5076 data

2275 5120 2646 5189 peccatorum
2682 5111 3044 5177 remissione,
3077 5112 3148 5166 de
3206 5111 3593 5183 praesentibus
3646 5109 3929 5165 arumnis

2274 5205 2481 5276 eripiat
2514 5221 2525 5258 :
2562 5201 2792 5272 sibique
2823 5199 3229 5256 holocaustum
3264 5216 3477 5273 purum
3510 5199 3763 5266 effectos,
3797 5214 3928 5254 ma-

2272 5295 2442 5350 ctatis
2473 5291 2651 5362 vitiis,
2684 5293 3021 5345 sanctorum
3058 5288 3395 5360 agminibus
3428 5289 3661 5361 jungat.
3715 5288 3925 5344 Amen.

2829 5378 2950 5432 PSA
2962 5378 3147 5433 LMUS
3178 5378 3358 5434 LXVI.

2269 5477 2329 5530 In
2362 5474 2521 5543 ﬁnem
2568 5472 2627 5523 in
2653 5469 2919 5543 ilymnis,
2970 5469 3223 5543 Psalmus
3282 5469 3498 5525 Cantici
3556 5463 3762 5543 David.
3805 5462 3924 5521 Iste

2342 5534 2602 5615 psalmus
2653 5534 2789 5594 licet
2844 5534 3054 5615 parvus
3112 5542 3210 5605 sit,
3270 5545 3465 5595 tamen
3514 5534 3921 5615 apostolorum

2341 5606 2875 5688 prophetarumqqe
2900 5611 3156 5688 continet
3184 5628 3403 5688 vocem,
3432 5610 3534 5681 qui
3552 5606 3667 5688 aut
3685 5606 3921 5688 venisse

2338 5680 2638 5743 aut'ventu
2650 5700 2712 5738 ru
2727 5699 2782 5736 m
2815 5681 3129 5738 Dominum
3161 5685 3435 5757 gentibus
3450 5680 3923 5736 nuntiaverunt.

2340 5798 2366 5836 α
2396 5778 2545 5835 Deus
2580 5772 2927 5831 misereatur
2952 5773 3158 5831 nostri.
3200 5777 3258 5842 et
3306 5770 3611 5857 benedicat
3656 5766 3855 5859 pubis:
