4256 6618
335 543 359 600 1
371 543 486 603 069

1508 537 2006 601 BREVIARIUM
2051 539 2129 600 IN
2173 536 2561 599 PSALMOS.

3584 535 3740 599 10⁸70

332 674 525 730 Prima
571 669 899 744 deprecatio
950 674 1039 727 est
1086 673 1150 726 ut
1204 670 1670 727 misericordiam
1730 673 1982 744 praebeat
2008 673 2244 738 AJesus
2288 670 2520 724 dicitur.
2556 667 2816 740 Denique
2872 671 2930 723 et
2983 665 3224 740 angelus
3273 666 3381 723 hoc
3429 666 3692 738 loquitur
3724 685 3779 748 τ’

332 768 484 818 Deus
532 778 545 816 :

333 869 458 924 quae
490 849 748 906 succedit
780 847 1213 914 misericordizr,
1249 848 1383 903 talis
1423 849 1520 915 sit,
1553 853 1618 904 ut
1648 866 1984 921 compressa

332 937 728 994 dominatione
772 933 1014 1005 carnali,
1047 934 1323 1006 spiritum
1375 935 1549 989 faciat
1594 935 1979 1006 triumphare.

332 1028 454 1082 Non
486 1024 671 1082 nostri
712 1024 890 1096 judex
933 1023 1030 1094 sit,
1070 1023 1169 1078 sed
1223 1023 1574 1079 misericors.
1629 1047 1656 1074 «
1693 1030 1842 1079 Deus
1873 1024 1982 1078 mi-

334 1119 594 1172 sereatur
620 1113 819 1168 nostri.
855 1135 881 1160 »
906 1111 1028 1166 Vox
1055 1111 1452 1183 apostolorum
1480 1116 1588 1178 est,
1615 1111 1982 1184 loquentium

335 1205 405 1260 ad
453 1202 681 1275 plebem
733 1203 804 1256 de
852 1201 1126 1273 gentibus
1176 1205 1605 1271 congregatum.
1641 1199 1983 1255 Credidistls

335 1291 573 1363 quidem
632 1291 702 1346 ad
762 1305 958 1344 vocem
1019 1293 1302 1344 nostram.
1350 1289 1488 1344 Ecce
1548 1288 1668 1344 haec
1729 1287 1985 1344 Ecclesia

333 1382 682 1453 congregata
711 1381 800 1434 est
827 1377 886 1433 in
920 1377 1155 1432 nomine
1203 1375 1436 1432 Domini
1472 1393 1483 1431 :
1538 1381 1844 1449 propterea
1875 1392 1983 1430 nos

335 1469 585 1526 dicimus
618 1485 631 1523 :
687 1490 707 1516 ι
748 1472 896 1523 Deus
945 1466 1298 1521 misereatur
1345 1465 1553 1531 nostri,
1585 1469 1642 1521 et
1681 1465 1985 1520 benedicat

297 1565 300 1570 '
336 1557 524 1613 nobis.
553 1578 582 1606 »
615 1554 1080 1611 Maledictionem
1115 1554 1367 1625 primam
1400 1555 1456 1608 in
1490 1553 1726 1610 homine
1756 1570 1862 1608 sua
1895 1554 1984 1608 be-

334 1645 664 1702 nedictione
695 1643 997 1700 dissolvat.
1034 1665 1061 1692 «
1098 1641 1396 1699 Illuminet
1425 1641 1653 1698 vultum
1686 1659 1860 1697 suum
1893 1659 1987 1697 su-

336 1752 437 1808 per
468 1751 593 1791 nos.
629 1757 651 1786 ι
689 1733 814 1788 Non
848 1732 1012 1787 illum
1044 1732 1273 1786 tristem
1305 1732 1608 1787 videamus
1639 1731 1699 1786 in
1729 1732 1985 1803 peccatis

335 1823 571 1894 nostris,
606 1822 707 1879 sed
757 1821 1110 1894 gaudentem
1171 1821 1228 1875 in
1290 1821 1624 1876 virtutibus.
1665 1821 1792 1876 Non
1849 1835 1985 1875 eum

333 1911 659 1968 sentiamus
674 1909 957 1981 judicem,
983 1910 1084 1965 sed
1109 1913 1358 1965 Patrem.
1389 1931 1417 1959 «
1443 1909 1739 1965 Illuminet
1757 1908 1984 1964 vultum

333 2017 509 2056 suum
568 2015 746 2071 super
798 2015 926 2054 nos.
966 2020 986 2046 ιι
1044 1998 1140 2054 Dei
1191 1997 1367 2054 facies
1421 2015 1548 2068 qua:
1597 1997 1730 2054 est?
1775 1997 1987 2068 Utique

331 2090 528 2160 imago
577 2088 726 2159 ejus.
764 2085 910 2142 Dicit
964 2087 1120 2142 enim
1173 2091 1228 2143 et
1276 2087 1608 2159 Apostolus,
1664 2087 1980 2160 imaginem

332 2177 522 2234 Patris
571 2192 701 2232 esse
751 2175 962 2231 Filium
1012 2176 1187 2246 (Rom.
1219 2193 1344 2242 vm,
1374 2176 1486 2248 29).
1531 2177 1679 2248 Ergo
1726 2175 1983 2246 imagine

335 2283 444 2322 sua
469 2281 577 2321 nos
600 2264 912 2330 illuminet,
936 2264 1044 2319 hoc
1065 2269 1174 2330 est,
1200 2264 1519 2336 imaginem
1554 2281 1720 2320 suam
1747 2264 1980 2318 Filium.

342 2378 362 2404 α
404 2354 697 2409 Illuminet
720 2370 897 2425 super
919 2370 1046 2418 nos,
1074 2374 1100 2401 ››
1132 2357 1196 2407 ut
1225 2352 1350 2424 ipse
1383 2370 1489 2409 nos
1520 2353 1832 2408 illuminet.
1862 2353 1984 2406 Lux

335 2444 491 2498 enim
524 2443 735 2507 Patris,
764 2442 865 2497 lux
914 2441 1041 2497 Filii
1074 2445 1182 2497 est.
1215 2442 1320 2506 Qui
1352 2442 1510 2498 videt
1540 2443 1789 2508 Patrem,
1823 2441 1984 2496 videt

335 2537 392 2588 et
427 2531 658 2588 Filium.
694 2531 802 2586 Ubi
837 2528 1000 2586 nulla
1029 2534 1118 2585 est
1147 2530 1425 2586 distantia
1456 2531 1607 2586 inter
1651 2530 1894 2603 gloriam
1928 2534 1985 2585 et

334 2621 602 2694 gloriam,
635 2625 880 2691 uterque
927 2624 1017 2675 est
1065 2618 1269 2691 gloria.
1311 2620 1626 2676 Precantur
1672 2620 1792 2675 haec
1837 2637 1981 2691 apo-

337 2709 471 2766 stoli
529 2713 587 2766 et
641 2708 958 2782 propheta,
1006 2713 1092 2774 ut,
1141 2707 1301 2764 vultu
1355 2709 1452 2764 Dei
1507 2709 1850 2780 illuminati,
1883 2709 1985 2764 ﬁat

335 2798 666 2871 praedicatio
693 2814 894 2852 eorum
929 2796 1125 2852 lumen
1152 2797 1415 2854 omnium
1448 2797 1732 2869 gentium.

409 2911 436 2938 «
471 2892 542 2943 Ut
589 2903 1013 2960 cognoscamus
1061 2886 1120 2940 in
1169 2891 1322 2941 terra
1379 2885 1531 2941 viam
1588 2891 1772 2954 tuam,
1815 2891 1870 2941 et
1922 2887 1981 2940 in

336 2977 610 3033 omnibus
642 2976 914 3048 gentibus
943 2974 1198 3032 salutare
1229 2981 1414 3030 tuum.
1445 2994 1473 3028 η
1514 2975 1607 3030 Sic
1637 2975 1793 3031 enim
1824 2975 1983 3030 inva-

336 3064 519 3122 lescat
548 3063 881 3136 praedicatio
907 3068 1128 3134 nostra,
1154 3067 1218 3118 ut
1247 3064 1340 3118 via
1361 3064 1480 3119 sive
1510 3062 1764 3120 salutare
1790 3069 1980 3131 tuum,

340 3155 398 3209 id
431 3158 522 3210 est
549 3153 816 3210 Christus
849 3153 1151 3218 Dominus,
1183 3153 1242 3206 in
1273 3151 1366 3207 his
1407 3151 1508 3224 qui
1551 3169 1705 3207 nunc
1758 3157 1986 3208 terrena

338 3244 602 3315 sapiunt,
634 3245 692 3297 et
743 3242 801 3296 in
849 3240 1198 3312 gentilitatis
1245 3245 1554 3296 versantur
1599 3257 1812 3311 errore,
1863 3257 1983 3296 cer-

340 3336 577 3387 nantur.
633 3351 662 3380 «
692 3330 764 3386 Ut
793 3345 1214 3402 cognoscamus
1247 3329 1304 3384 in
1336 3333 1488 3385 terra
1527 3329 1683 3384 viam
1735 3333 1918 3384 tuam.
1953 3349 1981 3378 »

2017 2041 2063 2105 Β

616 760 824 816 deinde
888 759 1376 815 benedictionem.
1446 761 1777 816 Benedictio
1844 777 1980 833 ergo
2091 762 2153 815 Et
2201 760 2417 816 vocabis
2465 775 2663 814 nomen
2709 759 2826 829 ejus
2870 762 3062 814 Jesum
3111 756 3342 828 (Matth.
3388 775 3428 823 1,
3475 759 3588 826 2t).
3641 757 3746 813 Hic

2092 849 2248 904 enim
2283 848 2531 904 salvabit
2562 847 2844 920 populum
2886 863 3079 903 suum.
3137 869 3164 895 «
3201 846 3263 900 In
3296 846 3572 901 omnibus
3601 860 3742 918 gen-

2093 939 2252 992 tibus
2283 936 2538 992 salutare
2568 941 2758 991 tuum.
2797 958 2824 985 »
2873 935 3016 990 Ecce
3047 934 3402 1006 completum
3439 937 3548 999 est,
3583 935 3739 1006 quod

2092 1025 2335 1096 apostoli
2369 1024 2660 1095 deprecati
2693 1027 2874 1078 sunt:
2929 1025 2990 1078 In
3036 1023 3288 1077 omnibus
3336 1024 3590 1092 gentibus
3639 1039 3738 1078 no-

2090 1118 2208 1169 tum
2251 1122 2330 1169 est
2373 1115 2624 1168 sal-utare
2670 1115 2785 1183 eius
2832 1114 2966 1181 (Act.
2999 1129 3192 1182 xxvm,
3237 1113 3349 1184 28).
3382 1113 3740 1185 Quocunque

2093 1202 2389 1256 humanus
2421 1219 2611 1257 sermo
2642 1217 2771 1258 esse
2801 1204 3010 1272 potest,
3043 1201 3123 1255 ibi
3153 1201 3327 1256 Jesus
3358 1205 3610 1256 resonat.

2165 1314 2192 1340 ‹‹
2227 1290 2624 1345 Contiteantur
2677 1290 2781 1344 tibi
2830 1288 3049 1360 populi,
3096 1290 3292 1344 Deus:
3348 1290 3744 1345 confiteantur

2093 1378 2198 1433 tibi
2227 1379 2424 1450 populi
2456 1396 2680 1435 omnes.
2717 1399 2745 1429 ››
2796 1402 2824 1427 ‹‹
2857 1378 3258 1434 Conﬁteantur
3296 1378 3402 1434 tibi
3455 1377 3678 1451 populi,
3717 1399 3746 1428 ››

2093 1467 2478 1523 Judaaorum?
2511 1467 2636 1524 Non
2672 1485 2684 1523 :
2733 1468 2860 1538 sed,
2899 1490 2919 1517 ιι
2956 1466 3154 1538 populi
3187 1482 3389 1522 omnes
3421 1467 3747 1523 conﬁtean-

2093 1559 2211 1610 tur.
2243 1574 2268 1606 η
2324 1557 2624 1622 Quomodo
2674 1572 2878 1611 omnes
2927 1559 3148 1626 gentes,
3181 1555 3264 1611 sic
3304 1560 3361 1610 et
3403 1571 3609 1611 omnes
3639 1570 3748 1626 po-

2095 1643 2238 1716 puli.
2275 1666 2302 1693 ‹‹
2333 1644 2734 1700 Confiteantur
2762 1643 2870 1698 tibi
2902 1644 3125 1716 populi,
3161 1644 3328 1700 Deus.
3365 1665 3394 1693 »
3428 1643 3576 1710 Quid
3608 1659 3744 1699 con-

2096 1734 2416 1788 titeantur‘?
2469 1732 2678 1805 Utique
2737 1737 2974 1804 peccata
3026 1748 3180 1788 sua:
3231 1731 3321 1788 vel
3369 1736 3524 1787 certe
3562 1731 3746 1787 confi-

2095 1825 2333 1877 teantur
2384 1822 2699 1893 imaginem
2749 1827 2914 1878 tuam
2962 1837 3091 1877 esse
3144 1821 3202 1876 in
3258 1825 3334 1876 te.
3384 1821 3449 1876 In
3499 1820 3640 1876 Filio
3687 1823 3746 1876 te

2096 1912 2505 1980 conﬁteantur,
2539 1911 2598 1966 in
2628 1911 2728 1965 illo
2757 1917 2814 1967 te
2842 1911 3080 1966 videant
3111 1925 3125 1966 :
3169 1909 3228 1964 in
3259 1909 3358 1965 illo
3390 1914 3447 1964 te
3477 1909 3738 1965 adorent.

2122 2021 2198 2052 ο‹‹
2234 2004 2518 2055 Lmtentur
2566 2005 2621 2055 et
2669 1999 2960 2056 exsultent
3007 2002 3292 2070 gentes.»
3341 1997 3626 2062 Quoniam
3669 1998 3740 2053 de

2093 2089 2426 2160 captivitate
2473 2087 2688 2144 diaboli
2736 2088 2992 2143 liberatae
3042 2091 3226 2143 sunt:
3282 2087 3561 2158 quoniam
3607 2102 3736 2156 quae

2043 2229 2047 2245 ,
2092 2183 2224 2233 ante
2275 2177 2734 2232 incurvabantur
2780 2177 2850 2231 ad
2901 2177 3196 2232 adoranda
3243 2176 3417 2247 idola,
3470 2175 3629 2248 ligna
3680 2178 3743 2232 et

2092 2265 2335 2338 lapides,
2362 2283 2519 2320 nunc
2541 2271 2726 2321 erecto
2756 2265 2922 2320 vultu
2954 2265 3128 2321 ccelos
3160 2265 3499 2337 respiciunt.
3529 2288 3557 2316 «
3584 2264 3738 2328 Quo-

2093 2355 2252 2410 niam
2292 2355 2527 2425 judicas
2575 2354 2822 2426 populos
2873 2355 2931 2409 in
2986 2355 3278 2426 aequitate.
3335 2375 3362 2403 ››
3396 2353 3742 2426 Ubicunque

2093 2445 2337 2516 aequitas
2385 2449 2473 2498 est
2519 2449 2694 2515 atque
2735 2443 3049 2515 judicium,
3085 2443 3165 2498 ibi
3216 2459 3332 2498 non
3383 2442 3605 2510 laetitia,
3639 2442 3740 2498 sed

2093 2533 2343 2589 formido
2375 2537 2464 2588 est
2495 2538 2887 2604 peccatorum.
2922 2533 2988 2587 Et
3017 2534 3311 2604 quomodo
3358 2533 3504 2587 dixit
3536 2549 3548 2586 :
3601 2533 3746 2588 Deus

2090 2623 2423 2676 misereatur
2449 2624 2642 2689 nostri,
2673 2630 2725 2677 et
2766 2621 3046 2677 benedicat
3085 2638 3203 2689 nos,
3235 2625 3294 2676 et
3341 2638 3496 2676 nunc
3549 2621 3694 2676 dixit
3729 2638 3743 2677 :

2099 2735 2118 2759 α
2156 2711 2449 2766 Laztentur
2478 2715 2534 2765 et
2564 2709 2858 2766 exsultent
2887 2714 3089 2781 gentes
3124 2725 3138 2764 :
3193 2710 3471 2781 quoniam
3505 2709 3745 2780 judicas

2093 2798 2339 2870 p0pulos
2360 2798 2418 2854 in
2445 2799 2758 2870 aequitate?
2782 2821 2810 2848 »
2838 2799 3080 2854 Videtur
3106 2798 3218 2854 sibi
3241 2814 3368 2855 esse
3391 2797 3741 2854 contrarius.

2093 2887 2152 2942 Si
2183 2887 2340 2943 enim
2382 2886 2780 2943 misericordia
2825 2887 3112 2959 indigent,
3146 2887 3437 2960 quomodo
3467 2886 3741 2942 laetantur

2093 2980 2149 3030 et
2177 2974 2491 3044 exsultant,
2545 2997 2572 3024 ‹‹
2605 2974 2881 3046 quoniam
2916 2975 3152 3046 judicas
3186 2974 3434 3048 populos
3464 2975 3524 3031 in
3556 2975 3739 3048 aequi-

2073 3065 2255 3140 ‘tate?
2285 3087 2313 3115 »
2367 3064 2710 3135 Ubicunque
2749 3063 2905 3120 enim
2937 3064 3338 3120 misericordia
3365 3068 3474 3132 est,
3507 3063 3588 3119 ibi
3621 3081 3738 3121 non

2093 3154 2497 3226 estjudicium
2532 3171 2544 3208 :
2600 3154 2700 3208 ubi
2746 3158 2940 3209 autem
2964 3153 3256 3224 judicium
3287 3158 3376 3209 est
3407 3159 3463 3209 et
3490 3154 3738 3225 aaquitas

2083 3244 2316 3314 judicii,
2342 3243 2418 3298 ibi
2452 3241 2650 3314 procul
2675 3247 2766 3298 est
2797 3242 3214 3298 misericordia.
3248 3243 3357 3298 Sed
3387 3241 3497 3298 iste
3528 3259 3738 3298 sensus

2093 3337 2183 3388 est
2233 3349 2244 3386 :
2307 3355 2334 3381 «
2380 3333 2671 3387 Laetentur
2727 3334 2783 3386 et
2836 3329 3127 3386 exsultent
3182 3336 3402 3402 gentes.
3440 3353 3469 3380 »
3530 3332 3738 3402 Quare,

336 3424 455 3475 Hoc
482 3423 677 3474 autem
701 3418 1060 3490 petimus,ut
1082 3417 1382 3472 illumines
1405 3416 1631 3472 vultum
1655 3423 1844 3485 tuum,
1874 3416 1982 3472 hoc
2015 3406 2058 3472 C
2102 3443 2127 3473 σι
2159 3421 2470 3476 laetentur?
2504 3443 2530 3470 »
2563 3419 2846 3484 Quoniam
2870 3419 3106 3490 judicas
3138 3419 3385 3491 populos
3415 3420 3474 3474 in
3505 3418 3745 3491 aequita-

335 3513 424 3565 est
453 3507 771 3580 imaginem
815 3511 1000 3577 tuam,
1033 3522 1210 3579 super
1238 3523 1365 3572 nos,
1399 3523 1524 3577 qua:
1555 3506 1709 3578 apud
1739 3509 1796 3561 te
1827 3521 1980 3561 sem-

334 3613 437 3668 per
484 3594 829 3651 abscondita
876 3594 1006 3660 fuit,
1037 3601 1094 3650 et
1149 3594 1317 3666 quasi
1365 3594 1424 3649 in
1475 3598 1694 3650 secreto
1738 3598 1794 3650 et
1820 3598 1980 3649 tene-

333 3684 457 3741 bris
504 3688 630 3740 erat
677 3683 1088 3755 mysteriorum
1141 3687 1374 3739 tuorum
1413 3699 1425 3739 :
1481 3683 1805 3739 secundum
1837 3682 1982 3737 illud

337 3775 492 3845 quod
551 3773 836 3845 scriptum
894 3777 984 3829 est
1036 3789 1050 3828 :
1118 3774 1312 3829 Posuit
1374 3773 1622 3828 tenebras
1689 3772 1986 3828 latibulum

335 3880 497 3918 suum
551 3863 724 3935 (Psal.
777 3879 917 3929 xvn,
979 3862 1086 3933 1‘2).
1149 3866 1266 3918 Hoc
1326 3863 1600 3935 petimus,
1652 3865 1716 3917 ut
1764 3860 1984 3917 illumi-

337 3969 443 4008 nes
512 3969 690 4024 super
755 3968 894 4020 nos,
950 3955 1016 4006 ut
1074 3951 1420 4024 mysterium
1487 3953 1641 4024 quod
1708 3967 1741 4005 a
1805 3966 1984 4022 gene-

338 4041 666 4097 rationibus
764 4039 1175 4096 absconditum
1261 4041 1409 4107 fuit,
1493 4043 1658 4111 juxta
1739 4041 1982 4111 Aposto-

336 4130 484 4197 lum,
518 4131 808 4186 reveletur
859 4131 918 4184 in
970 4129 1139 4185 nobis
1191 4131 1241 4201 (Ι
1270 4130 1398 4186 Cor.
1444 4146 1506 4198 II,
1556 4130 1657 4196 1Ο;
1709 4130 1910 4186 Coloss.
1942 4145 1983 4194 1,

332 4219 449 4290 26).
482 4222 601 4273 Hoc
653 4221 849 4273 autem
892 4222 1080 4273 totum
1114 4234 1294 4288 quare
1324 4218 1642 4289 poscimus,
1677 4233 1858 4289 quare
1888 4218 1983 4273 de-

336 4305 716 4361 sideramus?
771 4304 895 4360 Nisi
964 4303 1387 4361 illuminaveris
1454 4305 1768 4378 imaginem
1822 4311 1986 4361 tuam

334 4410 513 4466 super
562 4411 690 4459 nos,
723 4393 874 4447 viam
926 4397 1112 4459 tuam,
1146 4399 1202 4449 et
1253 4395 1556 4450 scientiam
1605 4399 1768 4450 tuam
1815 4411 1987 4450 nosse

334 4501 451 4540 non
500 4498 840 4556 possumus,
873 4484 938 4535 ut
978 4481 1343 4552 majestatem
1377 4486 1538 4538 tuam
1573 4500 1698 4554 quae
1736 4483 1792 4537 in
1827 4483 1984 4539 costis

335 4577 475 4629 nota
521 4575 628 4641 est,
661 4574 863 4626 notam
915 4569 1237 4626 habeamus
1283 4575 1340 4627 et
1383 4570 1444 4626 in
1487 4576 1663 4628 terra.
1701 4573 1762 4628 Ut
1790 4588 1984 4641 cogno-

334 4677 550 4718 scamus
597 4663 655 4715 in
707 4668 854 4716 terra.
899 4660 1045 4715 viam
1074 4667 1252 4716 tuam.
1289 4661 1404 4732 Ego
1436 4677 1593 4728 sum,
1625 4661 1835 4732 inquit,
1873 4662 1986 4729 via,

2051 4055 2056 4070 '
2095 4044 2228 4101 los?
2281 4044 2405 4097 «Et
2451 4047 2654 4113 gentes
2709 4041 2767 4095 in
2825 4046 2980 4096 terra
3027 4041 3253 4112 dirigis.
3293 4063 3313 4090 ι

2089 3515 2182 3578 et;
2210 3532 2238 3558 »
2263 3509 2540 3581 quoniam
2573 3525 2945 3580 nequaquam
2978 3508 3193 3579 accipis
3225 3524 3534 3580 personam
3566 3509 3747 3564 unius

2094 3598 2306 3671 gentis,
2339 3599 2440 3653 sed
2491 3597 2754 3653 omnium
2804 3597 2957 3653 Deus
3003 3613 3085 3652 es.
3121 3597 3242 3654 Non
3275 3596 3380 3651 tibi
3414 3597 3522 3653 soli
3553 3596 3744 3652 Judaei

2094 3687 2347 3760 placent,
2377 3688 2476 3742 sed
2502 3687 2694 3742 omnis
2722 3687 2981 3742 mundus
3006 3691 3144 3741 tuus
3168 3689 3275 3742 est.
3305 3685 3472 3742 Dicat
3491 3685 3704 3757 aliquis
3732 3701 3748 3741 :

2096 3777 2227 3833 Vim
2276 3775 2418 3832 facis
2467 3775 2799 3846 Scriptura},
2831 3791 2946 3830 non
2995 3774 3105 3830 hoc
3153 3791 3331 3831 sensu
3363 3774 3526 3831 dixit.
3561 3775 3744 3830 Inter-

2096 3869 2355 3939 pretatur
2403 3865 2598 3937 seipsa
2640 3865 2963 3936 Scriptura,
2996 3881 3122 3936 quae
3171 3863 3477 3935 loquitur:
3530 3887 3558 3913 «
3593 3866 3746 3929 Quo-

2094 3957 2254 4011 niam
2292 3955 2528 4026 judicas
2573 3952 2818 4024 populos
2848 3951 2906 4007 in
2941 3953 3233 4024 aequitate.
3271 3974 3298 4001 n
3349 3955 3503 4018 Quos
3550 3969 3738 4024 popu-

3369 4041 3585 4096 Gentes
3614 4057 3743 4112 quas

2095 4136 2228 4188 ante
2280 4147 2393 4185 non
2443 4134 2596 4184 recto
2644 4129 2788 4200 pede
2835 4127 3494 4200 gradiebanturhfecisti
3533 4145 3630 4184 eas
3678 4131 3747 4185 ut

2096 4219 2463 4276 ambularent
2511 4217 2571 4272 in
2618 4217 2771 4272 viam
2821 4222 3005 4272 tuam.
3039 4217 3113 4272 Ut
3161 4233 3646 4290 cognosceremus
3676 4217 3738 4274 in

2094 4313 2248 4364 terra
2295 4307 2445 4362 viam
2496 4310 2680 4376 tuam,
2737 4309 2803 4360 ut
2853 4305 3290 4361 ambularemus
3339 4305 3397 4359 in
3456 4306 3571 4373 via,
3621 4320 3741 4361 non

2095 4399 2152 4452 in
2187 4397 2380 4464 inviis,
2414 4399 2470 4451 et
2517 4412 2619 4468 per
2661 4411 2839 4451 unam
2882 4394 3036 4450 viam
3085 4393 3422 4450 veniremus
3463 4393 3533 4449 ad
3564 4398 3641 4463 te,
3673 4395 3746 4450 de

2095 4503 2210 4559 quo
2261 4485 2524 4541 nascitur
2562 4485 2676 4540 via.
2709 4484 2833 4539 Non
2865 4483 3021 4539 enim
3051 4482 3208 4539 imus
3240 4484 3312 4539 ad
3343 4487 3598 4555 Patrem,
3630 4482 3748 4540 nisi

2095 4592 2199 4649 per
2229 4574 2462 4631 Filium.
2498 4574 2663 4629 Dicat
2693 4572 2909 4643 aliquis
2943 4589 2955 4628 :
3005 4573 3357 4628 Arianorum
3390 4573 3606 4646 dogma
3637 4577 3750 4630 est.

2099 4667 2246 4737 Ergo
2279 4681 2380 4737 per
2410 4662 2619 4718 Filium
2650 4661 2882 4718 venitur
2911 4663 2983 4717 ad
3016 4666 3266 4718 Patrem.
3303 4663 3418 4736 Ego
3445 4663 3552 4718 hoc
3583 4663 3677 4718 dic
3693 4677 3747 4732 0',

335 4751 455 4806 vita
503 4754 560 4805 et
617 4748 832 4804 veritas
890 4748 1074 4820 (Joan.
1107 4766 1220 4818 xxv,
1252 4751 1330 4819 6).
1391 4751 1450 4807 Ut
1493 4766 1881 4821 cognoscamus
1931 4753 1988 4806 in
2018 4776 2065 4841 Β
2099 4754 2378 4826 quoniam
2423 4769 2524 4824 per
2553 4751 2872 4822 imaginem
2906 4751 3062 4806 imus
3093 4752 3164 4807 ad
3197 4751 3402 4808 faciem
3431 4770 3444 4821 ;
3477 4757 3534 4807 et
3564 4753 3623 4808 in
3657 4751 3751 4808 lu-

334 4845 492 4895 terra
528 4840 683 4895 viam
730 4842 906 4894 tuam.
939 4838 1002 4894 In
1031 4843 1187 4894 terra
1215 4855 1639 4912 cognoscamus
1674 4857 1686 4895 :
1735 4841 1860 4895 Fiat
1889 4855 1988 4896 vo—

337 4929 521 4984 luntas
570 4935 665 4982 tua
708 4927 854 4983 sicut
896 4929 957 4981 in
1002 4928 1134 4983 caelo
1177 4931 1226 4982 et
1258 4929 1315 4982 in
1346 4934 1495 4986 terra
1525 4930 1728 5001 (Matth.
1759 4946 1837 4996 vr,
1871 4930 1981 4998 10),

336 5021 404 5073 ut
433 5033 606 5089 quem
639 5015 831 5088 angeli
862 5017 1109 5072 adorant
1139 5017 1196 5072 in
1237 5017 1420 5085 caelis,
1454 5018 1724 5074 homines
1753 5035 1984 5090 quoque

338 5107 584 5162 adorent
638 5104 698 5160 in
755 5110 929 5161 terra.
977 5105 1087 5162 Sed
1146 5106 1298 5163 dicet
1349 5106 1608 5179 aliquis:
1665 5107 1803 5179 quia
1850 5111 1986 5164 nota

337 5199 464 5252 erat
490 5194 584 5251 via
614 5193 709 5249 Dei
746 5210 758 5248 :
804 5197 977 5249 Notus
1005 5196 1154 5250 enim
1182 5197 1243 5250 in
1270 5195 1474 5252 Judaea
1504 5198 1644 5252 Deus
1670 5214 1688 5251 :
1727 5199 1788 5252 in
1815 5198 1984 5266 Israel

335 5299 601 5355 magnum
648 5297 845 5338 nomen
891 5283 1008 5353 ejus
1057 5283 1224 5356 (Psat.
1277 5301 1438 5351 Lxxv,
1483 5286 1560 5357 2).
1621 5286 1803 5341 Notus
1860 5292 1984 5343 erat

336 5371 510 5443 Deus,
545 5371 644 5428 sed
695 5370 795 5427 Dei
849 5371 940 5427 via
991 5389 1109 5428 non
1155 5378 1278 5429 erat
1321 5379 1457 5430 nota
1485 5373 1544 5429 in
1574 5374 1797 5431 Judaea.
1832 5378 1982 5440 Quo-

337 5463 498 5517 niam
542 5476 679 5534 ergo
716 5459 808 5516 via
836 5459 937 5515 Dei
968 5460 1157 5517 Patris
1189 5478 1303 5518 non
1333 5467 1456 5520 erat
1485 5467 1622 5519 nota
1651 5463 1708 5518 in
1740 5463 1980 5534 Judasis,

336 5554 642 5623 pr0pterea
680 5565 833 5604 nunc
885 5548 1025 5604 dicit
1060 5567 1072 5604 :
1127 5574 1154 5600 ‹‹
1189 5551 1250 5606 In
1283 5552 1555 5607 omnibus
1587 5553 1860 5624 gentibus
1891 5571 1983 5610 sa-

337 5637 525 5694 lutare
556 5643 746 5694 tuum.
782 5660 811 5686 »
869 5637 992 5694 Non
1024 5638 1084 5693 in
1118 5656 1233 5695 uno
1264 5640 1500 5713 populo,
1534 5642 1637 5696 sed
1667 5641 1724 5695 in
1759 5643 1986 5699 cunctis

337 5727 630 5800 gentibus.
673 5748 699 5775 ‹‹
735 5726 799 5780 In
834 5725 1110 5781 omnibus
1140 5729 1413 5799 gentibus
1445 5729 1704 5786 salutare
1731 5733 1921 5788 tuum.
1953 5753 1981 5782 »

339 5815 449 5877 Ubi
495 5831 601 5874 nos
649 5813 935 5872 habemus
983 5813 1045 5872 in
1094 5816 1298 5875 Latino
1342 5817 1614 5896 salutare,
1647 5819 1706 5877 in
1746 5821 1984 5881 Hebraeo

2100 4844 2257 4899 mine
2313 4842 2579 4897 videmus
2635 4840 2856 4911 lumen,
2889 4841 2948 4896 in
2998 4840 3140 4895 Filio
3187 4841 3454 4897 videmus
3497 4842 3746 4897 Patrem.

2091 4931 2435 5004 Mysterium
2480 4934 2537 4984 et
2583 4929 2942 5000 dispensatio
2975 4935 3064 4986 est
3093 4946 3222 5002 qum
3252 4929 3531 5001 loquitur.
3561 4932 3748 4984 Caste-

2093 5037 2224 5076 rum
2282 5019 2331 5075 si
2390 5018 2522 5090 quis
2579 5022 2746 5089 putat
2800 5033 2928 5074 esse
2981 5018 3418 5090 blasphemum,
3459 5016 3738 5089 quoniam

2091 5110 2243 5164 viam
2275 5107 2530 5162 diximus
2560 5122 2688 5162 esse
2717 5106 2947 5172 Filium,
2972 5111 3030 5161 et
3060 5123 3160 5178 per
3188 5107 3341 5162 viam
3374 5107 3531 5161 imus
3561 5105 3733 5177 quasi

2092 5199 2162 5254 ad
2187 5198 2394 5262 Deum,
2415 5195 2718 5250 videamus
2748 5194 2870 5250 hazc
2900 5195 3028 5266 ipsa
3053 5195 3144 5250 via
3169 5195 3310 5266 quid
3336 5195 3528 5250 dicat:
3563 5198 3734 5250 Nemo

2091 5286 2238 5341 venit
2283 5285 2352 5340 ad
2396 5301 2502 5350 me,
2534 5284 2644 5339 nisi
2675 5287 2837 5339 Pater
2879 5299 3031 5338 meus
3072 5283 3370 5339 adduxerit
3396 5301 3522 5340 eum
3550 5284 3620 5340 ad
3649 5301 3736 5340 me

2093 5377 2270 5446 (Joan.
2304 5391 2378 5440 v1,
2413 5375 2522 5441 4-4).
2574 5373 2695 5437 Quo
2746 5373 2919 5428 modo
2957 5388 3092 5444 ergo
3127 5371 3302 5428 Filius
3333 5374 3494 5429 ducit
3522 5375 3593 5430 ad
3624 5373 3731 5429 Pa-

2091 5470 2258 5532 trem,
2293 5464 2376 5520 sic
2425 5469 2481 5519 et
2529 5463 2696 5519 Pater
2743 5463 2905 5518 ducit
2950 5464 3020 5518 ad
3053 5462 3284 5520 Filium.
3317 5465 3445 5521 Haec
3477 5466 3736 5524 humana

2092 5554 2267 5609 verba
2316 5557 2472 5609 sunt.
2506 5552 2788 5608 Caeterum
2821 5556 2878 5607 et
2930 5551 3105 5607 Filius
3153 5553 3312 5608 ducit
3359 5555 3430 5610 ad
3482 5555 3732 5629 Patrem,

2093 5648 2152 5698 et
2201 5643 2364 5698 Pater
2414 5641 2575 5699 ducit
2621 5641 2694 5696 ad
2743 5641 2975 5710 Filium,
3009 5646 3065 5698 et
3108 5659 3225 5697 una
3271 5648 3500 5713 natura,
3531 5651 3588 5702 et
3618 5664 3739 5706 una

2094 5730 2426 5787 substantia
2458 5733 2565 5786 est.

2167 5842 2195 5873 α
2228 5820 2626 5878 Conﬂteantur
2679 5818 2784 5876 tibi
2842 5819 3061 5894 populi,
3121 5825 3294 5898 Deus,
3351 5825 3740 5891 conﬁteantur
