4256 6610
605 480 751 540 1071

2093 474 2513 537 APPENDIX.

3845 473 4012 540 10³12

600 612 705 667 tibi
738 608 937 682 populi
967 625 1190 666 omnes.
1230 631 1256 659 ››
1303 613 1434 665 Jam
1462 578 1646 682 supra
1675 608 1917 680 dixerat,
1952 612 2009 664 et
2038 609 2096 664 in
2129 608 2241 665 iste
2271 611 2327 676 Α
2356 608 2732 681 prehensum.
2766 610 2998 665 «Terra
3026 608 3188 665 dedit
3217 608 3474 663 fructum
3506 622 3705 664 suum.
3734 630 3755 658 ι
3793 608 3857 665 In
3890 608 4009 666 isto

597 698 837 774 parvulo
862 698 1108 771 psalmo,
1135 703 1243 754 hoc
1264 700 1411 754 duos
1434 698 1754 755 versiculos
1775 697 1989 753 iterum
2016 698 2243 771 repetit.

597 789 832 845 Dixerat
883 788 1038 843 enim
1093 804 1319 861 SUpra:
1376 811 1403 837 «
1436 789 1835 844 Conﬁteantur
1881 788 1986 842 tibi
2020 786 2245 859 populi,

597 882 795 933 Deus:
849 879 1237 934 conﬁteantur
1284 878 1391 932 tibi
1442 876 1641 950 populi
1675 892 1926 932 omnes:
1979 876 2247 931 laetentur

595 972 653 1024 et
681 965 973 1023 exsultent
1003 971 1229 1039 gentes,
1264 988 1291 1015 »
1342 972 1397 1021 et
1429 971 1634 1021 caetera
1667 982 1679 1020 :
1736 970 1794 1020 et
1834 982 1986 1020 nunc
2038 981 2247 1021 rursus

597 1055 808 1129 repetit
864 1055 972 1111 hos
1031 1054 1368 1120 versiculos,
1412 1054 1578 1125 quasi
1629 1053 1877 1126 apostoli
1927 1055 2247 1125 prazcinant

598 1144 826 1201 cunctis
856 1144 1146 1217 gentibus.
1181 1144 1335 1213 δῶρα
1363 1147 1813 1214 expugnaverunt
1843 1160 1930 1197 me
1973 1160 2008 1197 a
2042 1144 2243 1215 juven-

598 1240 711 1292 lute
737 1252 880 1303 mea,
910 1234 1054 1289 dicat
1081 1250 1228 1288 nunc
1260 1233 1443 1288 Israel.
1490 1233 1640 1303 δέρμα
1677 1237 2128 1304 expugnaverunt
2158 1248 2247 1287 me

595 1342 631 1379 α
668 1324 957 1396 juventute
992 1339 1107 1377 mea
1141 1320 1316 1394 (Psal.
1352 1338 1585 1389 cxxvm,
1623 1321 1733 1392 1'2).
1765 1320 1968 1377 Videte
1998 1338 2242 1393 quomo-

598 1414 671 1468 do
720 1412 801 1468 illi
850 1411 1194 1484 praecinunt,
1231 1417 1289 1465 et
1337 1412 1603 1474 omnium
1652 1410 1915 1483 gentium
1949 1410 2123 1466 turba
2156 1426 2242 1465 re-

594 1503 861 1575 spondet.
898 1500 991 1557 Sic
1022 1505 1079 1556 et
1109 1517 1263 1555 nunc
1294 1499 1622 1555 dicentibus
1653 1499 1771 1555 illis
1803 1499 1860 1553 in
1906 1499 2192 1571 principio
2226 1515 2238 1554 :

596 1612 625 1643 «
655 1591 1053 1647 Cenﬁteantur
1078 1589 1184 1644 tibi
1217 1588 1414 1661 pepuli
1459 1606 1683 1659 omnes,
1722 1613 1745 1635 n
1799 1593 1855 1643 et
1905 1587 2241 1660 prmeipien-

591 1679 751 1735 tibus
783 1678 1084 1752 apostolis,
1118 1682 1171 1733 et
1202 1677 1532 1732 dicentibus
1570 1695 1582 1732 :
1636 1699 1663 1726 «
1696 1676 2092 1732 Conﬁteantur
2136 1676 2243 1733 tibi

590 1768 812 1842 populi,
848 1772 1038 1835 Deus;
1084 1766 1475 1821 conﬁteantur
1534 1766 1635 1820 tibi
1690 1765 1885 1837 populi
1948 1783 2172 1833 omnes,
2212 1788 2240 1815 ››

592 1856 869 1929 quoniam
926 1854 1057 1911 illos
1113 1854 1310 1910 vident
1374 1854 1731 1922 reticesccrc,
1790 1859 2096 1927 propterea
2154 1854 2239 1910 id-

590 1945 787 2020 ipsum
811 1944 1039 2011 iterant,
1068 1946 1123 1998 et
1144 1942 1347 1998 dicunt
1373 1959 1385 1997 :
1412 1966 1437 1992 ‹‹
1464 1943 1868 1998 Conﬁteantur
1890 1943 1989 1998 tibi
2014 1942 2237 2020 populi,

570 2010 769 2107 Deus,
799 2010 1189 2089 confiteantur
1216 2032 1319 2087 tibi
1355 2031 1553 2104 pepuli
1584 2048 1806 2087 omnes.
1846 2055 1872 2080 »
1928 2010 2117 2088 Semel
2150 2010 2236 2087 di;

590 2124 807 2192 ximus,
843 2139 957 2178 non
1008 2120 1294 2188 audistis;
1330 2121 1542 2176 iterum
1593 2120 1868 2189 dicimus,
1900 2126 1963 2175 ut
1993 2121 2233 2177 canatis.

591 2218 712 2270 Hoc
758 2217 949 2269 autem
996 2215 1182 2266 totum
1231 2226 1411 2281 quare
1454 2209 1729 2275 diximus,
1764 2215 1819 2265 et
1850 2209 2026 2266 semel
2058 2215 2113 2266 et
2144 2228 2237 2266 se-

592 2304 803 2373 cunde,
836 2305 902 2357 ut
928 2300 1312 2356 conﬁteantur
1342 2298 1537 2370 populi
1576 2304 1685 2354 Dco
1706 2298 1733 2353 ?
1781 2302 1967 2365 Quare
2012 2300 2120 2355 hoc
2149 2300 2236 2355 di-

591 2390 822 2449 cimus?
853 2405 1032 2461 quare
1055 2389 1163 2444 hoc
1188 2388 1560 2461 praecipimus
1581 2388 1609 2442 ?
1640 2411 1667 2437 ‹‹
1693 2389 1978 2454 Quoniam
2002 2389 2234 2459 judicas

588 2481 839 2555 populos
866 2478 927 2533 in
957 2478 1247 2549 aequitate.
1284 2499 1312 2527 »
1350 2476 1605 2548 Judzues,
1636 2477 1757 2548 qui,
1787 2493 1901 2549 pra:
1937 2476 2235 2533 nimietate

587 2564 844 2640 malitiae,
877 2566 1075 2641 pepuli
1135 2565 1521 2638 accipiuntur,
1568 2567 1735 2635 juxta
1790 2565 1981 2622 illud:
2036 2567 2236 2637 Populi

566 2656 834 2716 meditati
878 2662 1003 2714 sunt
1061 2658 1255 2711 inania
1311 2655 1480 2726 (Psal.
1518 2672 1580 2723 11,
1616 2656 1689 2727 1).
1746 2679 1771 2704 ‹‹
1811 2660 1874 2709 Et
1922 2660 2125 2727 gentes
2173 2656 2231 2711 in

584 2755 738 2807 terra
768 2747 993 2820 dirigis.
1029 2768 1056 2796 ››
1089 2745 1307 2817 Diriget
1338 2762 1435 2799 eas
1468 2744 1527 2798 in
1562 2745 1653 2800 via
1683 2745 1831 2815 vita},
1865 2746 1999 2799 data
2034 2761 2231 2816 pecca-

568 2836 777 2896 torum
830 2836 1191 2893 remissione.
1226 2835 1369 2889 Cum
1412 2834 1626 2889 dicitur
1655 2850 1857 2902 omnes,
1894 2852 2007 2889 non
2040 2834 2230 2890 solum

583 2945 688 3004 pro
735 2926 998 3001 gentium
1055 2924 1290 2996 populo,
1344 2924 1444 2978 sed
1500 2923 1674 2977 etiam
1734 2940 1836 2995 pro
1893 2923 2229 2979 Judazorum

588 3022 736 3085 orat,
787 3019 851 3070 ut
905 3018 961 3070 et
1015 3013 1126 3086 ipsi
1185 3012 1441 3068 conversi
1493 3014 1882 3067 conﬁteantur
1934 3012 2229 3069 Christum

589 3106 801 3164 Filium
835 3103 955 3159 Dei.
1007 3126 1027 3151 ι
1064 3103 1243 3157 Terra
1273 3102 1432 3156 dedit
1463 3102 1715 3155 fructum
1748 3118 1942 3156 suum.
1976 3124 2003 3152 »
2050 3104 2227 3175 Terra,

570 3182 793 3255 'sancta
841 3191 1042 3260 Maria,
1074 3192 1145 3245 de
1194 3195 1391 3246 nostra
1440 3195 1613 3260 terra,
1647 3192 1715 3245 de
1756 3196 1953 3247 nostro
1984 3193 2226 3261 semine,

572 3272 660 3344 ide
706 3284 813 3340 hoc
860 3281 1003 3352 luto,
1038 3281 1108 3335 de
1156 3279 1263 3335 hoc
1312 3278 1472 3349 limo,
1507 3280 1577 3334 de
1615 3280 1820 3335 Adam.
1857 3286 2026 3338 Terra
2073 3298 2145 3353 es,
2177 3287 2230 3339 et

2360 696 2573 763 fructu,
2602 698 2904 755 Trinitatis
2936 697 3276 771 mysterium
3311 697 3661 753 continetur.
3698 719 3727 749 ‹‹
3758 697 4012 755 Benedi-

2358 790 2448 841 cat
2479 805 2583 842 nos
2616 792 2766 843 Deus
2800 790 2949 844 Deus
2983 792 3197 844 noster.
3231 809 3258 838 »
3294 786 3399 852 Qui
3432 787 3587 842 Deus
3617 790 3706 842 est
3735 788 4010 844 omnium

2359 893 2461 948 per
2489 881 2783 945 naturam,
2807 882 3004 935 noster
3034 877 3265 950 proprie
3299 877 3483 933 factus
3515 880 3603 933 est
3633 876 3805 933 Deus.
3844 897 3873 930 ι
3909 878 4017 933 Be-

2356 965 2586 1021 nedicat
2629 984 2735 1021 nos
2782 972 2950 1023 Deus.
2988 990 3015 1017 ››
3066 965 3327 1038 Expellat
3354 969 3604 1020 veterem
3641 964 4014 1022 maledictio-

2356 1071 2510 1109 nem.
2544 1054 2873 1111 Maledictio
2908 1074 3013 1112 nos
3060 1052 3230 1125 ejecit
3272 1054 3343 1110 de
3389 1052 3660 1126 paradiso
3694 1071 3707 1109 :
3764 1053 4014 1110 reducat

2355 1143 2700 1200 benedictio.
2736 1168 2764 1196 «
2788 1146 2854 1201 Et
2884 1150 3149 1201 metuant
3179 1160 3310 1201 eum
3344 1159 3547 1200 omnes
3579 1142 3724 1199 ﬁnes
3752 1146 3946 1199 terras.
3975 1163 4006 1197 ι

2355 1233 2479 1289 Νοιι
2514 1233 2658 1290 dixit
2691 1251 2703 1290 :
2741 1235 2997 1307 Diligant
3024 1251 3159 1291 eum
3190 1250 3392 1290 omnes
3423 1232 3568 1289 ﬁnes
3596 1236 3784 1290 terrae.
3820 1233 4015 1290 Perfe-

2354 1326 2445 1375 cta
2491 1323 2706 1396 quippe
2752 1323 3005 1394 dilectio,
3040 1325 3192 1379 foras
3234 1322 3414 1378 mittit
3442 1322 3736 1378 timorem.
3772 1323 4008 1379 Timere

2356 1410 2763 1483 incipientium
2795 1416 2920 1480 est;
2955 1412 3216 1484 diligere,
3243 1411 3650 1484 perfecturum.
3678 1409 3785 1473 Qui
3806 1410 4005 1467 adhuc

2351 1501 2537 1571 timet,
2571 1500 2630 1556 in
2662 1501 2827 1557 initio
2858 1506 2945 1557 est
2976 1500 3218 1574 positus,
3243 1517 3359 1557 non
3391 1500 3567 1556 habet
3595 1500 3908 1572 perfectam
3941 1505 4013 1559 et

2352 1589 2585 1661 plenam
2637 1591 2833 1646 ﬁdem.
2868 1590 2973 1656 Qui
3022 1595 3218 1646 autem
3267 1589 3458 1661 diligit
3491 1593 3695 1661 Deum,
3722 1589 3923 1646 omnia
3954 1591 4008 1647 ei

2352 1679 2692 1751 proveniant
2741 1680 2796 1733 in
2848 1680 3087 1736 bonum.
3122 1681 3359 1736 Videtur
3405 1679 3597 1735 brevis
3642 1684 3700 1735 et
3750 1679 4009 1754 simplex

2351 1784 2479 1824 esse
2533 1768 2899 1825 sententiola.
2930 1771 3037 1825 Sed
3087 1769 3438 1826 ventilemus
3488 1785 3639 1841 eam,
3673 1773 3730 1826 et
3777 1768 3834 1825 in
3870 1770 4005 1826 istis

2350 1858 2717 1929 simplicibus
2749 1859 2940 1915 verbis
2971 1859 3232 1931 ingentia
3283 1859 3561 1932 mysteria
3609 1860 3993 1931 reperiemus.

2350 1947 2717 2004 Inveniemus
2768 1947 3179 2015 instrinsecus,
3237 1949 3392 2021 quod
3453 1948 3773 2004 forinsecus
3830 1947 4001 2005 latet.

2351 2037 2714 2105 Diligentibus
2770 2041 2955 2091 autem
3014 2039 3324 2105 Dominum,
3384 2039 3572 2093 omnia
3633 2042 4000 2110 cooperantur

2348 2127 2409 2179 in
2440 2126 2637 2180 bonum
2684 2126 2857 2196 (Rom.
2889 2143 3012 2194 vm,
3042 2128 3153 2197 28).
3186 2127 3296 2182 Job
3339 2126 3429 2182 vir
3458 2129 3699 2183 sanctus
3727 2130 3994 2183 tentatus

2347 2219 2455 2283 est,
2488 2214 2740 2286 perdidit
2789 2214 2938 2270 ﬁlios
2987 2219 3044 2271 et
3088 2214 3259 2283 ﬁlias,
3293 2216 3503 2271 domus
3534 2215 3721 2288 ipsius
3750 2216 3994 2284 corruit,

2346 2303 2616 2359 universa
2673 2303 2950 2375 perdidit,
2997 2304 3196 2359 omnia
3250 2311 3483 2377 repente
3542 2304 3830 2377 perdidit;
3889 2321 3995 2363 nec

2346 2397 2527 2464 pater,
2561 2408 2665 2447 nec
2716 2392 3031 2455 dominus;
3086 2392 3230 2448 nihil
3280 2392 3435 2448 enim
3481 2391 3564 2448 illi
3609 2393 3889 2450 remansit
3929 2394 3991 2451 in

2345 2498 2581 2553 corpore
2631 2481 2922 2549 sanitatis,
2956 2482 3069 2537 nisi
3116 2483 3241 2539 sola
3271 2482 3473 2555 lingua
3503 2498 3605 2555 per
3633 2499 3807 2555 quam
3840 2484 3994 2542 blas-

2345 2570 2621 2642 phemare
2668 2575 2866 2641 posset
2917 2572 3051 2642 (Job.
3103 2586 3144 2640 ι,
3186 2573 3251 2627 14
3280 2572 3452 2643 seqq.)
3501 2571 3703 2628 Videte
3746 2576 3991 2630 tentato-

2345 2677 2465 2715 rem
2515 2659 2836 2716 diabolum.
2886 2663 2932 2716 A
2980 2660 3199 2733 planta,
3232 2660 3448 2733 inquit,
3480 2661 3644 2734 pedis
3684 2677 3869 2733 usque
3912 2664 3987 2719 ad

2340 2749 2611 2805 verticem
2662 2750 2950 2821 percussit
2979 2766 3113 2805 eum
3160 2749 3398 2806 vulnere
3430 2749 3705 2823 pessimo,
3738 2750 3845 2807 hoc
3874 2755 3983 2823 est,

2340 2838 2673 2909 elephantia
2726 2840 2842 2907 (Job
2893 2856 2956 2904 ιι,
2998 2840 3075 2907 7⁷).
3124 2839 3260 2894 Inde
3310 2842 3429 2895 toto
3478 2855 3714 2912 corpore
3762 2856 3988 2898 vermes

2342 2927 2635 2993 fluebant;
2686 2931 2742 2981 et
2789 2928 3053 2999 putredo.
3086 2928 3281 2984 Solam
3322 2928 3585 3002 linguam
3617 2928 3902 3003 integram
3933 2930 3989 2987 ei

2339 3014 2671 3085 reservavit,
2696 3018 2761 3069 ut
2790 3020 2985 3087 posset
3010 3016 3322 3073 Dominum
3345 3034 3519 3073 suum
3551 3016 3979 3090 blasphemare.

2340 3107 2403 3158 In
2457 3104 2708 3158 omnibus
2765 3104 2851 3159 his
2906 3120 3014 3160 non
3041 3106 3281 3176 peccavit
3337 3106 3433 3162 Job
3490 3106 3656 3162 labiis
3704 3108 3817 3163 sui:
3866 3108 3985 3174 (Job

2338 3209 2377 3259 ι,
2426 3194 2542 3261 22).
2596 3191 2797 3248 Videte
2856 3193 3322 3265 magnitudinem
3380 3195 3742 3263 tentationis,
3794 3195 3984 3251 videte

2342 3281 2808 3354 magnitudinem
2841 3281 3093 3338 virtutis.
3119 3283 3344 3348 Videte,
3377 3288 3435 3338 et
3465 3283 3825 3341 considerate
3855 3300 3985 3340 sen-

564 3380 646 3445 _in
699 3379 907 3431 terram
954 3372 1062 3425 ibis
1108 3370 1258 3441 (Gen.
1294 3384 1378 3440 IIl,
1414 3369 1520 3441 19).
1578 3392 1605 3416 ‹‹
1641 3370 1817 3424 Terra
1866 3371 2021 3441 (ista)
2068 3372 2229 3428 dedit
2261 3356 2303 3421 Ο
2344 3372 2578 3428 tentiam
2619 3371 2878 3443 Apestoli
2907 3388 3035 3429 esse
3064 3372 3415 3445 completam
3448 3389 3461 3428 :
3494 3374 3852 3445 Diligentibus
3876 3390 3983 3429 au-

584 3467 837 3523 fructum
868 3477 1065 3517 suum.
1097 3482 1123 3507 ι)
1150 3458 1308 3523 Quod
1335 3458 1586 3530 perdidit
1607 3458 1664 3513 in
1695 3460 1985 3530 paradiso,
2010 3461 2238 3530 invenit
2341 3470 2445 3518 tem
2474 3463 2786 3530 Dominum,
2817 3464 3004 3516 omnia
3049 3465 3411 3533 cooperantur
3458 3463 3520 3517 in
3568 3462 3771 3519 bonum
3809 3463 3979 3535 (Rom.

581 3556 644 3612 in
676 3553 842 3611 Filio.
880 3573 906 3601 ‹‹
938 3551 1119 3605 Terra
1147 3548 1309 3604 dedit
1340 3551 1630 3603 fructuum
1666 3566 1861 3603 suum.
1898 3572 1924 3597 ››
1968 3552 2231 3609 Primum

580 3643 742 3702 dedit
771 3643 993 3697 ﬁerem.
1029 3638 1172 3692 Dicit
1202 3642 1257 3692 et
1286 3638 1343 3691 in
1377 3638 1614 3692 Cantico
1658 3638 2021 3695 canticorum
2058 3656 2070 3696 :
2125 3644 2231 3714 Ego

580 3736 680 3806 ﬂos
725 3730 925 3800 campi,
958 3734 1007 3783 et
1056 3728 1239 3781 lilium
1280 3727 1611 3781 convallium
1655 3727 1833 3797 (Cant.
1882 3744 1942 3796 ιι,
1993 3730 2064 3800 1).
2118 3731 2230 3787 Iste

580 3823 763 3895 igitur
809 3818 915 3873 ﬂos
963 3817 1188 3873 fructus
1233 3815 1420 3869 factus
1451 3820 1560 3883 est,
1596 3820 1661 3870 ut
1694 3833 1798 3870 nos
1832 3816 1998 3873 illum
2032 3835 2230 3876 come-

581 3912 885 3977 deremus,
939 3910 1004 3960 ut
1070 3921 1175 3958 nos
1244 3905 1737 3959 manducaremus
1804 3922 2009 3962 carnes
2076 3911 2224 3979 ejus.

580 3998 771 4055 Vultis
802 3997 949 4052 scire
972 3993 1104 4067 quis
1138 3994 1212 4047 sit
1242 3993 1351 4048 iste
1377 3995 1598 4048 l'ructus
1620 3992 1648 4047 εἴ
1680 3994 1850 4065 Virgo
1875 3996 1944 4050 de
1966 3997 2223 4069 virgine:

2339 3568 2440 3612 vu.
2471 3552 2583 3622 28).
2619 3550 2694 3605 Eo
2725 3554 2986 3621 tempore
3038 3566 3152 3622 quo
3206 3551 3485 3622 perdebat
3530 3567 3623 3607 res
3674 3568 3833 3619 suas,
3865 3567 3984 3623 quo

2342 3639 2491 3695 ﬁlios
2538 3640 2880 3706 amittebat;
2932 3638 3281 3696 videbantur
3328 3640 3566 3712 quidem
3605 3640 3653 3696 ei
3690 3655 3814 3697 esse
3846 3656 3984 3696 con-

2337 3729 2517 3783 traria
2545 3745 2673 3801 qua;
2704 3727 3093 3784 accidissent:
3127 3729 3228 3786 sed
3260 3728 3538 3800 quoniam
3572 3728 3842 3802 diligebat
3875 3728 3986 3785 Do-

2340 3818 2588 3885 minum,
2621 3815 2724 3872 illa
2770 3814 2926 3872 mala
2974 3833 3101 3888 quae
3150 3816 3199 3872 ei
3252 3816 3448 3885 infert,
3479 3821 3862 3890 cooperantur
3897 3816 3984 3873 illi

2338 3907 2509 3963 bona.
2569 3904 2655 3960 Illi
2703 3921 2838 3961 vero
2885 3921 3111 3961 vermes
3168 3905 3427 3977 corporis
3484 3905 3881 3978 preparahant
3925 3905 3982 3963 ei

2338 3994 2463 4051 coeli
2495 4010 2792 4049 coronam.
2826 3996 3152 4066 Antequam
3188 3998 3533 4062 tentaretur,
3564 3994 3717 4052 Deus
3745 3995 3796 4051 ei
3829 4011 3981 4050 nun-

578 4087 865 4145 Deminus
921 4086 991 4140 de
1050 4083 1305 4139 ancilla:
1359 4083 1511 4137 Deus
1564 4099 1631 4137 ex
1676 4083 1931 4151 homine,
1966 4084 2125 4142 ﬁlius
2157 4104 2225 4143 ex
2335 4100 2511 4155 quam
2535 4082 2764 4139 locutus
2792 4083 3016 4139 fuerat:
3047 4088 3355 4155 postquam
3380 4089 3573 4140 autem
3593 4087 3848 4140 tentatus
3868 4088 3979 4152 est,

572 4182 782 4247 matre,
814 4177 1040 4230 fructus
1097 4190 1164 4228 ex
1221 4176 1391 4227 terra.
1437 4170 1643 4227 Videte
1704 4174 1840 4243 quid
1899 4174 2053 4230 dicat
2098 4176 2223 4249 ipse
2330 4173 2489 4227 venit
2518 4174 2587 4228 ad
2621 4188 2754 4228 eum
2791 4178 2961 4238 Deus,
2990 4177 3048 4228 et
3077 4172 3447 4229 familiariter
3498 4172 3775 4245 loquitur,
3808 4173 3982 4245 quasi

572 4268 842 4325 fructus:
898 4265 1017 4319 Nisi
1058 4280 1296 4331 granum
1323 4263 1591 4333 frumenti
1620 4262 1875 4318 ceciderit
1906 4265 1965 4318 in
1994 4273 2217 4334 terram,
2332 4262 2565 4318 amicus
2616 4277 2749 4316 cum
2804 4261 2989 4317 amico
3038 4278 3166 4317 suo.
3222 4261 3474 4317 Veniant
3532 4260 3733 4335 plagis,
3781 4261 3981 4319 omnia

569 4362 622 4415 et
664 4361 945 4413 mortuum
990 4353 1190 4426 fuerit,
1222 4368 1332 4405 non
1374 4355 1541 4422 potest
1568 4365 1754 4421 [acere
1782 4354 1992 4422 fructus
2019 4357 2219 4411 multos
2330 4367 2629 4422 pennarum
2662 4367 2894 4422 genera,
2926 4350 3067 4406 dum
3097 4357 3229 4423 post
3261 4349 3488 4424 plagas,
3515 4350 3779 4407 Christus
3810 4350 3981 4407 adve.

564 4449 755 4525 (Joan.
788 4462 889 4512 xu,
921 4443 1011 4505 24,
1044 4443 1156 4513 25).
1217 4460 1238 4487 α
1272 4440 1446 4495 Terra
1478 4440 1638 4495 dedit
1670 4442 1921 4496 fructum
1954 4460 2152 4509 suum,
2187 4468 2216 4494 ››
2327 4441 2467 4495 niat.
2502 4440 2733 4512 Egressi
2768 4456 2979 4496 sumus
3013 4442 3084 4496 de
3114 4439 3363 4512 psalmo,
3391 4440 3491 4497 sed
3524 4456 3640 4496 non
3667 4437 3977 4513 inutiliter,

568 4535 730 4592 dedit
759 4547 1006 4607 granum
1040 4529 1335 4605 frumenti.
1359 4529 1520 4591 Quod
1546 4545 1795 4600 granum
1824 4531 2103 4587 frumenti
2130 4549 2217 4589 ce-
2325 4528 2462 4601 quia
2509 4530 2842 4585 dixeramus
2874 4546 2887 4585 :
2948 4553 2975 4580 ‹‹
3010 4530 3075 4585 Et
3120 4533 3388 4586 metuant
3431 4546 3567 4586 eum
3598 4542 3789 4586 omnes
3818 4526 3979 4585 ﬁnes

564 4609 711 4680 cidit
762 4624 819 4677 in
875 4629 1110 4689 terravn,
1153 4623 1209 4673 et
1256 4623 1554 4673 mortuum
1605 4624 1711 4686 est,
1746 4625 1802 4676 et
1832 4619 1962 4677 ideo
1995 4622 2211 4680 multos
2322 4623 2511 4690 terrae,
2549 4642 2575 4668 »
2628 4624 2684 4675 et
2713 4619 3069 4687 dixeramus,
3104 4619 3386 4691 quoniam
3416 4622 3673 4675 metuere
3700 4614 3978 4691 parvulo-

566 4714 793 4769 fructus
824 4711 1009 4766 atl‘ert.
1043 4705 1490 4779 Multiplicatum
1541 4713 1629 4763 est
1681 4709 1739 4763 in
1792 4710 1955 4781 spica
1988 4727 1999 4767 :
2056 4715 2213 4784 quod
2247 4724 2292 4789 ι)
2323 4725 2456 4764 rum
2487 4712 2576 4764 est
2610 4726 2622 4765 :
2674 4713 2945 4765 caeterum
2989 4707 3254 4781 diligere,
3288 4708 3697 4781 perfectorum,
3726 4709 3783 4763 et
3809 4704 3975 4762 dixe-

564 4818 752 4859 unum
784 4799 1089 4868 ceciderat,
1115 4797 1171 4851 in
1207 4797 1408 4853 multis
1440 4799 1774 4853 resurrexit.
1811 4799 2029 4855 Cecidit
2058 4802 2215 4858 enim

563 4908 813 4967 granum
843 4887 1020 4945 tritici
1048 4888 1105 4942 in
1140 4891 1377 4951 terram,
1403 4891 1459 4942 et
1490 4904 1655 4957 seges
1677 4888 1912 4959 copiosa
1938 4891 2206 4946 surrexit.

563 5007 591 5033 ‹‹
625 4983 800 5037 Terra
830 4979 989 5034 dedit
1020 4978 1271 5032 fructum
1307 4994 1502 5032 suum.
1536 4998 1562 5028 ιι
1602 4977 1928 5049 Propterea,
1966 5002 1994 5029 ‹‹
2026 4981 2205 5035 conﬁ-

560 5076 797 5128 teantur
826 5068 930 5123 tibi
964 5066 1182 5139 populi,
1222 5072 1406 5134 Deus;
1451 5069 1837 5121 conlitcantur
1869 5068 1970 5122 tibi
2006 5069 2205 5140 populi

559 5177 784 5218 omnes.
816 5160 994 5214 Terra
1027 5157 1187 5212 dedit
1220 5156 1469 5211 fructum
1503 5172 1697 5211 suum.
1738 5178 1763 5202 υ
1807 5156 1945 5220 Quis
1977 5163 2065 5212 est
2096 5158 2205 5214 iste

559 5251 788 5307 fructus
809 5249 837 5305 ‘I

633 5362 659 5389 «
692 5337 1005 5395 Benedicat
1037 5353 1142 5391 nos
1172 5340 1319 5390 Deus
1347 5339 1494 5387 Deus
1523 5335 1738 5400 noster,
1769 5333 2075 5389 benedicat
2097 5352 2204 5392 nos

556 5434 728 5486 Deus,
766 5453 785 5477 ιι
836 5450 864 5477 ‹‹
900 5432 1071 5491 Deus,
1106 5447 1131 5475 n
1177 5425 1344 5479 Pater
1378 5441 1389 5477 :
1442 5446 1462 5470 ι
1500 5422 1652 5477 Deus
1683 5426 1899 5486 noster,
1932 5445 1959 5471 ››
1996 5424 2198 5479 Filius.

558 5519 686 5589 Ipse
717 5518 873 5574 enim
923 5521 1072 5571 Deus
1106 5518 1322 5568 noster.
1359 5512 1423 5566 Et
1454 5510 1710 5577 vocabis,
1742 5510 1954 5581 inquit,
1988 5529 2199 5570 nomen

556 5606 685 5677 ejus
745 5604 1107 5672 Emmanuel,
1168 5604 1222 5657 id
1281 5605 1371 5657 est
1427 5601 1713 5655 nobiscum
1769 5602 1924 5655 Deus.
1992 5624 2011 5652 α
2053 5607 2198 5658 Deus

557 5697 754 5749 noster
809 5693 1114 5748 benedicat
1171 5708 1295 5747 nos.
1330 5713 1357 5740 ››
1421 5689 1576 5744 Deus
1629 5688 1881 5761 Spiritus
1937 5697 2194 5748 sanctus.

553 5781 698 5871 Vide
733 5782 1071 5869 mysterium
1119 5780 1419 5837 Trinitatis
1467 5778 1522 5834 in
1573 5795 1688 5835 uno
1720 5778 2002 5839 versiculo
2033 5798 2196 5840 com-

2326 4813 2526 4853 ramus
2557 4797 2628 4853 ad
2676 4797 2785 4853 hoc
2828 4798 3330 4870 comprobandum
3361 4797 3432 4852 de
3460 4794 3733 4869 Apestolo
3766 4811 3780 4851 :
3826 4795 3974 4850 Dili-

2317 4887 2566 4958 genlibus
2602 4896 2792 4942 autem
2823 4888 3144 4956 Dominum,
3177 4888 3367 4942 omnia
3397 4889 3757 4958 cooperantur
3785 4885 3845 4940 in
3875 4883 3975 4941 bo-

2315 4992 2470 5031 num.
2529 4999 2549 5023 α
2586 4980 2653 5030 Et
2686 4975 2933 5032 timeant
2964 4992 3095 5032 eum
3130 4992 3337 5032 omnes
3387 4976 3532 5031 ﬁnes
3562 4978 3747 5031 terra.
3784 4996 3805 5023 ι
3858 4972 3975 5029 Ne-

2315 5081 2613 5136 quaquam
2665 5064 2792 5121 sola
2838 5064 3060 5136 Judaaa,
3094 5065 3194 5121 sed
3235 5080 3441 5120 omnes
3474 5064 3618 5119 ﬁnes
3649 5067 3832 5119 terris.
3864 5061 3973 5119 Se-

2315 5154 2573 5209 cundum
2602 5154 2985 5227 trepologiam
3012 5159 3237 5210 autem:
3264 5177 3291 5204 «
3316 5153 3531 5209 Omnes
3553 5152 3698 5210 ﬁnes
3719 5154 3913 5218 terrai;
3938 5172 3971 5201 »

2315 5260 2431 5299 non
2464 5243 2746 5299 medietas
2776 5249 2965 5313 terra},
2998 5260 3111 5299 non
3145 5241 3229 5298 illi
3262 5243 3362 5314 qui
3394 5242 3454 5297 in
3485 5246 3640 5297 terra
3671 5245 3807 5298 sunt
3836 5253 3971 5296 me-

2313 5333 2428 5403 dia,
2461 5332 2561 5388 sed
2611 5332 2711 5404 qui
2760 5332 2819 5387 in
2876 5333 2990 5388 ﬁne
3049 5336 3211 5388 terras
3265 5335 3425 5398 sunt,
3470 5330 3570 5402 qui
3621 5328 3974 5402 relinquunt

2310 5425 2551 5489 terram,
2582 5426 2637 5476 et
2667 5422 2739 5477 ad
2770 5420 2945 5478 caelos
2976 5422 3060 5477 ire
3092 5423 3387 5477 festinant.
3438 5419 3556 5475 Hoc
3595 5418 3776 5492 igitur
3804 5418 3970 5490 quod

2312 5510 2556 5583 apostoli
2608 5510 2881 5566 dixerunt
2923 5510 2981 5565 in
3017 5510 3323 5583 principio,
3357 5526 3466 5566 nos
3495 5508 3761 5565 dicamus
3792 5508 3852 5563 in
3887 5507 3967 5563 ﬁ-

2310 5617 2382 5656 ne
2414 5617 2426 5655 :
2477 5624 2503 5649 ‹‹
2539 5599 2692 5656 Deus
2735 5599 3081 5656 misereatur
3112 5598 3297 5656 nostri
3328 5601 3386 5655 et
3415 5597 3718 5654 benedicat
3746 5595 3915 5652 nobis
3948 5615 3967 5669 ;

2309 5688 2601 5744 illuminet
2650 5686 2873 5745 vultum
2928 5706 3103 5745 suum
3155 5704 3333 5762 super
3364 5704 3489 5755 nos,
3524 5692 3581 5742 et
3611 5685 3971 5744 misereatur

2308 5777 2488 5836 nostri
2516 5795 2529 5847 ;
2562 5800 2589 5827 ››
2621 5781 2678 5835 et
2707 5781 2904 5835 notam
2938 5778 3108 5838 faciet
3136 5778 3195 5836 in
3226 5782 3383 5837 terra
3408 5776 3564 5836 viam
3594 5790 3786 5836 suam.
3809 5774 3979 5867 ϐαρ,
