4256 6570
290 437 447 505 1073

1466 432 1967 502 BREVIARIUM
2008 434 2089 498 IN
2136 431 2515 499 PSALMOS.

3539 432 3694 497 1074

290 569 649 632 manifestus
682 566 741 628 in
785 567 1048 629 claritate
1074 568 1298 627 venerit
1327 568 1615 639 Christus,
1648 575 1790 626 tunc
1821 587 1944 625 om-
1975 570 2031 637 Α
2061 584 2197 626 men
2213 567 2637 626 estilli.nDocet
2652 571 2734 637 ut,
2752 563 3103 640 compressis
3117 562 3701 639 peccatitumoribus,

289 664 468 721 nibus
524 666 730 719 notum
779 660 952 717 faciet
996 678 1100 717 cur
1156 665 1320 717 tanta
1368 660 1560 718 carnis
1610 658 1940 716 humilitate

293 750 679 809 descenderit.
708 772 729 800 α
762 750 940 805 Terra
970 748 1132 805 dedit
1162 733 1419 805 fructum
1470 764 1666 817 suum,
1704 770 1725 797 ι
1762 746 1944 803 Maria

291 839 496 914 genuit
521 837 911 896 Salvatorem.

815 926 1151 983 PSALMUS
1200 925 1414 982 LXVII.

287 1021 353 1076 In
363 1018 571 1144 (ginem.
603 1016 859 1072 Psalmus
891 1017 1116 1072 Cantici
1143 1016 1337 1071 David.
1390 1013 1679 1096 Psalmus,
1729 1029 1938 1140 cgere:

410 1088 690 1144 anticum.
724 1086 1115 1144 intelligentia
1145 1086 1362 1142 mentis
1389 1086 1734 1144 snirituahs.
1809 1101 1938 1140 exa-

410 1088 690 1154 anticum,
724 1086 1115 1160 intelligentia
1145 1086 1374 1160 mentis
1389 1086 1734 1160 spiritualis.
1766 1086 1940 1160 Serra-

361 1159 626 1231 gesimus
657 1156 944 1230 septimus
970 1158 1239 1231 psalmus
1281 1158 1330 1214 si
1362 1156 1721 1231 intelligatur
1770 1156 1941 1228 spiri-

359 1230 622 1297 tualiter,
670 1231 919 1302 refertus
967 1230 1135 1302 legis,
1167 1230 1728 1302 Evangeliorumque
1776 1243 1937 1299 repe-

361 1304 511 1358 ritur
566 1301 980 1373 sacramentis,
1037 1301 1142 1373 qui
1198 1302 1284 1357 sic
1337 1301 1595 1357 inchoat
1668 1316 1738 1357 ex
1804 1316 1941 1355 voce

364 1373 707 1447 prophetica
731 1390 744 1427 :
1136 1406 1147 1411 ι

359 1485 389 1514 ‹‹
419 1464 674 1536 Exurgat
716 1462 894 1531 Deus,
922 1466 978 1518 et
1032 1460 1399 1533 dissipentur
1450 1459 1679 1516 inimici
1739 1461 1939 1531 ejus.»

292 1554 363 1609 Et
393 1551 725 1624 specialiter
752 1550 1108 1624 intelligitur
1132 1551 1244 1606 iste
1277 1549 1563 1623 psalmus,
1592 1554 1650 1606 et
1702 1565 1940 1621 genera-

293 1640 444 1697 liter.
475 1638 814 1714 Specialiter
862 1640 933 1696 de
992 1640 1118 1712 ipso
1171 1638 1440 1707 Domino,
1499 1644 1566 1694 ut
1611 1641 1879 1709 resurgat
1910 1653 1943 1692 a

294 1729 563 1801 mortuis,
598 1732 655 1785 et
675 1728 982 1801 disperdat
1010 1727 1281 1784 inimicos
1321 1745 1481 1794 suos,
1545 1727 1654 1783 hoc
1681 1730 1789 1797 est,
1818 1725 1937 1780 dia-

294 1817 496 1876 bolum
520 1821 579 1875 et
607 1817 924 1875 exercitum
956 1818 1106 1889 ejus,
1151 1821 1250 1873 aut
1277 1817 1531 1873 Judaecs.
1584 1813 1942 1872 Generaliter

2052 658 2293 731 planam
2320 658 2369 715 ei
2402 659 2462 714 in
2497 658 2772 715 cordibus
2804 657 3018 714 nostris
3048 657 3200 713 viam
3255 672 3357 730 per
3401 656 3699 729 justitiam

2051 765 2487 822 praeparemus:
2519 749 2619 821 qui
2652 765 2829 821 super
2860 764 3133 803 occasum
3165 746 3369 802 mortis
3391 746 3698 817 accedens,

2052 837 2235 895 victor
2266 838 2545 894 remeavit
2573 854 2640 893 ex
2697 838 2918 894 inferis.
2983 836 3043 893 Si
3102 853 3215 891 non
3258 835 3425 892 nobis
3474 835 3702 892 occidat

2051 927 2137 984 sol
2167 926 2522 1000 iniquitatis,
2560 945 2673 983 non
2706 931 2898 1000 potest
2929 926 3098 983 nobis
3151 925 3289 1015 oriri
3317 925 3401 982 sol
3424 924 3696 999 justitiae,

2050 1019 2220 1090 cujus
2252 1017 2473 1074 sanitas
2506 1015 2563 1072 in
2595 1015 2753 1072 cmlis
2786 1020 2890 1073 est.

2123 1130 2151 1157 ‹‹
2184 1105 2447 1162 Exultate
2479 1105 2536 1162 in
2571 1108 2886 1177 conspectu
2918 1104 3065 1175 ejus.
3097 1124 3124 1154 »
3154 1106 3215 1159 In
3238 1105 3364 1175 ejus
3396 1102 3551 1159 enim
3584 1119 3693 1159 nos

2050 1196 2463 1269 conspectibus
2512 1195 2765 1267 gaudere
2824 1198 3071 1266 oportet,
3133 1198 3189 1248 et
3240 1209 3354 1248 non
3406 1192 3467 1247 in
3515 1190 3697 1265 hujus

2051 1282 2249 1338 saeculi
2293 1281 2581 1339 illecebris
2634 1281 2927 1338 delectari.
2956 1304 2982 1330 ››
3039 1280 3459 1336 Turbabuntur
3489 1297 3522 1336 a
3552 1280 3696 1337 facie

2052 1371 2180 1441 ejus
2212 1358 2407 1443 patres
2466 1370 2885 1442 orphanorum,
2935 1374 2991 1425 et
3029 1370 3262 1440 judices
3307 1369 3638 1425 viduarum.
3666 1391 3694 1419 κ

2051 1458 2140 1515 Illi
2173 1460 2273 1531 qui
2305 1477 2366 1515 se
2400 1476 2553 1515 nunc
2586 1464 2804 1515 tutores
2836 1459 3146 1530 etjudices
3196 1458 3417 1531 dicunt,
3469 1463 3527 1514 et
3584 1458 3693 1515 hac

2050 1550 2357 1605 occasione
2406 1549 2706 1621 decipiunt
2753 1566 2845 1604 res
2903 1548 3180 1620 inopum;
3239 1548 3692 1620 confundentur,

2052 1653 2188 1693 cum
2222 1638 2508 1711 respicere
2539 1638 2713 1710 coepit
2728 1637 3085 1693 Altissimus.

2124 1749 2151 1776 ι(
2184 1727 2337 1783 Deus
2392 1727 2450 1782 in
2502 1726 2625 1783 loco
2675 1730 2876 1783 sancto
2916 1744 3043 1782 suo.
3073 1749 3092 1775 η
3151 1728 3211 1781 In
3266 1725 3464 1782 anima
3512 1725 3690 1781 ﬁdeli.

2049 1820 2290 1889 Semper
2319 1816 2474 1873 Deus
2506 1816 2565 1871 in
2599 1816 2817 1871 sanctis
2866 1815 2990 1871 suis
3037 1814 3284 1870 habitat.
3347 1814 3694 1888 Ubicunque

294 1912 511 2002 autem,
542 1907 778 1979 quando
811 1906 871 1962 in
904 1904 1276 2002 tribulatione
1306 1923 1515 1962 sumus
1558 1909 1616 1961 et
1644 1904 1938 2002 angustia,
1972 1936 2018 2002 B
2053 1906 2334 1962 sanctitas
2366 1910 2473 1975 est,
2506 1905 2587 1961 ibi
2618 1903 3017 1961 habitaculum
3061 1904 3159 1959 Dei
3191 1907 3299 1960 est.
3324 1928 3350 1954 ‹‹
3386 1904 3542 1960 Deus
3592 1904 3693 1978 qui

294 2001 353 2054 et
386 1995 669 2051 dicimus:
703 1995 951 2067 Exurge,
985 1994 1197 2067 utquid
1231 1995 1536 2061 dormitas,
1572 1992 1815 2050 Domine
1839 1991 1867 2047 ‘I

292 2086 517 2158 Exurge
548 2087 607 2141 et
636 2082 851 2155 adjuva
902 2099 1010 2140 nos
1054 2083 1227 2156 (Psal.
1274 2100 1435 2152 XLIII,
1502 2083 1579 2155 6).
1640 2081 1941 2150 Quomodo

292 2177 353 2231 et
383 2172 632 2247 apostoli
653 2174 712 2228 in
748 2171 1015 2229 navicula
1035 2173 1291 2229 excitant
1316 2172 1630 2228 Dominum
1651 2170 1944 2228 dormien-

293 2266 435 2334 tem,
469 2262 763 2319 dicentes:
799 2261 1072 2334 Magister,
1105 2262 1258 2317 sulva
1278 2278 1396 2329 nos,
1444 2263 1690 2333 perimus
1733 2258 1940 2330 (Matth.

297 2368 422 2420 vuI,
481 2352 596 2424 25).
660 2372 689 2401 ‹‹
720 2353 790 2405 Et
845 2350 1075 2424 fugiant
1123 2351 1221 2423 qui
1266 2352 1513 2407 oderunt
1571 2366 1706 2406 eum
1739 2366 1773 2405 a
1803 2348 1947 2405 facie

300 2441 449 2512 ejus.
480 2461 510 2489 »
541 2438 668 2495 Non
702 2438 870 2510 dixit,
906 2442 1166 2511 pereant,
1201 2439 1325 2504 sed,
1352 2440 1606 2510 fugiant:
1669 2437 1767 2510 qui
1820 2454 1947 2509 pec-

303 2531 527 2585 catores
551 2527 611 2583 in
642 2532 959 2601 conspectu
995 2528 1092 2583 Dei
1123 2544 1239 2584 non
1271 2531 1521 2601 possunt
1576 2530 1746 2584 stare.
1804 2530 1946 2582 Prae-

300 2615 506 2672 videns
536 2616 821 2688 propheta
850 2620 976 2673 orat
1023 2619 1106 2688 ut,
1159 2633 1225 2673 eo
1267 2620 1598 2688 exurgente,
1650 2615 1948 2672 diabolica:

303 2703 735 2760 dominationes
768 2703 1072 2778 effugiant,
1104 2704 1243 2777 quia
1272 2709 1330 2761 et
1361 2722 1516 2761 nunc
1545 2705 1950 2760 indubitanter

305 2793 663 2849 credendum
694 2797 803 2862 est,
837 2794 993 2865 quod
1024 2795 1097 2850 ad
1123 2794 1549 2851 invocationem
1583 2795 1710 2865 ejus
1765 2794 1950 2850 nomi-

303 2882 398 2939 nis
427 2885 582 2938 stare
612 2898 727 2938 non
759 2887 1029 2955 possunt.

375 2970 591 3027 «Sicut
647 2970 844 3026 deﬁcit
905 2971 1128 3039 fumus,
1188 2971 1538 3028 deficiant.»
1589 2972 1714 3028 Non
1763 2975 1829 3027 ut
1886 2971 1948 3027 in

304 3058 556 3115 nihilum
588 3058 967 3128 reducantur,
1028 3060 1128 3116 sed
1184 3064 1248 3116 ut
1301 3060 1604 3133 quiescant
1634 3078 1667 3116 a
1695 3061 1948 3133 peccatis

303 3146 449 3204 suis.
480 3170 508 3198 «
538 3147 697 3204 Sicut
728 3148 859 3203 ﬂuit
890 3165 1024 3205 cera
1054 3166 1088 3204 a
1129 3149 1275 3205 facie
1329 3149 1506 3223 ignis.
1532 3170 1560 3199 »
1613 3150 1775 3207 Sicut
1817 3167 1949 3206 cera

297 3235 562 3305 solvitur,
587 3240 644 3292 et
674 3252 792 3292 non
824 3237 1018 3309 perdit
1047 3242 1319 3294 naturam
1350 3256 1541 3316 suam,
1595 3240 1696 3295 sed
1743 3238 1945 3296 molle-

2050 1996 2379 2052 inhabitare
2408 1996 2545 2051 facit
2575 1994 2751 2051 unius
2796 1993 2974 2049 moris
3002 1993 3062 2049 in
3086 1995 3278 2049 domo.
3308 2017 3329 2042 ι›
3386 1995 3451 2048 In
3500 1993 3693 2050 Eccle«

2053 2086 2159 2155 sia,
2194 2084 2250 2141 in
2283 2102 2401 2157 qua
2432 2084 2681 2140 fideliter
2710 2083 3168 2139 consistentibus
3196 2082 3469 2155 spiritum
3502 2082 3695 2138 chari-

2051 2174 2190 2230 tatis
2218 2172 2496 2245 infundit,
2526 2173 2627 2245 qui
2665 2172 2840 2229 unius
2873 2172 3053 2228 moris
3104 2177 3262 2243 sunt,
3316 2175 3372 2227 et
3415 2189 3528 2227 non
3570 2189 3696 2228 mu-

2052 2265 2277 2319 tantur.
2320 2261 2834 2334 Siquidemjustus
2869 2279 2981 2317 non
3005 2265 3298 2317 mutatur:
3333 2260 3472 2333 quia
3494 2259 3695 2330 semel,

2049 2350 2337 2422 judicavit
2390 2350 2451 2405 in
2501 2350 2738 2423 justitia
2777 2366 3138 2423 permanere.
3191 2351 3459 2406 Peccator
3501 2354 3697 2406 autem

2057 2444 2342 2496 mutatur.
2374 2440 2640 2511 Insipz'ens
2670 2441 2820 2494 enim
2848 2441 2985 2495 sicut
3017 2440 3159 2494 luna.
3205 2442 3455 2494 mutatur
3513 2439 3698 2511 (Ecclt'.

2054 2546 2230 2599 xxvu,
2263 2530 2373 2600 12).
2409 2530 2472 2584 In
2499 2529 2734 2584 Hebraeo
2770 2532 2965 2583 autem
3010 2528 3218 2584 habet:
3246 2551 3273 2575 ‹‹
3304 2527 3591 2584 Dominus
3620 2527 3704 2584 in-

2054 2618 2322 2675 habitare
2352 2617 2488 2673 facit
2519 2617 2837 2673 monachos
2868 2616 2924 2672 in
2958 2618 3153 2685 domo,
3182 2639 3210 2666 »
3238 2617 3293 2672 id
3317 2621 3425 2685 est,
3462 2617 3521 2672 in
3571 2616 3702 2690 qui-

2056 2709 2168 2765 bus
2190 2724 2306 2763 non
2338 2706 2636 2763 cohabitat
2664 2711 2987 2779 peccatum.

2128 2820 2156 2847 α
2192 2798 2297 2862 Qui
2331 2796 2768 2853 educitvinctos
2799 2795 2858 2851 in
2906 2794 3321 2851 fortitudine.»
3363 2794 3492 2867 Ipse
3546 2795 3695 2850 Deus

2055 2904 2166 2944 sua
2219 2886 2427 2942 virtute
2472 2886 2667 2942 educit
2714 2903 2811 2941 eos
2865 2884 2965 2956 qui
3019 2884 3181 2957 ligati
3226 2886 3366 2939 sunt
3396 2886 3430 2939 a
3459 2881 3694 2939 diabolo

2056 2976 2116 3031 in
2149 2975 2439 3048 peccatis:
2475 2975 2628 3031 sicut
2660 2973 2758 3029 illa
2788 2973 3000 3029 mulier
3056 2973 3114 3028 in
3164 2970 3503 3045 Evangelio:
3566 2988 3696 3043 quas

2055 3065 2238 3138 ligata
2296 3065 2484 3121 fuerat
2539 3064 2738 3119 decem
2817 3067 2874 3119 ct
2947 3067 3072 3119 octo
3149 3063 3319 3118 annis
3371 3078 3406 3118 a
3461 3059 3693 3117 diabolo

2058 3155 2210 3228 (Luc.
2242 3172 2365 3223 x111,
2433 3154 2509 3225 ὃ).
2536 3176 2557 3203 α
2590 3152 2871 3209 Similiter
2900 3169 2998 3207 eos
3047 3151 3147 3223 qui
3192 3152 3555 3223 exasperant,
3597 3149 3697 3223 qui

2057 3242 2329 3298 habitant
2357 3242 2418 3297 in
2449 3241 2753 3315 sepulcris.
2783 3264 2803 3289 ι
2841 3246 2993 3296 Deus
3012 3244 3224 3296 natura
3250 3239 3438 3296 dulcis
3457 3242 3563 3295 est.
3589 3238 3697 3304 Qui

299 3324 445 3381 scit:
478 3323 563 3380 sic
593 3329 650 3380 et
676 3324 773 3381 isti
807 3305 922 3382 non
954 3330 1217 3398 pereant,
1279 3328 1379 3383 sed
1433 3305 1730 3400 deponant
1778 3327 1944 3384 mali-
1976 3305 2019 3372 (ἶ
2059 3336 2253 3388 autem
2275 3332 2346 3388 ad
2375 3305 2827 3385 amaritudinem
2849 3345 2983 3385 eum
3016 3329 3336 3400 adducunt,
3370 3332 3700 3401 peccatores

298 3414 445 3469 tiam
475 3428 667 3481 suam,
699 3418 757 3469 et
800 3414 884 3469 sic
941 3417 1353 3471 convertantur
1398 3416 1469 3471 ad
1519 3416 1944 3488 paenitentiam,

301 3504 359 3558 et
379 3501 695 3558 salVentur.
722 3525 748 3552 ‹‹
782 3502 878 3559 Sic
907 3507 1149 3575 pereant
1176 3508 1509 3576 peccatores
1533 3522 1565 3560 a
1592 3504 1737 3561 facie
1767 3504 1887 3561 Dei.
1918 3527 1945 3553 ››

303 3590 449 3655 Quia
468 3595 799 3663 peccatores
839 3608 953 3647 non
987 3595 1126 3648 sunt
1156 3592 1317 3665 digni
1344 3592 1538 3649 videre
1564 3598 1767 3649 Deum.

373 3702 402 3729 «
437 3680 505 3734 Et
538 3679 688 3752 justi
745 3680 1073 3753 epulentur.
1102 3703 1123 3730 »
1185 3681 1292 3747 Qui
1342 3685 1687 3755 permanent
1728 3682 1789 3737 in
1840 3698 1948 3737 sua

293 3768 551 3841 justitia,
584 3768 687 3841 qui
711 3769 853 3826 vitia
880 3785 997 3826 non
1028 3769 1266 3839 habent,
1311 3771 1674 3827 delectentur
1728 3771 1788 3826 in
1833 3771 1944 3827 Do-

299 3857 482 3914 mino.
524 3857 629 3914 Vel
680 3858 894 3915 aliter:
928 3870 1098 3932 p‘cena
1130 3877 1229 3917 eos
1278 3860 1485 3933 judicii
1538 3865 1945 3933 persequatur,

299 3952 366 4003 ut
396 3946 566 4019 quasi
598 3947 747 4003 fumi
778 3948 1033 4005 tenuitas
1082 3949 1377 4021 deﬁciant,
1422 3955 1478 4005 et
1530 3958 1590 4006 ut
1640 3966 1772 4007 cera
1813 3954 1946 4006 ante

295 4035 450 4109 ignis
480 4035 690 4092 faciem
722 4035 1140 4107 dissolvantur,
1183 4037 1563 4111 epulantibus
1622 4038 1841 4095 sanctis
1885 4038 1944 4093 in

292 4123 633 4180 cmlestibus
664 4124 857 4181 bonis.
888 4147 908 4174 α
940 4125 1216 4182 Exultent
1247 4126 1307 4182 in
1355 4131 1667 4200 conspectu
1718 4127 1841 4198 Dei,
1892 4132 1950 4184 et

294 4211 747 4267 delectenturin
802 4212 1080 4268 laetitia.»
1114 4214 1364 4270 Grandis
1421 4216 1635 4272 fiducia
1682 4222 1790 4288 est,
1851 4234 1947 4272 ex-

299 4298 518 4356 sultare
565 4298 625 4354 in
684 4305 998 4372 conspectu
1043 4302 1297 4359 Domini.
1369 4305 1533 4360 Sicut
1580 4305 1951 4378 dispensator

242 4378 267 4399 \
302 4388 585 4444 creditam
617 4388 729 4445 sibi
760 4405 793 4445 a
816 4389 1058 4445 Domino
1072 4391 1462 4448 substantiam
1490 4394 1540 4449 si
1565 4394 1715 4451 male
1736 4398 1949 4450 tracta-

303 4478 449 4534 verit
477 4481 533 4533 et
564 4477 900 4550 perdiderit,
932 4478 1100 4534 timet
1148 4479 1377 4536 Domini
1424 4483 1816 4554 praesentiam,
1870 4482 1951 4539 ita

305 4570 362 4622 et
390 4566 492 4640 qui
524 4567 674 4623 bene
703 4568 1148 4640 dispensaverit,
1179 4568 1400 4625 exultat
1428 4569 1487 4625 in
1532 4570 1761 4626 Domini
1810 4588 1947 4643 prce.-

2058 3424 2217 3487 sunt,
2242 3424 2298 3476 et
2329 3418 2550 3473 faciunt
2580 3418 2689 3474 sibi
2723 3434 2990 3473 amarum
3032 3422 3235 3472 Deum.
3263 3416 3388 3472 Non
3422 3419 3694 3472 naturam

2056 3526 2226 3565 suam
2255 3511 2505 3572 mutant,
2529 3508 2629 3563 sed
2655 3506 2765 3579 ipsi
2789 3506 2899 3562 sibi
2922 3509 3254 3578 peccatores
3282 3504 3504 3561 faciunt
3542 3520 3699 3559 ama-

2056 3615 2189 3654 rum
2215 3598 2419 3653 Deum.
2453 3618 2473 3645 α
2501 3595 2606 3661 Qui
2630 3594 2973 3651 habitantin
2997 3594 3303 3667 sepulcris.
3332 3616 3359 3644 ››
3381 3591 3697 3666 Alligatum

2056 3687 2212 3742 intra
2235 3687 2477 3741 domum
2511 3701 2677 3740 suam
2713 3685 2934 3751 fortem,
2968 3683 3024 3738 id
3077 3686 3167 3739 est
3214 3681 3536 3750 diabolum,
3576 3679 3697 3755 qui,

2055 3774 2310 3849 peccatis
2338 3774 2513 3830 vincti
2575 3775 2943 3842 tenebantur,
2989 3771 3256 3841 absolvit,
3310 3775 3367 3826 et
3408 3769 3541 3827 illos
3576 3769 3717 3842 qui,.

2055 3865 2228 3922 idolis
2259 3864 2460 3932 dediti,
2495 3864 2678 3918 Deum
2702 3862 3088 3928 irritaverant,
3121 3866 3177 3917 et
3205 3865 3485 3933 tamquam
3522 3860 3579 3915 in
3612 3875 3700 3915 se-

2057 3954 2280 4028 pulcris
2301 3954 2578 4025 jacebant
2611 3952 2849 4021 mortui,
2905 3950 3208 4006 liberavit:
3245 3949 3398 4005 sicut
3444 3948 3588 4003 illud
3635 3948 3693 4002 in

2056 4042 2364 4115 Evangelio
2390 4057 2404 4097 :
2440 4043 2531 4098 Vae
2556 4041 2720 4108 vobis,
2747 4041 2954 4095 Scriba:
2986 4046 3038 4095 et
3064 4039 3344 4095 Pharisazi
3368 4056 3385 4091 :
3437 4038 3700 4109 quoniam

2056 4133 2267 4189 similes
2301 4133 2432 4187 estis
2462 4130 2730 4201 sepulcris
2786 4126 3054 4184 dealb'att's
3107 4128 3321 4199 (Matth.
3371 4143 3533 4194 xxm,
3582 4127 3696 4198 27).

2058 4221 2222 4278 Sicut
2251 4224 2491 4276 sanctus
2519 4217 2806 4290 templum
2840 4217 2936 4272 Dei
2970 4220 3078 4283 est,
3112 4216 3196 4272 sic
3228 4214 3563 4288 sepulcrum
3587 4214 3700 4271 sibi

2057 4309 2330 4367 efficitur.

2131 4422 2159 4449 «
2178 4403 2350 4464 Deus,
2377 4414 2509 4453 cum
2528 4396 2886 4470 egredereris
2912 4394 2969 4450 in
2993 4396 3307 4466 conspectu
3329 4391 3527 4466 populi
3543 4393 3649 4449 tui.
3671 4415 3699 4441 ››

2059 4489 2173 4545 Hoc
2189 4488 2511 4543 secundum
2539 4485 2867 4553 historiam,
2894 4485 3129 4557 quando
3153 4487 3305 4539 Deus
3325 4481 3705 4538 antecedebat

2059 4577 2343 4650 populum
2404 4593 2578 4631 suum
2635 4575 3028 4647 egredientem
3077 4574 3148 4628 de
3194 4576 3438 4646 ZEgypto
3504 4571 3700 4643 (Exod.

307 4656 522 4712 sentia.
549 4679 577 4706 «
610 4654 883 4712 Exultcnt
913 4656 969 4711 in
1015 4662 1329 4731 conspectu
1383 4659 1502 4729 Dei,
1552 4664 1608 4715 et
1663 4660 1951 4716 delecten-
1984 4676 2029 4740 D
2059 4682 2174 4734 XIV,
2211 4666 2318 4739 19).
2348 4684 2375 4715 «ι
2405 4664 2550 4719 Cum
2581 4662 2966 4735 pertransircs
2991 4662 3046 4717 in
3073 4662 3321 4718 deserto.
3346 4685 3373 4711 »
3399 4660 3553 4717 Deus
3584 4678 3702 4717 non

306 4747 406 4800 tur
433 4743 495 4798 in
524 4742 756 4800 laetitia:
791 4760 904 4801 non
937 4745 1127 4802 solum
1177 4747 1248 4803 de
1295 4747 1571 4817 vindicta,
1621 4749 1723 4805 sed
1774 4749 1951 4804 etiam

309 4832 380 4889 de
410 4832 771 4889 beatitudine
794 4835 1167 4907 sempiterna.

387 4943 408 4972 α
446 4922 687 4978 Cantate
744 4926 878 4990 Deo,
928 4923 1223 4997 psalmum
1274 4926 1448 4982 dicite
1499 4928 1723 4983 nomini
1783 4928 1947 4999 ejus:

311 5013 563 5079 Cantate,
591 5010 648 5065 in
682 5010 944 5069 theorica
990 5029 1222 5087 semper
1268 5014 1562 5087 signiﬁcat
1615 5017 1953 5089 Scriptura:

310 5100 422 5156 hoc
453 5102 569 5169 est,
608 5099 975 5158 considerare
1006 5102 1304 5176 mysteria,
1350 5108 1407 5159 et
1461 5121 1699 5161 sensum
1748 5106 1956 5162 divinze

314 5189 648 5262 Scripturae.
683 5188 934 5247 Psallere
964 5195 1159 5248 autem
1191 5192 1252 5247 in
1283 5193 1433 5250 bono
1466 5210 1636 5266 opere
1666 5196 1959 5268 signiﬁcat

318 5277 659 5352 Scriptura:
720 5279 878 5335 verbi
937 5281 1145 5354 gratia,
1204 5286 1269 5337 ut
1305 5283 1540 5339 auditus
1585 5302 1759 5341 suum
1810 5301 1956 5357 opus

316 5372 571 5440 praestet.
605 5368 888 5427 Similiter
944 5374 1001 5425 et
1037 5388 1123 5441 os,
1184 5375 1241 5427 et
1283 5371 1454 5445 oculi,
1503 5376 1559 5429 et
1611 5391 1845 5443 manus,
1904 5379 1961 5430 et

319 5458 519 5514 omnia
547 5461 831 5529 membra,
866 5461 913 5518 si
948 5460 1340 5529 consentiunt,
1399 5466 1454 5518 et
1500 5462 1582 5518 ita
1628 5464 1963 5536 percutiunt

323 5546 667 5621 psalterium
701 5550 760 5605 in
790 5550 1127 5607 virtutibus.
1161 5550 1443 5623 Largitori
1504 5551 1710 5609 laetitiae
1744 5553 1959 5626 sempi-

316 5643 501 5695 terna:
532 5639 722 5696 canite
748 5656 761 5695 :
795 5655 1048 5711 eumque
1077 5639 1317 5696 vocibus
1346 5641 1644 5698 honorate.
1675 5665 1702 5693 ‹‹
1732 5642 1845 5698 lter
1874 5643 1956 5697 fa—

2061 4755 2409 4811 immoratur
2438 4752 2497 4807 in
2530 4753 2781 4819 deserto,
2813 4753 2913 4807 sed
2947 4751 3280 4824 pertransit.
3314 4752 3491 4807 Terra
3546 4754 3705 4807 mota

2062 4847 2171 4912 est,
2195 4842 2405 4899 etenim
2425 4840 2551 4896 ραιιί
2602 4840 3034 4896 distillaverunt
3063 4858 3097 4897 a
3137 4840 3279 4897 facie
3308 4840 3409 4896 Dei
3457 4838 3635 4908 Sinai,
3670 4857 3703 4895 a

2064 4932 2209 4988 facie
2244 4931 2337 4986 Dei
2371 4929 2621 4985 Israel.»
2661 4953 2680 4979 α
2719 4929 2857 4985 Coeli
2901 4929 3348 4985 distillaverunt.
3378 4953 3398 4976 η
3460 4929 3571 4984 hoc
3615 4931 3704 4983 est

2065 5038 2283 5077 manna
2307 5020 2499 5090 (Exod.
2522 5036 2635 5087 xv1,
2667 5020 2774 5090 16).
2807 5018 2966 5074 Sinai
3008 5019 3423 5091 interpretatur
3478 5018 3706 5073 tentatz'o

2068 5112 2216 5183 Ergo
2248 5110 2401 5166 Deus
2430 5109 2487 5165 in
2512 5108 2597 5165 eis
2635 5107 2884 5175 habitat,
2946 5108 3045 5179 qui
3090 5111 3390 5163 tentantur
3434 5109 3492 5161 et
3540 5120 3710 5179 snpe-

2068 5204 2219 5256 rant.
2256 5199 2316 5254 In
2353 5200 2437 5255 eis
2472 5202 2665 5254 autem
2698 5197 2796 5269 qui
2828 5196 2885 5251 in
2918 5196 3141 5252 deliciis
3171 5200 3329 5266 sunt,
3376 5213 3491 5251 non
3539 5194 3711 5251 inha-

2069 5289 2236 5344 bitat.
2266 5288 2541 5345 «Etenim
2566 5286 2693 5344 coeli
2718 5284 3195 5357 distillaverunta
3215 5284 3358 5340 facie
3403 5283 3497 5339 Dei
3529 5282 3711 5353 Sinai,

2070 5396 2103 5434 a
2135 5377 2277 5433 facie
2312 5379 2407 5433 Dei
2435 5377 2629 5433 Israel.
2665 5399 2691 5425 »
2726 5375 2913 5431 Unum
2950 5375 3087 5431 Novi
3128 5374 3471 5446 Veterisque
3515 5358 3711 5430 'I'esta-

2072 5468 2254 5524 menti
2286 5468 2379 5523 hic
2411 5468 2679 5539 designat
2708 5470 3021 5521 auctorem.
3056 5466 3201 5519 Nam
3226 5464 3325 5536 qui
3354 5480 3547 5519 coram
3569 5465 3714 5521 Isra-

2071 5556 2263 5613 elitico
2283 5556 2566 5629 populoin
2592 5554 3146 5627 desertoprazcessit,
3170 5553 3372 5626 ipsein
3401 5553 3711 5627 Evangelio

2074 5645 2303 5701 deserta
2354 5646 2614 5719 gentium
2650 5644 2920 5700 visitavit.
2967 5648 3032 5698 Et
3080 5661 3182 5715 per
3228 5660 3402 5715 quem
3463 5647 3602 5699 tunc
3628 5644 3710 5699 δίη

320 5727 433 5784 cite
462 5728 515 5785 ei
545 5728 647 5800 qui
676 5729 940 5787 ascendit
962 5745 1138 5802 super
1184 5745 1495 5788 occasum:
1530 5732 1814 5790 Dominus
1860 5749 1975 5788 nov
2040 5766 2043 5769 ν
2076 5735 2215 5792 Sina
2237 5734 2373 5792 huic
2403 5734 2763 5807 generationi
2795 5751 3011 5790 manna
3060 5732 3325 5790 defluxit:
3377 5732 3503 5807 ipse
3549 5732 3713 5791 Chri-
