4256 6582
510 379 668 444 1075

2001 375 2423 441 APPENDIX.

3761 377 3958 466 1076.

509 518 713 576 stiana
745 514 906 589 genti
940 513 1200 587 corporis
1229 513 1653 587 sanguinisque
1699 513 1792 571 sui
1826 531 2043 571 manna
2099 514 2158 569 in
2189 517 2243 580 Α
2274 514 2522 587 apostoli
2554 517 2817 575 dividum
2851 518 2909 574 in
2937 516 3209 576 Ecelesiis
3241 514 3448 591 spolia,
3491 532 3618 591 qua
3669 531 3922 590 accepe-

521 606 781 664 Ecclesia
811 604 1242 661 subministrat.

535 695 539 700 “
583 719 610 746 ‹‹
643 694 906 763 Pluviam
936 694 1327 750 voluntariam
1357 695 1715 766 segregabis,
1749 695 1924 763 Deus,
1977 696 2159 752 hare-

516 783 750 842 reditati
783 787 973 838 tua.»
1026 782 1499 838 Pradicationem
1551 788 1835 852 sanctam,
1886 802 2011 856 qua
2059 802 2162 856 per

514 873 810 946 apostolos
839 872 900 928 in
937 872 1110 927 corda
1131 871 1438 927 hominum
1463 873 1690 944 proﬁua
1711 873 2046 945 irrigatione
2068 875 2163 929 de-

522 963 767 1021 scendit.
801 962 906 1018 Vel
937 963 1008 1018 de
1037 961 1163 1032 lege
1189 960 1348 1030 dicit,
1385 979 1511 1034 qua
1562 963 1696 1017 data
1726 967 1814 1017 est
1862 955 1963 1034 per
2002 964 2159 1032 Moy-

513 1070 642 1111 sen.
672 1076 692 1102 -
728 1051 958 1108 Etenim
991 1051 1285 1105 inﬁrmata
1341 1055 1446 1105 est.
1475 1073 1501 1099 ››
1529 1050 1629 1105 Vel
1663 1068 1796 1106 eum
1819 1051 2042 1118 Paulus
2068 1053 2163 1123 ju-

516 1143 739 1199 dicium
793 1141 998 1196 mortis
1049 1139 1108 1194 in
1168 1155 1228 1194 se
1287 1139 1526 1195 habuit:
1588 1140 1674 1196 vel
1745 1157 1877 1195 cum
1955 1145 2162 1197 Petrus

517 1230 831 1287 Dominum
864 1234 951 1286 ter
980 1229 1242 1301 negavit:
1277 1229 1395 1284 sive
1454 1247 1587 1284 cum
1621 1231 1832 1302 reliqui
1889 1230 2160 1302 apostoli,

517 1319 718 1394 relicto
767 1320 826 1374 in
879 1319 1150 1392 passione
1196 1318 1462 1387 Domino,
1513 1320 1807 1390 fugerunt.
1869 1322 2166 1390 Inﬁrmata

517 1415 597 1466 est
625 1409 754 1464 lex:
791 1409 1069 1481 quoniam
1106 1424 1277 1463 nemo
1311 1409 1500 1480 potuit
1558 1409 1800 1481 implere
1847 1427 1996 1475 eam,
2051 1409 2164 1463 nisi

520 1499 806 1555 Dominus
839 1498 939 1568 qui
972 1496 1151 1552 dixit:
1185 1498 1298 1552 Non
1335 1501 1457 1553 veni
1483 1497 1699 1553 solvere
1729 1500 1916 1569 legem,
1948 1498 2038 1553 sed
2067 1498 2166 1552 ad-

523 1589 752 1660 implere
780 1587 987 1659 (Matth.
1021 1604 1073 1653 v,
1111 1588 1216 1652 t7).
1278 1591 1345 1641 Et
1402 1588 1723 1642 secundum
1778 1587 2160 1659 Apostolum:

522 1675 1066 1749 Impossibilitatem
1089 1676 1244 1730 enim
1279 1675 1426 1748 legis
1460 1676 1517 1730 in
1579 1694 1693 1748 quo
1727 1677 2161 1739 inﬁrmabatur,

524 1765 681 1822 Deus
696 1765 908 1821 Filium
931 1781 1106 1820 suum
1129 1764 1312 1830 misit,
1337 1765 1556 1819 factum
1581 1782 1647 1820 ex
1665 1765 1930 1833 muliere,
1951 1766 2166 1821 factum

525 1852 831 1948 sublege:
867 1856 932 1948 ut
986 1869 1085 1948 eos
1133 1853 1232 1924 qui
1286 1853 1394 1907 sub
1455 1853 1579 1925 lege
1627 1859 1812 1924 erant,
1862 1855 2171 1910 redimeret
2200 1884 2248 1948 B

527 1941 727 2015 (Galat.
761 1959 841 2010 ιν,
899 1942 952 2011 4,
998 1943 1074 2010 5).
1101 1963 1129 1992 «
1176 1946 1258 1996 Tu
1307 1958 1440 1998 vero
1492 1943 1782 2015 perfecisti
1826 1960 1994 1999 eam:
2054 1945 2172 2000 ani-

527 2031 706 2088 malia
735 2034 836 2086 tua
871 2030 1214 2086 habitabant
1245 2031 1302 2086 in
1326 2047 1411 2086 ea.
1442 2054 1469 2080 »
1503 2032 1867 2104 Resurrectio
1885 2033 2040 2088 enim
2071 2039 2173 2089 tua

527 2120 682 2193 quod
713 2119 1005 2176 titubabat
1033 2124 1319 2189 avertens,
1381 2121 1461 2176 ita
1505 2121 1656 2177 banc
1702 2123 2171 2194 pradicationem

527 2210 599 2266 ad
630 2209 948 2281 perfectum
981 2208 1181 2264 duxit:
1217 2213 1282 2264 ut
1312 2209 1370 2264 in
1394 2225 1460 2264 ea
1483 2215 1688 2281 gentes
1713 2228 1840 2282 qua
1864 2210 2028 2283 prius
2050 2216 2174 2267 tan-

526 2314 708 2371 quam
745 2296 1168 2353 irrationabilia
1197 2298 1568 2354 habebantur
1599 2299 1896 2368 animalia,
1922 2318 2176 2357 commo-

527 2390 819 2442 rerentur.
856 2409 882 2435 «
917 2385 1209 2441 Animalia
1241 2391 1343 2441 tua
1398 2387 1749 2442 habitabunt
1796 2390 1854 2443 in
1903 2407 2030 2455 ea,»
2065 2390 2174 2445 hoc

528 2480 619 2532 est
648 2476 706 2531 in
736 2475 1091 2531 hareditate.
1128 2475 1420 2531 Animalia
1470 2481 1664 2532 autem
1725 2477 1870 2533 dixit
1918 2495 2016 2533 eos
2073 2479 2174 2550 qui

529 2565 591 2620 in
627 2565 740 2620 Deo
769 2564 989 2625 vivunt.
1023 2563 1131 2620 hoc
1161 2568 1249 2620 est
1279 2571 1534 2621 sanctos.
1585 2566 1686 2621 Vel
1745 2566 1938 2622 aliter:
1975 2590 2003 2617 «
2036 2566 2174 2622 Plu-

529 2653 682 2710 viam
715 2651 1102 2708 voluntariam
1135 2654 1490 2728 segregabis.
1511 2676 1538 2704 »
1566 2677 1593 2705 ι(
1625 2654 1884 2711 Pluviam
1916 2656 2176 2712 volunta-

528 2748 754 2812 riam,»
785 2747 885 2798 aut
915 2749 1220 2815 pracepta,
1278 2749 1378 2799 aut
1435 2762 1653 2800 manna
1699 2745 1980 2801 debemus
2024 2745 2173 2801 acci-

528 2849 684 2905 pere.
710 2855 738 2883 «
759 2832 832 2887 Et
864 2831 1167 2887 inﬁrmata
1195 2838 1319 2888 est:
1355 2837 1416 2888 tu
1449 2850 1583 2889 vero
1631 2835 1922 2906 perfecisti
1973 2851 2172 2890 eam.»

526 2921 659 2988 Lex,
695 2937 821 2990 qua
881 2936 984 2990 per
1028 2922 1556 2992 transgressionem
1603 2923 1938 2978 Judaorum
1989 2923 2175 2979 fuerat

529 3009 847 3073 inﬁrmata,
880 3008 1177 3080 Evangelii
1207 3009 1394 3080 gratia
1423 3010 1689 3066 veniente
1719 3013 2008 3083 completa
2063 3018 2170 3069 est.

607 3121 628 3146 (ι
665 3096 886 3153 Parasti
917 3097 975 3150 in
1021 3096 1328 3153 dulcedine
1374 3103 1475 3153 tua
1523 3100 1783 3171 pauperi,
1836 3101 2009 3156 Deus.
2061 3102 2173 3157 Do-

530 3186 732 3242 minus
754 3185 1168 3241 dabitverbum
1185 3187 1549 3259 evangelizan
1562 3189 1942 3246 tibusvirtute
1956 3191 2172 3247 multa»

2270 609 2408 660 runt
2438 606 2508 661 de
2539 607 2729 669 idolis.

2343 718 2369 743 ‹‹
2403 695 2461 750 Si
2495 696 2800 753 dormiatis
2832 697 2982 754 inter
3032 698 3254 753 medios
3313 696 3518 768 oleros,
3572 713 3774 769 penna
3819 714 3926 753 co-

2272 781 2483 840 lumba
2506 787 2984 858 deargentata,et
3002 787 3323 858 posteriora
3345 787 3503 843 dorsi
3532 787 3659 858 ejus
3697 787 3753 841 in
3798 786 3919 859 pal-

2272 871 2393 928 lore
2427 876 2575 932 auri.
2599 898 2627 924 »
2658 877 2803 932 Cum
2849 876 3081 932 duobus
3129 876 3446 932 credideris
3503 876 3916 945 Testamentis,

2272 960 2609 1020 inveniesin
2644 970 2892 1036 utroque
2922 965 3202 1036 Spiritum
3245 969 3535 1021 sanctum.
3570 969 3633 1020 Et
3673 964 3808 1020 licet
3835 964 3917 1020 sit

2275 1050 2646 1122 pulchritudo
2677 1054 2850 1109 etiam
2876 1055 3046 1126 juxta
3075 1054 3350 1123 litteram,
3382 1054 3530 1110 scire
3561 1071 3685 1126 qua
3731 1053 3915 1127 leges,

2272 1145 2466 1196 tamen
2501 1143 2587 1198 vis
2634 1144 2861 1199 decoris
2915 1144 3108 1199 omnis
3157 1144 3217 1198 in
3263 1159 3440 1200 sensu
3494 1147 3600 1200 est.
3657 1144 3919 1199 Exterior

2273 1229 2468 1302 itaque
2495 1233 2801 1288 verborum
2859 1237 3100 1289 ornatus
3148 1233 3206 1288 in
3255 1233 3482 1305 argenti
3535 1233 3769 1288 nomine
3813 1233 3916 1288 de-

2276 1324 2672 1377 monstratur:
2703 1321 3021 1377 occultiora
3050 1338 3183 1378 vero
3215 1321 3494 1394 mysteria
3522 1322 3579 1375 in
3605 1321 3923 1377 reconditis

2276 1408 2401 1462 auri
2432 1409 2778 1466 muneribus
2821 1411 3216 1466 continentur.
3247 1432 3274 1461 ‹‹
3307 1411 3363 1465 Si
3415 1409 3717 1466 dormiatis
3769 1410 3928 1465 inter

2278 1498 2502 1553 medios
2532 1497 2739 1566 eleros,
2766 1522 2792 1548 ››
2818 1500 2926 1555 hoc
2958 1505 3066 1570 est,
3104 1500 3152 1555 si
3182 1499 3497 1570 quiescatis
3519 1499 3667 1554 inter
3697 1499 3921 1556 Novum

2279 1589 2574 1658 Vetusque
2602 1589 3045 1645 Testamentum
3073 1605 3085 1643 :
3121 1587 3428 1644 invenietis
3459 1588 3517 1642 in
3548 1588 3775 1643 duobus
3805 1589 3923 1644 Te-

2279 1677 2586 1732 stamentis
2616 1677 2864 1749 gratiam
2897 1678 3150 1750 Spiritus
3191 1677 3402 1733 sancti.
3453 1677 3600 1733 Cleri
3649 1677 3926 1732 dicuntur

2281 1765 2497 1838 singuli
2532 1767 2664 1822 libri
2693 1785 2704 1821 :
2731 1768 2838 1824 hoc
2886 1773 2993 1834 est,
3026 1768 3287 1839 Genesis,
3322 1768 3572 1834 Exodus,
3619 1766 3913 1838 Judicum,

2279 1855 2607 1926 Evangelia,
2642 1857 2969 1928 Apostolus.
2995 1881 3021 1906 «
3058 1858 3261 1912 Penna
3293 1856 3576 1912 columba
3633 1856 3918 1927 deargen-

2279 1948 2432 2000 tata.
2461 1967 2488 1993 »
2521 1947 2918 2017 Deargentatas',
2952 1947 3175 2002 clarum
3193 1947 3434 2002 verbum
3468 1945 3483 1979 ¹
3511 1944 3797 2017 signiﬁcat
3826 1944 3914 1998 di-

2281 2033 2425 2088 vina
2458 2035 2788 2106 Scriptura.
2815 2060 2841 2086 ‹‹
2876 2037 2944 2090 Et
2973 2035 3294 2108 posteriora
3323 2034 3477 2090 dorsi
3511 2034 3638 2105 ejus
3695 2034 3754 2089 in
3801 2035 3925 2105 pal-

2283 2123 2402 2179 lore
2432 2124 2634 2194 auri,»
2690 2123 2798 2179 hoc
2840 2129 2928 2180 est
2979 2125 3037 2179 in
3093 2122 3490 2190 interioribus,
3540 2121 3922 2194 spiritualiter

2285 2213 2561 2285 mysteria
2586 2212 3010 2285 intelliguntur.
3045 2213 3101 2268 Si
3135 2229 3322 2286 usque
3353 2213 3426 2269 ad
3469 2211 3925 2268 consummatio-

2287 2319 2420 2357 nem
2452 2303 2578 2356 vita
2612 2301 2931 2374 praesentis,
2965 2319 3091 2374 qua
3124 2318 3275 2372 sape
3325 2317 3572 2357 somnus
3617 2300 3919 2371 accipitur,

2283 2391 2435 2446 inter
2461 2391 2575 2446 duo
2606 2392 2998 2458 Testamenta,
3033 2391 3088 2445 id
3122 2396 3209 2446 est
3237 2391 3460 2446 Novum
3492 2389 3787 2461 Vetusque
3830 2393 3929 2444 Te-

2284 2485 2667 2545 stementum,
2702 2479 3056 2551 quiescatis;
3089 2479 3397 2536 invenietis
3429 2478 3486 2532 in
3518 2477 3611 2534 his
3639 2475 3921 2549 Spiritum

2285 2573 2577 2638 sanctum,
2611 2570 2780 2640 cujus
2811 2587 3013 2641 penna
3045 2570 3101 2624 in
3137 2567 3614 2641 pradicatoribus
3645 2568 3918 2639 deargen-

2282 2662 2435 2725 tata,
2495 2674 2597 2728 pro
2655 2658 2869 2730 eloquii
2927 2656 3365 2730 pulchritudine
3415 2655 3786 2728 respondent.
3855 2656 3916 2710 In

2284 2747 2606 2818 posteriora
2643 2764 2794 2817 vero,
2846 2764 2972 2818 qua
3018 2745 3268 2819 scapula
3317 2745 3611 2813 dicuntur,
3668 2761 3733 2800 eo
3765 2744 3917 2815 quod

2284 2841 2487 2908 pectus
2520 2835 2802 2908 Operiant,
2836 2837 3000 2892 bona
3031 2835 3399 2892 conscientia
3448 2834 3670 2890 fructus
3719 2837 3916 2889 osten-

2285 2925 2442 2980 ditur
2465 2941 2477 2979 :
2511 2942 2638 2996 qua
2662 2929 2791 2996 post
2811 2929 3108 2997 peractum
3131 2923 3528 2996 Evangelium,
3554 2923 3613 2978 in
3639 2923 3764 2978 auri
3788 2939 3918 2994 spe-

2284 3014 2388 3081 cie,
2425 3014 2482 3069 id
2514 3019 2622 3082 est,
2659 3014 2715 3069 in
2748 3015 2965 3070 honore
2999 3014 3154 3086 regio
3183 3016 3637 3069 commutantur.

2360 3125 2387 3153 «
2418 3103 2568 3158 Dum
2602 3104 2891 3159 descernit
2921 3103 3193 3173 caelestis,
3229 3119 3392 3175 reges
3421 3119 3598 3174 super
3625 3116 3751 3157 eam
3798 3101 3927 3156 nive

2289 3193 2718 3248 dealbabuntur
2763 3193 2819 3248 in
2876 3192 3188 3248 Selmon.»
3239 3192 3424 3263 Reges
3476 3190 3615 3247 dicit
3669 3195 3921 3256 sanctos,

529 3276 591 3332 In
615 3275 850 3330 Hebrao
882 3275 1058 3330 habet
1085 3294 1097 3332 :
1137 3299 1158 3324 α
1193 3255 1835 3350 Quaevangelizantur,
1858 3303 1876 3329 ιι
1925 3280 2034 3336 hoc
2065 3286 2172 3348 est,
2217 3255 2258 3320 θ
2288 3282 2388 3353 qui
2421 3287 2748 3353 repugnant
2769 3281 2893 3337 suis
2927 3255 3446 3354 passionibusflsti
3477 3296 3611 3352 ergo
3638 3277 3822 3336 sancti
3842 3255 3926 3333 di-

529 3363 876 3420 mulieribus
909 3382 1040 3436 qua
1069 3365 1542 3438 evangelizabant
1571 3368 1854 3439 apostolis
1881 3387 1892 3424 :
1919 3370 2016 3424 ubi
2041 3370 2176 3425 dici-

531 3458 665 3509 tur:
701 3456 904 3509 Eunles
933 3453 1102 3510 dicite
1129 3455 1396 3526 fratribus
1443 3459 1601 3521 meis,
1635 3462 1690 3513 et
1721 3463 1927 3514 catera
1957 3460 2173 3530 (Matth.

527 3560 723 3610 xxvm,
787 3543 896 3613 40).
959 3545 1075 3598 Aut
1119 3544 1348 3600 animas
1400 3545 1693 3618 signiﬁcat
1740 3564 1866 3617 qua
1922 3549 2177 3603 credide-

531 3637 671 3687 runt
694 3631 751 3685 in
784 3631 1035 3687 Christo.
1062 3633 1397 3688 Secundum
1435 3635 1821 3706 Septuaginta
1853 3641 2048 3691 autem
2083 3639 2173 3693 In-

524 3722 830 3791 terpretes,
855 3720 926 3774 ad
951 3720 1248 3790 apostolos
1271 3721 1484 3777 dicitur
1508 3723 1687 3793 :,quia
1710 3723 1995 3780 Dominus
2017 3727 2176 3782 dedit

526 3806 610 3863 eis
639 3806 913 3861 virtutem
946 3807 1298 3878 pradicandi
1323 3809 1718 3881 Evangelium.
1771 3816 1898 3868 Hac
1930 3813 2176 3870 dulcedo

528 3893 758 3968 pluvia,
795 3913 923 3966 qua
959 3895 1150 3951 mellis
1181 3913 1245 3951 ac
1277 3897 1387 3952 favi
1422 3915 1690 3970 saporem
1721 3899 1918 3967 vincit,
1952 3903 2008 3957 in
2033 3920 2175 3974 pau-

529 3984 792 4057 peribus,
828 3983 883 4039 id
912 3989 1001 4040 est
1030 3985 1089 4039 in
1123 3985 1344 4040 sanctis
1379 3987 1496 4052 Dei,
1532 3989 1794 4059 deﬂuxit,
1821 4007 1946 4062 qua
1979 3992 2050 4047 ab
2082 4010 2178 4048 ore

529 4073 957 4145 apostolorum,
979 4075 1224 4146 jubente
1255 4075 1393 4143 Deo,
1425 4093 1559 4132 cum
1585 4077 1774 4134 multa
1801 4080 2012 4137 virtute
2052 4099 2180 4154 pro-

541 4161 736 4218 cessit.

605 4273 632 4301 «
657 4252 774 4307 Rex
805 4251 1088 4308 virtutum
1123 4252 1318 4308 dilecti
1379 4253 1594 4312 dilecti.
1618 4239 1653 4305 ››’
1687 4257 1941 4314 Virtutes
1984 4261 2177 4316 dilecti

533 4340 656 4410 Dei,
691 4341 748 4396 id
779 4345 868 4398 est
908 4341 1142 4410 Christi,
1201 4343 1454 4414 apostoli
1503 4349 1659 4401 sunt.
1710 4347 1992 4404 Dominus
2041 4367 2177 4423 ergo

533 4430 634 4501 qui
660 4435 859 4486 estrex
898 4431 1184 4486 virtutum
1207 4431 1430 4499 dilecti,
1471 4433 2180 4507 dabitevangelizantibus

533 4519 807 4574 virtutem
843 4519 1088 4576 multam
1119 4521 1178 4574 in
1211 4521 1613 4592 pradicando:
1647 4528 1732 4594 ut,
1766 4525 2029 4582 Ecclesia
2077 4530 2177 4584 de-

2284 3370 2566 3426 viduntur
2619 3371 2676 3424 in
2725 3369 3014 3440 Ecclesiis,
3057 3368 3206 3424 sicut
3260 3367 3475 3424 Paulus
3524 3367 3580 3421 in
3631 3365 3921 3440 gentibus,

2287 3460 2490 3516 Petrus
2519 3460 2578 3515 in
2609 3458 3072 3516 circumcisione.
3107 3457 3367 3513 Ccelestis
3415 3455 3718 3525 Dominus,
3760 3471 3926 3527 sepa-

2287 3555 2443 3606 ratos
2479 3549 2585 3605 hos
2633 3550 2706 3604 ab
2747 3547 3071 3604 idololatris
3119 3564 3267 3620 quos
3320 3545 3594 3617 superius
3653 3543 3926 3613 diximus,

2287 3639 2595 3694 constituit
2625 3637 2683 3692 iu
2713 3636 2872 3693 illius
2895 3637 3105 3692 domus
3138 3633 3572 3707 pulchritudine
3605 3649 3786 3706 reges.
3815 3633 3927 3689 Sed

2286 3729 2450 3800 prius
2483 3727 2610 3782 nive
2641 3725 3068 3782 dealbabuntur
3100 3725 3159 3779 in
3192 3723 3450 3781 Selmon.
3483 3727 3602 3779 Hoc
3631 3726 3719 3778 est
3764 3722 3919 3793 quod

2287 3817 2447 3887 dicit,
2482 3816 2613 3872 licet
2644 3815 2828 3872 sancti
2859 3814 3138 3883 sint;sed
3198 3818 3392 3868 tamen
3445 3812 3504 3867 in
3551 3811 3664 3867 isto
3716 3809 3924 3867 saculo

2288 3911 2426 3963 sunt
2447 3905 2614 3978 quasi
2637 3904 2920 3974 membra,
2941 3921 3006 3959 ex
3021 3907 3179 3974 parte
3202 3905 3634 3974 cognoscentes.
3667 3899 3921 3967 Selmon,

2287 3998 2484 4051 umbra
2507 3995 2936 4066 interpretatur.
2970 3993 3112 4048 Cum
3144 3991 3324 4064 igitur
3354 4008 3453 4047 rex
3481 3989 3729 4046 caelestis
3762 3988 3925 4045 Chri-

2289 4092 2416 4142 stus
2444 4085 2500 4139 in
2524 4081 2782 4139 Ecclesia
2812 4098 2918 4137 sua
2949 4080 3186 4152 caperit
3215 4079 3512 4153 apostolos
3551 4083 3606 4134 et
3636 4077 3928 4152 principes

2290 4174 2641 4230 constituere
2675 4176 2848 4243 atque
2880 4169 3171 4226 dividere:
3204 4187 3318 4226 non
3351 4169 3648 4225 habebunt
3695 4166 3928 4240 plenam

2288 4263 2500 4329 lucem,
2537 4262 2637 4316 sed
2673 4265 2895 4333 partem
2945 4259 3202 4330 aliquam
3255 4257 3538 4314 scientia:
3591 4257 3729 4330 quia
3770 4273 3925 4311 nunc

2289 4370 2357 4408 ex
2415 4357 2576 4424 parte
2642 4350 2931 4417 videmus,
2989 4353 3046 4404 et
3101 4365 3170 4404 ex
3225 4353 3388 4420 parte
3434 4347 3847 4420 prophetamus
3879 4345 3931 4414 (Ι

2291 4443 2412 4498 Cor.
2441 4459 2566 4511 xui,
2600 4441 2676 4511 Ο).

2367 4554 2384 4578 α
2423 4531 2586 4586 Mons
2631 4528 2752 4596 Dei,
2813 4544 2983 4583 mons
3032 4526 3298 4599 pinguis;
3340 4543 3508 4582 mons
3556 4523 3917 4598 ooagulatus,

535 4607 703 4662 victis
743 4607 1034 4674 hostibus,
1093 4609 1333 4678 Judais,
1386 4611 1507 4666 sive
1556 4613 1940 4686 damonibus,
1995 4618 2181 4690 spolia
2211 4626 2257 4690 1)
2292 4637 2462 4676 mons
2484 4617 2781 4692 pinguis.»
2819 4618 2929 4672 lste
2959 4621 3046 4672 est
3069 4633 3237 4672 mons
3268 4615 3339 4671 ad
3372 4631 3546 4688 quem
3579 4619 3634 4671 et
3665 4613 3720 4669 in
3774 4611 3929 4669 Isaia

533 4695 881 4768 partiantur.
914 4696 1292 4754 Pulchritudo
1316 4700 1548 4766 domus,
1583 4702 1839 4760 Ecclesia
1858 4709 1946 4761 est
1971 4724 1982 4762 :
2008 4709 2178 4779 cujus

536 4783 722 4839 divisa
751 4784 1084 4840 referuntur
1108 4785 1324 4858 spolia:
1361 4788 1415 4842 id
1450 4795 1557 4858 est,
1593 4808 1726 4847 cum
1759 4795 2058 4852 credentes
2091 4797 2179 4852 di-

535 4873 643 4929 visi
676 4873 747 4928 ab
783 4871 974 4944 idolis,
1000 4874 1258 4930 diversos
1293 4875 1749 4936 ministeriorum
1770 4884 1988 4954 gradus
2020 4885 2078 4939 in
2111 4903 2178 4941 ea

537 4961 729 5019 sortiti
761 4967 942 5018 sunt:
1005 4963 1393 5021 distribuente
1444 4967 1570 5038 ipso
1613 4969 1822 5026 dilecto
1874 4973 2081 5042 Patris,
2127 4981 2183 5029 et

538 5057 882 5124 cooperante
956 5053 1263 5112 Paracleto.
1297 5077 1322 5107 α
1383 5057 1498 5111 Rex
1556 5060 1837 5115 virtutum
1907 5063 2181 5119 dilecti.»

537 5145 671 5208 Rere,
697 5146 899 5214 pater;
929 5146 1216 5213 virtutum,
1251 5145 1361 5201 hoc
1399 5151 1488 5201 est
1543 5153 1898 5206 sanctorum.
1961 5155 2180 5223 Dilecti,

539 5231 688 5286 Filii.
714 5236 846 5288 Ecce
866 5233 1036 5288 Filius
1075 5249 1227 5289 meus
1249 5234 1503 5302 dilectus,
1557 5240 1736 5309 ipsum
1756 5241 1941 5296 audite
1970 5244 2181 5309 (Matth.

539 5339 678 5391 xvn,
707 5322 784 5392 5).
813 5323 1023 5378 Dilecti.
1059 5323 1114 5377 Si
1151 5325 1286 5394 quis
1315 5324 1570 5395 aliquem
1604 5328 1815 5400 diligit,
1861 5347 2092 5403 semper
2121 5334 2179 5387 in

542 5426 639 5464 ore
694 5427 827 5465 eum
887 5411 1075 5467 habet.
1140 5413 1286 5484 Ergo
1345 5414 1596 5484 Spiritus
1646 5421 1885 5472 sanctus
1951 5427 2188 5492 propter

544 5515 800 5553 amorem
832 5517 1006 5570 quem
1057 5500 1233 5556 habet
1281 5501 1338 5555 in
1396 5501 1628 5573 Filium,
1679 5506 2017 5577 frequenter
2058 5513 2185 5582 ejus

546 5586 831 5640 meminit.
859 5612 879 5636 ι
916 5593 982 5643 Et
1011 5589 1450 5661 Specieidomus
1481 5591 1734 5650 dividere
1772 5596 1978 5667 spolia.
2012 5622 2038 5649 »
2068 5601 2182 5673 Ipsi

2291 4716 2347 4766 et
2379 4710 2432 4763 in
2466 4708 2727 4776 Michaa,
2761 4712 2825 4762 ut
2855 4706 3234 4762 ascendentes
3275 4707 3537 4778 pergant,
3572 4721 3633 4760 se
3679 4701 3926 4758 invicem

2290 4799 2668 4855 cohortantur
2697 4797 2827 4868 (Isa.
2861 4813 2920 4864 ιι,
2951 4799 3022 4862 2;
3072 4794 3229 4849 Mich.
3285 4811 3360 4859 1v,
3393 4795 3464 4865 1).
3519 4793 3678 4859 Quod
3731 4795 3926 4848 autem

2291 4890 2399 4944 ait:
2427 4887 2783 4955 coagulatus:
2817 4883 3072 4956 Apostoli
3107 4884 3371 4955 congruit
3400 4882 3611 4951 verbis,
3672 4881 3772 4953 qui
3813 4880 3929 4934 ait:

2292 4983 2401 5032 Lac
2454 4977 2603 5031 robis
2639 4978 2831 5046 potum
2883 4973 3025 5038 dedi,
3074 4990 3184 5027 non
3237 4988 3413 5027 escam
3460 4972 3508 5043 (Ι
3559 4971 3680 5026 Cor.
3744 4987 3825 5037 Ill,
3856 4969 3937 5039 2).

2291 5066 2392 5122 Vel
2443 5083 2612 5120 mons
2668 5063 2766 5136 qui
2822 5063 2878 5116 in
2937 5061 3228 5117 Ezechiele
3284 5059 3550 5116 vulnerat
3605 5059 3929 5132 principem

2287 5154 2419 5228 Tyri
2475 5154 2687 5226 (Ezech.
2749 5170 2949 5220 xxvm,
3011 5152 3116 5223 16).
3180 5154 3435 5206 Montem
3513 5154 3712 5206 autem
3789 5147 3932 5203 dicit

2293 5246 2489 5317 ipsum
2537 5244 2870 5301 Dominum.
2931 5265 2957 5292 ‹‹
3009 5239 3224 5312 thuid
3272 5239 3655 5313 suspicamini
3709 5243 3938 5294 montes

2295 5333 2671 5406 coagulatos?
2702 5356 2721 5381 ι
2760 5331 2876 5387 Hoc
2901 5330 2971 5385 ad
3002 5329 3235 5384 Judaos
3281 5329 3440 5400 dicit,
3474 5329 3572 5400 qui
3601 5326 3939 5384 existimant

2299 5423 2532 5494 Moysen
2567 5427 2621 5477 et
2654 5420 2965 5494 prophetas
2996 5417 3217 5472 similes
3249 5434 3376 5473 esse
3408 5417 3711 5474 Salvatori.

2373 5534 2393 5562 ε
2429 5511 2665 5566 Monsin
2698 5525 2811 5582 quo
2843 5505 3196 5578 complacuit
3229 5510 3340 5562 Deo
3374 5505 3636 5562 habitare
3691 5505 3751 5559 in
3796 5519 3882 5559 eo.
3909 5525 3940 5553 ››

2295 5606 2512 5657 Sensus
2546 5601 2653 5656 iste
2684 5603 2804 5655 est:
2837 5597 2963 5652 Non
2986 5595 3210 5652 debetis
3231 5595 3566 5652 existimare
3588 5594 3784 5667 plures
3813 5607 3945 5650 esse

617 5691 631 5724 ¹
664 5692 874 5750 Confer
900 5695 1134 5765 Hieron,
1166 5697 1226 5753 in
1250 5714 1374 5771 cap.
1398 5697 1458 5754 in
1487 5697 1650 5757 Isaia
1680 5707 1736 5759 et
1760 5703 1819 5760 in
1848 5723 2024 5765 serm.
2061 5711 2085 5766 1
2112 5713 2170 5766 et
2209 5708 2298 5768 10.
