4256 6572
296 415 454 487 10⁷17

1466 420 1967 489 BREVIARIUM
2009 421 2091 487 IN
2136 422 2495 488 PSALMOS
2509 471 2522 487 .

3550 424 3709 495 {078

297 553 588 616 Ecclesiae
617 570 745 631 qua:
775 552 1032 616 habeant
1059 559 1240 617 ubera
1268 560 1688 631 doctrinarum.
1722 567 1778 617 et
1817 580 1950 634 pos-
1980 560 2036 630 A
2066 581 2320 628 carnem.
2353 567 2457 625 Vel
2488 569 2661 627 etiam
2686 560 2770 627 eis
2791 567 3146 629 ministravit
3191 570 3366 640 bona,
3412 570 3513 645 qui
3544 575 3714 631 erant

297 648 420 704 sint
450 648 751 705 credentes
782 647 1036 705 scientiae
1069 650 1215 705 lacte
1256 650 1499 706 nutrire.
1555 651 1677 708 Una
1726 656 1817 708 est
1849 653 1948 707 Ec-

299 734 498 806 clesia,
531 743 588 793 et
618 754 772 792 unus
798 737 1067 794 Christus
1098 755 1349 812 sponsus
1383 738 1667 796 Ecclesiae.
1702 741 1764 796 In
1788 740 1949 796 nullo

300 826 459 883 enim
493 824 975 883 alioinhabitabit
993 828 1218 901 jugiter
1242 829 1493 901 Spiritus
1541 835 1801 899 sanctus,
1836 830 1949 885 nisi

298 916 361 972 in
393 914 714 986 Salvatore,
739 915 966 973 Joanne
997 917 1262 973 dicente:
1296 920 1359 974 In
1388 935 1548 991 quem
1594 920 1795 976 videris
1825 920 1948 990 Spi-

295 1006 469 1060 ritum
498 1002 906 1062 descendentem
938 1011 990 1063 et
1019 1011 1329 1064 manentem
1360 1010 1421 1063 in
1452 1025 1511 1065 eo
1536 1009 1711 1080 (Joan.
1745 1027 1786 1079 1,
1817 1010 1907 1081 33)
1928 1026 1949 1069 ;

298 1091 425 1165 ipse
455 1096 545 1148 est
570 1093 671 1164 qui
704 1094 934 1150 excisus
965 1095 1090 1151 sine
1122 1096 1416 1163 manibus,
1461 1096 1724 1169 implevit
1752 1096 1948 1152 latitu-

303 1180 501 1237 dinem
570 1181 762 1238 omnis
827 1187 1030 1240 terrae:
1090 1184 1148 1239 id
1206 1189 1295 1241 est
1350 1186 1720 1242 Dominicum
1759 1185 1954 1241 homi-

297 1286 432 1325 nem
453 1274 493 1326 ί.
531 1292 560 1320 ‹‹
592 1271 820 1326 Etenim
853 1273 1136 1329 Dominus
1167 1273 1457 1330 habitabit
1504 1276 1562 1332 in
1597 1276 1792 1330 finem.
1830 1297 1856 1323 n
1887 1276 1949 1329 In

300 1374 561 1431 corpore,
596 1361 752 1431 quod
779 1362 1003 1434 accepit
1033 1364 1104 1419 de
1153 1367 1356 1419 sancta
1400 1365 1599 1437 Maria,
1651 1364 1787 1437 quia
1814 1382 1947 1420 cum

298 1464 365 1504 eo
396 1452 485 1504 est
514 1453 746 1505 evectus
776 1450 835 1505 in
867 1452 1097 1509 coelum.

374 1559 402 1587 ‹‹
427 1540 645 1594 Currus
665 1539 767 1594 Dei
793 1541 992 1596 decem
1014 1540 1274 1597 millibus
1298 1542 1622 1615 multiplex.
1664 1564 1684 1593 α
1732 1547 1948 1615 Hyper-

295 1624 483 1698 police
511 1626 653 1682 dicit
681 1627 1211 1686 administratorias
1243 1636 1555 1704 potestates
1601 1637 1657 1687 et
1694 1637 1946 1696 sanctos,

297 1714 438 1785 quia
467 1714 928 1773 innumerabiles
960 1722 1121 1789 sunt,
1173 1721 1327 1776 sicut
1379 1722 1523 1777 dixit
1582 1722 1639 1777 in
1671 1721 1903 1777 Danicle
1934 1738 1946 1777 :

294 1802 442 1858 Mille
470 1804 655 1858 millia
685 1807 1077 1863 ministrabant
1125 1810 1214 1864 illi
1241 1815 1295 1865 et
1344 1811 1519 1866 decies
1564 1817 1791 1866 centena
1818 1812 1949 1866 mil-

298 1891 383 1946 lia
437 1893 769 1949 assistebant
816 1898 873 1951 εἰ
926 1898 1085 1968 (Dan.
1144 1916 1245 1967 vn,
1308 1900 1416 1969 10).
1466 1900 1620 1955 Etin
1656 1900 1950 1956 Ezechiele

297 1980 669 2049 describitur,
706 1982 1020 2041 Cherubim
1053 1992 1306 2058 quatuor
1333 2006 1679 2060 pennarum,
1708 1990 1763 2045 in
1798 2006 1945 2062 qua-

292 2071 433 2124 tuor
458 2070 691 2142 angulis
721 2071 934 2130 habere
965 2079 1219 2147 quatuor
1263 2094 1581 2150 personas;
1631 2080 1800 2150 cuius
1844 2096 1946 2134 au-

296 2156 424 2230 riga
454 2157 609 2214 Deus
641 2163 731 2215 est
761 2162 971 2234 (Ezech.
1025 2182 1065 2235 ι,
1112 2168 1148 2220 6
1191 2169 1345 2238 seq.).
1404 2167 1719 2224 Cherubim
1750 2172 1947 2224 autem

292 2244 736 2318 interpretatur,
792 2272 821 2302 «
878 2253 1133 2310 scientiae
1186 2257 1509 2328 plenitudo.
1568 2279 1595 2307 ν
1650 2258 1948 2331 Significat

298 2338 497 2390 autem
528 2352 781 2408 persona
808 2340 1013 2411 leonis,
1046 2344 1301 2416 regalem
1332 2364 1344 2401 :
1390 2346 1500 2402 hoc
1547 2351 1653 2418 est,
1705 2364 1948 2419 regnare

293 2423 672 2496 passionibus
697 2443 710 2483 :
737 2445 985 2500 persona
1038 2432 1317 2503 hominis,
1342 2435 1746 2492 rationabilem
1775 2455 1788 2504 ;
1824 2453 1948 2509 pcr-

296 2529 444 2568 sona
472 2512 660 2583 vituli,
694 2515 753 2572 in
785 2535 993 2591 opere:
1028 2537 1280 2593 persona
1335 2524 1540 2596 aquilae
1596 2527 1657 2580 in
1698 2530 1950 2581 contem-

298 2600 580 2674 platione,
614 2602 723 2661 hoc
752 2611 841 2663 est
868 2607 928 2664 in
958 2609 1203 2683 theoria,
1236 2628 1361 2684 qua
1384 2630 1492 2669 nos
1522 2615 1734 2670 exaltat
1761 2614 1821 2669 in
1841 2615 1951 2669 vir-

295 2689 545 2746 tutibus.
578 2693 766 2750 Simul
797 2702 993 2754 autem
1050 2705 1116 2755 ut
1173 2701 1474 2757 dicamus:
1535 2703 1805 2758 Thronus
1850 2704 1949 2759 Dei

297 2777 358 2832 in
389 2781 611 2836 sanctis
634 2787 743 2838 est.
773 2809 792 2832 α
824 2786 1045 2860 Βριῑθῐῐ]⁸
1067 2788 1327 2845 millibus
1358 2790 1682 2863 multiplex.
1714 2814 1740 2840 »
1768 2791 1951 2846 Multa

300 2866 459 2923 enim
484 2868 671 2927 millia
693 2889 974 2931 curruum
998 2878 1387 2947 saecularium,
1416 2879 1751 2935 devicerunt
1778 2897 1949 2935 cvan-

299 2954 620 3028 gelizantes
653 2961 947 3020 Christum
994 2968 1054 3021 in
1105 2967 1377 3024 universo
1424 2970 1665 3024 mundo.
1707 2992 1734 3017 «
1769 2969 1952 3025 Millia

300 3043 949 3117 laetantium,Dominus
979 3054 1040 3110 in
1062 3054 1201 3113 illis.
1225 3077 1253 3107 »
1280 3057 1601 3114 Ministeria
1632 3058 1827 3113 divina
1857 3059 1951 3114 hic

302 3148 432 3189 esse
478 3134 722 3196 indicat.
762 3160 789 3192 ιι
826 3142 890 3197 In
941 3143 1122 3213 Sinai,
1174 3144 1234 3200 in
1283 3150 1505 3202 sancto.
1542 3169 1570 3196 »
1605 3148 1719 3202 Hoc
1748 3151 1855 3215 est,
1889 3148 1949 3203 in

297 3222 519 3279 sanctis
549 3229 639 3281 est
667 3232 820 3285 Deus
852 3233 1087 3303 quando
1116 3237 1435 3303 tentantur,
1486 3240 1541 3290 et
1586 3242 1716 3308 post
1766 3241 1948 3292 tenta-

296 3309 517 3366 tionem
544 3316 812 3386 sequitur
836 3300 1138 3376 sanctitas.
1164 3300 1532 3393 Impossibile
1552 3300 1639 3379 est
1659 3324 1814 3379 enim
1840 3324 1943 3379 ali-
1975 3300 2018 3366 (ἶ

300 3412 502 3468 quem,
524 3399 660 3458 licet
680 3410 922 3463 sanctus
950 3408 1048 3477 sit,
1099 3409 1227 3464 sine
1261 3411 1578 3485 tentatione
1609 3413 1857 3467 transire
1888 3412 1948 3467 in

298 3485 409 3542 hoc
435 3491 667 3560 saeculo,
691 3496 1013 3553 secundum
1034 3497 1142 3553 Job
1167 3515 1180 3553 :
1214 3499 1453 3556 Tentatio
1482 3508 1560 3555 est
1602 3502 1711 3556 vita
1772 3501 1948 3557 homi-

298 3576 388 3630 nis
416 3594 582 3650 super
610 3585 821 3639 terram
851 3586 985 3653 (Job.
1017 3603 1116 3642 v11.
1150 3586 1227 3659 4).

378 3667 709 3728 Ascendisti
778 3672 839 3729 in
908 3674 1114 3744 altum,
1175 3676 1378 3749 cepisti
1447 3677 1858 3750 captivitatem.
1922 3703 1944 3733 ι

298 3760 629 3818 Ascendisti
649 3761 709 3816 in
728 3762 941 3819 caelos:
974 3766 1425 3838 captivastinos,
1472 3768 1571 3839 qui
1612 3770 1822 3841 captivi
1865 3775 1950 3824 te-

301 3851 594 3907 nebamur
623 3868 657 3907 a
687 3851 935 3909 diabolo.
957 3854 1065 3920 Qui
1093 3857 1387 3927 quondam
1422 3856 1480 3912 in
1511 3857 1666 3913 Sinai
1712 3860 1953 3914 descen-

300 3941 469 4012 dens,
494 3940 711 4013 populo
732 3940 918 4014 legem
943 3942 1262 4013 distribuit,
1294 3944 1419 4018 ipse
1450 3964 1605 4002 nunc
1636 3948 1695 4002 in
1729 3954 1951 4014 sancto,

300 4029 359 4083 id
387 4033 496 4096 est,
528 4028 587 4083 in
639 4036 946 4103 assumpto
996 4032 1234 4090 homine
1280 4035 1373 4103 (de
1422 4052 1537 4106 quo
1595 4036 1838 4109 angelus
1880 4038 1951 4092 ad

302 4117 584 4175 Mariam:
619 4119 768 4186 Quod
815 4126 1071 4176 nascetur
1119 4138 1189 4176 ex
1242 4128 1311 4188 te,
1370 4132 1617 4179 sanctam
1672 4128 1954 4181 vocabitur

298 4207 451 4277 (Luc.
484 4223 526 4271 I,
559 4207 677 4274 35),
709 4206 988 4263 cmlorum
1020 4209 1245 4265 excelsa
1276 4214 1696 4282 conscendens,
1719 4230 1817 4269 eos
1849 4215 1950 4285 qui

296 4294 357 4349 in
398 4293 730 4367 captivitate
761 4295 979 4351 diaboli
1010 4299 1377 4369 tenebantur,
1413 4301 1697 4358 absolvit:
1721 4320 1787 4358 ac
1818 4308 1953 4374 post

298 4400 362 4439 se
392 4386 675 4455 tanquam
711 4384 969 4456 captivos
999 4386 1278 4443 deductos
1330 4394 1557 4445 aiter-na:
1607 4391 1736 4446 vitae
1782 4394 1949 4448 resti-

300 4471 432 4528 tuit.
466 4471 559 4527 Sic
590 4477 647 4528 et
707 4490 939 4528 carnem
1001 4481 1389 4548 assumptam,
1448 4478 1616 4549 quasi
1656 4481 1947 4552 captivam

297 4561 488 4618 evexit
516 4562 586 4618 ad
622 4561 833 4618 sidera.
869 4584 896 4613 «
934 4564 1217 4636 Accepisti
1252 4566 1403 4622 dona
1431 4566 1489 4622 in
1522 4568 1881 4625 hominibus.
1917 4595 1940 4623 ι

2061 662 2187 719 sine
2217 679 2319 735 spe
2340 662 2491 733 quod
2519 662 2572 717 in
2598 661 2853 718 Ecclesia
2875 663 3001 734 ejus
3033 662 3359 719 inhabitare
3390 662 3638 737 possint.

2138 802 2160 829 α
2195 782 2540 839 Benedictus
2562 781 2844 838 Dominus
2875 781 2969 836 die
3014 779 3294 853 quotidie.
3333 803 3353 830 ι
3391 780 3497 848 Qui
3529 782 3705 859 proﬁ-

2060 871 2156 938 cit,
2183 871 2441 943 quotidie
2487 874 2677 942 potest
2729 870 3068 926 benedicere
3115 869 3320 925 Deum.
3374 869 3521 934 Quid
3552 871 3711 929 enim

2061 961 2205 1016 mihi
2236 962 2493 1032 prodest,
2518 960 2567 1015 si
2611 959 2736 1015 heri
2783 958 3088 1014 benedixi:
3130 963 3187 1015 et
3215 958 3389 1015 hodie
3420 977 3535 1016 non
3568 977 3709 1033 pos-

2060 1066 2193 1106 sum
2216 1049 2554 1104 benedicere
2574 1050 2601 1104 ?
2625 1048 2689 1103 Et
2712 1064 2813 1120 pro
2852 1048 3253 1119 superioribus
3301 1048 3620 1117 beneficiis,
3654 1053 3712 1106 et

2059 1140 2209 1209 quod
2233 1155 2387 1195 nunc
2419 1138 2587 1195 nobis
2620 1140 2689 1193 ad
2722 1155 2784 1193 se
2812 1137 3080 1193 veniendi
3131 1137 3371 1210 planum
3422 1124 3708 1211 praeparat

2059 1229 2189 1293 iter,
2223 1228 2457 1284 assidue
2509 1233 2597 1283 est
2644 1227 3098 1284 benedicendus.
3134 1250 3161 1279 ‹‹
3192 1228 3544 1300 Prosperum
3590 1228 3703 1284 iter

2060 1318 2229 1373 faciet
2251 1317 2420 1373 nobis
2443 1322 2589 1373 Deus
2612 1316 2956 1373 salutarium
2992 1320 3347 1373 nostrorum.
3386 1339 3407 1367 ι»
3453 1319 3599 1384 Quia
3628 1317 3701 1375 ab

2060 1408 2186 1479 ipso
2211 1407 2528 1476 salvamur,
2560 1429 2587 1457 «
2622 1407 2969 1477 Prosperum
2999 1406 3109 1462 iter
3136 1406 3309 1462 faciet
3348 1407 3518 1464 nobis
3546 1407 3705 1463 Deus

2060 1496 2405 1552 salutarium
2439 1500 2793 1561 nostrorum,
2831 1518 2858 1545 »
2904 1496 3158 1552 Securus
3206 1500 3352 1562 esto,
3398 1500 3707 1567 peccator:

2061 1585 2180 1641 noli
2201 1585 2468 1640 dubitare
2490 1586 2641 1655 quod
2666 1584 2924 1657 quotidie
2937 1585 3130 1657 possis
3142 1585 3483 1642 benedicere
3495 1586 3707 1643 Deum.

2064 1674 2202 1728 Ecce
2260 1674 2417 1729 enim
2475 1672 2654 1729 dicit:
2686 1698 2711 1723 ‹‹
2748 1674 3097 1745 Prosperum
3152 1674 3265 1729 iter
3322 1674 3493 1730 faciet
3540 1676 3711 1734 nobis

2060 1769 2232 1819 Deus.
2265 1785 2293 1814 »
2327 1765 2475 1835 Ergo
2508 1768 2656 1819 Deus
2689 1764 2926 1833 adjuvat
2954 1781 3082 1830 nos,
3130 1768 3187 1819 et
3233 1768 3574 1835 cooperatur
3606 1782 3710 1821 no-

2060 1852 2170 1909 bis.
2203 1874 2231 1902 ‹‹
2267 1852 2623 1908 Salutarium
2655 1858 3011 1909 nostrorum.
3047 1875 3075 1902 ››
3110 1854 3262 1909 Bene
3289 1853 3437 1910 dixit
3465 1853 3705 1925 plurali-

1978 1938 2025 2002 B
2059 1946 2166 2007 ter,
2188 1944 2523 1998 salutarium
2547 1959 2559 1997 :
2586 1943 2739 2014 quod
2764 1946 2983 2014 quanta
2999 1947 3234 2015 peccata
3271 1942 3699 2011 commisimus,

2056 2034 2143 2086 tot
2171 2034 2227 2086 et
2265 2031 2485 2109 salutes
2529 2031 2835 2088 habemus.
2870 2033 3188 2103 Diapsalma
3237 2031 3297 2087 in
3328 2032 3568 2088 Hebrmo
3597 2031 3705 2088 ha-
3744 2104 3749 2109 η

2055 2120 2152 2175 bet
2179 2137 2307 2175 sana
2364 2106 2562 2192 (.150):
2622 2121 2731 2176 hoc
2787 2125 2878 2177 est
2932 2138 3147 2193 semper
3193 2124 3250 2177 et
3269 2122 3504 2193 jugiter.
3549 2121 3699 2194 Ergo

2055 2207 2210 2264 Deus
2242 2225 2474 2281 semper
2502 2226 2609 2266 nos
2640 2211 2897 2281 adjuvat,

2129 2318 2163 2365 «’
2192 2320 2343 2372 Deus
2374 2321 2589 2372 noster.
2618 2339 2644 2366 »
2668 2317 2810 2381 Quia
2841 2320 3047 2388 praeter
3075 2317 3270 2389 ipsum
3303 2316 3484 2373 alium
3508 2317 3696 2374 nesci-

2057 2420 2211 2459 mus.
2227 2428 2254 2455 ‹‹
2271 2406 2423 2462 Deus
2441 2406 2631 2462 salvos
2649 2406 2920 2471 faciendi,
2939 2410 2996 2461 et
3016 2406 3241 2462 Domini
3260 2406 3491 2462 Domini
3510 2408 3700 2462 exitus

2058 2495 2329 2550 mortis.»
2352 2499 2565 2551 Praesto
2596 2500 2685 2550 est
2715 2495 2871 2551 enim
2902 2499 2969 2550 ut
3013 2495 3207 2551 salvos
3249 2495 3424 2551 faciat
3453 2512 3701 2567 pereun-

2056 2586 2184 2638 tes:
2233 2583 2371 2654 quia
2415 2600 2518 2655 pro
2576 2583 2974 2656 redemptione
3032 2589 3231 2639 nostra
3280 2588 3452 2640 natus
3504 2586 3569 2639 Et
3597 2586 3701 2639 Do-

2058 2674 2203 2728 mini
2230 2675 2451 2729 Domini
2476 2676 2553 2728 cst
2580 2675 2760 2728 exitus
2808 2676 3039 2729 mortis:
3098 2673 3237 2744 quia
3293 2672 3452 2743 prior
3494 2673 3703 2728 mortis

2059 2762 2279 2816 exitum
2338 2762 2627 2833 patefecit,
2689 2762 2913 2817 dicente
2989 2760 3299 2832 Apostolo:
3360 2762 3553 2816 Factus
3602 2762 3701 2830 est,

2059 2850 2271 2921 inquit,
2304 2852 2700 2921 primogenitus
2728 2860 3089 2920 mortuorum,
3123 2850 3400 2921 quoniam
3453 2849 3579 2921 ipse
3608 2865 3704 2905 re-

2061 2937 2311 2991 surrexit
2342 2955 2375 2992 a
2405 2939 2675 3008 mortuis,
2708 2944 2764 2993 et
2800 2955 2929 2993 .nos
2989 2938 3164 2993 simul
3223 2937 3357 2993 fecit
3400 2953 3704 3009 resurgere

2060 3026 2280 3097 (Coloss.
2315 3044 2355 3089 ι,
2392 3028 2494 3088 t8;
2518 3029 2677 3097 Apoc.
2724 3045 2761 3093 I,
2809 3028 2885 3097 5).
2936 3027 3146 3082 Aliter:
3196 3025 3475 3083 Diabolus
3504 3026 3705 3082 introi-

2058 3118 2154 3170 tus
2184 3119 2272 3170 est
2302 3116 2508 3172 mortis
2537 3134 2550 3173 :
2591 3116 2869 3172 Dominus
2896 3132 3029 3171 vero
3059 3115 3272 3172 educit.

2131 3253 2159 3281 «
2189 3231 2603 3288 Verumtamen
2635 3230 2790 3288 Deus
2836 3231 3162 3303 confringet
3207 3231 3399 3303 capita
3435 3230 3701 3288 inimico-

2057 3335 2188 3374 rum
2220 3308 2483 3376 suorurh.
2508 3343 2535 3370 ››
2570 3322 2654 3375 Ab
2702 3320 2953 3375 exitibus
3001 3320 3211 3376 mortis
3260 3336 3533 3392 egressus
3563 3337 3701 3376 con-

2060 3407 2261 3479 fringit
2294 3409 2484 3479 capita
2514 3408 2751 3475 diaboli,
2801 3413 2858 3464 et
2913 3425 3116 3464 omnes
3172 3408 3415 3465 virtutes
3445 3410 3594 3480 ejus.
3628 3410 3703 3464 Tu

2059 3497 2382 3567 confregisti
2400 3498 2577 3575 capita
2598 3497 2850 3553 draconis
2891 3499 2951 3551 in
2983 3514 3127 3568 aqua
3155 3498 3326 3567 (Psal.
3359 3514 3554 3562 Lxxm,
3588 3498 3698 3566 12).

2059 3586 2209 3650 Quot
2272 3588 2509 3657 peccata
2575 3588 2731 3654 sunt,
2799 3589 2884 3640 tot
2944 3587 3137 3657 capita
3192 3585 3367 3643 habet
3412 3585 3703 3642 diabolus.

2061 3674 2429 3745 Principatus
2443 3678 2498 3729 et
2521 3678 2860 3746 potestates,
2888 3692 3014 3747 quae
3040 3680 3320 3746 tanquam
3344 3679 3518 3747 caput
3539 3691 3710 3731 cunc-

2062 3764 2140 3819 tis
2208 3763 2563 3829 eminebant,
2631 3763 2739 3819 hoc
2808 3769 2918 3834 est,
2986 3763 3306 3820 diabolicae
3358 3762 3706 3820 dominatio-

2064 3870 2187 3909 nes.
2216 3875 2243 3902 »
2275 3853 2566 3909 Verticem
2592 3852 2787 3924 capilli
2812 3852 3348 3925 perambulantium
3391 3852 3450 3908 in
3483 3852 3711 3909 delictis

2064 3942 2210 3997 suis.
2247 3962 2274 3992 »
2306 3942 2716 3997 Summitatem
2749 3941 3096 3998 extollentite
3138 3958 3339 3997 eorum
3392 3940 3491 4012 qui
3523 3941 3711 4012 pceni-

2063 4030 2304 4086 tentiam
2325 4029 2704 4100 negligentes,
2730 4030 3049 4100 perdurant
3077 4029 3133 4083 in
3167 4028 3441 4100 peccatis.
3486 4027 3551 4083 In
3578 4032 3707 4083 tan-

2062 4123 2187 4173 tum
2223 4117 2376 4173 enim
2400 4116 2785 4189 confringitur
2804 4121 2977 4188 caput
2998 4118 3147 4187 ejus,
3170 4119 3236 4171 ut
3264 4132 3379 4171 non
3410 4119 3710 4172 remaneat

2059 4206 2117 4260 in
2148 4222 2213 4261 eo
2246 4204 2444 4277 aliqua
2472 4204 2657 4260 virtus
2715 4222 2831 4277 qua
2877 4203 3141 4260 stimulet
3171 4206 3497 4276 peccantes.
3530 4204 3705 4259 Sum-

2060 4310 2224 4348 mum
2258 4293 2486 4366 capitis,
2521 4292 2766 4365 capillus
2797 4298 2905 4359 cst,
2939 4298 2995 4348 et
3044 4292 3261 4364 capilli,
3309 4295 3522 4347 vertex.
3555 4292 3703 4363 Ergo

2057 4382 2167 4438 hoc
2194 4382 2353 4449 dicit,
2378 4383 2530 4453 quod
2556 4399 2660 4437 nec
2683 4382 2992 4438 minimum
3026 4384 3324 4437 remaneat
3354 4381 3415 4437 in
3445 4379 3700 4449 diabolo,

2059 4473 2212 4543 quod
2244 4489 2358 4527 non
2392 4472 2712 4543 frangatur.

2130 4601 2157 4626 «
2196 4577 2345 4633 Dixit
2376 4577 2687 4633 Dominus:
2713 4578 2793 4632 Ex
2842 4578 3028 4633 Basan
3077 4580 3430 4646 convertam,
3466 4592 3705 4632 conver-

299 4650 453 4739 Dene
479 4650 645 4739 dixit,
677 4652 951 4723 accepisti.
1005 4658 1050 4705 A
1104 4654 1269 4710 Patre
1315 4651 1574 4727 accepit;
1627 4658 1849 4729 accepit
1886 4663 1950 4713 ut
1984 4670 2028 4734 ι)
2061 4669 2179 4720 tam
2215 4667 2273 4720 in
2305 4667 2660 4737 profundum
2693 4666 2892 4721 maris.
2944 4666 3018 4721 Ut
3063 4666 3390 4739 intingatur
3437 4683 3539 4739 pes
3566 4670 3707 4721 tuus

297 4738 500 4804 homo,
533 4738 635 4794 dat
665 4745 731 4794 ut
762 4741 957 4809 Deus;
1008 4746 1066 4797 et
1113 4744 1265 4814 quod
1318 4746 1561 4817 accepit,
1613 4745 1953 4804 hominibus

299 4826 545 4898 accepit,
570 4831 635 4882 ut
655 4829 770 4884 det.
797 4830 925 4902 Ipse
952 4830 1107 4887 enim
1131 4831 1341 4904 plenus
1374 4839 1481 4905 est,
1531 4838 1587 4891 et
1626 4835 1769 4890 nihil
1802 4836 1951 4891 indi-

296 4920 415 4987 get.
482 4914 649 4971 Dedit
706 4917 859 4973 dona
915 4919 1308 4991 spiritualium
1378 4924 1700 4994 gratiarum
1762 4924 1948 4981 homi-

298 5003 478 5061 nibus
505 5022 518 5060 :
547 5004 645 5076 qui
673 5021 777 5078 per
797 5007 971 5063 ﬁdem
995 5010 1065 5064 ad
1091 5025 1224 5065 eum
1251 5011 1524 5084 deinceps
1557 5019 1946 5071 accesserunt.

368 5115 397 5143 «
431 5094 661 5150 Etenim
724 5113 839 5151 non
894 5098 1215 5169 credentes,
1264 5085 1593 5158 inhabitare
1633 5103 1948 5161 Dominum

299 5186 504 5239 Deum.
544 5202 565 5231 α
608 5184 677 5240 Et
706 5184 799 5240 his
855 5184 1230 5244 hominibus:
1292 5189 1350 5243 id
1412 5196 1523 5258 est,
1580 5208 1647 5247 ex
1676 5194 1947 5263 gentibus

295 5272 513 5346 papulo
543 5272 793 5348 largitus
841 5280 931 5331 est
979 5276 1283 5334 Christus:
1337 5278 1434 5350 qui
1485 5298 1601 5335 non
1631 5283 1945 5338 credebant

292 5366 479 5418 Deum
508 5362 836 5421 inhabitare
868 5382 1039 5437 posse
1062 5367 1440 5423 mortalibus:
1467 5372 1523 5424 et
1552 5369 1659 5424 hos
1682 5370 1942 5441 salvasti,

293 5450 394 5523 qui
425 5469 540 5510 non
574 5454 888 5511 credebant
919 5457 1072 5527 quod
1106 5457 1382 5528 possibile
1431 5463 1520 5514 est
1566 5459 1747 5514 Deum
1783 5460 1945 5517 habi-

289 5543 415 5600 tare
460 5543 521 5598 in
573 5543 956 5601 hominibus:
1006 5544 1115 5602 hoc
1159 5550 1249 5602 est
1293 5547 1643 5604 Salvatorem
1685 5550 1944 5622 accipere

2061 4755 2121 4809 in
2153 4756 2460 4827 sanguine,
2494 4754 2695 4827 lingua
2726 4772 2937 4811 canum
2969 4760 3205 4812 tuorum
3232 4773 3300 4811 ex
3348 4754 3605 4811 inimicis
3635 4754 3707 4810 ab

2061 4843 2209 4914 ipso,
2265 4864 2291 4891 »
2344 4848 2553 4915 Busan,
2603 4845 2849 4914 confusio
2897 4846 3330 4918 interpretatur.
3382 4849 3459 4901 De
3501 4844 3710 4900 confu-

2061 4931 2222 4987 sione
2274 4932 2453 5003 igitur
2484 4950 2590 4988 nos
2637 4934 2917 4988 convertit
2960 4939 3131 4989 Deus.
3183 4934 3299 4989 Hoc
3328 4936 3523 4988 autem
3554 4931 3704 4999 ideo,

2060 5021 2199 5092 quia
2228 5037 2457 5076 crucem
2493 5021 2792 5088 sustinuit,
2826 5025 2882 5077 et
2926 5039 3027 5093 pes
3075 5024 3202 5093 ejus
3235 5022 3467 5093 proprio
3501 5035 3705 5075 cruore

2059 5110 2330 5182 perfusus
2343 5114 2449 5182 est,
2475 5108 2864 5165 clamantibus
2889 5115 3092 5166 contra
3113 5126 3244 5166 eum
3275 5108 3496 5166 Judaais
3526 5112 3703 5180 atque

2056 5199 2422 5255 dicentibus:
2458 5200 2745 5271 Cruciﬁgc,
2780 5199 3053 5271 cruciﬁge,
3085 5216 3211 5255 eum
3243 5199 3422 5271 (Joan.
3472 5215 3587 5264 xxx,
3618 5197 3699 5268 6).

2055 5288 2160 5352 Qui
2212 5289 2393 5344 Judari
2445 5288 2729 5344 stimulati
2779 5289 3015 5343 fuerunt
3062 5289 3133 5343 ab
3174 5287 3432 5343 inimicis
3460 5285 3697 5357 Christi,

2054 5378 2162 5432 hoc
2195 5383 2283 5433 est
2314 5396 2345 5433 a
2376 5378 2764 5440 dmmonibus.
2798 5378 2868 5434 Ut
2899 5382 3090 5434 autem
3132 5378 3239 5433 hoc
3291 5380 3477 5432 totum
3510 5376 3694 5445 fieret,

2052 5465 2241 5538 ipsius
2267 5467 2581 5523 Salvatoris
2611 5468 2880 5523 voluntas
2913 5466 3022 5521 fuit
3050 5466 3149 5539 qui
3182 5466 3302 5521 haec
3351 5482 3563 5538 passus
3607 5467 3697 5520 est

2054 5556 2199 5611 fieri.
2235 5555 2336 5611 Vel
2370 5557 2439 5613 de
2493 5556 2833 5613 confusione
2886 5558 3063 5629 hujus
3116 5556 3309 5613 saeculi
3360 5560 3691 5614 convertam

367 5741 383 5775 ι
414 5739 560 5797 Vide
591 5756 716 5813 quae
745 5741 1126 5801 observamus
1155 5743 1227 5802 ad
1256 5744 1359 5805 lib.
1414 5746 1479 5807 de
1533 5747 1749 5821 Spiritu
1789 5754 1995 5824 sancto,
2028 5753 2168 5809 tom.
2204 5754 2273 5809 ΙΙ.
