4256 6580
552 429 709 526 {me

2055 464 2477 529 APPENDIX.

3802 404 3969 522 lose

540 595 861 656 humanam
902 572 1137 671 genus:
1176 598 1286 655 hoc
1334 572 1423 656 est
1472 616 1573 672 per
1606 598 1947 672 passionum
1976 616 2192 669 meam,
2224 603 2279 669 Α
2310 624 2337 650 ‹‹
2370 600 2684 657 Dominum
2715 601 2785 658 de
2809 600 3066 657 fontibus
3099 594 3297 659 Israel.
3332 618 3359 646 η
3392 595 3533 665 Quia
3559 593 3709 653 salus
3763 611 3836 651 ex
3862 595 3966 653 Ju-

541 694 602 745 et.
631 704 889 753 crucem,
923 705 1050 758 quae
1085 688 1179 742 isti
1216 693 1427 759 putant
1459 689 1770 745 stultitiam
1823 696 1878 745 et
1909 691 2200 746 confusio-

543 784 700 833 nem.
734 800 761 826 ‹‹
794 777 1137 832 Convertam
1192 778 1402 845 Basan,
1453 779 1732 851 populum
1785 796 2001 835 meum.
2056 785 2199 835 Con-

541 870 765 923 vertam
798 867 856 921 in
890 867 1244 938 profundum
1280 868 1485 932 maris,
1523 890 1548 915 ››
1580 868 1637 921 id
1686 875 1795 934 est,
1856 869 1925 923 de
1957 870 2200 940 profun-

544 955 639 1011 dis
668 955 844 1022 vitiis,
879 961 935 1011 et
991 956 1241 1027 peccatis
1299 956 1493 1011 saeculi
1552 957 1768 1013 istius:
1817 959 1887 1012 de
1945 974 2201 1013 commo-

544 1044 726 1109 tione,
758 1049 814 1099 et
849 1046 1129 1099 ﬂuctibus
1161 1050 1496 1100 convertam
1548 1047 1829 1117 populum
1890 1062 2106 1101 meum.
2143 1048 2207 1101 Ut

546 1135 857 1205 intingalur
882 1150 979 1202 pes
1013 1137 1137 1188 tuus
1166 1136 1224 1187 in
1253 1136 1543 1203 sanguine.
1569 1134 1849 1197 Quoniam
1884 1152 1985 1205 pes
2017 1134 2204 1205 ipsius

551 1222 836 1279 intinctus
867 1228 955 1279 est
986 1224 1040 1277 in
1079 1224 1365 1291 sanguine
1416 1240 1540 1279 suo.
1603 1225 1857 1278 Torcular
1883 1225 2091 1279 calcari
2120 1239 2203 1278 so-

552 1314 733 1379 i‘us,et
760 1312 824 1367 de
851 1312 1103 1381 gentibus
1132 1314 1221 1367 vir
1281 1329 1386 1367 non
1444 1316 1557 1383 fuit
1613 1330 1826 1368 mecum
1882 1314 2007 1384 (Isu.
2050 1330 2206 1377 LXIII,

550 1400 630 1471 3).
664 1402 729 1455 Et
759 1401 968 1457 iterum
996 1419 1009 1457 :
1060 1402 1190 1469 Quis
1222 1412 1301 1456 est
1334 1404 1435 1457 iste
1464 1403 1822 1473 quiascemlil
1871 1419 1941 1457 ex
1987 1400 2208 1458 Edam?

551 1491 765 1561 fulvida
794 1493 1115 1546 vestimenta
1165 1492 1283 1561 ejus
1339 1508 1409 1546 ea:
1469 1494 1637 1546 Bosor
1688 1493 1847 1561 (Ibid.
1883 1492 1977 1561 1)?
2006 1493 2206 1561 Edom,

542 1578 971 1651 interpretatur
1013 1583 1277 1650 sanguis:
1331 1582 1530 1650 Bosor,
1579 1597 1725 1637 caro.
1778 1583 1978 1652 Ipsum
2022 1580 2208 1635 Domi-

554 1684 699 1725 num
742 1674 1007 1725 nostrum
1065 1669 1360 1740 signiﬁcat
1408 1670 1771 1725 cruciﬁxum.
1806 1694 1825 1718 «
1864 1669 2087 1740 Lingua
2116 1686 2210 1724 ca-

552 1774 699 1814 num
719 1763 952 1813 tuorum
972 1774 1040 1813 ex
1064 1757 1318 1813 inimicis
1336 1758 1407 1813 ab
1445 1758 1593 1829 ipso.
1614 1781 1639 1808 »
1661 1759 1846 1814 Canes
1879 1759 2019 1813 dicit
2051 1759 2212 1826 ipsos

546 1847 814 1925 Judaeos,
850 1849 915 1899 ut
944 1846 1216 1916 superius
1247 1862 1258 1900 :
1294 1846 1391 1916 qui
1453 1846 1873 1918 clamaverunt,
1930 1848 2210 1918 cmeiﬁge,

556 1935 812 2005 cruciﬁge
840 1933 1011 1990 talem
1042 1951 1054 1989 :
1088 1951 1194 1990 non
1228 1935 1487 1991 habemus
1546 1952 1724 2007 regem
1781 1937 1896 1991 nisi
1944 1937 2211 1993 Caesarem
2242 1973 2291 2037 B

559 2022 735 2095 (Joan.
768 2040 881 2077 x1x.
916 2024 971 2089 6,
1024 2024 1131 2091 15).
1183 2024 1265 2079 Ex
1316 2023 1571 2079 inimicis
1621 2029 1817 2080 autem
1867 2024 2150 2081 submissi
2180 2042 2214 2079 a

557 2112 927 2169 daemonibus
978 2129 1196 2183 negare
1252 2113 1634 2179 Salvatorem,
1693 2119 1748 2169 et
1807 2115 2213 2186 blaspliemare

559 2208 717 2258 e‘um.
750 2201 966 2257 Aliter:
1002 2202 1288 2266 Quoniam
1340 2203 1464 2273 ipse
1513 2207 1615 2258 tua
1664 2203 1959 2259 voluntate
2004 2203 2211 2259 venisti

560 2294 618 2348 et
646 2308 857 2362 passus
887 2308 985 2347 es:
1016 2296 1072 2345 et
1124 2296 1226 2347 tua
1270 2290 1566 2347 voluntate
1616 2294 1927 2349 cruciﬁxus
1960 2309 2022 2348 es
2047 2310 2081 2348 a
2109 2293 2211 2348 Ju-

563 2380 724 2436 daais.
758 2380 1000 2435 Tinctus
1032 2386 1121 2435 est
1168 2380 1323 2435 enim
1377 2398 1477 2452 pes
1526 2381 1758 2436 Domini
1804 2382 1861 2438 in
1905 2382 2210 2454 sanguine,

560 2485 695 2525 cum
721 2485 855 2524 caro
879 2474 1184 2540 assumpta
1210 2469 1264 2523 in
1297 2486 1414 2541 qua
1445 2469 1719 2525 divinitas
1742 2471 1977 2538 latebat,
2013 2472 2212 2526 lancea

559 2559 919 2614 verberatur.
956 2559 1043 2611 Ab
1076 2559 1201 2629 ipso
1238 2558 1415 2630 igitur
1445 2560 1755 2630 sanguine,
1784 2566 1842 2616 et
1870 2578 2069 2615 eorum
2104 2561 2212 2616 lin-

558 2664 676 2720 gua
707 2646 892 2701 tincta
940 2653 1048 2712 cst,
1102 2648 1200 2718 qui
1252 2648 1559 2703 dixerunt:
1596 2651 1675 2703 En
1716 2653 1943 2720 sanguis
1991 2652 2104 2722 ejus
2130 2668 2218 2707 su-

557 2753 656 2809 per
684 2753 802 2802 nos,
835 2740 888 2791 et
945 2753 1111 2808 super
1167 2738 1310 2807 ﬁlios
1364 2741 1579 2794 nostros
1639 2739 1843 2807 (Matth.
1896 2757 2069 2806 χχχιι,
2100 2741 2211 2813 25).

560 2827 673 2884 Sed
705 2830 837 2897 post
877 2824 1200 2898 gloriosum
1254 2827 1563 2883 Dominicm
1614 2830 1976 2885 ascensionis
2006 2830 2216 2885 trium-

559 2913 769 2988 phum,
792 2914 1016 2971 ultione
1045 2914 1351 2971 Dominica
1379 2921 1435 2971 et
1466 2916 1725 2973 hostium
1758 2934 1859 2988 pes
1892 2918 1951 2973 in
2013 2935 2216 2975 eorum

561 3003 854 3076 sanguine
877 3003 1099 3059 tinctus
1122 3009 1210 3059 est
1234 3022 1245 3058 :
1273 3008 1329 3059 et
1349 3005 1560 3061 canina
1593 3005 1813 3062 scilicet
1843 3007 2216 3063 inimicorum

563 3091 757 3147 rabies
791 3092 863 3146 ab
891 3108 958 3146 eo
989 3097 1077 3147 est
1107 3092 1338 3149 satiata.

642 3200 670 3229 «
701 3178 988 3235 Viderunt
1016 3181 1321 3252 ingressus
1354 3188 1506 3247 tuos,
1540 3184 1714 3250 Deus,
1769 3184 2074 3257 ingressus
2118 3188 2217 3244 Dei

566 3268 702 3338 mei,
731 3268 885 3341 regis
906 3268 1016 3324 mei
1060 3270 1159 3342 qui
1197 3278 1287 3326 est
1320 3272 1375 3326 in
1409 3279 1631 3329 sancto.
1669 3295 1690 3325 ι
1729 3275 1772 3329 0
1814 3292 1997 3348 quam
2031 3279 2217 3333 admi-

566 3357 826 3413 rabiliter
855 3357 912 3414 in
963 3359 1071 3415 hoc
1106 3360 1330 3431 psalmo
1381 3362 1558 3419 Vetus
1607 3365 2043 3421 Testamentum
2083 3384 2217 3423 cum

565 3447 1014 3520 Evangeliorum
1071 3451 1244 3505 dictis
1305 3453 1657 3508 concordat!
1706 3453 1843 3509 Visa
1896 3460 2034 3511 sunt
2061 3457 2217 3511 enim

563 3535 776 3592 itinera
795 3536 1009 3594 Christi
1044 3537 1103 3595 in
1129 3538 1398 3611 ingressu
1441 3542 1622 3597 maris
1662 3543 1843 3598 Rubri
1878 3545 2069 3615 (Exod.
2102 3563 2215 3613 x1v,

560 3625 693 3695 21):
727 3626 856 3681 visa
885 3632 1022 3681 sunt
1044 3633 1100 3682 et
1128 3627 1186 3681 in
1213 3629 1536 3700 Evangeliis
1564 3632 1751 3702 ipsius
1783 3633 1936 3704 regis
1995 3634 2216 3689 nostri:

566 3729 702 3769 cum
734 3715 794 3773 in
825 3721 1028 3770 sancto
1053 3716 1291 3772 homine
1314 3719 1599 3789 elevatus,
1641 3721 1801 3777 caelis
1840 3722 2103 3779 invectus
2133 3728 2221 3779 est

568 3801 719 3871 (Luc.
753 3819 905 3868 xnv,
935 3804 1042 3870 50;
1077 3806 1193 3861 Act.
1225 3823 1266 3872 1,
1292 3806 1368 3875 9).

641 3914 669 3940 ‹‹
704 3894 1113 3949 Praevenerunt
1136 3896 1429 3967 principes
1453 3898 1748 3969 conjuncti
1798 3899 2179 3970 psallentibus
2204 3919 2218 3957 :

573 3980 632 4034 in
662 3980 854 4036 medio
885 3983 1329 4049 iuvencularum
1356 3988 1925 4057 tympanistriarum.
1952 4013 1979 4040 ››
2006 3989 2068 4044 Et
2094 3992 2222 4061 qui-

571 4069 707 4124 dem
738 4069 798 4125 in
831 4069 928 4126 illo
950 4072 1139 4128 maris
1170 4073 1424 4129 transitu
1460 4083 1860 4145 praevenerunt
1891 4079 2219 4151 principes:

567 4156 626 4211 id
662 4163 770 4227 est,
803 4159 967 4231 prius
999 4163 1215 4233 egressi
1269 4168 1407 4217 sunt
1456 4163 1542 4218 vel
1593 4165 1842 4239 Moyses,
1891 4167 1976 4222 vel
2018 4168 2226 4241 reliqui

570 4247 854 4316 seniores,
882 4255 939 4304 et
983 4252 1280 4322 conjuncti
1332 4260 1472 4309 sunt
1512 4256 1847 4325 juveneulis
1890 4258 2107 4314 caelesti
2138 4259 2228 4314 iti-

571 4352 729 4407 nere,
765 4360 792 4388 «
825 4339 1233 4395 Prtevenerunt
1264 4342 1581 4414 principes,
1616 4366 1637 4394 ι
1693 4344 2033 4416 angelorum
2067 4364 2229 4403 sanc—

574 4428 771 4480 torum
806 4425 1056 4497 animas,
1089 4429 1188 4499 qui
1224 4429 1428 4485 laudes
1463 4431 1689 4486 Domini
1722 4435 2070 4491 mortiﬁcato
2102 4453 2225 4491 cor-

571 4528 710 4584 pore
767 4514 1174 4583 concinebant,
1232 4518 1535 4574 dicentes:
1601 4521 1786 4577 Tollite
1832 4528 2017 4593 portas
2066 4528 2227 4596 prin-

571 4602 717 4671 cipes
751 4605 953 4657 vestras
1011 4606 1183 4670 (Psal.
1245 4623 1410 4673 xxm,
1460 4610 1513 4678 7,
1572 4610 1667 4679 9):
1718 4611 1855 4681 quia
1897 4614 2025 4682 jam
2080 4613 2230 4669 redit

2309 690 2445 747 (lavis
2474 697 2551 746 est
2583 692 2753 755 (Joan.
2791 707 2865 759 iv,
2897 690 3031 760 22):
3064 694 3119 743 et
3152 688 3284 742 inde
3333 686 3524 757 prima
3569 685 3844 741 Ecclesia.
3877 684 3964 741 Ex

2311 780 2757 835 adumbratione
2787 780 2942 834 enim
2993 778 3159 849 legis,
3212 776 3475 831 Ecclesiae
3523 775 3790 830 doctrina
3822 790 3963 846 pro-

2312 869 2527 924 cessit:
2563 869 2619 923 in
2654 885 2771 939 qua
2822 884 2976 922 nunc
3009 866 3315 931 Dominus,
3374 864 3470 935 qui
3522 880 3592 919 ex
3632 862 3960 920 Israelitica!

2313 958 2518 1029 stirpis
2552 956 2865 1028 propagine
2896 972 3129 1012 carnem
3163 955 3439 1026 suscepit,
3470 953 3851 1009 benedicitur.

2388 1087 2413 1114 ‹‹
2437 1065 2517 1118 Ibi
2552 1064 2876 1134 Benjamin.
2914 1086 2941 1112 ››
2976 1063 3186 1118 Paulus
3208 1061 3529 1133 apostolus,
3581 1061 3679 1131 qui
3712 1076 3781 1115 ex
3809 1061 3964 1116 tribu

2316 1153 2621 1222 Benjamin
2669 1154 2987 1207 descendit.
3035 1152 3147 1217 Ibi,
3202 1152 3259 1205 in
3290 1150 3565 1205 Ecclesia.
3592 1149 3969 1205 Adolescentu-

2317 1242 2420 1297 lus.
2456 1242 2820 1298 Novissimus
2853 1242 3115 1297 omnium
3143 1239 3561 1312 apostolorum.
3595 1262 3624 1289 (ι
3656 1240 3718 1295 ln
3750 1239 3968 1295 mentis

2320 1348 2581 1387 excessu.
2618 1354 2645 1381 ››
2676 1334 2857 1397 Quem
2891 1331 3129 1403 pertulit
3173 1331 3230 1385 in
3281 1330 3631 1385 Damascum
3672 1345 3803 1384 cum
3837 1329 3963 1385 iret.

2390 1462 2417 1488 «
2453 1439 2752 1510 Principes
2791 1439 2944 1493 Jnda
2993 1438 3171 1493 duces
3219 1452 3443 1493 eorum.
3480 1458 3507 1485 ››
3539 1435 3797 1507 Apostoli
3828 1439 3967 1491 sunt

2321 1527 2613 1600 principes
2643 1529 2829 1583 Juda:
2864 1527 2972 1581 hoc
3025 1531 3113 1582 est
3162 1525 3418 1590 Domini,
3470 1525 3962 1596 quemadmodum

2321 1615 2461 1671 dicit
2488 1618 2665 1672 Jaceb
2696 1634 2707 1671 :
2739 1617 2897 1686 Iuda,
2954 1625 3005 1671 te
3062 1616 3365 1670 laudabunt
3417 1617 3624 1683 fratres
3679 1615 3778 1669 tui.
3812 1614 3962 1684 (Gen.

2320 1722 2471 1775 xux,
2503 1708 2577 1775 8).
2642 1729 2669 1756 ‹‹
2704 1705 2983 1774 Zabulon,
3016 1711 3074 1760 et
3104 1704 3397 1776 principes
3428 1702 3776 1775 Nephtalim.
3814 1726 3833 1753 ι
3869 1704 3965 1759 Za-

2323 1794 2499 1849 bulon
2527 1795 2942 1866 interpretatur
2984 1796 3170 1864 [luxus
3200 1798 3389 1848 noctis.
3441 1791 3791 1864 Nephtalim,
3837 1793 3965 1847 lati-

2324 1883 2473 1939 tudo.
2508 1884 2749 1949 Quando
2782 1883 3007 1938 liberati
3041 1882 3326 1937 fuerimus
3358 1882 3429 1936 de
3475 1881 3746 1953 passione
3777 1880 3966 1937 libidi-

2323 1974 2452 2029 nis:
2489 1973 2593 2029 hoc
2629 1977 2736 2041 est,
2768 1972 2930 2027 illius
2980 1977 3208 2027 ﬂuxus:
3258 1976 3399 2026 tunc
3433 1969 3748 2042 incipimus
3780 1969 3972 2025 latitu-

2321 2064 2488 2118 dines
2532 2062 2835 2117 virtutum.
2890 2060 2989 2116 Vcl
3041 2060 3239 2116 aliter:
3279 2082 3301 2111 ι
3336 2059 3633 2131 Principes
3689 2058 3965 2126 Zabulon,

2322 2158 2379 2207 et
2409 2151 2702 2223 principes
2723 2150 3077 2223 Nephtalim.
3108 2171 3134 2197 ››
3154 2149 3390 2205 Petrum
3422 2154 3478 2205 et
3506 2149 3794 2203 Andream
3825 2164 3968 2220 apo-

2322 2242 2605 2298 stolorum
2640 2241 2931 2312 principes
2964 2243 3285 2294 monstrat:
3321 2238 3423 2311 qui
3479 2236 3539 2292 in
3578 2236 3967 2292 crassitudine

2322 2332 2719 2393 tenebrarum,
2752 2329 2912 2385 illius
2971 2330 3159 2384 lucem
3219 2343 3493 2393 magnam
3525 2328 3961 2394 annuntiantes,

2322 2421 2586 2475 doctores
2645 2423 2784 2474 sunt
2858 2417 3151 2489 Evangelii
3208 2415 3737 2486 constituti,juxta
3779 2413 3963 2469 illud:

2328 2511 2495 2565 Terra
2521 2508 2791 2573 Zabulon,
2827 2512 2876 2561 et
2908 2511 3062 2562 terra.
3094 2507 3424 2577 Nephtalim,
3466 2507 3557 2559 via
3605 2506 3782 2559 maris
3810 2513 3966 2559 trans

2320 2598 2610 2654 Iordanem
2642 2596 2884 2653 Galilzrze
2928 2598 3190 2665 gentium,
3232 2594 3463 2665 populus
3518 2595 3613 2665 qui
3663 2592 3875 2649 sedebat
3906 2594 3967 2647 in

2324 2690 2579 2753 tenebris,
2614 2686 2756 2741 vidit
2783 2686 2953 2741 lucem
2984 2701 3241 2752 magnam
3275 2684 3408 2754 (Isa.
3444 2700 3520 2750 1x,
3555 2684 3606 2753 1,
3632 2683 3708 2753 2).

2401 2793 2675 2858 «Manda,
2696 2798 2863 2857 Deus,
2882 2790 3083 2845 virtuti
3105 2794 3239 2845 tuas.
3268 2812 3295 2838 »
3337 2789 3563 2846 Christo
3593 2792 3710 2844 tuo.
3753 2788 3974 2844 Conﬁr-

2331 2900 2428 2938 ma
2453 2883 2583 2953 hoc,
2610 2886 2779 2952 Deus,
2806 2880 2959 2952 quod
2984 2884 3259 2952 operatus
3307 2896 3369 2934 es
3397 2878 3457 2932 in
3490 2878 3677 2933 nobis.
3713 2899 3741 2927 ››
3772 2876 3843 2933 Ut
3872 2877 3975 2933 do-

2332 2989 2471 3028 num
2488 2971 2766 3044 baptismi
2780 2971 2931 3042 quod
2950 2968 3473 3041 contulit,Spiritus
3489 2967 3671 3023 sancti
3686 2965 3978 3022 infusione

2330 3062 2654 3117 conﬁrmet.
2683 3082 2712 3110 «
2744 3059 3036 3115 Conﬁrma
3070 3058 3197 3129 hoc,
3227 3060 3395 3126 Deus,
3429 3057 3583 3129 quod
3615 3058 3885 3131 operatus
3915 3071 3979 3111 es

2331 3153 2388 3207 in
2411 3150 2612 3217 nobis;
2640 3150 2789 3204 nboc
2811 3154 2922 3216 est,
2945 3148 3199 3203 salutare
3218 3148 3372 3219 quod
3407 3145 3635 3202 donasti
3681 3144 3845 3201 nobis
3878 3160 3981 3216 per

2333 3247 2496 3297 tuam
2552 3239 2885 3311 passionem
2946 3238 3249 3304 conﬁrma,
3306 3241 3363 3291 et
3389 3236 3463 3291 da
3495 3234 3798 3302 auxilium,
3832 3249 3976 3306 quo-

2250 3343 2293 3409 ρ
2333 3332 2491 3385 niam
2527 3328 2794 3384 homines
2826 3343 3054 3393 sumus,
3087 3330 3143 3381 et
3191 3342 3307 3381 non
3360 3340 3677 3397 possumus
3716 3322 3979 3379 incedere

2330 3422 2391 3475 in
2427 3418 2769 3485 virtutibus,
2830 3418 2880 3473 si
2947 3433 3063 3471 non
3125 3414 3320 3487 adepti
3379 3413 3665 3469 fuerimus
3694 3411 3975 3468 auxilium

2326 3515 2515 3565 tuum.

2401 3638 2428 3665 ‹‹
2460 3620 2507 3668 Α
2539 3612 2757 3685 templo
2789 3617 2887 3667 tuo
2915 3611 3071 3683 quod
3104 3615 3191 3666 est
3220 3608 3279 3665 in
3308 3608 3668 3665 Jerusalem:
3702 3607 3803 3662 tibi
3838 3606 3974 3664 olfe-

2328 3707 2460 3760 rent
2481 3718 2645 3773 reges
2672 3717 2934 3756 munera.
2963 3722 2989 3749 »
3015 3700 3199 3770 Reges
3218 3698 3381 3767 dicit,
3406 3697 3506 3769 qui
3544 3701 3789 3767 regnant
3833 3693 3976 3750 sibi-

2330 3792 2617 3863 metipsis,
2670 3789 2993 3844 secundum
3044 3787 3197 3859 quod
3230 3788 3511 3859 scriptum
3544 3790 3669 3841 est:
3704 3785 3805 3840 Cor
3833 3785 3978 3853 regis

2331 3883 2395 3937 in
2423 3896 2595 3934 manu
2627 3879 2722 3933 Dei
2746 3879 2930 3947 (Prov.
2964 3894 3078 3947 xxx,
3133 3877 3207 3947 1).
3264 3875 3381 3947 Ipsi
3420 3875 3663 3930 offerent
3709 3877 3820 3928 Deo
3853 3888 3979 3927 mu-

2333 3986 2493 4024 nera.
2520 3967 2777 4022 Virtutes
2808 3970 3167 4032 sanctorum,
3202 3981 3448 4020 munera
3478 3966 3616 4019 sunt
3648 3962 3769 4020 Dei.
3814 3958 3915 4015 Vel
3946 3977 3981 4016 a

2334 4056 2551 4129 templo
2575 4055 2672 4111 illo
2722 4054 3028 4126 corporali,
3064 4054 3217 4125 quod
3252 4054 3396 4109 bene
3425 4050 3668 4107 vivendo
3709 4054 3979 4107 sanctum

2333 4147 2616 4202 iecerunt.
2644 4146 2825 4215 Reges
2857 4143 2915 4198 in
2949 4143 3165 4215 quibus
3218 4146 3520 4214 peccatum
3567 4139 3719 4196 ultra
3748 4156 3860 4195 non
3893 4154 3985 4193 re-

2335 4240 2495 4307 gnat,
2525 4233 2851 4289 oIIei-entin
2908 4233 3125 4288 coelesti
3180 4230 3530 4300 Jerusalem,
3589 4245 3715 4300 qua:
3746 4232 3831 4283 est
3854 4222 3983 4299 'pri-

2338 4326 2673 4380 mitivorum
2706 4321 2981 4386 Ecclesia,
3014 4338 3259 4376 munera
3303 4320 3423 4392 regi
3470 4325 3719 4375 interno:
3764 4315 3994 4373 scilicet

2340 4414 2564 4485 seipsos
2583 4414 2889 4467 offerentes
2914 4410 3166 4466 hostiam
3189 4409 3402 4477 vivam,
3422 4407 3743 4481 placentem
3773 4404 3886 4462 Deo
3918 4403 3984 4460 in

2338 4506 2721 4573 conspectum
2756 4500 3017 4557 omnium
3049 4497 3413 4571 angelorum.

2410 4632 2438 4659 «
2473 4610 2713 4680 lncrepa
2741 4608 2959 4663 bestias
3014 4605 3245 4662 calami.
3280 4629 3301 4655 ιο
3338 4604 3536 4661 Bestia:
3596 4603 3824 4669 calami,
3864 4601 3986 4657 dae-

560 4688 970 4761 triumphator
1000 4691 1214 4748 inferni
1248 4697 1415 4764 (Psal.
1447 4698 1632 4768 χχιιι).
1676 4698 1808 4755 Ideo
1867 4706 2061 4756 autem
2096 4708 2237 4773 tym-
2260 4709 2308 4773 D
2340 4715 2543 4753 mones
2578 4702 2733 4765 sunt,
2770 4697 2990 4769 fragilis
3022 4697 3383 4767 inﬁrmisque
3436 4694 3688 4750 virtutis.
3738 4689 3839 4747 Vel
3870 4690 3987 4745 hae-

570 4780 982 4850 panislriarum
1031 4782 1309 4852 quoniam
1357 4793 1653 4842 mortuum
1705 4794 1793 4844 est
1838 4806 2049 4860 corpus
2079 4790 2231 4862 ipso-

570 4882 707 4922 rum
739 4874 994 4940 peccato,
1031 4870 1099 4925 Et
1152 4871 1336 4928 Maria
1386 4892 1549 4930 soror
1596 4876 1776 4948 Moysi
1829 4882 1885 4933 et
1928 4880 2115 4935 Aaron
2152 4885 2229 4935 te-

560 4973 719 5014 nens
754 4962 1100 5030 tympanum
1132 4961 1192 5016 in
1241 4964 1444 5029 exodo,
1487 4968 1866 5023 antecedebat
1914 4968 2228 5038 psallentes

572 5051 630 5102 et
659 5047 929 5103 dicebat:
963 5049 1257 5106 Cantemus
1306 5052 1553 5119 Domino,
1599 5056 1840 5126 gloriose
1884 5058 2030 5111 enim
2061 5058 2228 5113 hono-

573 5137 818 5206 riﬁcatus
845 5146 921 5193 est
975 5140 1167 5209 (Exod.
1230 5156 1316 5195 xv.
1354 5143 1425 5211 1).
1490 5143 1707 5199 Aliter:
1743 5168 1769 5195 ‹‹
1822 5146 2228 5201 Przevenerunt

562 5226 865 5299 principes
888 5228 1082 5299 juncti
1116 5228 1506 5301 psallentibus
1551 5234 1608 5286 in
1664 5235 2223 5303 mediojuvencula-

566 5331 699 5370 rum
754 5316 1327 5387 tympanistriarum.
1367 5341 1394 5367 »
1428 5320 1686 5390 Apostoli
1741 5339 1872 5376 cum
1928 5323 2222 5389 Ecclesiis,

560 5403 769 5474 juncto
795 5406 1013 5476 pariter
1042 5415 1467 5478 przecesserunt
1499 5411 1706 5481 gradu.
1752 5411 1901 5465 Bene
1950 5428 2048 5467 eos
2084 5429 2224 5482 prae-

564 5495 799 5549 venisse
835 5500 1120 5550 testatur:
1154 5498 1295 5567 quia
1352 5499 1643 5568 principes
1699 5498 1833 5553 ﬁdei
1892 5500 1960 5554 de
2006 5502 2228 5556 JUdtBlS

571 5586 731 5635 sunt.

652 5687 679 5718 ι
712 5668 774 5723 In
824 5672 1096 5729 Ecclesiis
1148 5674 1468 5730 benedicitc
1517 5676 1855 5732 Dominum.
1894 5700 1914 5726 ι)
1962 5678 2233 5735 Manifes-

574 5754 697 5810 tius
722 5762 808 5813 est
825 5758 1075 5833 locutus,
1111 5780 1258 5834 quas
1305 5781 1484 5835 supra
1530 5764 1738 5821 dixerit
1765 5768 2225 5839 tympanistrias.
2268 5817 2275 5823 .

2340 4787 2503 4841 retiei
2537 4790 2697 4853 sunt,
2729 4786 2827 4856 qui
2870 4790 3140 4855 tractant,
3191 4790 3247 4840 et
3295 4784 3560 4840 scribunt
3606 4787 3809 4837 contra
3839 4785 3889 4836 te
3919 4783 3988 4835 ut

2339 4875 2632 4945 decipiant
2689 4891 2813 4929 nos.
2848 4873 3085 4945 Oportet
3142 4873 3295 4928 enim
3330 4879 3386 4929 et
3442 4873 3690 4927 haereses
3741 4885 3868 4927 esse
3923 4866 3988 4923 in

2330 4962 2527 5017 nobis.
2559 4964 2711 5019 Ferre
2767 4964 2922 5018 enim
2987 4965 3263 5018 dicuntur
3317 4963 3388 5018 ab
3432 4980 3497 5018 eo
3554 4959 3707 5035 quod
3748 4959 3991 5031 capiunt

2338 5052 2669 5115 animas,et
2703 5052 3083 5108 interﬁciunt.
3138 5052 3240 5106 Vel
3296 5051 3531 5123 increpa
3576 5052 3730 5105 feras
3758 5046 3993 5104 arundi-

2338 5142 2459 5196 nis:
2485 5142 2824 5196 Judzeoruni
2858 5142 3177 5199 belluinam
3210 5140 3569 5213 superbiam.
3602 5162 3629 5189 ‹‹
3665 5142 3989 5210 Congrega-

2338 5230 2415 5285 tio
2448 5236 2750 5285 taurorum
2785 5232 2843 5285 in
2902 5231 3093 5286 vaccis
3147 5230 3515 5301 populorum.
3546 5251 3573 5279 ››
3623 5230 3785 5299 Ipsos
3817 5225 3994 5280 haere-

2338 5321 2481 5375 ticos
2514 5322 2845 5389 signiﬁcat:
2880 5320 3020 5391 quia
3080 5318 3372 5374 neminem
3428 5324 3677 5391 possunt
3730 5314 3997 5387 decipere

2339 5410 2449 5463 nisi
2485 5410 2899 5480 simpliciores,
2932 5414 2988 5463 et
3021 5426 3226 5479 parvos
3255 5426 3266 5463 :
3298 5408 3406 5464 hoc
3426 5414 3536 5473 est,
3567 5422 3771 5462 vaccas
3802 5403 4000 5459 mino-

2339 5516 2449 5553 res.
2487 5500 2715 5554 Tauros
2747 5500 2902 5553 enim
2940 5515 3053 5552 non
3114 5505 3366 5569 possunt
3420 5497 3705 5569 decipere,
3767 5495 3872 5549 hoc
3901 5497 4001 5547 est

2341 5605 2607 5657 magnos.
2645 5612 2670 5635 «
2704 5588 2774 5642 Ut
2804 5586 3115 5642 excludant
3169 5604 3269 5643 eos
3300 5587 3399 5657 qui
3459 5585 3683 5658 probati
3714 5588 3855 5639 sunt
3901 5597 4002 5635 ar-

2338 5683 2533 5747 gento.
2576 5696 2596 5723 «
2630 5678 2699 5731 Et
2729 5681 3034 5747 propterea
3093 5676 3480 5747 simpliciores
3532 5672 3847 5747 decipiunt,
3880 5669 3998 5727 hoc

2342 5771 2450 5833 est,
2484 5764 2953 5836 multitudinem,
3010 5769 3076 5822 ut
3132 5765 3369 5821 veniant
3424 5763 3715 5837 usquead
3756 5763 3997 5818 sanctos
