4256 6580
307 420 459 521 lOSl

308 681 486 737 duces
510 679 845 736 Judzeorum
885 695 897 733 :
930 676 1030 749 qui
1060 676 1522 749 persecutionem
1556 676 1612 730 in
1646 674 1957 730 Dominum

306 769 394 828 vel
425 772 483 825 in
516 773 749 825 sanctos
798 767 925 838 ejus
974 765 1320 834 intulerunt,
1374 765 1589 821 indicat
1623 782 1635 821 :
1671 768 1734 820 ut
1763 763 1904 819 illud
1943 781 1956 822 :

308 860 472 915 Tauri
513 860 747 931 pingues
795 856 1113 913 obsederunt
1173 872 1260 911 me
1322 856 1490 925 (Psal.
1546 872 1658 922 XXI,
1723 854 1828 925 13).
1894 853 1955 908 In

307 947 497 1004 vaccis
539 963 670 1003 vero
720 945 933 1002 stultas
986 944 1181 1018 populi
1231 945 1530 1016 sequentis
1578 944 1805 999 animas
1855 943 1957 997 de-

308 1039 615 1092 monstrat.
649 1035 812 1100 Quod
850 1035 929 1090 ibi
961 1033 1309 1099 ostenditur,
1343 1049 1475 1088 cum
1506 1048 1712 1088 vaccas
1750 1047 1957 1087 aureas

306 1126 367 1181 in
420 1123 685 1181 Samaria
735 1126 843 1180 sub
894 1124 1206 1179 Jeroboam
1257 1122 1513 1178 adoravit
1555 1122 1648 1194 (Ill
1694 1124 1819 1192 Reg.
1854 1137 1954 1190 xu,

306 1215 417 1287 28).
452 1218 598 1286 Ergo
628 1213 939 1270 consilium
965 1230 1167 1268 eorum
1197 1213 1350 1284 quod
1374 1212 1590 1267 habent
1629 1214 1691 1265 ut
1723 1213 1958 1265 sanctos

309 1304 379 1359 de
410 1301 766 1374 viajustitiae
801 1301 1102 1357 retrahant
1136 1320 1147 1357 :
1184 1301 1244 1356 in
1274 1317 1474 1356 eorum
1525 1299 1834 1355 animabus
1862 1315 1955 1361 re-

308 1392 588 1464 quiescat,
623 1393 794 1463 juxta
838 1389 984 1445 illud
1022 1406 1034 1444 :
1072 1389 1300 1445 Gladius
1346 1406 1532 1445 eorum
1585 1391 1748 1443 intret
1779 1388 1841 1441 in.
1869 1402 1960 1442 cor

311 1482 557 1554 ipsorum
588 1481 760 1553 (Psal.
792 1497 983 1545 xxxxx,
1018 1480 1129 1551 15),
1164 1482 1226 1534 ut
1256 1478 1313 1533 bi
1349 1495 1463 1533 non
1496 1477 1880 1533 excludantur
1928 1492 1962 1530 a

308 1586 490 1643 regno
521 1570 644 1640 Dei,
682 1570 782 1642 qui
816 1586 918 1641 per
950 1568 1169 1625 multas
1224 1566 1631 1624 tribulationes
1677 1570 1958 1637 tanquam

310 1664 619 1731 argentum
652 1658 902 1731 probati,
957 1657 1173 1714 inventi
1224 1660 1362 1713 sunt
1400 1657 1568 1727 justi.
1603 1654 1742 1711 Tale
1774 1654 1961 1710 consi-

306 1746 454 1803 lium
506 1748 859 1820 praevidebat
905 1747 1084 1803 Jacob
1135 1763 1269 1801 cum
1324 1745 1541 1801 diceret
1574 1763 1586 1800 :
1618 1748 1682 1800 1n
1733 1744 1959 1800 consilio

309 1853 500 1893 eorum
530 1853 642 1893 non
672 1838 909 1893 introeat
938 1838 1135 1893 anima
1166 1852 1284 1891 mea
1316 1835 1472 1907 (Gen.
1510 1852 1657 1904 xux,
1688 1834 1763 1906 6).

387 1968 416 1997 «
448 1945 681 2016 Dissipa
709 1948 914 2016 gentes
946 1961 1072 2017 quae
1104 1943 1256 2000 bella
1305 1942 1529 1999 volunt.
1564 1964 1591 1993 »
1628 1941 1957 2011 Haereticos,
1992 1956 2039 2020 Β

304 2033 393 2090 vel
424 2034 679 2100 Judaaos,
711 2034 812 2105 qui
844 2033 1193 2105 plerumque
1232 2036 1432 2088 contra
1480 2030 1797 2088 Ecclesiam
1838 2047 1959 2085 cer-

307 2123 532 2179 tamina
552 2122 1065 2195 parant.«Venient
1092 2120 1268 2194 legati
1290 2138 1358 2176 ex
1374 2124 1609 2193 Egypto
1635 2136 1648 2173 :
1672 2118 1961 2191 [Ethiopia

306 2212 621 2284 praeveniet
651 2228 862 2268 manus
895 2212 1025 2283 ejus
1054 2211 1192 2267 Deo.
1228 2232 1254 2260 ι)
1290 2210 1354 2265 In
1384 2208 1865 2265 tribulationibus
1895 2223 1962 2263 ac

309 2300 609 2357 erroribus
639 2299 979 2357 idololatriae
1012 2300 1207 2372 positi,
1244 2297 1330 2356 vel
1379 2298 1481 2370 qui
1526 2297 1778 2370 peccatis
1808 2295 1961 2369 nigri

312 2389 435 2445 sive
468 2388 755 2446 tenebrosi
786 2397 922 2445 sunt
956 2406 968 2444 :
1004 2388 1302 2444 credentes
1351 2388 1505 2459 quod
1555 2386 1822 2443 Christus
1853 2389 1961 2441 Do-

312 2478 512 2534 minus
541 2478 666 2550 ipse
696 2483 785 2534 est
813 2479 969 2534 Deus
1000 2477 1180 2533 Filius
1202 2477 1331 2545 Dei;
1365 2478 1615 2533 offerunt
1665 2475 1717 2531 ei
1764 2490 1965 2530 mune-

311 2585 397 2637 ra,
431 2567 489 2622 id
520 2574 610 2623 est
640 2571 866 2624 mentes
897 2584 1099 2638 puras,
1148 2584 1290 2622 auro
1338 2570 1694 2639 argentoque
1717 2562 1961 2619 lucidio-

318 2673 440 2725 res;
492 2656 630 2729 quia
674 2656 774 2712 ubi
826 2656 1127 2712 abundavit
1168 2659 1471 2728 peccatum,
1502 2652 1965 2726 superabundavit

314 2748 500 2817 gratia
528 2747 700 2818 (Rom.
734 2765 787 2818 v,
819 2747 933 2817 20).

390 2876 417 2904 α
453 2854 653 2925 Regna
693 2858 882 2920 terrae,
917 2856 1145 2909 cantate
1196 2854 1307 2907 Deo
1357 2851 1587 2923 psallite
1631 2851 1893 2907 Domino.
1936 2872 1965 2900 »

315 2943 426 2998 Vos
458 2943 661 3015 utique
692 2942 793 3013 qui
826 2942 991 3015 prius
1016 2947 1317 2997 terrenum
1370 2956 1616 3012 regnum
1660 2939 1967 3010 diligentes

315 3031 680 3103 ignorabatis
710 3036 893 3088 Deum
924 3047 937 3085 :
971 3047 1128 3087 nunc
1158 3028 1338 3086 evicto
1369 3028 1589 3093 carnali
1618 3028 1815 3099 livore,
1848 3046 1965 3086 coe-

316 3120 491 3178 lestia
521 3136 700 3193 regna
729 3120 1064 3192 penetratis.

350 3278 354 3283 .
388 3249 417 3275 «
452 3225 690 3295 Psallite
724 3227 837 3282 Deo
869 3225 968 3297 qui
1002 3225 1267 3281 ascendit
1295 3242 1472 3297 super
1496 3224 1672 3281 caelos
1717 3225 1844 3280 cmli
1895 3226 1966 3281 ad

316 3315 619 3371 orientem.
656 3336 685 3363 ››
718 3313 806 3369 Illi
839 3315 1041 3386 utique
1072 3314 1171 3384 qui
1194 3316 1488 3385 quondam
1518 3314 1724 3369 mortis
1753 3329 1963 3369 occasu
1994 3326 2037 3393 α
2242 3313 2608 3412 ξξᾶᾖξξὶξᾶξξ

316 3404 656 3459 ascenderat
702 3404 763 3457 in
812 3416 1066 3472 crucem,
1118 3401 1382 3457 invectus
1437 3406 1527 3458 est
1583 3418 1743 3457 nunc
1785 3418 1962 3474 super

314 3492 527 3559 sidera,
587 3491 885 3563 victorque
942 3490 1148 3546 mortis
1218 3491 1432 3546 residet
1496 3490 1806 3562 gloriosus.
1872 3491 1962 3546 Ad

315 3580 596 3636 orientem
627 3583 824 3635 autem
857 3594 1085 3650 usque:
1121 3578 1240 3634 sive
1270 3579 1411 3650 quia
1462 3579 1588 3650 ipse
1634 3579 1840 3634 Oriens
1887 3579 1965 3636 sit

319 3669 512 3725 dictus
548 3685 561 3725 :
597 3668 715 3724 sive
746 3668 886 3741 quia
913 3684 1017 3740 per
1046 3684 1181 3723 eum
1213 3684 1416 3724 omnes
1447 3667 1714 3723 oriantur
1759 3669 1831 3723 ad
1878 3668 1961 3724 vi-

316 3762 433 3814 tam
446 3800 459 3813 .

354 3889 416 3918 -‹‹
450 3870 591 3923 Ecce
623 3864 786 3922 dabit
816 3865 937 3922 voci
969 3882 1089 3922 suae
1117 3880 1313 3921 vocem
1358 3863 1592 3921 virtutis
1624 3882 1760 3922 suae.
1793 3887 1820 3916 »
1852 3865 1964 3921 Vo-

318 3956 371 4011 ci
402 3955 631 4012 Domini
661 3959 801 4011 tunc
831 3955 1065 4011 dabitur
1093 3972 1200 4010 vox
1224 3954 1614 4025 virtutis,cum
1649 3955 1803 4027 quod
1828 3972 1969 4028 prse-

315 4043 458 4117 cipit
498 4043 755 4100 efﬁcitur
786 4060 799 4098 :
830 4060 1007 4116 quam
1059 4044 1274 4100 mortui
1325 4060 1459 4099 cum
1510 4044 1822 4111 audierint,
1878 4062 1966 4100 re-

315 4136 582 4205 surgent.
613 4155 640 4181 «
674 4134 812 4187 Date
846 4130 1095 4205 gloriam
1137 4131 1252 4188 Deo
1284 4148 1461 4204 super
1489 4132 1686 4189 Israel.
1721 4156 1750 4183 »
1782 4134 1968 4208 Magis

300 4225 497 4277 'Deum
530 4237 706 4292 quam
740 4220 1032 4276 carnalem
1066 4222 1241 4277 Israel
1272 4222 1571 4277 honorate.
1607 4222 1815 4279 Aliter:
1840 4224 1968 4280 Non

313 4308 504 4377 labiis,
540 4314 604 4364 ut
634 4308 831 4376 Israel,
866 4310 963 4365 sed
999 4310 1169 4366 corde
1200 4309 1482 4367 honorate
1515 4316 1715 4368 Deum.

388 4440 415 4468 ‹‹
450 4415 880 4489 Magniﬁcentia
910 4415 1061 4487 ejus,
1092 4420 1148 4471 et
1174 4416 1359 4472 virtus
1391 4418 1518 4487 ejus
1546 4416 1607 4473 in
1638 4418 1967 4475 nubibus.»

320 4507 379 4563 [n
408 4505 692 4579 apostolis
719 4510 775 4560 et
806 4504 1123 4577 prophetis.
1157 4504 1320 4560 Unde
1352 4504 1492 4560 dicit
1522 4524 1533 4561 :
1569 4507 1820 4563 Μαηάαυί
1860 4526 1968 4564 nu-

320 4597 476 4653 bibus
504 4597 660 4669 meis,
692 4598 753 4651 ut
775 4596 976 4668 pluunt
1022 4610 1184 4667 super
1228 4595 1401 4651 Israel
1451 4596 1683 4652 imbrem
1733 4598 1860 4669 (Isa.
1909 4615 1965 4666 v,

314 4686 392 4757 6).

392 4797 419 4824 ‹‹
452 4771 735 4830 Mirabilis
761 4773 916 4829 Deus
944 4772 1003 4828 in
1036 4773 1256 4831 sanctis
1305 4772 1449 4830 suis.
1494 4796 1521 4823 »
1553 4773 1617 4829 In
1648 4772 1757 4829 hoc
1790 4774 1967 4831 mira-

319 4862 456 4919 bilis
486 4867 573 4919 est
605 4867 755 4917 Deus
789 4880 801 4915 :
837 4862 1115 4935 quoniam
1147 4862 1225 4919 ita
1255 4862 1453 4919 dilexit
1482 4863 1807 4920 humanum
1867 4880 1965 4938 ge-

321 4969 455 5018 nus,
487 4955 552 5008 ut
583 4951 752 5025 signa
782 4952 957 5009 faciat
985 4952 1043 5007 in
1076 4953 1294 5009 sanctis
1328 4952 1471 5010 suis.
1507 4953 1570 5008 In
1601 4952 1729 5011 istis
1778 4955 1967 5028 magis

320 5039 611 5099 mirabilis
643 5044 732 5097 est
756 5040 910 5098 Deus
944 5059 1120 5115 quam
1153 5043 1212 5098 in
1243 5043 1466 5098 caeteris
1497 5044 1965 5116 creaturis,quod

319 5148 418 5188 eos
443 5133 576 5203 post
602 5129 820 5187 multas
845 5130 1255 5188 tribulationes
1302 5131 1486 5188 evexit
1532 5131 1590 5187 in
1636 5132 1965 5189 sublimita-

321 5224 439 5278 tem
473 5218 767 5277 ccelorum.
803 5240 832 5269 «
864 5220 1017 5277 Deus
1048 5221 1227 5277 Israel
1258 5220 1383 5294 ipse
1414 5221 1578 5277 dabit
1607 5222 1881 5278 virtutem
1914 5228 1970 5279 et

318 5309 719 5367 fortitudinem
752 5309 905 5383 plebi
937 5327 1077 5368 sua).
1113 5332 1141 5360 n
1170 5311 1251 5367 Ad
1288 5312 1618 5367 tolerandas
1664 5313 1970 5384 passiones

324 5400 677 5469 mundanas,
704 5398 793 5454 vel
823 5398 1162 5471 spirituales
1210 5399 1521 5473 nequitias.
1558 5423 1583 5449 «
1618 5400 1969 5457 Benedictus

322 5488 498 5544 Deus.
537 5512 563 5537 ››
595 5486 701 5553 Qui
731 5505 837 5543 nos
870 5506 903 5543 a
935 5493 1122 5544 morte
1169 5490 1229 5545 in
1277 5490 1478 5556 vitam,
1523 5507 1555 5544 a
1600 5490 1969 5562 corruptione

319 5576 377 5632 in
410 5575 905 5648 incorruptionem
956 5577 1257 5635 demutare
1301 5578 1593 5652 dignetur,
1641 5585 1702 5633 ut
1750 5580 1970 5635 sanctis

318 5667 445 5738 ejus
476 5664 787 5738 participes
819 5664 976 5735 facti,
1010 5667 1382 5741 sempiternis
1429 5668 1490 5724 in
1537 5684 1669 5725 eum
1738 5669 1971 5741 gaudiis

325 5752 484 5813 exsul
494 5758 705 5812 temus.
737 5756 944 5812 Amen.

1479 445 1981 516 BBEVlAﬁlUM
2025 444 2104 510 ΙΝ
2150 444 2533 510 PSALMOS.

305 592 363 650 et
391 585 704 647 excludant
733 604 831 645 eos
862 584 933 643 de
964 601 1142 660 regno
1173 583 1471 641 ccelorum.
1504 584 1606 643 Vel
1637 586 1694 641 in
1747 583 1951 656 tauris,
1984 580 2039 648 Α

2001 4699 2046 4764 [)
2078 4693 2354 4765 passione
2400 4708 2530 4746 mea
2582 4708 2595 4746 ε

3560 418 3726 504 mea

2595 573 2919 634 PSALMUS
2959 569 3198 631 LXVIII.

2064 653 2126 707 In
2155 650 2321 719 ﬁnem
2346 656 2467 722 pro“
2493 651 2582 705 his
2628 651 2726 721 qui
2774 647 3278 722 committebantur,
3313 644 3568 722 Psalmus
3606 645 3720 722 ipsi

2138 716 2476 778 Davidflste
2509 716 2771 793 psalmus
2802 721 2872 776 de
2905 718 3174 791 passione
3204 716 3632 793 Christisonat,
3655 720 3716 771 et

2139 811 2208 849 ex
2237 810 2486 865 persona
2509 788 2930 865 'membrorum
2981 805 3225 865 suorum
3258 804 3271 844 :
3304 789 3439 865 li_cet
3469 788 3710 865 quidam

2138 865 2199 921 in
2229 859 2295 921 eo
2326 869 2534 937 puteut
2573 865 2623 919 ei
2670 864 2914 920 minime
2956 860 3279 937 convenire2
3326 861 3434 937 Pro
3481 859 3714 937 his_qui

2137 929 2641 992 commutabantur.
2676 933 3066 991 Commutavit
3112 949 3174 987 se
3220 930 3488 985 Christus
3524 946 3538 985 :
3573 929 3712 986 dum

2140 1008 2380 1080 aequalis
2410 1006 2562 1063 Patri
2594 1011 2735 1070 erat,
2757 1002 3212 1080 iformamHservi
3253 1001 3564 1080 aceipiens.
3609 1000 3712 1080 Yel

2139 1071 2245 1135 no's
2277 1083 2709 1135 commutamur
2738 1079 2810 1133 de
2841 1074 3182 1131 inﬁdelitate
3209 1074 3280 1129 ad
3312 1071 3487 1128 ﬁdem
3514 1090 3528 1128 :
3553 1071 3713 1142 quia,

2141 1156 2205 1205 ut
2235 1150 2513 1217 diximus,
2548 1151 2657 1205 iste
2688 1149 2951 1220 psalmus
2982 1162 3179 1220 vocem
3221 1145 3479 1201 continet
3524 1143 3719 1200 Domi-

2140 1223 2254 1277 nici
2287 1222 2544 1278 hominis
2577 1218 2866 1276 venientis
2898 1220 2969 1275 ad
3001 1218 3357 1290 passionem.

2143 1334 2169 1361 ‹‹
2200 1309 2436 1365 Salvum
2487 1327 2579 1365 me
2628 1309 2736 1379 fac,
2792 1310 2991 1364 Deus:
3028 1304 3307 1379 quoniam
3352 1296 3718 1360 intraverunt

2069 1416 2233 1471 aqua:
2268 1416 2451 1471 usque
2482 1400 2552 1454 ad
2585 1399 2843 1453 animam
2878 1413 3088 1452 meam.
3129 1418 3149 1444 ι
3189 1393 3423 1451 Salvere
3451 1409 3579 1447 eam
3611 1391 3717 1447 Pa-

2069 1488 2578 1555 trem,sccundum
2611 1486 2972 1541 inﬁrmitatis
3002 1484 3392 1540 conditionem
3425 1476 3713 1554 postulat:

2070 1576 2349 1647 quoniam
2373 1576 2609 1647 quidem
2643 1579 2840 1631 motus
2868 1572 3070 1647 populi
3101 1571 3389 1629 saevientis
3418 1570 3719 1626 irruerunt

2068 1665 2127 1720 in
2159 1682 2315 1721 eum.

2144 1775 2172 1804 ‹‹
2204 1753 2424 1810 Inﬁxus
2469 1771 2601 1810 sum
2652 1754 2711 1809 in
2758 1752 2900 1809 limo
2937 1751 3229 1825 profundi.
3266 1772 3293 1800 »
3324 1752 3387 1805 In
3424 1747 3718 1817 veteribus

2070 1843 2324 1914 peccatis
2353 1843 2534 1915 hujus
2564 1841 2786 1915 populi.
2825 1865 2852 1893 «
2888 1843 2954 1898 Et
2987 1859 3102 1898 non
3152 1844 3241 1896 est
3288 1835 3639 1896 substantia.
3689 1858 3718 1886 ››

2070 1931 2179 1987 Per
2207 1949 2385 2004 quam
2417 1932 2621 1988 exinde
2652 1933 2891 1988 evadam
2926 1950 2940 1989 :
2974 1931 3089 1988 nisi
3120 1934 3183 1987 tu
3212 1928 3419 1986 salves.

2149 2041 2170 2068 α
2204 2021 2346 2077 Veni
2394 2020 2455 2077 in
2488 2020 2860 2077 altitudinem
2918 2020 3118 2077 maris.
3172 2043 3200 2069 »
3249 2019 3313 2075 In
3362 2015 3719 2090 profundum

2075 2110 2273 2165 saeculi
2304 2110 2495 2165 istius.
2534 2133 2555 2159 ι
2590 2111 2660 2165 Et
2689 2114 3009 2183 tempestas
3041 2106 3319 2165 demersit
3347 2122 3461 2174 me,
3511 2127 3538 2154 »
3589 2119 3719 2176 pro-

2069 2198 2214 2256 cella
2241 2199 2598 2255 Judaeorum.

2142 2312 2169 2338 ‹‹
2222 2287 2499 2343 Laboravi
2547 2286 2809 2343 clamans
2843 2305 2855 2342 :
2889 2302 3076 2343 raucae
3124 2286 3285 2341 factas
3333 2287 3473 2342 sunt
3520 2283 3716 2338 fauces

2072 2395 2232 2434 meae.
2259 2400 2280 2429 ι
2314 2377 2472 2432 Licet
2503 2393 2536 2432 a
2565 2376 2968 2449 peccatoribus
3001 2380 3278 2449 urgeatur
3310 2392 3322 2431 :
3359 2372 3611 2430 clamare
3636 2374 3723 2427 ta-

2072 2484 2206 2523 men
2238 2465 2519 2523 salutaria
2553 2470 2837 2539 praecepta
2882 2482 2995 2521 non
3044 2463 3279 2520 desinit.
3313 2486 3340 2514 ‹‹
3374 2462 3723 2519 Defecerunt

2072 2556 2225 2612 oculi
2257 2555 2392 2623 mei,
2421 2556 2562 2611 dum
2598 2571 2767 2627 spero
2796 2554 2854 2610 in
2888 2560 3070 2610 Deum
3098 2570 3353 2609 meum.»
3386 2552 3721 2624 Secundum

2073 2643 2535 2700 imbecillitatem
2569 2643 2783 2711 carnis,
2815 2641 3067 2715 speravit
3110 2646 3175 2697 ut
3217 2642 3288 2696 ab
3306 2657 3372 2697 eo
3415 2639 3564 2696 calix
3610 2638 3722 2694 iste

2072 2733 2377 2801 transiret;
2414 2733 2513 2789 sed
2547 2732 2872 2789 secundum
2905 2730 3267 2787 divinitatem
3312 2727 3576 2802 implevit
3621 2716 3719 2783 vol

2071 2821 2357 2878 luntatcm
2390 2821 2596 2877 Patris.
3640 2821 3645 2825 ’

2146 2934 2173 2961 ‹‹
2205 2909 2573 2982 Multiplicati
2624 2914 2764 2966 sunt
2813 2926 2986 2982 super
3035 2907 3274 2982 capillos
3323 2905 3528 2980 capitis
3577 2903 3714 2972 mei,

2075 3000 2174 3073 qui
2205 3001 2455 3055 oderunt
2485 3016 2576 3055 me
2606 2998 2806 3071 gratis.
2840 3020 2869 3049 ››
2904 3021 2929 3048 ‹‹
2965 2996 3283 3053 Contortati
3331 2998 3487 3064 sunt,
3543 3017 3564 3045 »
3605 2996 3716 3049 etc.

2074 3089 2207 3145 Ideo
2240 3106 2415 3160 super
2444 3087 2684 3161 capillos
2716 3087 2925 3161 capitis
2964 3086 3099 3157 mei,
3134 3084 3605 3158 multiplicantur
3632 3086 3719 3138 at-

2077 3195 2189 3251 que
2220 3179 2624 3234 confortantur
2654 3194 2667 3231 :
2702 3179 2841 3249 quia
2871 3193 3102 3249 semper
3130 3176 3320 3247 major
3361 3178 3451 3231 est
3487 3166 3719 3246 iniquo-

2076 3284 2208 3323 rum
2241 3283 2521 3322 numerus
2552 3283 2728 3338 quam
2766 3267 3089 3337 justorum.
3120 3288 3147 3315 «
3181 3266 3316 3330 Quae
3366 3280 3481 3319 non
3531 3261 3718 3334 rapui,

2670 3378 2698 3404 »
2728 3355 2851 3410 Non
2884 3355 3038 3409 enim
3091 3358 3211 3409 erat
3259 3353 3484 3409 debitor
3514 3351 3722 3407 mortis

2072 3448 2243 3517 atque
2272 3443 2513 3517 peccati,
2547 3444 2647 3499 sed
2697 3443 2756 3499 in
2806 3442 3075 3516 passions
3104 3442 3357 3497 hostiam
3406 3443 3720 3512 utramque

2072 3532 2401 3606 complevit.

2150 3622 2377 3688 «Deus,
2419 3624 2478 3676 tu
2531 3621 2646 3677 scis
2695 3620 3089 3693 insipientiam
3141 3636 3356 3687 meam,
3405 3621 3461 3674 et
3508 3617 3720 3674 delicta

2074 3728 2203 3768 mea
2233 3729 2266 3767 a
2295 3715 2351 3767 te
2384 3728 2496 3767 non
2531 3714 2667 3766 sunt
2698 3710 3058 3766 abscondita.
3113 3732 3140 3759 »
3193 3708 3313 3765 Scit
3354 3712 3522 3765 Pater
3561 3706 3717 3780 quod

2075 3818 2190 3857 non
2213 3818 2281 3857 ea
2311 3802 2382 3857 de
2412 3800 2572 3857 cmlis
2603 3800 2814 3872 attulit,
2848 3800 2948 3856 sed
2983 3798 3151 3855 nobis
3181 3796 3523 3871 assumpsit,
3548 3800 3613 3853 ut
3642 3796 3723 3851 ait

2075 3890 2361 3964 propheta
2394 3906 2407 3946 :
2444 3889 2569 3963 ipse
2600 3889 2944 3962 iniquitates
2974 3892 3205 3946 nostras
3235 3886 3537 3961 accepit,et
3566 3884 3728 3959 aegri-

2076 3980 2310 4036 tudines
2342 3983 2573 4035 nostras
2603 3979 2853 4052 portavit
2880 3979 3006 4048 (lsa.
3039 3996 3154 4046 LIII,
3190 3978 3264 4050 4).
3299 3978 3368 4033 Et
3398 3975 3612 4032 Paulus
3642 3974 3725 4029 di-

2078 4069 2155 4124 cit
2188 4087 2200 4125 :
2236 4070 2377 4138 Quia
2405 4067 2544 4141 quod
2573 4069 2796 4123 stultum
2827 4075 2904 4123 est
2929 4068 3044 4134 Dei,
3077 4067 3381 4139 sapientius
3425 4068 3506 4121 est
3553 4063 3725 4120 homi-

2077 4158 2243 4214 nibus
2275 4176 2293 4213 :
2322 4161 2370 4212 et
2402 4156 2542 4229 quod
2572 4157 2855 4227 inﬁrmum
2884 4164 2960 4212 est
2989 4157 3105 4223 Dei,
3133 4157 3333 4229 fortius
3361 4162 3441 4210 est
3485 4152 3740 4209 homini?

2078 4248 2174 4302 bus
2206 4246 2397 4316 [(Cor.
2430 4264 2467 4313 ι,
2490 4245 2603 4317 25).
2641 4267 2668 4296 «
2701 4242 2917 4300 Delicta
2947 4261 3078 4300 mea
3124 4261 3158 4300 a
3202 4248 3257 4300 te
3307 4260 3422 4300 non
3453 4245 3591 4299 sunt
3621 4242 3723 4299 ab-

2078 4334 2362 4407 scondita,
2399 4357 2427 4385 »
2458 4338 2522 4390 ut
2552 4332 2696 4389 illud
2733 4352 2745 4390 :
2780 4333 3044 4390 Delicium
3090 4349 3275 4390 meum
3316 4334 3591 4404 cognitum
3623 4331 3728 4388 tibi

2077 4426 2186 4499 feci
2215 4423 2391 4497 (Psal.
2428 4442 2579 4495 xxxn,
2611 4424 2686 4496 5).

2152 4536 2181 4564 «
2214 4514 2339 4569 Non
2375 4515 2725 4569 erubescant
2752 4512 2809 4568 in
2857 4528 2951 4568 me
2996 4511 3095 4585 qui
3146 4512 3481 4585 exspectant
3508 4515 3583 4580 te,
3616 4510 3726 4566 Do-

2082 4603 2260 4672 mine,
2323 4624 2350 4653 »
2379 4607 2487 4658 etc.
2538 4603 2663 4658 Non
2713 4606 3023 4659 evacuetur
3066 4618 3200 4675 spes
3245 4601 3609 4657 credentium
3657 4599 3728 4657 de

2648 4691 2746 4747 sed
2796 4696 3151 4764 cognoscant
3180 4690 3319 4765 quia
3362 4689 3727 4749 voluntatem

2078 4787 2241 4835 tuam
2276 4780 2461 4836 facere
2492 4780 2643 4849 veni,
2678 4780 2830 4835 sicut
2859 4780 3145 4854 sequitur.

2154 4889 2181 4921 α
2210 4868 2491 4934 Quoniam
2525 4872 2761 4942 propter
2789 4873 2843 4925 te
2875 4869 3127 4926 sustinui
3154 4870 3531 4944 opprobrium
3560 4885 3724 4943 :ope-

2078 4956 2217 5025 ruit,
2279 4980 2299 5006 ιι
2355 4960 2463 5013 etc.
2523 4957 2762 5029 Propter
2800 4958 3158 5015 voluntatem
3194 4958 3398 5028 Patris,
3434 4958 3723 5015 malorum

2076 5046 2430 5119 improperia
2472 5047 2852 5120 supportavit,
2886 5053 2941 5105 et
2988 5046 3337 5105 verecundia
3384 5051 3567 5103 tectus
3614 5052 3723 5114 est,

2079 5153 2210 5192 cum
2245 5136 2304 5190 in
2338 5141 2646 5208 assumpta
2677 5148 2848 5192 carne
2881 5136 3234 5192 colliditur:
3298 5137 3437 5210 quia
3475 5154 3591 5192 una
3620 5152 3725 5191 vo-

2079 5224 2276 5282 luntas
2302 5225 2412 5281 fuit
2442 5224 2713 5294 Patris,et
2738 5224 2861 5280 Filii
2888 5227 3037 5299 quod
3065 5226 3346 5283 sustinuit
3367 5226 3722 5300 passionem.

2078 5314 2205 5383 Vel,
2243 5339 2263 5364 α
2300 5315 2530 5389 operuit
2561 5314 2843 5387 confusio,
2882 5338 2907 5363 n
2939 5316 3171 5388 quando
3203 5319 3563 5390 negaverunt
3583 5332 3722 5387 apo-

2062 5400 2237 5460 'stoli.

2154 5518 2178 5541 ‹‹
2217 5494 2542 5549 Extraneus
2577 5493 2791 5548 factum
2821 5510 2952 5548 sum
2988 5494 3264 5550 fratribus
3313 5494 3481 5563 meis,
3536 5517 3563 5543 ››
3614 5499 3721 5552 etc.

2083 5582 2262 5638 Filius
2293 5583 2448 5638 enim
2482 5586 2605 5638 erat
2633 5585 2945 5655 Synagogae
2977 5588 3129 5639 sicut
3157 5589 3214 5639 et
3259 5583 3365 5653 illi,
3398 5584 3724 5642 secundum

2086 5672 2348 5729 ordinem
2379 5672 2803 5746 corporationis
2846 5676 3106 5743 terrenae,
3149 5691 3181 5729 a
3225 5674 3442 5747 quibus
3488 5678 3726 5732 exteret

2081 5760 2295 5835 hospes
2324 5761 2562 5818 habitus
2592 5759 2867 5835 estzquia
2896 5760 2981 5818 illi
3012 5761 3329 5822 sceleribus
3343 5767 3509 5822 erant
3525 5762 3682 5839 pleni
