4256 6608
542 395 704 462 4083

2039 398 2457 464 APPENDIX.

3796 394 3960 464 ιοθι

545 532 643 592 hic
684 551 817 592 vero
870 551 1073 610 expers
1122 536 1362 610 peccati.
1409 560 1430 589 ι
1464 537 1785 595 Extraneus
1815 537 2006 595 factus
2057 553 2190 593 sum
2219 535 2275 603 Α
2304 536 2617 609 passionis,
2651 535 2712 592 in
2743 551 2857 609 quo
2888 536 3060 593 Pater
3086 530 3279 591 aiebat
3313 547 3326 589 :
3359 531 3457 589 Hic
3483 539 3563 591 est
3587 532 3764 591 Filius
3801 550 3963 593 meus

544 625 827 682 fratribus
865 626 1039 683 meis.
1070 650 1091 678 ι
1128 628 1359 683 Fratres
1410 626 1663 696 Domini,
1713 626 1981 701 apostoli.
2032 627 2193 683 Unde
2303 627 2554 693 dilectus,
2587 629 2648 682 in
2676 642 2781 699 quo
2809 625 2954 682 mihi
2970 625 3278 697 complaeui
3289 622 3499 695 (Matth.
3534 641 3620 694 ιιι,
3654 625 3764 696 17).
3802 626 3961 681 Tem-

547 714 739 771 dixit:
773 716 1059 774 Nuntiabo
1086 732 1282 774 nomen
1323 727 1481 773 tuum
1528 720 1797 789 fratribus
1842 720 1980 773 meis
2018 717 2190 788 (Psal.

2298 735 2404 791 pus
2445 718 2783 791 beneplaciti,
2833 718 2993 787 Deus,
3048 717 3111 770 in
3160 713 3516 769 multitudine
3563 715 3961 771 misericordia:

545 819 665 869 xxx,
694 805 805 874 23).
842 828 864 857 ι
901 805 1251 878 Peregrinus
1283 806 1421 862 ﬁliis
1451 808 1659 863 matris
1690 824 1850 863 meae.
1877 831 1898 859 ι
1928 806 2195 862 Christus
2304 817 2433 865 tum.
2475 808 2685 864 Omnia
2731 806 2888 862 enim
2937 809 3204 877 tempora
3252 807 3355 859 tua
3402 802 3765 876 beneplacita
3793 808 3958 872 sunt,

548 893 913 965 peregrinus,
946 898 1013 949 ut
1051 894 1132 950 ait
1160 893 1443 967 Cleophas
1494 914 1506 951 :
1559 897 1631 951 Tu
1677 898 1828 951 solus
1868 896 2196 968 peregrinus

548 997 606 1038 es
636 984 695 1038 in
722 983 1030 1040 Jerusalem
1072 985 1223 1053 (Luc.
1275 1001 1425 1050 xxw,
1480 985 1587 1056 18).
1641 984 1837 1055 Solus,
1870 984 2006 1056 quia
2037 984 2196 1040 solus

548 1074 607 1127 et
637 1072 865 1144 primus
899 1073 1217 1129 resurrexit
1243 1072 1615 1129 immortalis.
1650 1074 1719 1129 Et
1761 1078 1967 1139 mater,
2013 1074 2195 1143 Syna-

548 1176 717 1234 goga.

626 1272 654 1300 «
685 1250 970 1319 Quoniam
1004 1251 1164 1308 zelus
1193 1252 1404 1308 domus
1437 1256 1548 1308 tua:
1580 1251 1835 1307 comedit
1865 1268 2024 1307 me.»
2055 1250 2199 1314 Quia

547 1338 810 1396 fecerunt
836 1357 965 1395 eam
996 1339 1336 1413 speluncam
1367 1340 1684 1396 latronum.
1724 1362 1751 1391 ‹‹
1782 1341 1848 1395 Et
1890 1340 2200 1413 opprobria

547 1429 992 1501 exprobantium
1025 1428 1129 1484 tibi
1163 1430 1499 1486 ceciderunt
1547 1447 1725 1503 super
1770 1447 1881 1485 me.
1919 1452 1947 1479 »
1981 1431 2197 1501 Expro-

546 1517 884 1574 brationum
914 1519 1362 1592 enimjurgium
1404 1534 1583 1592 super
1628 1536 1762 1575 eum
1813 1521 2195 1591 projecerant,

547 1624 681 1663 cum
709 1624 844 1664 eum
874 1612 932 1664 et
961 1608 1480 1676 Samaritanum,et
1499 1608 1854 1663 daemonium
1887 1607 2198 1662 habentem

545 1702 838 1754 vocarent.
874 1696 1037 1753 Unde
1063 1697 1250 1753 Judaei
1289 1702 1494 1754 contra
1536 1697 1833 1753 Christum
1880 1696 2193 1752 dicebant:

550 1785 611 1842 Si
638 1787 813 1841 Filius
841 1787 940 1841 Dei
966 1802 1040 1854 es,
1071 1786 1330 1842 descende
1356 1787 1421 1842 de
1447 1803 1625 1855 cruce,
1663 1794 1713 1842 et
1758 1786 2029 1842 credimus
2075 1785 2195 1839 tibi.

550 1874 699 1931 Alios
726 1875 905 1930 salvos
932 1877 1066 1946 fecit
1089 1894 1108 1930 :
1136 1876 1377 1948 seipsum
1404 1892 1513 1931 non
1539 1880 1715 1947 potest
1761 1876 1977 1931 salvum
2018 1877 2201 1945 facere
2229 1912 2276 1976 B

549 1960 761 2029 (Matth.
813 1978 988 2030 xxvn,
1022 1964 1110 2031 40,
1143 1964 1254 2035 li2).
1306 1963 1414 2028 Qui
1464 1964 1815 2035 exprobrant
1862 1963 2093 2033 Filium,
2144 1966 2201 2017 et

550 2048 781 2106 Patrem
814 2052 1183 2124 exprobrant,
1198 2053 1337 2125 quia
1369 2053 1467 2125 qui
1496 2070 1610 2109 non
1642 2052 1825 2109 credit
1855 2052 2201 2121 Filium,nec

557 2138 785 2195 Patrem
815 2140 1014 2198 habet.

621 2250 652 2277 «
687 2227 903 2300 Operui
931 2228 991 2285 in
1013 2229 1240 2302 jejunio
1273 2231 1532 2287 animam
1556 2235 1832 2298 meam,ct
1864 2231 2080 2286 factum
2114 2232 2204 2284 est

551 2314 610 2371 in
641 2318 1018 2389 opprobrium
1054 2319 1266 2375 mihi.»
1299 2319 1687 2392 Opprobrium
1721 2319 1877 2376 enim
1908 2320 1958 2375 ei
1992 2319 2203 2374 inferre

550 2405 873 2461 conabatur
905 2423 919 2462 :
954 2423 1089 2465 cum
1121 2412 1353 2464 tentans
1382 2425 1515 2465 eum
1547 2413 1786 2465 Satanas
1832 2408 1914 2464 ait
1945 2426 1958 2466 :
1995 2410 2095 2464 Dic
2143 2415 2205 2464 ut

551 2494 767 2564 lapides
813 2496 907 2551 isti
948 2513 1119 2568 panes
1166 2499 1303 2569 ﬁant
1333 2499 1538 2566 (Matth.
1571 2515 1647 2565 iv,
1695 2499 1771 2570 2).
1817 2497 1919 2553 Vel
1968 2498 2202 2570 quando

551 2582 825 2640 dixerunt
851 2584 1121 2659 discipuli
1155 2603 1168 2643 :
1202 2587 1397 2657 Rabbi,
1424 2588 1712 2644 mendum.
1744 2585 1851 2643 Ille
1881 2586 2027 2642 dixit
2047 2605 2065 2642 :
2087 2588 2203 2660 Ego

550 2674 737 2730 cibum
766 2675 934 2732 habeo
962 2678 1314 2733 manducare
1342 2694 1498 2749 quem
1528 2694 1617 2733 vos
1644 2678 1868 2733 nescitis
1899 2678 2092 2749 (Joan.
2126 2693 2202 2745 ιν,

552 2764 642 2833 31,
673 2763 785 2833 32).
819 2764 890 2820 Et
920 2765 978 2821 in
1005 2765 1120 2822 alio
1150 2765 1275 2822 loco
1309 2784 1321 2822 :
1358 2768 1681 2840 Operamini
1723 2782 1831 2822 non
1880 2767 2063 2821 cibum
2110 2767 2206 2837 qui

548 2855 712 2924 perit,
744 2855 842 2910 sed
868 2857 966 2927 qui
990 2861 1277 2927 permanet
1303 2859 1363 2912 in
1393 2858 1561 2913 vitam
1591 2865 1863 2914 aeternam
1893 2857 2075 2927 (Joan.
2118 2872 2202 2921 vx,

551 2942 666 3012 27).
696 2942 809 2998 Sed
840 2944 1136 3001 esuriebat
1167 2945 1435 3001 Christus
1466 2945 1715 3001 salutem
1748 2943 1993 3000 humani
2036 2960 2207 3016 gene-

555 3029 657 3084 ris.
689 3029 791 3086 Vel
821 3033 1116 3089 esuriebat
1144 3033 1317 3089 {idem
1344 3034 1610 3090 Ecclesia
1645 3050 1658 3089 :
1693 3034 1832 3106 quia
1862 3031 2093 3088 nullum
2125 3032 2205 3088 ci-

557 3117 712 3173 bum.
731 3136 765 3175 a
792 3120 1007 3177 Iudaeis
1038 3121 1384 3178 inveniebat.

2306 899 2406 953 sed
2440 895 2763 969 praesertim
2797 894 2905 951 hoc
2935 899 3169 966 tempus
3222 908 3337 965 quo
3387 908 3518 948 mea
3554 893 3826 964 passione
3856 908 3957 967 ge-

2307 1003 2419 1042 nus
2450 986 2780 1041 humanum
2812 983 3073 1050 redimis,
3118 981 3550 1055 quodammodo
3598 980 3732 1054 plus
3778 982 3959 1037 bene-

2308 1075 2589 1147 placitum
2622 1073 2786 1130 facis.
2820 1096 2848 1123 ‹‹
2880 1071 3102 1127 Exaudi
3152 1088 3264 1136 me,
3314 1070 3576 1139 Domine,
3610 1070 3670 1125 in
3716 1071 3960 1127 veritate

2308 1162 2515 1219 salutis
2546 1168 2679 1218 tuae.
2716 1186 2743 1212 ››
2777 1162 2849 1218 Ut
2879 1165 3009 1235 post
3037 1177 3230 1216 veram
3263 1163 3533 1228 mortem,
3580 1160 3958 1216 resurrectio-

2308 1252 2401 1309 nis
2432 1254 2644 1308 veritas
2671 1252 3041 1325 approbatur.

2379 1365 2406 1393 ‹‹
2440 1343 2610 1415 Eripe
2642 1359 2734 1397 me
2764 1342 2835 1397 de
2864 1340 3007 1411 luto,
3042 1343 3106 1394 ut
3136 1356 3248 1395 non
3282 1338 3549 1411 inﬁgar.»
3578 1339 3959 1410 Quaerejuxta

2308 1432 2597 1502 quosdam
2638 1447 2709 1487 ne
2752 1430 2994 1486 forsitan
3025 1429 3240 1497 lutum,
3273 1429 3465 1484 carnis
3496 1445 3669 1501 quam
3701 1428 3959 1501 suscepit

2309 1520 2598 1593 significet
2627 1520 2928 1576 vilitatem.
2957 1522 3093 1574 Orat
3123 1522 3189 1573 ut
3223 1534 3338 1573 non
3369 1517 3429 1573 in
3459 1517 3582 1574 luto
3611 1521 3667 1575 et
3696 1517 3957 1590 pulvere,

2309 1610 2463 1666 sicut
2493 1627 2665 1666 omne
2696 1610 3023 1665 humanum
3076 1625 3261 1681 genus
3306 1606 3661 1675 dissolvitur,
3694 1624 3956 1663 corrum-

2309 1703 2502 1772 patur.
2556 1723 2583 1749 «
2632 1699 2841 1754 Libera
2900 1715 2993 1753 me
3045 1698 3117 1753 ab
3165 1697 3261 1752 his
3304 1697 3405 1770 qui
3463 1697 3712 1753 oderunt
3761 1714 3871 1752 me.
3926 1718 3956 1746 »

2308 1793 2523 1860 Aperte
2570 1789 2691 1845 haec
2722 1789 2793 1844 de
2823 1787 3062 1854 Judaeis,
3095 1786 3194 1858 qui
3226 1802 3358 1842 eum
3404 1802 3707 1858 nunquam
3741 1785 3956 1842 dilexe-

2311 1883 2473 1943 runt,
2507 1876 2668 1932 dicit.
2703 1900 2728 1927 ‹‹
2766 1877 2833 1932 Et
2861 1877 2932 1931 de
2982 1874 3289 1948 proluudis
3333 1890 3647 1946 aquarum.
3690 1875 3813 1930 Non
3862 1890 3957 1930 me

2311 1967 2611 2039 demergat
2638 1970 2959 2038 tempestas
2990 1981 3212 2035 aqua.»
3245 1963 3372 2018 Haec
3404 1963 3696 2035 passionis
3734 1966 3955 2036 tempe-

2310 2061 2435 2113 stas
2467 2072 2582 2111 non
2615 2072 2748 2110 eum
2780 2054 2839 2108 in
2872 2052 3271 2125 profunditate
3319 2052 3515 2125 abyssi
3570 2052 3815 2108 retineat
3861 2053 3952 2107 in-

2310 2144 2572 2201 fernalis.
2607 2166 2635 2194 »
2666 2144 2865 2215 Neque
2911 2143 3222 2199 absorbeat
3267 2158 3362 2198 me
3410 2141 3786 2214 profundum.
3816 2163 3845 2191 »
3889 2141 3955 2196 In

2312 2250 2428 2307 quo
2458 2235 2598 2289 dum
2633 2250 2734 2306 per
2762 2237 3009 2289 mortem
3042 2230 3364 2303 descendit,
3396 2247 3514 2287 non
3543 2230 3846 2287 devoretur
3882 2230 3958 2285 ab

2311 2340 2398 2379 eo.
2432 2345 2461 2373 ‹‹
2496 2323 2693 2395 Neque
2723 2325 2929 2393 urgeat
2957 2338 3134 2393 super
3180 2338 3274 2376 me
3323 2324 3537 2393 puteus
3574 2337 3639 2377 os
3681 2337 3875 2376 suum.
3927 2341 3957 2369 ι»

2310 2411 2520 2469 Aditus
2550 2410 2783 2479 inferni,
2805 2410 2924 2465 sive
2956 2408 3246 2465 diabolus.

2386 2524 2415 2551 ‹‹
2443 2501 2663 2557 Exaudi
2696 2517 2808 2569 me,
2845 2499 3105 2567 Domine,
3130 2498 3407 2571 quoniam
3438 2498 3690 2571 benigna
3731 2502 3818 2554 est
3846 2498 3958 2553 mi-

2312 2590 2632 2646 sericordia
2660 2593 2787 2644 tua:
2810 2588 3133 2645 secundum
3168 2586 3609 2643 multitudinem
3640 2586 3961 2644 miseratio-

2313 2696 2457 2735 num
2490 2684 2726 2735 tuarum
2759 2678 2981 2750 respice
3014 2694 3127 2733 me.
3156 2701 3178 2730 ι)
3208 2677 3335 2733 Haec
3365 2676 3685 2733 secundum
3719 2676 3960 2732 infirmi-

2313 2773 2491 2824 tatem
2524 2769 2845 2824 humanam
2879 2766 3139 2839 postulat
3168 2766 3367 2823 dicens
3416 2782 3430 2822 :
3481 2766 3590 2831 Qui
3637 2765 3780 2822 alios
3825 2781 3959 2822 mea

2313 2858 2586 2931 passione
2617 2857 2882 2927 redimis,
2935 2872 3047 2927 me,
3100 2860 3493 2929 praecurrente
3538 2855 3955 2923 misericordia,

2313 2947 2732 3019 contemplare.

2389 3058 2417 3086 «
2449 3037 2574 3092 Non
2606 3038 2832 3093 avertas
2856 3034 3074 3107 :faciem
3117 3037 3281 3090 tuam
3328 3050 3363 3089 a
3411 3050 3591 3107 puero
3620 3037 3743 3090 tuo.
3780 3056 3801 3083 ι
3836 3034 3962 3090 Vox

2312 3125 2528 3181 Christi
2575 3126 2645 3181 ad
2679 3124 2929 3194 Patrem,
2961 3123 3062 3194 qui
3122 3122 3371 3178 formam
3419 3122 3569 3179 servi
3625 3123 3860 3195 accepit,
3893 3127 3963 3179 ut

627 3230 657 3258 «
689 3208 862 3265 Posui
895 3209 1311 3267 vestimentum
1364 3227 1561 3267 meum
1610 3210 1887 3279 cilicium,
1920 3214 1977 3266 et
2015 3212 2205 3266 factus
2244 3278 2276 3286 _
2315 3214 2396 3271 ait
2425 3213 2709 3286 propheta
2741 3230 2754 3268 :
2788 3213 3043 3283 Magnum
3070 3219 3149 3267 est
3178 3210 3279 3267 tibi
3307 3213 3493 3267 vocari
3516 3227 3753 3283 puerum
3778 3227 3961 3267 meum

555 3312 688 3351 sum
718 3295 834 3354 illis
864 3297 923 3354 in
955 3299 1349 3371 parabolam.»
1375 3300 1433 3357 In
1459 3317 1627 3357 sacco
1653 3299 1845 3356 luctus
1877 3300 2207 3356 ostenditur
2235 3278 2277 3346 (ἶ
2316 3278 2443 3374 (Isa,
2473 3278 2624 3371 xnix,
2654 3304 2730 3374 6).
2767 3323 2795 3352 »
2829 3278 3112 3366 Quoniam
3154 3300 3423 3371 tribulor,
3454 3278 3726 3357 velociter
3751 3300 3959 3357 exaudi

552 3384 640 3441 vel
674 3386 845 3443 fletus
878 3404 890 3444 :
926 3404 1040 3460 quo
1069 3387 1128 3444 in
1162 3392 1347 3445 morte
1379 3390 1574 3446 Lazari
1599 3389 1839 3456 usus,in
1862 3388 2204 3463 parabolam

554 3474 741 3532 factus
770 3480 861 3533 est
887 3477 1129 3545 Judaeis,
1160 3495 1319 3547 cum,
1368 3495 1433 3535 eo
1482 3479 1675 3550 flente,
1727 3479 1993 3534 dicerunt
2026 3496 2039 3535 :
2076 3483 2207 3535 Ecce

552 3565 818 3635 quomodo
852 3566 1071 3623 amabat
1117 3582 1241 3622 eum
1274 3566 1450 3639 (Joan.
1484 3585 1563 3633 x1,
1598 3568 1709 3639 36).
1741 3567 1852 3622 Alii
1881 3583 2015 3623 vero
2048 3566 2205 3622 :Non

544 3656 764 3725 poterat
796 3654 888 3709 hic
916 3657 1014 3727 qui
1042 3657 1262 3727 aperuit
1302 3657 1482 3713 oculos
1527 3659 1668 3713 caeci
1712 3659 1852 3723 nati,
1900 3659 2102 3728 facere,
2143 3660 2204 3712 ut

551 3746 602 3797 et
632 3740 722 3797 hic
748 3758 859 3798 non
888 3746 1199 3799 moreretur
1227 3744 1384 3815 (Ibid.
1419 3745 1550 3816 37)?

624 3852 654 3880 ‹‹
677 3831 970 3888 Adversus
991 3848 1084 3889 me
1105 3834 1522 3890 exercebantur
1541 3834 1642 3905 qui
1672 3834 1954 3890 sedebant
1981 3833 2037 3889 in
2065 3851 2202 3907 por-

550 3919 631 3972 ta.
665 3939 694 3968 »
727 3916 813 3974 Illi
866 3918 1087 3977 scilicet
1135 3921 1255 3994 qui,
1310 3920 1593 3977 habentes
1651 3921 1873 3978 clavem
1923 3922 2198 3990 scientiae,

554 4020 743 4078 neque
783 4006 1126 4078 introibant,
1179 4027 1365 4083 neque
1413 4010 1558 4066 alios
1609 4010 1848 4067 introire
1897 4011 2199 4084 permitte-

553 4095 723 4166 bant;
758 4097 971 4154 Scribaa
1002 4102 1058 4155 et
1084 4098 1357 4156 Pharisaei
1390 4100 1489 4173 qui
1521 4099 1933 4156 discernebant
1970 4117 2199 4172 causas,

551 4201 683 4241 cum
718 4186 988 4244 sederent
1015 4188 1074 4243 in
1107 4187 1342 4261 publico
1365 4188 1610 4261 judicio.
1651 4212 1673 4239 ι
1706 4191 1775 4245 Et
1813 4190 1872 4245 in
1924 4206 2017 4246 me
2048 4190 2200 4263 psal-

551 4272 751 4331 lebant
799 4276 897 4349 qui
952 4277 1228 4334 bibebant
1274 4280 1497 4335 vinum.
1531 4300 1560 4329 »
1593 4279 1816 4352 Repleti
1864 4279 2021 4349 enim
2068 4280 2202 4335 vino

549 4362 899 4437 iniquitatis,
929 4366 1178 4439 qualiter
1197 4384 1332 4424 eum
1359 4367 1769 4439 interﬁcerent,
1794 4369 2200 4425 concinebant.

550 4452 740 4510 Stulte
770 4454 927 4510 enim
960 4454 1178 4529 psallit,
1213 4457 1311 4529 qui
1342 4457 1402 4512 in
1435 4462 1615 4513 Deum
1648 4457 1887 4514 molitur
1931 4458 2199 4515 insidias.

552 4540 755 4598 Sciens
785 4543 942 4599 enim
984 4544 1277 4615 Propheta
1322 4545 1569 4601 stultum
1617 4545 1676 4601 in
1731 4546 2028 4620 aliquibus
2075 4563 2204 4603 esse

2315 3410 2427 3449 me.
2462 3415 2490 3444 »
2524 3392 2597 3448 Ut
2628 3408 2925 3448 resumam
2956 3391 3231 3463 spiritum
3267 3407 3280 3446 :
3314 3405 3491 3463 quem
3521 3390 3640 3446 tuis
3687 3389 3958 3447 manibus

2312 3481 2739 3538 commendavi.

2391 3589 2413 3618 ι
2446 3570 2686 3626 Intende
2731 3569 2941 3625 animai
2990 3584 3152 3635 meae,
3194 3572 3252 3624 et
3288 3567 3473 3624 libera
3517 3584 3645 3625 eam
3679 3586 3692 3625 :
3725 3571 3961 3641 propter

2312 3658 2582 3715 inimicos
2628 3675 2790 3715 meos
2839 3658 2997 3731 eripe
3045 3673 3158 3713 me.
3194 3681 3222 3708 ››
3257 3657 3347 3728 Ut,
3380 3674 3473 3714 me
3503 3663 3838 3730 resurgente
3885 3658 3956 3714 ab

2312 3747 2534 3816 inferis,
2568 3748 3005 3803 confundantur
3037 3762 3051 3803 :
3085 3746 3248 3803 Unde
3276 3745 3543 3802 Christus
3584 3746 3726 3819 dixit
3756 3763 3769 3802 :
3801 3748 3960 3803 Pote-

2310 3841 2506 3893 statem
2532 3838 2701 3893 habeo
2729 3835 2972 3907 ponendi
3000 3836 3250 3891 animum
3276 3851 3457 3892 meam
3484 3837 3660 3903 (Joan.
3690 3853 3745 3906 x,
3778 3836 3884 3906 18).

2384 3949 2411 3977 ‹‹
2442 3926 2529 3982 Tu
2581 3927 2696 3982 scis
2734 3924 3157 3998 improperium
3209 3940 3405 3981 meum
3454 3929 3512 3980 et
3558 3924 3956 3981 confusionem

2312 4032 2526 4087 meam,
2563 4038 2590 4065 ››
2622 4020 2729 4071 etc.
2758 4018 2942 4081 Quam
2975 4014 3035 4069 in
3065 4018 3374 4086 assumpta
3402 4013 3662 4071 sustineo
3692 4030 3883 4070 carne.

2388 4106 2505 4161 «In
2558 4108 2874 4178 conspectu
2923 4107 3024 4159 tuo
3073 4107 3212 4160 sunt
3257 4118 3461 4159 omnes
3518 4103 3619 4175 qui
3675 4101 3962 4159 tribulant

2312 4211 2426 4251 me.
2462 4217 2491 4245 ››
2524 4196 2610 4250 Tu
2642 4194 2805 4249 vides
2837 4192 3040 4266 quales
3068 4192 3213 4249 mihi
3244 4191 3651 4249 tribulationes
3686 4191 3958 4259 inferant,

2311 4288 2368 4338 et
2398 4285 2713 4341 ostendant
2739 4282 3066 4339 illusiones.
3093 4305 3121 4333 ‹‹
3154 4281 3581 4355 Improperium
3612 4280 3962 4354 exspectavit

2311 4390 2409 4431 cor
2439 4389 2659 4437 meum,
2691 4376 2750 4427 et
2781 4371 3101 4428 miseriam.
3126 4395 3148 4424 ι)
3185 4373 3606 4443 Improperium,
3638 4369 3957 4443 passionis;

2312 4486 2340 4513 ‹‹
2383 4466 2439 4518 et
2472 4460 2792 4528 miseriam,
2828 4482 2856 4510 »
2887 4461 2944 4515 id
2978 4465 3066 4516 est
3095 4459 3450 4516 contumelia
3478 4459 3689 4516 crucis.

2383 4574 2410 4602 ‹‹
2446 4549 2713 4606 Sustinui
2745 4552 2841 4622 qui
2877 4549 3054 4606 simul
3103 4548 3637 4618 contristaretur,-»
3667 4551 3771 4605 etc.
3814 4546 3962 4603 Nul-

551 4630 799 4703 psallere
831 4649 843 4687 :
879 4633 1016 4688 audi
1051 4632 1303 4706 qualiter
1331 4635 1535 4691 doceat
1570 4636 1856 4707 quosdam
1889 4652 1902 4690 :
1937 4636 2193 4706 Psallite,
2228 4654 2275 4719 D
2306 4639 2400 4697 lus
2432 4641 2503 4695 de
2532 4630 2699 4695 tanta
2729 4637 3108 4695 multitudine
3137 4638 3495 4711 iniquorum,
3548 4641 3649 4694 aut
3699 4653 3961 4710 compas-

551 4718 766 4792 inquit,
799 4722 1075 4793 sapienter:
1100 4722 1273 4795 (Psal.
1307 4742 1454 4792 XLVI,
1488 4726 1562 4796 8).
1597 4725 1695 4782 Vel
1726 4726 1870 4782 ebrii
1917 4730 2084 4782 erant
2125 4727 2197 4783 de
2240 4718 2247 4719 ⁷
2309 4748 2412 4787 sus
2441 4734 2530 4786 est
2560 4728 2858 4785 doloribus
2889 4727 3059 4797 meis,
3094 4732 3195 4784 aut
3224 4726 3446 4784 exstitit
3476 4725 3821 4784 consolator.

550 4806 705 4876 vino,
739 4810 973 4881 quando
1007 4811 1346 4883 operiebant
1375 4817 1551 4886 caput
1579 4815 1728 4887 ejus,
1784 4818 1841 4870 et
1877 4814 2149 4871 dicebant
2182 4833 2196 4871 :

557 4897 881 4971 Prophetiza
920 4900 1098 4969 nobis,
1132 4901 1367 4972 Christe,
1417 4904 1538 4975 quis
1582 4912 1661 4960 est
1709 4906 1808 4977 qui
1848 4913 1899 4961 te
1930 4906 2203 4977 percussit

550 4987 701 5059 (Luc.
734 5006 873 5055 XXII,
902 4989 1015 5062 64).
1436 5000 1443 5005 ‘

621 5100 650 5128 ‹‹
682 5078 800 5152 Ego
825 5095 958 5135 vero
982 5079 1301 5136 orationem
1326 5097 1517 5157 meam
1544 5082 1615 5137 ad
1639 5087 1713 5151 te,
1732 5081 1990 5138 Domine.
2020 5105 2048 5134 »
2073 5082 2200 5139 Non

548 5167 707 5223 enim
758 5168 961 5225 vincor
1010 5169 1102 5225 his
1153 5171 1548 5243 passionibus,
1582 5172 1721 5244 quia
1749 5174 1942 5227 tecum
1975 5187 2106 5228 sum
2139 5171 2197 5227 in

548 5257 827 5314 oratione.
855 5281 883 5309 ››
914 5259 1032 5332 Ego
1054 5275 1187 5337 vero
1218 5259 1537 5317 orationem
1568 5276 1759 5316 meam
1791 5260 1861 5316 ad
1895 5264 1971 5329 te,
1991 5262 2198 5317 Deus.»

546 5346 770 5403 Judaeis
831 5347 975 5402 mihi
1036 5349 1520 5406 maledicentibus
1570 5354 1746 5420 atque
1801 5348 2130 5406 dicentibus
2183 5367 2197 5408 :

553 5435 845 5509 Cruciﬁge,
895 5438 1154 5508 cruciﬁge
1206 5454 1336 5493 eum
1392 5438 1574 5511 (Joan.
1621 5455 1739 5506 xxx,
1788 5439 1844 5510 6)
1887 5453 2039 5511 :ego
2096 5456 2199 5512 pro

552 5524 639 5579 eis
684 5541 860 5581 orans
909 5525 1229 5599 loquebar:
1263 5529 1453 5595 Pater,
1502 5528 1715 5599 ignosce
1743 5529 1862 5583 eis:
1897 5544 2008 5590 non
2053 5529 2201 5585 enim

548 5612 730 5667 sciunt
754 5614 885 5684 quid
910 5616 1124 5684 faciunt
1170 5617 1319 5686 (Luc.
1367 5632 1528 5684 xxm,
1579 5617 1690 5689 34).
1725 5639 1755 5667 ‹‹
1786 5620 2041 5690 Tempus
2071 5618 2200 5691 pla-

557 5700 749 5764 cendi,
781 5701 954 5759 Deus.
993 5726 1015 5754 ι
1051 5727 1081 5755 ‹‹
1112 5709 1366 5779 Tempus
1418 5704 1703 5780 placendi,
1753 5729 1781 5757 »
1828 5710 2063 5781 tempus
2110 5713 2200 5767 est

2383 4841 2410 4871 «
2442 4818 2739 4874 Dederunt
2769 4818 2828 4873 in
2859 4833 3053 4874 escam
3083 4833 3271 4874 meam
3306 4815 3380 4873 fel
3432 4834 3445 4873 :
3497 4820 3554 4873 et
3610 4816 3668 4871 in
3698 4816 3796 4871 siti
3826 4832 3960 4873 mea

2311 4910 2654 4981 potaverunt
2693 4923 2787 4962 me
2812 4910 2991 4963 aceto.
3028 4928 3058 4958 »
3088 4907 3205 4963 Hoc
3246 4907 3373 4979 jam
3424 4905 3777 4981 completum
3806 4922 3957 4977 esse,

2309 4994 2369 5050 in
2400 4993 2728 5067 Evangeliis
2768 4992 3021 5067 legimus
3055 5011 3068 5051 :
3116 5010 3272 5060 cum,
3305 4993 3541 5050 sitiente
3588 4991 3833 5049 Domino
3894 4992 3956 5049 in

2310 5100 2500 5151 cruce,
2535 5086 2762 5140 acetum
2794 5099 2928 5140 cum
2975 5084 3106 5139 felle
3150 5083 3395 5139 mistum
3444 5083 3643 5140 bibere
3689 5098 3959 5155 porrexe-

2311 5177 2449 5230 runt
2477 5174 2654 5246 (Joan.
2685 5190 2802 5245 xxx,
2832 5173 2945 5246 29).
2977 5173 3048 5229 Et
3075 5189 3145 5229 ex
3172 5172 3305 5239 hoc,
3338 5175 3394 5228 et
3422 5158 3490 5229 ex
3538 5171 3650 5229 alio
3699 5171 3959 5228 testimo«

2311 5262 2407 5321 nio
2437 5262 2786 5335 intelligitur
2815 5279 2829 5318 :
2863 5262 3019 5335 quod
3052 5262 3123 5318 ad
3154 5261 3450 5319 Christum
3472 5260 3737 5335 psalmus
3756 5261 3959 5317 referri

2309 5352 2534 5409 debeat.

2387 5465 2408 5492 α
2442 5442 2567 5498 Fiat
2597 5457 2801 5497 mensa
2830 5457 3033 5497 eorum
3082 5457 3278 5498 coram
3326 5441 3492 5513 ipsis.
3527 5464 3555 5493 »
3591 5441 3755 5498 Dicta
3785 5440 3958 5514 Legis

2308 5536 2364 5587 et
2396 5530 2816 5604 Prophetarum
2852 5547 2865 5586 :
2901 5530 2972 5586 ad
3012 5546 3190 5602 quam
3222 5545 3375 5604 saepe
3404 5526 3813 5589 convenientes
3861 5548 3958 5587 re-

2310 5620 2674 5677 ficiebantur.
2712 5642 2733 5669 α
2769 5621 2832 5675 In
2864 5619 3162 5692 laqueum,
3187 5624 3246 5678 et
3272 5621 3333 5676 in
3363 5620 3793 5689 retributiones,
3816 5624 3874 5677 et
3894 5619 3958 5677 in

2309 5708 2676 5768 scandalum.
2710 5729 2741 5759 »
2789 5712 2866 5766 Ut
2908 5725 3025 5767 non
3072 5709 3404 5784 intelligant
3447 5710 3594 5770 inibi
3640 5709 3960 5770 Dominum
