4256 6584
565 412 731 485 1087

2074 408 2495 488 APPENDIX.

3827 414 3993 490 1088

559 572 641 633 se.
676 576 704 605 »
737 552 842 623 Qui
882 570 987 629 per
1030 552 1320 629 lacrymas
1369 554 1721 629 paenitentiae
1768 561 1844 627 te,
1896 556 1997 631 qui
2041 556 2215 614 mise-
2246 557 2302 625 Α
2332 558 2432 614 bus
2460 558 2698 617 nostris:
2731 560 2838 616 Per
2862 557 3137 634 Spiritum
3163 565 3414 616 sanctum
3442 554 3540 633 qui
3584 554 3743 615 datus
3783 565 3861 616 est
3886 573 3992 617 no-

564 645 747 701 ricors
777 662 860 711 es,
893 646 1220 719 requirunt.
1258 668 1287 695 ‹‹
1335 647 1404 703 Et
1431 647 1629 703 dicant
1674 665 1944 721 semper:
1992 647 2220 720 Magni-

565 735 770 792 ﬁcetur
792 736 1097 793 Dominus.
1127 759 1147 786 ι
1176 740 1427 807 Accepta
1444 736 1810 809 indulgentia
1828 743 2218 812 peccatorum.

566 847 594 876 ‹‹
628 825 733 891 Qui
766 825 1069 896 diligitunt
1100 824 1358 881 salutare
1388 830 1579 882 tuum.
1614 849 1641 877 ››
1680 826 1997 899 Diligentes
2029 832 2122 884 te:
2155 844 2221 882 eo

564 914 717 987 quod
750 913 833 970 sis
863 914 1128 970 omnium
1180 914 1316 970 vita.
1351 938 1379 964 ‹‹
1415 917 1529 987 Ego
1575 933 1706 972 vero
1753 934 1971 989 egenus
2004 934 2136 972 sum
2168 921 2225 972 et

560 1019 819 1076 pauper:
850 1003 1157 1071 Dominus,
1198 1026 1219 1053 ι
1257 1009 1347 1059 etc
1379 1004 1645 1061 Christus
1692 1006 1975 1062 Dominus
2006 1023 2069 1061 se
2100 1024 2223 1062 cre—

562 1093 669 1149 bro
698 1109 947 1164 egenum
978 1098 1034 1148 et
1065 1110 1380 1166 pauperem
1412 1098 1578 1148 vocat
1604 1113 1615 1149 :
1661 1096 1831 1165 cujus
1862 1112 2001 1149 cura
2031 1094 2087 1149 in
2122 1114 2224 1167 pa-

564 1185 745 1237 ternae
777 1181 1008 1253 pietatis
1041 1198 1238 1236 amore
1282 1182 1572 1236 consistit.
1606 1204 1633 1231 ‹‹
1672 1183 1918 1253 Adjutor
1949 1200 2135 1253 meus,
2168 1187 2226 1237 et

568 1274 860 1343 protector
887 1286 1054 1325 meus
1084 1286 1146 1325 es
1180 1273 1264 1335 tu,
1296 1270 1452 1325 Deus
1494 1287 1680 1337 meus,
1727 1288 1798 1325 ne
1829 1271 2170 1327 tardaveris.
2194 1294 2220 1321 ››

568 1358 714 1414 Hinc
744 1358 899 1413 enim
934 1358 1222 1430 passionis
1251 1363 1513 1430 tempore
1544 1358 1829 1432 discipulo
1864 1360 2042 1416 dixit:
2078 1361 2228 1429 Quod

568 1448 707 1519 facis
733 1450 826 1517 fac
870 1449 1101 1503 celerius
1147 1450 1327 1516 (Joan.
1361 1465 1485 1515 xm,
1536 1449 1665 1520 27);
1720 1447 1944 1505 scilicet
1992 1455 2057 1504 ut
2086 1467 2222 1522 pas-

568 1536 795 1593 sionem
851 1537 1109 1608 corporis
1164 1537 1329 1593 velox
1385 1538 1834 1593 resurrectionis
1866 1537 2226 1609 adjutorium

567 1626 932 1698 praeveniret.
973 1628 1079 1695 Qui
1104 1627 1445 1683 vulneratus
1477 1632 1567 1684 est
1598 1632 1835 1699 propter
1864 1633 2102 1699 peccata
2135 1647 2229 1684 no-

567 1719 709 1786 stra,
741 1722 799 1771 et
821 1715 1139 1771 resurrexit
1161 1720 1396 1787 prepter
1410 1716 1893 1786 justificationem
1921 1720 2185 1772 nostram
2212 1734 2225 1772 :

567 1804 694 1876 ipse
722 1804 892 1859 nobis
924 1821 1081 1859 nunc
1112 1804 1398 1860 auxilium
1429 1804 1487 1859 in
1538 1810 1804 1877 tempore
1834 1805 2229 1861 tribulationis

2334 652 2416 707 bis
2445 651 2618 722 (Rom.
2655 667 2708 719 v,
2740 650 2815 723 5).

2405 764 2433 791 ‹‹
2470 742 2527 796 ln
2560 732 2616 796 te
2646 740 3027 797 conﬁrmatus
3077 756 3208 794 sum
3258 754 3327 794 ex
3370 741 3556 794 utero.
3593 759 3615 786 ιι
3664 738 3833 812 Legis
3865 738 3992 795 uti-

2333 845 2467 901 que,
2501 846 2568 885 ex
2606 846 2721 901 quo
2769 828 2992 885 initiavi
3040 827 3291 884 credere.
3328 849 3355 876 ‹‹
3411 831 3488 883 De
3535 830 3732 884 ventre
3782 828 3991 886 matris

2334 935 2496 974 meae.
2533 940 2560 968 »
2587 920 2901 991 Synagngaa
2950 918 3022 974 de
3070 933 3187 988 qua
3235 915 3513 988 processi.
3548 938 3577 966 «
3627 916 3712 972 Tu
3745 932 3807 972 es
3852 933 3989 989 pro-

2331 1012 2517 1064 tector
2584 1023 2769 1074 meus,
2826 1007 3088 1074 Domine,
3148 1006 3205 1061 in
3255 1009 3311 1061 te
3367 1006 3620 1061 cantatio
3673 1022 3803 1062 mea
3832 1022 3991 1063 sem-

2335 1113 2456 1168 per.
2494 1120 2520 1145 ››
2552 1099 2596 1151 Α
2629 1100 2683 1152 te
2715 1100 2986 1170 protegar
3016 1096 3072 1151 in
3108 1095 3443 1168 passionne,
3476 1097 3533 1151 et
3561 1099 3729 1151 tuum
3759 1095 3817 1152 in
3850 1110 3989 1169 gen-

2335 1185 2494 1241 tibus
2526 1202 2736 1242 nomen
2768 1186 3096 1242 concinam.
4010 1244 4017 1255 ,

2408 1297 2436 1325 ‹‹
2471 1276 2778 1347 Tanquam
2825 1274 3155 1348 prodigium
3190 1274 3375 1331 factus
3405 1289 3537 1330 sum
3573 1273 3793 1330 multis.
3830 1297 3852 1327 ι
3892 1274 3988 1331 Di-

2336 1364 2546 1420 cebant
2574 1364 2729 1419 enim
2780 1364 2901 1419 illi:
2956 1364 3338 1419 Samaritanus
3366 1380 3421 1420 es
3465 1365 3545 1431 tu,
3581 1370 3633 1419 et
3659 1362 3989 1420 daemonium

2336 1453 2498 1509 habes
2531 1455 2713 1524 (Joan.
2763 1471 2885 1526 vni,
2932 1454 3041 1525 48).
3094 1458 3159 1511 Et
3209 1458 3288 1522 tu,
3336 1454 3581 1525 Domine,
3628 1453 3848 1525 adjutor
3873 1456 3988 1526 for-

2338 1545 2429 1598 tis.
2465 1542 2662 1598 Dixisti
2698 1542 2842 1598 mihi
2867 1560 2879 1597 :
2918 1546 3025 1599 Hic
3048 1552 3124 1598 est
3154 1544 3329 1598 Filius
3356 1559 3507 1599 meus
3536 1542 3772 1599 dilectus
3802 1544 3857 1598 in
3887 1557 3992 1614 quo

2337 1634 2481 1689 mihi
2513 1634 2644 1688 bene
2668 1634 2973 1704 complacui
2992 1651 3010 1688 :
3057 1635 3236 1706 ipsum
3280 1632 3464 1689 audite
3495 1631 3714 1703 (Matth.
3745 1649 3880 1701 xvn,
3910 1632 3990 1703 5).

2406 1763 2427 1791 α
2466 1739 2781 1813 Repleatur
2808 1757 2907 1796 eos
2940 1757 3137 1797 meum
3167 1740 3339 1796 laude
3368 1745 3488 1808 tua,
3522 1744 3587 1795 ut
3615 1743 3843 1795 cautem
3874 1738 3992 1812 glo-

2340 1829 2489 1885 riam
2522 1835 2708 1897 tuam,
2741 1835 2864 1886 tota
2905 1829 2998 1885 die
3046 1830 3513 1902 magnitudinem
3555 1833 3741 1885 tuam.
3768 1850 3794 1882 ι
3829 1828 3994 1885 Unus

568 1892 944 1994 ωίθξτδίξουθ
978 1892 1149 1949 εοιίίθί
1197 1892 1503 1994 largiatur:
1554 1899 1642 1994 “tl
1672 1910 1805 1949 cum
1851 1896 2069 1994 εξὶίξίξίίε
2100 1897 2228 1966 ejus
2262 1930 2309 1994 Β
2340 1918 2466 1974 dies
2496 1923 2583 1974 est
2631 1892 2851 1975 sanctis
2903 1919 3021 1975 tuis
3068 1918 3127 1973 in
3145 1892 3285 1974 “hoc
3335 1919 3576 1985 mundo,
3629 1934 3801 1990 quem
3833 1916 3996 1973 nulla

568 1980 916 2050 exultantes,
969 1998 1105 2037 eum
1159 1983 1535 2054 magniﬁcare
1592 1988 1766 2054 atque
1812 1982 2084 2039 extollere
2132 2001 2227 2040 va-

577 2068 824 2126 leamus.
859 2073 1060 2127 Amen.

1137 2136 1471 2235 PSALMUS
1512 2179 1668 2234 Lxx.

1074 2267 1322 2341 ﬁliorum
1364 2268 1628 2335 Ionadab,
1677 2275 1733 2341 et
1771 2270 2018 2340 priorum
2046 2271 2227 2341 capti-

641 2352 853 2413 vorum.
907 2339 1021 2413 Iste
1049 2338 1317 2413 psalmus
1343 2356 1543 2413 vocem
1585 2338 1844 2395 continet
1892 2338 2223 2413 prophetat:

604 2452 611 2459 .
640 2409 713 2464 de
741 2408 843 2494 illa
870 2408 1274 2494 Redemptoris
1306 2411 1638 2494 humilitate
1680 2408 1922 2494 corpora
1969 2408 2228 2494 conque-

640 2479 843 2549 rentis,
866 2497 932 2537 ac
956 2482 1026 2536 de
1054 2479 1183 2552 ejus
1211 2483 1634 2539 resurrectione
1662 2479 1917 2555 gloriosa
1938 2479 2223 2541 canentis.

568 2266 821 2322 Psalmus
850 2267 1029 2322 David

645 2628 675 2655 ‹‹
724 2610 790 2661 In
848 2610 926 2674 te,
982 2607 1243 2675 Domine,
1300 2607 1549 2680 speravi,
1609 2625 1725 2664 non
1785 2609 2111 2666 confundar
2166 2610 2224 2666 in

570 2699 877 2752 aeternum.
908 2700 1049 2753 Orat
1076 2713 1211 2767 ergo
1260 2698 1540 2753 Mediator
1589 2702 1807 2766 noster,
1841 2702 1907 2755 ut
1936 2699 2056 2755 haec
2087 2717 2223 2756 con-

568 2785 721 2841 fusio
754 2785 959 2842 mortis
1002 2803 1116 2843 non
1150 2786 1247 2855 sit,
1278 2791 1345 2842 ut
1389 2791 1732 2843 caaterorum
1775 2788 2062 2858 omnium,
2096 2789 2224 2844 diu-

564 2877 763 2930 turna.
795 2897 823 2924 ‹‹
859 2875 925 2929 Et
956 2873 1012 2929 in
1037 2879 1139 2931 tua
1160 2875 1397 2949 justitia
1427 2875 1611 2932 libera
1633 2893 1746 2942 me,
1780 2882 1838 2933 et
1860 2878 2017 2949 eripe
2048 2895 2159 2934 me.
2196 2898 2223 2928 »

563 2963 803 3029 Iustina,
835 2967 946 3018 etc.
978 2963 1220 3020 Justitia
1248 2964 1403 3019 enim
1463 2970 1565 3021 tua
1620 2970 1709 3021 est
1769 2971 1837 3022 ut
1889 2967 1987 3039 qui
2028 2967 2226 3023 fecerit

563 3051 923 3107 voluntatem
954 3056 1140 3122 tuam,
1192 3057 1453 3109 transeat
1481 3072 1515 3109 a
1546 3060 1731 3110 morte
1784 3055 1841 3111 in
1874 3056 2048 3111 vitam
2077 3072 2090 3111 :
2125 3074 2227 3129 per

568 3157 747 3214 quam
778 3145 835 3196 et
861 3157 966 3213 ego
997 3158 1151 3196 nunc
1181 3142 1324 3215 eripi
1356 3144 1655 3216 deprecor.
1697 3143 1796 3199 Vel
1828 3143 2031 3200 aliter:
2069 3168 2095 3195 «
2131 3151 2223 3201 In-

570 3229 727 3286 elina
770 3230 841 3285 ad
894 3247 985 3286 me
1034 3247 1235 3288 aurem
1284 3236 1467 3302 tuam,
1520 3237 1575 3289 et
1614 3232 1773 3289 salva
1822 3251 1933 3290 me.
1981 3256 2008 3286 »
2041 3237 2223 3292 Aures

573 3318 806 3374 Domini
837 3318 1136 3390 dicuntur,
1170 3322 1405 3393 quando
1437 3323 1711 3378 exaudire
1740 3323 2053 3395 dignatur:
2087 3325 2228 3396 quia
2257 3305 2300 3372 Ο

567 3411 809 3481 formam
853 3410 998 3465 servi
1047 3412 1347 3483 accipiens,
1406 3413 1588 3483 factus
1635 3421 1717 3468 est
1762 3413 2020 3469 obediens
2070 3415 2235 3470 Patri

566 3512 734 3569 usque
762 3497 832 3552 ad
860 3502 1113 3568 mortem,
1157 3507 1388 3557 mortem
1437 3509 1624 3557 autem
1652 3504 1834 3557 crucis
1865 3503 2133 3575 (Philipp.
2168 3520 2230 3570 ιι,

566 3586 624 3657 7,
673 3587 750 3658 8).
800 3591 1045 3660 Propter
1095 3589 1253 3661 quod
1309 3593 1365 3645 et
1416 3590 1571 3646 Deus
1623 3589 1787 3646 illum
1838 3590 2129 3657 exultavit,
2179 3595 2237 3647 et

569 3674 731 3730 dedit
758 3675 845 3730 illi
876 3693 1090 3733 nomen
1123 3678 1281 3749 quod
1312 3682 1401 3734 est
1429 3695 1614 3752 super
1643 3695 1816 3735 omne
1855 3696 2090 3736 nomen.

642 3786 670 3813 ‹‹
704 3766 838 3821 Esto
870 3764 1015 3821 mihi
1064 3765 1124 3821 in
1179 3766 1363 3822 Deum
1399 3771 1806 3839 protectorem,
1855 3773 1912 3824 et
1950 3770 2007 3824 in
2041 3769 2235 3825 locum

576 3851 897 3921 munitum,
928 3858 993 3909 ut
1036 3854 1263 3911 salvum
1296 3872 1389 3911 me
1436 3855 1637 3912 facias.
1685 3880 1713 3908 η
1750 3858 1897 3923 Quia
1925 3858 2151 3931 absque
2179 3862 2237 3915 te

572 3958 761 4014 neque
793 3942 1084 4015 refugium
1117 3960 1305 4017 neque
1339 3945 1590 4000 munitio
1617 3962 1629 4001 :
1670 3964 1779 4019 neq
1794 3963 1864 4003 ue
1894 3948 2176 4018 protectio
2206 3966 2239 4003 a

572 4048 871 4105 quoquam
922 4036 1183 4106 praestari
1244 4038 1452 4107 potest.
1486 4036 1785 4108 Numquid
1841 4036 1994 4093 Deus
2038 4036 2238 4093 localis

589 4123 731 4178 est?
759 4122 913 4179 Licet
950 4122 1152 4180 localis
1202 4125 1278 4181 sit
1310 4125 1379 4180 ad
1430 4142 1490 4181 se
1535 4126 1938 4183 venientibus:
1988 4128 2088 4184 sed
2122 4145 2238 4183 non

590 4215 679 4267 est
706 4210 907 4269 localis
932 4229 944 4267 :
979 4214 1118 4286 quia
1148 4214 1366 4286 ubique
1395 4219 1485 4272 est

662 4323 691 4352 «
722 4301 868 4365 Quia
892 4302 1331 4360 ﬁrmamentum
1381 4321 1579 4360 meum
1620 4309 1677 4361 et
1718 4304 2008 4379 refugium
2041 4323 2239 4363 meum

591 4405 654 4448 es
684 4395 768 4446 tu.
805 4415 834 4441 ι»
864 4393 1318 4463 Firmamentum,
1347 4410 1480 4449 cum
1520 4393 1762 4466 aequalis
1792 4394 1853 4450 in
1880 4412 1944 4452 eo
1975 4396 2244 4453 consistit

593 4481 945 4539 substantia.
979 4483 1293 4555 Refugium,
1337 4483 1503 4555 juxta
1545 4483 2004 4541 imbecillitatem
2036 4503 2239 4558 corpo-

594 4586 753 4627 ream
762 4614 775 4625 .

2345 2008 2621 2064 obscurat
2670 2024 2816 2063 nox:
2871 2007 2929 2062 in
2985 2025 3100 2081 quo
3159 2012 3215 2063 et
3261 2024 3395 2063 cum
3453 2007 3688 2080 quibus,
3739 2006 3995 2074 laudem,

2340 2096 2607 2168 gloriam,
2660 2096 3276 2170 magnilicentiamque
3324 2096 3823 2153 concinotuam:
3856 2095 3999 2167 quia

2339 2202 2443 2258 ego
2472 2184 2532 2241 in
2562 2184 2656 2241 his
2706 2202 2859 2241 sum.
2894 2187 3010 2258 Ego
3064 2202 3208 2241 cano
3256 2185 3387 2241 tibi.
3439 2184 3551 2242 Sed
3582 2188 3639 2241 et
3683 2201 3836 2240 nunc
3869 2184 3996 2256 ipse

2337 2274 2623 2331 Dominus
2653 2274 2835 2346 aperit
2865 2292 2930 2332 os
2960 2279 3253 2342 nostrum,
3282 2278 3347 2330 ut
3384 2274 3683 2346 possimus
3712 2274 3840 2345 ejus
3868 2272 3990 2346 glo—

2337 2362 2485 2420 riam
2519 2364 2808 2431 nuntiare,
2842 2370 3015 2435 atque
3035 2362 3268 2419 laudem
3297 2363 3426 2435 ejus
3455 2364 3763 2419 disserere.

2407 2494 2435 2521 ‹‹
2465 2471 2547 2527 Ne
2587 2470 2860 2543 projicias
2917 2486 3009 2525 me
3066 2470 3126 2524 in
3174 2474 3434 2541 tempore
3478 2467 3815 2536 senectutis,
3848 2484 3983 2523 cum

2335 2560 2585 2626 deﬁciet,
2616 2582 2644 2610 n
2701 2565 2810 2615 etc.
2872 2563 2934 2614 In
2990 2558 3498 2616 consummatione
3548 2557 3751 2629 utique
3799 2556 3987 2612 aetatis

2334 2649 2527 2706 istius.

2412 2762 2434 2788 ι
2469 2738 2616 2806 Quia
2661 2738 2934 2795 dixerunt
2982 2737 3207 2794 inimici
3256 2737 3369 2794 mei
3425 2736 3591 2794 mihi.
3626 2758 3654 2786 »
3700 2734 3993 2800 Dicentes,

2336 2829 2432 2884 Hic
2486 2844 2597 2884 non
2651 2833 2732 2883 est
2787 2827 2852 2883 de
2908 2829 3034 2893 Deo,
3103 2827 3204 2900 qui
3258 2827 3556 2883 babbatum
3598 2842 3710 2881 non
3761 2822 3993 2880 custodit

2335 2917 2514 2986 (Joan.
2576 2934 2653 2984 1x,
2711 2917 2819 2988 16).
2879 2939 2907 2967 ‹‹
2963 2917 3035 2971 Et
3093 2915 3193 2987 qui
3270 2914 3680 2971 custodiebant
3734 2913 3993 2969 animam

2336 3022 2551 3071 meam,
2582 3005 2893 3061 consilium
2923 3004 3263 3061 feceruntin
3291 3020 3474 3060 unum
3506 3002 3765 3059 dicentes
3792 3018 3806 3056 ε
3838 3002 3994 3057 Deus

2334 3094 2647 3166 dereliquit
2698 3111 2854 3159 eum,
2891 3117 2919 3143 ››
2965 3099 3055 3149 etc
3100 3094 3232 3150 Haec
3279 3093 3552 3149 dixerunt
3597 3091 3784 3165 impii,
3813 3094 3870 3147 et
3897 3106 3993 3146 er-

2335 3188 2646 3241 raverunt:
2680 3184 3035 3240 obcaecatum
3082 3184 3240 3239 enim
3270 3186 3359 3240 est
3403 3181 3630 3239 malitia
3658 3195 3989 3241 coreorum

2338 3274 2449 3330 Sed
2473 3278 2530 3329 et
2550 3273 2609 3328 in
2631 3273 2762 3345 ipsa
2783 3272 3059 3346 passione
3072 3271 3243 3345 quasi
3264 3270 3542 3328 derelicto
3558 3275 3669 3327 Deo
3691 3269 3991 3326 dicebant:

2346 3363 2477 3419 Sine
2508 3364 2698 3419 veniat
2725 3362 2904 3428 Etias,
2957 3366 3009 3417 et
3057 3362 3252 3418 liberet
3280 3377 3406 3417 eum
3434 3359 3641 3432 (Matth.
3674 3374 3849 3427 xxvu,
3879 3358 3993 3425 49).

2414 3475 2442 3502 ι(
2477 3452 2651 3523 Deus,
2684 3467 2755 3506 ne
2785 3449 3150 3523 elongaveris
3196 3466 3233 3506 a
3260 3466 3390 3519 me;
3420 3453 3573 3506 Deus
3602 3464 3790 3514 meus,
3820 3468 3847 3497 ››
3880 3451 3998 3503 etc.

2344 3540 2418 3597 Ut
2446 3540 2681 3613 ailigato
2712 3542 2879 3609 torte,
2912 3539 3095 3596 victor
3124 3540 3359 3596 redeam
3390 3555 3454 3595 ex
3484 3538 3733 3595 inferno.

2416 3653 2443 3680 «
2474 3629 2921 3685 Confundantur
2970 3633 3027 3685 et
3064 3628 3341 3685 deﬁciant
3387 3626 3758 3683 detrahentes
3787 3624 3996 3680 animae

2345 3735 2509 3791 meze,
2542 3718 2901 3791 operiuntur,
2928 3738 2957 3768 υ
2980 3721 3090 3773 etc.
3118 3717 3263 3773 Cum
3285 3732 3391 3789 ego
3412 3714 3791 3773 resuscitatus
3812 3713 3994 3769 fuero.

2418 3850 2446 3878 ‹‹
2480 3828 2595 3899 Ego
2618 3830 2814 3882 autem
2840 3841 3071 3898 semper
3094 3825 3341 3896 sperabo
3361 3823 3423 3880 in
3453 3827 3532 3890 te,
3551 3820 3818 3888 Domine,
3840 3841 3867 3870 κ
3887 3823 3999 3876 etc.

2347 3916 2421 3973 Ut
2450 3932 2577 3988 qua;
2608 3914 2714 3971 tibi
2744 3914 2836 3970 lex
2885 3915 3089 3970 oﬂ‘erre
3141 3912 3404 3985 praecipit
3448 3912 3508 3968 in
3547 3909 3848 3967 sacriﬁciis
3877 3908 4004 3965 suis

2346 4004 2701 4072 visibilibus,
2756 4004 3097 4075 redemptus
3150 4001 3406 4075 populus
3452 4002 3721 4073 deportet
3766 3999 3826 4056 in
3874 4013 4003 4053 mo-

2350 4096 2535 4150 ribus.

2429 4204 2450 4231 «
2483 4183 2561 4240 Os
2593 4199 2790 4238 meum
2822 4180 3197 4237 annuntiabit
3216 4180 3513 4252 justitiam
3547 4183 3732 4245 tuam,
3762 4180 3883 4234 tota
3909 4175 4006 4231 die

2352 4273 2609 4330 salutare
2638 4276 2830 4327 tuum.
2862 4293 2891 4322 »
2941 4270 3269 4344 Resurgens
3315 4269 3474 4327 enim
3511 4266 3875 4340 congregabo
3899 4269 3999 4321 Eo-

2352 4360 2612 4426 elesiam,
2647 4359 2707 4416 in
2740 4376 2858 4432 qua
2885 4363 3019 4416 tuas
3048 4359 3353 4416 concinam
3388 4357 3613 4416 laudes.

2425 4491 2453 4519 «
2484 4467 2631 4531 Quia
2662 4483 2777 4522 non
2810 4466 3056 4539 cognovi
3087 4466 3500 4533 litteraturam,
3531 4462 3779 4520 introibo
3807 4461 3866 4515 in
3898 4475 4005 4531 po-

2351 4556 2567 4613 tentias
2596 4555 2852 4611 Domini.
2887 4578 2915 4605 »
2952 4556 3237 4627 Cognovit
3269 4554 3367 4611 ille
3398 4553 3870 4628 negotiationem,
3905 4548 4007 4622 qui

667 4681 697 4711 ‹‹
730 4664 882 4716 Deus
914 4677 1102 4729 meus,
1146 4660 1304 4734 eripe
1353 4678 1444 4717 me
1475 4662 1545 4717 de
1594 4679 1772 4719 manu
1804 4663 2161 4736 peccatoris:
2191 4667 2234 4719 e1

2355 4646 2703 4718 magistrum
2749 4644 3030 4701 vendidit.
3081 4646 3221 4700 Nam
3276 4659 3373 4713 ego
3421 4652 3472 4700 te
3514 4641 3815 4713 elariﬁeavi
3840 4654 4007 4711 super

595 4749 667 4805 de
697 4765 899 4819 manu,
934 4772 961 4800 υ
1011 4754 1121 4807 etc.
1172 4751 1251 4807 De
1303 4755 1587 4824 potestate
1640 4752 1839 4825 populi
1889 4752 2096 4824 Judaei,
2142 4754 2242 4825 qui

597 4854 689 4896 me
716 4843 1023 4897 venturum
1058 4840 1116 4897 in
1146 4840 1272 4915 lege
1304 4859 1416 4896 non
1465 4839 1767 4897 intellexit.
1804 4863 1833 4892 «
1862 4842 1931 4898 Et
1969 4840 2177 4915 iniqui.
2214 4864 2242 4892 v

594 4931 838 5003 Semper
859 4930 1262 5004 malignantis.
1302 4930 1426 4987 Non
1471 4945 1673 4986 omnes
1703 4934 2038 5001 peccatores
2068 4932 2245 4988 etiam

594 5019 807 5094 iniqui.
842 5025 1179 5077 Peccatores
1217 5025 1356 5077 sunt
1400 5024 1887 5091 transgressores,
1938 5020 1996 5076 id
2027 5026 2116 5077 est
2142 5021 2248 5077 Ju-

595 5111 724 5178 daei,
758 5114 816 5166 et
848 5110 985 5166 mali
1031 5109 1388 5167 Christiani:
1423 5108 1522 5181 qui
1576 5113 1759 5165 Vetus
1797 5114 1855 5165 et
1884 5110 2247 5167 Novuml’l‘e-

595 5205 952 5257 stamentum
993 5200 1530 5274 transgrediuntur.
1580 5198 1770 5272 Iniqui
1831 5199 1931 5273 qui
1977 5217 2093 5256 non
2125 5215 2247 5255 cre-

594 5291 762 5360 dunt,
794 5294 859 5346 ut
890 5289 1103 5345 Paulus
1134 5290 1215 5345 ait
1242 5306 1255 5343 :
1290 5288 1396 5358 Qui
1421 5289 1540 5343 sine
1569 5288 1682 5357 lege
1715 5296 2093 5361 peccaverunt,
2126 5289 2253 5343 sine

595 5383 711 5453 lege
738 5384 788 5437 et
812 5382 1073 5453 peribunt
1103 5381 1275 5451 (Rom.
1300 5397 1361 5444 ιι,
1397 5378 1506 5450 12).

669 5494 695 5521 ‹‹
728 5470 1011 5534 Quoniam
1048 5475 1109 5525 tu
1145 5486 1205 5525 es
1236 5468 1519 5542 patientia
1566 5484 1715 5537 mea,
1750 5466 2008 5523 Domine.
2049 5489 2068 5515 ι
2106 5467 2253 5532 Quia

596 5578 699 5632 pro
730 5565 835 5616 tua
867 5561 1055 5632 patior
1101 5559 1419 5614 voluntate.
1466 5579 1494 5607 »
1526 5558 1670 5628 Spes
1719 5573 1848 5611 mea
1891 5557 2252 5627 ajuventute

598 5664 747 5703 mea.
796 5667 824 5699 ιι
880 5651 963 5705 Ab
1013 5648 1176 5704 initio
1224 5648 1412 5704 {etatis
1442 5662 1748 5717 corporeae.
1775 5646 1907 5701 Ideo
1954 5662 2088 5718 spes
2134 5663 2251 5702 non

572 5737 1012 5796 confunditur:
1049 5740 1192 5810 Quia
1219 5738 1468 5794 charitas
1511 5735 1610 5791 Dei
1644 5738 1727 5790 est
1754 5734 1957 5807 cii/fusa
1987 5737 2044 5792 in
2075 5737 2251 5793 cordi-

2355 4744 2583 4803 terram,
2613 4749 2748 4807 opus
2776 4735 3152 4790 consummavi
3192 4733 3338 4807 quod
3371 4732 3575 4790 dedisti
3612 4731 3754 4787 mihi
3779 4732 3837 4785 ut
3865 4730 4008 4800 face-

2355 4841 2470 4882 rem
2500 4825 2677 4896 (Joan.
2710 4840 2848 4890 xvn,
2880 4823 2955 4895 4).
2988 4845 3018 4872 ‹‹
3068 4823 3332 4891 Domine,
3373 4820 3742 4879 memorabor
3761 4817 4003 4892 justitiae

2357 4920 2469 4970 tua:
2500 4914 2704 4971 solius.
2744 4935 2772 4961 »
2804 4914 3062 4969 Paterna:
3095 4928 3231 4969 eum
3254 4912 3500 4984 justitise
3530 4920 3848 4967 memorem
3877 4910 4012 4962 Pro-

2358 5004 2537 5077 pheta
2565 5001 2726 5071 dicit,
2759 5002 2911 5058 sieut
2939 5007 2997 5058 et
3025 5003 3151 5075 ipse
3180 5002 3242 5057 in
3272 5000 3584 5075 Evangelia
3603 5000 3721 5056 ait:
3755 5000 3862 5070 Ego
3890 5006 4009 5068 quas

2357 5092 2549 5148 audivi
2576 5109 2612 5148 a
2641 5093 2807 5148 Patre
2834 5108 2950 5149 meo
2977 5091 3098 5149 haec
3128 5093 3317 5163 loquor
3345 5092 3522 5162 (Joan.
3554 5105 3679 5159 vm,
3707 5087 3819 5159 28).

2435 5222 2456 5250 ι
2492 5199 2667 5271 Deus,
2701 5198 2951 5255 docuisti
3002 5215 3097 5254 me
3128 5216 3161 5255 a
3201 5198 3510 5271 juventute
3556 5210 3708 5265 mea,
3740 5197 3798 5252 et
3826 5207 4010 5264 usque

2359 5306 2516 5346 nunc
2548 5289 2941 5362 pronuntiabo
2971 5288 3266 5345 mirabilia
3293 5291 3413 5359 tua,
3448 5290 3506 5343 et
3540 5301 3727 5360 usque
3756 5284 3815 5340 in
3847 5298 4010 5340 sene-

2360 5383 2513 5434 ctam
2543 5382 2601 5435 et
2630 5379 2859 5435 senium
2885 5395 2897 5445 ;
2925 5377 3097 5443 Deus,
3132 5394 3205 5433 ne
3226 5375 3599 5450 derelinquas
3630 5391 3747 5431 me.
3783 5396 3810 5426 α
3840 5370 4018 5429 Num-

2362 5468 2500 5541 quid
2534 5469 2689 5524 enim
2739 5473 2827 5523 est
2877 5467 3189 5524 derelictus
3221 5484 3254 5524 a
3282 5466 3496 5524 Patre?
3542 5466 3642 5523 sed
3674 5478 3904 5537 semper
3929 5464 4014 5519 te-

2364 5558 2713 5614 stimonium
2745 5556 3060 5629 perhibuit,
3093 5559 3233 5630 quia
3258 5572 3433 5613 verax
3460 5560 3567 5613 est.

2437 5670 2465 5697 ‹‹
2501 5648 2694 5703 Donec
2726 5646 3070 5703 annuntiem
3101 5647 3406 5704 brachium
3456 5649 3624 5702 tuum
3658 5639 4021 5718 generationi

2363 5736 2544 5809 omni,
2581 5750 2609 5789 >5
2653 5738 2764 5793 etc.
2827 5735 2955 5793 Haec
3012 5737 3210 5798 omnia
3264 5735 3603 5795 Christiana
3658 5731 4023 5809 generationi

3776 6548 4125 6561 ..ἣ-
