4256 6578
282 457 308 518 1
319 458 438 522 089

1461 443 1954 514 BREVIARIUM
2001 443 2079 504 IN
2125 437 2514 504 PSALMOS.

3535 443 3692 506 1090

278 589 647 650 annuntiavit
678 606 690 644 :
727 603 904 661 quam
937 602 1043 643 suo
1075 585 1359 658 sanguine
1392 583 1703 657 acquisivit
1731 586 1788 638 et
1819 597 1919 653 pro
1950 581 2003 648 Α
2037 581 2122 632 tes
2149 573 2924 641 aerumnas,cousolationem
2972 571 3208 644 capiant
3239 574 3691 646 sempiternam.

275 699 391 754 qua
418 698 626 752 passus
658 683 746 734 est
777 695 904 750 quas
934 679 1282 746 sequuntur.
1320 698 1346 725 »
1381 677 1514 741 Quae
1557 672 1743 728 fecisti
1797 687 1920 725 ma-

273 770 494 844 gnalia,
527 775 676 823 Deus
711 765 724 821 1
759 766 890 838 quis
921 765 1134 821 similis
1166 763 1323 819 tibi?
1355 787 1382 812 »
1409 763 1516 828 Qui
1558 779 1651 817 me
1694 759 1923 816 miseri-

271 858 430 916 cordi
463 856 702 914 consilio
733 856 804 910 ad
837 854 1300 926 redemptionem
1327 853 1647 908 humanam
1681 849 1919 904 misisti.

347 973 373 997 ‹‹
407 948 664 1011 Quantas
696 943 1003 1001 ostendisti
1038 943 1179 998 mihi
1215 941 1627 998 tribulationes
1681 938 1921 1004 multas,

277 1042 333 1093 et
364 1036 550 1093 malas
584 1036 594 1090 !
631 1039 688 1090 et
726 1050 1042 1089 conversus
1099 1031 1398 1086 viviﬁcasti
1464 1047 1576 1085 me.
1641 1052 1666 1078 »
1729 1027 1924 1082 Multa:

279 1125 515 1198 quidem
548 1124 599 1180 ei
631 1122 1034 1178 tribulationes
1059 1121 1115 1175 in
1149 1119 1701 1176 carnisinﬁrmitate
1729 1121 1924 1172 osten-

281 1233 356 1270 εδδ
390 1219 529 1270 sunt
560 1214 630 1269 ob
664 1212 914 1269 salutem
944 1211 1193 1266 humani
1253 1209 1500 1280 generis,
1567 1209 1667 1262 sed
1729 1205 1929 1261 omnia

282 1305 554 1360 vivaciter
580 1301 843 1358 toleravit
891 1301 1022 1354 «Et
1077 1299 1149 1354 de
1207 1298 1432 1370 abyssis
1489 1302 1654 1352 terra:
1713 1297 1927 1349 iterum

283 1392 562 1449 reduxisti
597 1407 707 1446 me.
745 1413 772 1440 »
807 1394 925 1446 Hoc
965 1393 1054 1444 est
1109 1389 1178 1444 de
1240 1388 1639 1458 profunditate
1691 1383 1923 1438 inferni.

284 1481 486 1536 Dicant
517 1497 671 1535 nunc
695 1479 905 1544 Judaei,
941 1477 1041 1549 qui
1074 1477 1230 1531 hunc
1281 1474 1572 1546 psalmum
1624 1475 1682 1529 in
1737 1473 1930 1528 solum

284 1569 458 1625 David
491 1585 694 1624 canere
724 1567 927 1623 volunt
959 1584 970 1621 :
1006 1566 1239 1638 quando
1287 1565 1356 1620 de
1405 1564 1693 1636 profundo
1736 1561 1931 1634 abyssi

282 1664 370 1715 est
401 1659 673 1713 eductus.

353 1769 380 1796 ((
415 1743 806 1817 Multiplicasti
841 1741 1335 1816 magnificentiam
1364 1745 1545 1809 tuam,
1583 1740 1756 1808 Deus,
1788 1744 1928 1792 nete.

281 1837 425 1892 Cum
457 1834 515 1889 hi
549 1833 646 1905 qui
682 1833 739 1888 in
772 1832 996 1886 inferno
1048 1831 1415 1898 tenebantur,
1471 1845 1699 1883 mecum
1750 1825 1933 1882 redie-

281 1929 444 1981 runt.

360 2034 380 2062 α
413 2013 558 2068 Nam
589 2014 646 2066 et
674 2027 778 2083 ego
811 2009 1128 2092 confitebor
1173 2009 1277 2064 tibi
1328 2009 1384 2063 in
1433 2007 1588 2063 vasis
1631 2004 1862 2078 psalmi.
1899 2027 1926 2054 »

282 2102 387 2167 Qui
423 2102 492 2156 de
521 2099 621 2154 illo
649 2099 782 2153 vino
817 2114 962 2154 novo
993 2097 1334 2169 evangelicae
1357 2101 1414 2152 et
1437 2095 1764 2169 apostolica:
1798 2111 1934 2166 pra:-

283 2189 591 2246 dicationis
625 2187 852 2259 repleti,
881 2187 940 2241 in
973 2185 1216 2258 psalmis
1269 2202 1360 2242 me
1409 2185 1743 2257 intelligunt
1787 2201 1930 2255 prie-

283 2283 556 2336 conatum
593 2293 604 2332 :
647 2299 666 2325 ·
703 2276 1016 2331 Veritatem
1069 2281 1252 2344 tuam,
1289 2281 1460 2344 Deus,
1527 2273 1776 2346 psallam
1831 2271 1937 2327 tibi

285 2369 346 2423 in
399 2368 642 2437 cithara,
694 2370 842 2421 Deus
892 2370 1133 2420 sanctus
1182 2364 1440 2420 Israel.»
1487 2365 1548 2417 1n
1596 2363 1686 2417 his
1733 2361 1834 2434 qui
1883 2367 1938 2416 te

287 2462 483 2513 mente
515 2456 787 2511 retinent.

358 2571 384 2596 ‹‹
421 2544 809 2600 Exsultabunt
842 2543 996 2598 labia
1027 2559 1175 2611 mea,
1213 2566 1240 2592 »
1274 2547 1382 2598 etc.
1421 2542 1550 2597 Haec
1597 2541 1668 2597 ad
1701 2540 1937 2596 clausu-

287 2636 406 2691 lam
460 2633 671 2706 psalmi
701 2632 988 2704 Propheta
1017 2632 1174 2688 dicit.
1209 2655 1237 2682 «
1273 2637 1339 2686 Et
1372 2632 1570 2686 anima
1600 2647 1730 2686 mea
1760 2646 1938 2702 quam

285 2723 605 2780 redemisti.
639 2744 666 2772 »
697 2723 775 2778 Ne
809 2722 856 2776 ei
892 2738 1048 2777 mors
1081 2722 1337 2776 secunda
1366 2721 1786 2776 dominaretur.

366 2813 504 2868 «Sed
537 2816 592 2867 et
626 2811 828 2884 lingua
859 2828 988 2866 mea
1019 2810 1399 2866 meditabitur
1422 2810 1720 2880 justitiam
1745 2813 1942 2863 tuam:

283 2919 419 2958 eum
451 2900 703 2968 confusi,
739 2905 797 2955 et
827 2900 1056 2955 reveriti
1100 2899 1311 2955 fuerint
1343 2898 1442 2970 qui
1474 2903 1745 2970 quaerunt
1796 2895 1948 2951 mala

287 2991 452 3047 mihi.
488 3009 514 3040 ν
552 2991 681 3044 Sive
714 2989 873 3055 vitia,
907 2989 1028 3044 sive
1060 2992 1374 3060 potestates
1404 3004 1606 3054 aereae,
1637 3005 1765 3060 qua:
1802 2985 1954 3055 mihi

286 3081 524 3153 iniquas
557 3079 824 3134 inferunt
857 3079 1274 3134 immissiones.
1329 3078 1446 3133 Nos
1495 3093 1627 3132 vero
1677 3077 1948 3147 deprece-

294 3185 429 3223 mur
461 3167 866 3233 Dominum,ut
895 3166 1112 3237 repleto
1144 3165 1418 3220 laudibus
1450 3167 1578 3236 ejus
1611 3181 1707 3218 ore
1739 3164 1949 3218 huma-

296 3273 392 3323 no,
426 3273 492 3311 ea
524 3271 756 3326 semper
787 3255 1138 3310 meditemur
1167 3255 1226 3310 in
1259 3253 1556 3321 cordibus,
1591 3270 1720 3324 qua:
1751 3253 1798 3307 ei
1834 3251 1952 3323 pla-

300 3345 430 3400 citis
461 3344 700 3400 vocibus
733 3344 1121 3415 proferamus.

851 3431 1172 3487 PSALMUS
1214 3429 1407 3485 LXXI.

316 3525 378 3579 In
409 3521 848 3577 Salomonem.Et
880 3520 971 3575 hic
1003 3519 1265 3591 psalmus
1295 3517 1525 3590 proprie
1556 3519 1626 3573 ad
1658 3517 1951 3591 Christum

389 3595 651 3648 refertur.
686 3592 959 3648 Salomon
992 3589 1208 3662 quippe
1251 3589 1553 3662 pacilicus,
1586 3595 1644 3644 et
1674 3589 1954 3662 pacificus

388 3670 476 3720 est
515 3665 782 3720 Christus
817 3680 829 3717 :
863 3669 920 3718 et
974 3667 1277 3734 permanet
1323 3679 1454 3716 cum
1516 3662 1654 3726 sole,
1713 3667 1768 3716 et
1821 3665 1954 3714 ante

383 3737 580 3792 lunam
643 3735 1032 3807 generationis
1103 3735 1565 3807 generationum:
1659 3734 1714 3788 Si
1779 3748 1955 3807 super

299 3873 302 3876 ,
383 3803 691 3864 Salomon'e
722 3807 830 3862 iste
861 3803 1130 3877 psalmus
1157 3805 1519 3876 intelligitur,
1553 3804 1662 3860 hoc
1721 3803 1953 3877 penitus

384 3885 538 3935 stare
570 3874 923 3959 non_potest.
959 3874 1501 3959 Salomonhquippe.
1537 3893 1640 3959 nec
1671 3874 1803 3956 cum
1832 3874 1952 3959 sol'e

383 3969 490 4006 nec
521 3967 654 4006 eum
687 3946 826 4005 luna
857 3949 1200 4021 permansit.
1237 3946 1299 4002 Si
1327 3946 1456 4003 vero
1488 3947 1758 4021 volumus
1791 3946 1955 4021 intel-

381 4022 557 4094 llgere
589 4023 658 4094 de
681 4019 927 4087 Christo,
963 4021 1340 4094 quaerendum
1364 4020 1656 4094 quomodo
1688 4019 1954 4094 Christus

385 4090 497 4150 non
530 4093 740 4147 habeat
770 4094 944 4146 tinem
977 4110 990 4146 :
1026 4109 1157 4148 cum
1191 4091 1298 4154 sol,
1329 4097 1386 4145 et
1415 4090 1576 4154 luna,
1634 4097 1692 4144 et
1721 4091 1953 4154 cmlum,

383 4169 442 4219 et
472 4163 668 4218 omnia
697 4169 1074 4230 veterascere,
1107 4168 1162 4216 et
1217 4162 1465 4216 transire
1519 4161 1808 4216 dicantur.
1841 4161 1953 4216 Sed

385 4235 492 4288 iste
524 4234 994 4304 septuagesimus
1026 4232 1250 4304 primus
1301 4231 1563 4303 psalmus
1613 4249 1783 4303 quem
1818 4236 1956 4286 Pro-

388 4305 564 4376 pheta
590 4303 820 4359 cecinit.
858 4303 1066 4357 Filium
1103 4303 1201 4357 Dei
1234 4304 1291 4356 in
1326 4304 1954 4376 mundumveAnturum

387 4373 678 4441 ostendit;
712 4390 962 4444 cumque
993 4379 1125 4445 post
1144 4379 1460 4444 assumptis
1483 4374 1677 4429 carnis
1707 4373 1957 4444 injurias

384 4448 779 4518 liberatosque
813 4463 1092 4518 pauperes
1129 4447 1200 4499 de
1231 4462 1407 4500 manu
1462 4446 1764 4518 potentis,‘
1797 4445 1956 4518 cmlis

389 4515 707 4588 redditum,
743 4536 774 4573 a
813 4515 980 4572 Patre
1033 4532 1204 4588 omne
1262 4515 1588 4588 sumpsisse
1637 4515 1954 4587 judicium.

387 4590 524 4646 Tale
556 4587 734 4663 igitUr
756 4589 938 4645 sumit
967 4587 1265 4644 exordium
1303 4605 1314 4641 :

392 4700 414 4730 ε
453 4684 602 4735 Deus
623 4679 914 4750 judicium
946 4682 1114 4732 tuum
1148 4677 1266 4748 regi
1298 4678 1387 4732 da.
1429 4701 1449 4725 »
1488 4677 1770 4748 Loquitur
1799 4691 1956 4748 ergo,

316 4773 381 4823 ut
411 4767 690 4838 diximus,
725 4767 1012 4839 Propheta
1041 4759 1117 4822 ad.
1146 4771 1471 4833 Patrem,ut
1500 4765 1793 4836 judicium
1822 4765 1961 4823 Filio

315 4857 510 4928 donet,
545 4873 656 4911 non
689 4857 843 4929 quod
867 4873 1001 4912 eum
1032 4856 1087 4910 in
1121 4873 1236 4910 una
1286 4855 1507 4910 Deitate
1539 4856 1953 4910 subsistentem

316 4963 431 5001 non
467 4946 693 5014 habeat,
723 4946 822 5001 sed
855 4951 915 5000 ut
945 4946 1004 5000 iu
1037 4961 1273 5015 corpore
1318 4949 1627 5000 venturum
1659 4946 1952 5000 ostendat.

317 5055 344 5084 ‹‹
377 5033 760 5105 Etjustitiam
794 5039 953 5088 tuam
989 5033 1106 5088 ﬁlio
1139 5033 1312 5104 regis.
1378 5058 1403 5082 ››
1465 5033 1685 5106 Populo
1747 5033 1844 5105 qui
1903 5035 1959 5089 in

317 5123 688 5195 adoptionem
723 5123 824 5176 filii
858 5126 1219 5193 assumptus,
1253 5138 1354 5193 per
1413 5121 1773 5193 baptismum
1815 5123 1871 5176 in
1897 5139 1960 5178 eo

316 5217 550 5268 renatus
582 5217 687 5268 est.
731 5211 877 5266 Nam
927 5228 1181 5283 congrue
1238 5212 1527 5278 convenit,
1590 5216 1652 5265 ut
1713 5211 1964 5283 populus

312 5301 544 5372 justitia
573 5301 726 5355 vivat
758 5318 770 5356 :
806 5316 903 5354 rex
932 5305 1128 5355 autem
1168 5299 1482 5370 judicium,
1512 5300 1665 5370 quod
1713 5317 1746 5353 a
1794 5304 1964 5356 Patre

317 5389 598 5462 suscepit,
631 5393 909 5458 exerceat,
942 5389 1098 5460 quod
1131 5404 1383 5459 sequens
1441 5389 1751 5442 conﬁrmat
1783 5388 1959 5443 versi-

317 5479 508 5536 culus.

392 5592 419 5618 ››
449 5569 725 5625 Judicare
756 5567 1038 5640 populum
1076 5571 1244 5622 tuum
1305 5568 1363 5622 in
1406 5566 1657 5638 justitia.
1697 5589 1723 5616 η
1783 5568 1964 5632 Quem

317 5665 420 5732 per
450 5657 782 5731 passionem
815 5673 880 5712 ac
921 5656 1407 5712 resurrectionem
1442 5655 1600 5711 illius
1658 5657 1963 5726 acquisisti

332 5771 335 5774 ·
389 5749 457 5821 Et
486 5763 768 5820 pauperes
801 5751 932 5804 tuos
963 5745 1021 5802 in
1046 5744 1296 5819 judicio.
1333 5768 1362 5796 »
1420 5744 1511 5815 Ut,
1547 5750 1678 5819 post
1705 5763 1962 5819 praesen-

1965 1951 2013 2016 Β

2112 691 2136 715 ‹‹
2185 664 2520 736 Suscipiant
2570 668 2800 718 montes
2857 679 3059 734 pacem
3115 661 3350 733 populo,
3412 668 3467 718 et
3521 666 3697 722 colles

2028 755 2324 825 justitiam
2360 760 2542 808 tuam.
2576 776 2604 802 »
2638 753 2865 808 Montes
2896 751 3187 822 collesque
3206 751 3448 824 duplam
3481 753 3696 811 habere

2037 843 2504 915 intelligentiam,
2540 858 2690 913 srepe
2719 841 3082 910 monuimus,
3127 840 3183 894 id
3216 847 3326 911 est,
3361 843 3544 914 partis
3579 845 3696 899 dei-

2037 932 2177 997 ﬁcze,
2212 937 2266 986 et
2298 932 2567 986 adversae.
2606 931 2749 1001 Ergo
2783 929 2840 984 hi
2877 929 2998 1001 qui,
3063 930 3377 986 seducente
3420 933 3694 988 adversa-

2038 1022 2142 1086 rio,
2179 1020 2508 1075 faventibus
2545 1019 2785 1089 divitiis,
2817 1019 2875 1073 in
2927 1018 3167 1073 modum
3224 1019 3460 1075 collium
3521 1038 3689 1076 mon-

2037 1111 2302 1179 tiumque
2333 1108 2536 1163 elevati
2569 1113 2706 1162 sunt
2739 1126 2750 1162 :
2789 1107 3004 1162 subditi
3041 1125 3194 1162 nunc
3222 1130 3248 1156 ››
3281 1125 3368 1179 eo,
3401 1109 3560 1164 illam
3585 1127 3682 1182 pa-

2038 1213 2158 1252 cem
2187 1197 2602 1268 justitiamque
2635 1197 2976 1268 suscipiant,
3012 1213 3189 1267 quam
3235 1197 3482 1269 populus
3507 1216 3680 1270 quem

2039 1288 2308 1358 superius
2339 1286 2672 1357 adoptivum
2707 1286 2983 1356 diximus,
3045 1290 3222 1352 tenet,
3282 1286 3337 1340 id
3373 1292 3459 1341 est
3518 1288 3684 1343 Chri-

2041 1380 2218 1441 stum,
2254 1374 2352 1446 qui
2387 1379 2471 1430 est
2501 1391 2611 1446 pax
2641 1380 2840 1430 nostra
2869 1379 2925 1429 et
2948 1374 3200 1444 justitia.

2119 1487 2137 1511 α
2172 1463 2469 1518 Judicabit
2500 1479 2784 1535 pauperes
2817 1463 3034 1534 pepuli.
3092 1487 3112 1514 »
3171 1463 3243 1518 Ut
3303 1481 3404 1535 pro
3446 1483 3511 1522 eo
3545 1485 3687 1539 pau-

2042 1568 2207 1624 peres
2239 1551 2392 1620 facti,
2427 1551 2762 1606 cmlestibus
2796 1553 2987 1624 regnis
3046 1551 3494 1623 locupletentur.
3531 1579 3558 1604 «
3623 1559 3688 1610 Et

2042 1640 2232 1695 salvos
2264 1640 2432 1694 faciet
2461 1641 2610 1695 lilios
2659 1657 3002 1711 pauperum.
3037 1664 3064 1689 »
3097 1641 3200 1707 Qui
3235 1658 3337 1712 per
3391 1659 3488 1698 eos
3547 1662 3683 1699 con—

2041 1730 2189 1784 versi
2224 1734 2380 1784 sunt.
2419 1751 2445 1778 υ
2481 1734 2546 1783 Et
2575 1728 2909 1784 humiliabit
2954 1729 3455 1786 calumniatorem.
3488 1755 3513 1780 ››
3548 1733 3682 1788 Lar-

2043 1819 2162 1891 gito
2187 1818 2366 1889 justis
2399 1817 2654 1890 przemio,
2687 1818 2961 1874 humiliat
3001 1817 3322 1886 diabolum,
3383 1821 3481 1892 qui
3523 1839 3676 1878 nunc

2045 1909 2127 1963 eis
2152 1907 2542 1962 calumniator
2572 1908 2823 1962 exsistit.

2117 2020 2144 2046 ‹‹
2183 1999 2250 2052 Et
2283 1997 2646 2068 permanebit
2675 2013 2809 2051 cum
2843 1995 2983 2051 sole.
3031 2018 3058 2045 ››
3094 1998 3237 2053 Cum
3270 1996 3528 2053 claritate
3589 2018 3689 2072 pa-

2046 2090 2228 2140 terna.
2255 2084 2399 2138 Nam
2432 2084 2568 2138 huic
2601 2083 2706 2138 soli
2734 2084 2917 2154 aptari
2946 2085 3054 2139 ista
3084 2101 3196 2140 non
3227 2092 3475 2156 possunt
3505 2106 3516 2143 :
3552 2089 3692 2159 quia

2046 2191 2183 2227 cum
2217 2173 2325 2227 hoc
2359 2172 2577 2226 mundo
2609 2171 2978 2227 dissolvetur.
3015 2196 3040 2222 ‹‹
3080 2175 3145 2227 Et
3175 2179 3310 2229 ante
3362 2173 3560 2230 lunam
3595 2193 3696 2249 ge-

2049 2261 2364 2316 nerationis
2396 2261 2861 2332 generationum.
2900 2283 2926 2309 ››
2974 2260 3137 2316 Prior
3165 2262 3321 2317 enim
3351 2264 3531 2319 stabit
3561 2270 3694 2321 ante

2049 2367 2279 2405 omnem
2313 2349 2819 2421 congregationem
2853 2349 3140 2419 Ecclesiae,
3202 2352 3575 2425 manebitque
3632 2355 3692 2410 in

2050 2439 2493 2511 sempiternum.
2533 2460 2559 2487 «
2590 2438 2658 2492 Et
2687 2439 2998 2494 descendet
3041 2440 3194 2494 sicut
3248 2440 3440 2512 pluvia
3498 2443 3556 2497 in
3585 2443 3698 2499 vel-

2051 2528 2166 2583 lus.
2201 2550 2227 2578 »
2262 2527 2426 2582 Sicut
2455 2526 2609 2581 enim
2647 2527 2703 2581 in
2735 2526 2919 2582 vellus
2942 2527 3227 2583 Gedeonis
3247 2529 3441 2600 pluvia
3457 2531 3697 2587 descen-

2051 2618 2216 2686 dens,
2249 2633 2380 2670 cum
2415 2621 2568 2670 terra
2601 2615 2763 2670 arida
2796 2615 3004 2671 defecit
3037 2617 3238 2687 (Judz'c.
3279 2635 3353 2685 vr,
3387 2619 3499 2685 37),
3532 2620 3612 2676 ita
3642 2625 3699 2677 et

2053 2705 2146 2760 hic
2178 2705 2424 2776 illapsus
2455 2709 2542 2758 est
2577 2704 2633 2758 in
2667 2708 2900 2758 uterum
2929 2704 3271 2776 virginalem
3324 2723 3424 2777 per
3452 2707 3696 2764 infusio-

2056 2811 2187 2848 nem
2221 2793 2472 2864 Spiritus
2504 2794 2711 2847 sancti.
2753 2816 2772 2840 ι
2810 2793 2877 2846 Et
2908 2793 3059 2848 sicut
3089 2793 3388 2850 stillicidia
3420 2795 3700 2853 stillantia

2059 2899 2235 2954 super
2266 2888 2536 2936 terram.»
2573 2882 2744 2935 Arida
2774 2881 2928 2936 enim
2964 2887 3086 2936 erat
3115 2887 3269 2938 terra
3297 2883 3540 2939 humani
3568 2903 3700 2941 cor-o

2062 2971 2216 3042 poris
2242 2987 2374 3025 cum
2408 2971 2658 3040 advenit,
2713 2987 2814 3025 nec
2877 2970 3060 3025 ullum
3121 2972 3374 3028 fructum
3431 2975 3702 3032 exhibere

2062 3065 2284 3132 poterat
2314 3059 2640 3114 sanctitatis
2673 3075 2685 3113 :
2711 3060 2811 3114 sed
2838 3059 2962 3131 ipse
2979 3075 3105 3114 eam
3138 3061 3564 3132 prmdicationis
3585 3080 3701 3119 suae

2063 3148 2377 3204 stillicidiis
2402 3149 2768 3203 fecundatam
2803 3149 3088 3203 fructibus
3121 3149 3361 3220 replevit
3382 3154 3632 3208 azternis.

2136 3278 2162 3305 ‹‹
2196 3255 2428 3310 Orietur
2459 3255 2515 3309 in
2549 3255 2756 3310 diebus
2787 3255 2913 3323 ejus
2936 3255 3193 3325 justitia.
3254 3260 3310 3312 et
3341 3259 3712 3316 abundantia

1984 3315 2025 3380 Ο
2067 3344 2244 3416 pacis.
2279 3366 2305 3394 »
2337 3344 2498 3408 Quod
2527 3343 2583 3397 in
2616 3315 2833 3398 diebus
2856 3315 3103 3415 Auvgusti
3161 3315 3402 3400 Ccesaris
3455 3352 3543 3403 est
3599 3315 3710 3404 im;

2063 3433 2464 3502 pletum,cum
2500 3431 2778 3486 Dominus
2811 3432 2882 3486 de
2938 3430 3198 3486 thalamo
3255 3433 3525 3504 virginali
3576 3453 3708 3507 pro-

2063 3521 2255 3574 cessit.
2290 3521 2433 3574 Nam
2464 3520 2546 3575 ita
2581 3519 2672 3575 his
2703 3519 2911 3575 diebus
2943 3520 3139 3576 omnia
3167 3521 3318 3576 bella
3339 3524 3706 3593 quieverunt,

2063 3615 2127 3663 ut
2158 3609 2331 3663 etiam
2365 3608 2504 3663 illud
2541 3609 2902 3680 impleretur,
2937 3609 3091 3680 quod
3124 3609 3276 3665 alius
3302 3611 3585 3683 propheta
3613 3630 3707 3669 ce-

2062 3698 2227 3763 cinit,
2261 3698 2460 3753 dicens
2496 3715 2508 3752 :
2546 3697 2940 3753 Converterunt
2968 3698 3178 3769 gladios
3208 3715 3335 3755 suos
3384 3703 3440 3756 in
3467 3718 3708 3758 vomeres

2060 3788 2340 3842 etlanceas
2371 3804 2496 3842 suas
2557 3789 2615 3841 in
2670 3787 2843 3858 falces
2901 3788 3028 3858 (Isa.
3083 3806 3143 3856 ιι,
3195 3789 3269 3860 3).
3330 3789 3462 3845 Dies
3512 3794 3706 3847 autem

2059 3879 2189 3947 ejus
2219 3881 2357 3932 sunt
2387 3893 2520 3931 cum
2554 3877 2899 3947 concipitur,
2933 3893 3065 3932 cum
3100 3878 3378 3947 nascitur,
3403 3896 3536 3934 cum
3595 3898 3706 3935 nu-

2061 3965 2254 4020 tritur.
2288 3965 2416 4020 Dies
2445 3967 2571 4035 ejus
2604 3970 2761 4033 sunt,
2796 3982 2929 4020 cum
2963 3982 3136 4035 opera
3170 3966 3354 4022 Patris
3409 3974 3708 4038 operatur.

2063 4071 2196 4109 cum
2233 4055 2468 4124 patitur,
2503 4070 2634 4108 cum
2667 4054 2738 4108 ad
2772 4054 3002 4108 inferna
3033 4054 3495 4121 descendit,cum
3520 4073 3711 4122 resur-

2064 4144 2168 4214 git,
2201 4160 2334 4197 cum
2367 4159 2428 4197 se
2458 4141 2764 4212 discipulis
2798 4142 3039 4212 praebet,
3065 4160 3198 4197 cum
3233 4142 3404 4198 cmlos
3428 4146 3712 4201 ascendit.

2065 4256 2091 4280 ‹‹
2128 4237 2311 4286 Donec
2343 4231 2639 4284 auferatur
2672 4230 2830 4285 luna.
2869 4253 2896 4278 ››
2928 4230 3193 4286 Elevetur
3225 4231 3498 4288 Ecclesia.

2143 4343 2163 4368 οι
2197 4321 2265 4374 Et
2297 4319 2697 4375 dominabitur
2726 4338 2760 4374 a
2784 4319 2932 4374 mari
2985 4337 3167 4391 usque
3199 4322 3269 4376 ad
3305 4338 3485 4389 mare,
3523 4345 3562 4370 »
3600 4328 3710 4380 etc.

2066 4410 2276 4464 Totum
2313 4409 2467 4479 hunc
2502 4409 2784 4464 mundum
2821 4427 2928 4464 sua
2963 4409 3231 4482 passione
3251 4411 3606 4480 acquisitum
3630 4417 3714 4467 at-

2065 4514 2176 4568 que
2210 4498 2538 4567 subjectum
2571 4497 2802 4552 Christo
2831 4497 3071 4554 Domino
3123 4498 3404 4570 propheta
3435 4504 3711 4557 testatur.

2141 4612 2161 4637 α
2198 4587 2404 4642 Coram
2431 4585 2526 4641 illo
2558 4587 2860 4657 procidant
2905 4587 3220 4659 rEthiopes.
3281 4610 3310 4637 »
3342 4589 3598 4645 Peccatis
3630 4596 3716 4646 te-

1990 4680 2036 4745 Ι)
2071 4675 2323 4741 nebrosi,
2357 4698 2383 4724 ‹‹
2411 4675 2475 4730 Et
2507 4674 2727 4730 inimici
2759 4672 3135 4745 ejus/terram
3184 4676 3428 4750 lingent.
3466 4700 3493 4727 »
3542 4679 3720 4736 Juxta

2073 4764 2217 4819 illud
2251 4781 2263 4818 :
2294 4764 2374 4818 Te
2396 4764 2725 4820 adorabunt
2753 4770 2811 4820 et
2849 4765 3143 4836 pulverem
3206 4767 3422 4839 pedum
3481 4772 3717 4824 tuorum

2067 4853 2289 4925 lingent
2318 4855 2444 4923 (Isa.
2477 4870 2627 4923 xux,
2660 4855 2770 4924 ‘23).
2814 4874 2835 4902 ι
2887 4859 3070 4925 Reges
3129 4855 3371 4912 'I‘harsis
3429 4861 3485 4911 et
3512 4856 3715 4912 insulae

2073 4959 2318 4998 munera
2361 4941 2601 4998 offerent
2650 4959 2662 4996 :
2716 4958 2880 5015 reges
2935 4945 3191 5000 Arabum
3252 4951 3310 5000 et
3356 4945 3507 5000 Saba
3563 4947 3717 5001 dona

2074 5033 2446 5096 adducent,»
2491 5036 2598 5086 etc.
2650 5031 2835 5087 Omne
2884 5030 2977 5088 hic
3027 5033 3328 5088 mundiale
3380 5033 3715 5104 imperium,

2073 5122 2341 5186 honores,
2373 5124 2428 5174 et
2468 5119 2702 5174 ordines
2749 5121 2820 5174 ad
2871 5120 3164 5176 Christum
3218 5121 3530 5176 Dominum
3565 5139 3723 5178 acce-

2073 5209 2226 5279 dere,
2260 5209 2427 5279 eique
2458 5207 2607 5262 colla
2637 5209 3009 5276 submittere,
3052 5210 3456 5280 bonorumque
3489 5227 3718 5266 morum

2075 5300 2227 5353 dona
2257 5298 2496 5352 deferre.
2532 5297 2817 5369 Propheta
2853 5299 3193 5369 pronuntiat
3226 5315 3236 5350 :
3273 5299 3428 5369 quod
3488 5317 3556 5355 ex
3596 5316 3720 5356 ma-

2075 5404 2281 5461 gorum
2332 5385 2674 5442 muneribus
2724 5386 3108 5459 intelligimus
3184 5387 3545 5443 inchoatum.
3607 5389 3724 5461 Ipsi

2077 5477 2232 5532 enim
2295 5476 2557 5548 gentium
2608 5492 2929 5549 regumque
2986 5481 3190 5550 typum
3240 5478 3501 5533 tenuisse
3562 5494 3724 5534 mon-

2077 5571 2360 5622 strantur.

2153 5679 2172 5704 ι
2210 5656 2356 5722 Quia
2385 5654 2648 5710 liberavit
2673 5672 2986 5729 pauperem
3019 5674 3052 5712 a
3083 5660 3332 5729 potente.
3366 5679 3394 5707 ››
3431 5657 3718 5730 Populum

2077 5744 2307 5804 ﬁdelem
2339 5762 2373 5802 a
2429 5748 2714 5819 potestate
2770 5744 3006 5806 diaboli.
3041 5769 3070 5801 «
3131 5747 3201 5805 Et
3256 5763 3568 5821 pauperem
3629 5747 3722 5810 cui
