4256 6582
615 465 767 526 1091

2114 454 2534 518 APPENDIX.

3869 450 4016 514 1092

618 615 733 654 non
758 600 882 652 erat
913 596 1166 668 adiutor.
1200 594 1402 650 Parcet
1431 593 1672 666 pauperi
1705 596 1761 649 et
1816 592 1998 664 inopi,
2058 613 2086 642 ››
2149 594 2258 646 etc.
2292 596 2341 662 Α
2377 593 2698 655 terrenum,
2733 585 3061 660 suscepisse
3105 587 3352 641 mortem
3410 586 3745 656 penetrasse
3774 583 4010 657 inferos,

620 686 749 758 Qui,
777 685 1023 756 abjectis
1055 684 1262 740 mundi
1294 683 1533 751 divitiis,
1565 682 1967 756 pcenitentiam
1999 684 2262 753 egerunt:

618 777 877 848 parcitur
905 774 1018 838 his,
1048 778 1105 830 et
1136 773 1535 830 salvabuntur.

694 905 721 932 ‹‹
752 883 831 937 Ex
861 881 1061 938 usuris
1090 885 1148 937 et
1177 879 1589 952 iniquitatibus
1630 878 1876 934 redimet
1906 877 2136 932 animas
2171 891 2266 930 eo-

621 988 772 1026 rum.
806 994 832 1021 »
867 971 950 1026 Ne
980 971 1050 1026 de
1082 969 1464 1043 pereuntibus
1523 967 1718 1023 usuris
1749 966 1806 1020 in
1840 970 1995 1022 terra
2051 964 2268 1020 consti-

617 1065 788 1116 tuant
834 1061 1160 1130 thesauros,
1207 1059 1308 1114 sed
1359 1057 1418 1112 in
1469 1056 1609 1111 coelo
1672 1054 1954 1111 collocent
2003 1052 2266 1108 sacculos

621 1150 718 1222 qui
753 1167 870 1205 non
900 1152 1280 1204 veterascant.
1332 1147 1440 1202 Sed
1486 1150 1541 1201 et
1572 1162 1764 1200 usurae
1827 1146 2061 1214 peccata
2104 1146 2263 1197 sunt.

618 1240 760 1294 dum
795 1237 1019 1294 malitia
1049 1254 1083 1291 a
1112 1237 1327 1291 Satana
1355 1239 1592 1307 accepta
1643 1231 2090 1304 multiplicatur.
2137 1253 2164 1280 ‹‹
2198 1231 2268 1285 Et

616 1327 955 1384 honorabile
983 1342 1192 1382 nomen
1223 1341 1425 1380 eorum
1457 1338 1655 1379 coram
1687 1321 1806 1386 illo,
1839 1340 1864 1373 η
1905 1323 2111 1378 Coram
2151 1323 2265 1375 Deo

617 1417 802 1472 Patre.

691 1525 712 1554 ι
746 1505 817 1560 Et
847 1504 1013 1572 vivet,
1067 1526 1095 1553 ››
1141 1504 1204 1559 In
1239 1502 1457 1559 sanctis
1517 1502 1664 1572 suis,
1726 1500 1878 1557 sicut
1933 1504 1990 1555 et
2046 1497 2262 1554 Paulus

615 1594 845 1650 dicebat
877 1609 890 1648 :
921 1594 1044 1649 Jam
1072 1607 1180 1648 non
1209 1594 1327 1647 vivo
1355 1607 1457 1665 ego
1482 1610 1501 1648 :
1524 1593 1657 1647 vivit
1684 1599 1867 1646 autem
1897 1591 1956 1644 in
1986 1603 2073 1642 me
2103 1588 2261 1643 Chri-

613 1687 732 1740 δίκε
760 1684 974 1752 (Galat.
1012 1699 1071 1748 ιι,
1101 1682 1214 1748 20).
1244 1704 1270 1730 ‹‹
1306 1681 1376 1736 Et
1424 1680 1662 1737 dabitur
1716 1679 1767 1734 ei
1815 1679 1884 1734 de
1937 1694 2076 1733 auro
2124 1678 2263 1731 Ara-

613 1773 742 1828 biae.
777 1772 1031 1826 Olferent
1061 1769 1110 1826 ei
1144 1771 1355 1825 mentis
1413 1769 1750 1841 puritatem,
1811 1773 2093 1839 tanquam
2152 1783 2262 1821 au-

616 1878 746 1916 rum
807 1859 1140 1925 Arabicum,
1175 1858 1484 1930 splendore
1544 1857 1938 1930 pulcherrimo
1994 1854 2264 1921 rutilans,

621 1970 648 2002 α
679 1949 746 2004 Et
775 1949 1104 2005 adorabunt
1133 1948 1203 2002 de
1232 1947 1358 2019 ipso
1395 1965 1648 2019 semper,
1685 1970 1711 1995 ››
1747 1947 1821 2001 Eo
1861 1947 2014 2017 quod
2050 1945 2120 1999 ab
2154 1943 2262 1998 ini-
2295 1970 2342 2034 B

615 2038 940 2111 quitatibus
971 2035 1199 2092 liberati
1234 2041 1438 2092 sunt.«
1472 2038 1616 2092 Tota
1647 2037 1739 2091 die
1768 2034 2114 2091 benedicent
2141 2034 2260 2089 ei.»

618 2130 677 2183 In
712 2144 828 2183 uno
860 2125 1126 2182 Ecclesiae
1158 2142 1399 2198 corpore
1429 2125 1781 2198 congregati.

690 2257 711 2287 α
746 2236 814 2290 Et
843 2234 952 2290 erit
981 2235 1420 2289 ﬁrmamentum
1451 2233 1511 2288 in
1542 2238 1755 2301 terra,»
1789 2232 2068 2303 Magnum
2103 2229 2260 2285 enim

612 2329 776 2380 terrae
811 2323 1030 2379 labenti
1061 2321 1258 2378 attulit
1280 2323 1408 2392 ejus
1439 2323 1721 2377 adventus
1757 2322 1952 2393 passio
1985 2336 2050 2375 ac
2073 2335 2263 2373 resur-

612 2412 790 2469 rectio
822 2413 1279 2467 firmamentum.
1317 2433 1344 2459 ι‹
1371 2411 1432 2466 In
1465 2411 1715 2467 summis
1740 2410 2029 2466 montium
2057 2424 2261 2479 super-

611 2501 930 2558 extolletur
972 2517 1148 2572 super
1206 2499 1493 2555 Libanum
1548 2500 1771 2554 fructus
1829 2500 1955 2569 ejus
2015 2520 2034 2546 ιι
2073 2497 2263 2567 Super

611 2607 816 2647 omnes
847 2591 1003 2645 enim
1035 2589 1373 2645 altitudines
1433 2588 1627 2645 saeculi
1688 2587 1907 2653 elevata
1938 2592 2026 2642 est
2077 2586 2263 2658 gratia

609 2679 889 2751 baptismi
924 2697 937 2746 ;
972 2694 1074 2751 per
1105 2695 1280 2750 quam
1307 2683 1544 2750 peccata
1576 2677 1881 2734 tolluntur.
1927 2701 1953 2725 «
1988 2678 2057 2731 Et
2091 2676 2260 2731 flore-

609 2769 757 2823 bunt
789 2769 860 2824 de
895 2768 1141 2824 civitate.
1197 2793 1218 2819 »
1257 2767 1318 2822 Id
1369 2772 1458 2822 est
1504 2769 1575 2822 de
1633 2766 1852 2822 caelesti
1909 2763 2258 2820 Jerusalem.

617 2881 646 2908 ‹‹
682 2857 842 2912 Sicut
872 2857 1070 2912 fenum
1106 2862 1293 2912 terra}.
1320 2878 1348 2906 »
1372 2856 1591 2912 Fenum
1620 2855 1859 2928 duplam
1881 2855 2058 2910 habet
2087 2853 2260 2908 ratio-

611 2963 769 3002 nem.
804 2947 904 3000 Est
935 2947 1134 3001 fenum
1165 2946 1321 3016 quod
1349 2962 1620 3000 arescens
1653 2944 1886 3010 decidit,
1947 2949 2003 2998 et
2035 2947 2124 2998 est
2183 2943 2260 2998 fe-

615 3052 756 3089 num
791 3033 1088 3099 ﬂoridum,
1120 3039 1176 3088 et
1201 3033 1367 3088 viridi
1412 3050 1579 3088 coma
1628 3034 1975 3105 perdurans,
2030 3030 2099 3086 de
2148 3048 2261 3102 quo

619 3127 908 3178 ornantur
936 3139 1160 3177 coronae
1193 3126 1550 3177 sanctorum.
1608 3122 1798 3178 Sancti
1849 3136 1985 3192 ergo
2025 3137 2128 3192 per
2156 3120 2259 3175 ha-

620 3212 906 3284 ptismum
960 3211 1145 3266 renati
1202 3211 1496 3284 ﬂgrebunt
1539 3212 1610 3267 de
1663 3210 1881 3266 caelesti
1935 3208 2260 3266 Jerusalem

615 3301 901 3356 bonorum
961 3317 1204 3373 operum
1252 3274 1605 3356 thrnamcnto
1663 3299 1976 3372 splendidi.
2010 3321 2036 3349 «

613 3391 812 3447 fenum
844 3395 1028 3446 terra}.
1064 3413 1091 3439 υ
1116 3395 1239 3446 Non
1269 3389 1425 3445 illius
1447 3397 1611 3446 terrae
1639 3389 2029 3446 maledictioni
2055 3388 2257 3445 subdi-

613 3484 707 3548 tae,
733 3480 832 3536 sed
865 3479 1024 3536 illius
1056 3479 1225 3536 melle
1259 3496 1324 3535 ac
1353 3478 1500 3534 lacte
1535 3478 1848 3534 manantis.

615 3609 643 3639 ‹‹
676 3588 742 3642 Et
771 3587 883 3641 erit
939 3602 1151 3642 nomen
1210 3587 1338 3657 ejus
1393 3586 1766 3642 benedictum
1836 3585 1893 3640 in
1953 3583 2182 3640 sazcula.
2226 3605 2254 3634 »

610 3677 695 3731 Ab
724 3675 819 3732 his
851 3692 998 3746 quos
1025 3674 1170 3729 inihi
1207 3674 1504 3730 transtulit
1547 3673 1962 3746 perpetualiter
2019 3673 2257 3728 benedi-

612 3765 783 3819 citur.
824 3783 846 3812 ι
876 3765 1022 3818 Ante
1053 3763 1234 3819 solem
1269 3768 1570 3835 permanet
1613 3779 1824 3818 nomen
1884 3763 2031 3832 ejus.
2087 3784 2114 3812 ››
2156 3761 2258 3817 Po-

611 3857 794 3909 testas
825 3851 1044 3908 scilicet
1074 3851 1329 3908 nominis
1359 3854 1486 3924 ejus
1522 3853 1724 3922 :juxta
1771 3851 1915 3906 illud
1952 3869 1965 3920 ;
2001 3852 2136 3906 Ante
2167 3853 2255 3906 lu-

610 3944 843 4006 ciferum
871 3944 1041 4013 genui
1069 3949 1116 3997 te
1145 3942 1314 4014 (Psal.
1350 3959 1459 4013 cxx,
1487 3941 1564 4012 3).

682 4072 710 4100 «
741 4050 810 4104 Et
838 4049 1254 4105 benedicentur
1304 4048 1363 4103 in
1395 4049 1521 4120 ipso
1554 4064 1757 4104 omnes
1788 4048 1977 4104 tribus
2035 4053 2201 4103 terrae
2237 4064 2250 4102 :

608 4154 813 4194 omnes
839 4142 1040 4210 gentes
1072 4137 1738 4210 magniﬁcabunteum.»
1772 4141 1889 4191 Hoc
1910 4137 2065 4192 enim
2080 4154 2253 4192 evan-

608 4226 817 4299 gelista
847 4227 1542 4298 commemorat,Domino
1575 4228 1656 4282 sic
1687 4226 1913 4282 dicente
1947 4226 2251 4283 :Praedica-

611 4317 758 4371 bitur
791 4316 889 4372 hoc
957 4318 1311 4388 Evangelium
1370 4318 1431 4370 in
1476 4319 1729 4371 universo
1789 4315 1991 4370 mundo
2045 4316 2251 4385 (Matth.

605 4423 759 4476 xxxv,
792 4407 900 4476 14).
937 4406 1046 4462 Sed
1079 4410 1136 4461 et
1163 4421 1368 4461 omnes
1399 4409 1601 4476 gentes
1631 4405 1883 4470 venient,
1944 4409 2000 4460 et
2050 4405 2251 4462 adora-

605 4496 756 4550 bunt
782 4511 977 4549 coram
1010 4500 1085 4561 te,
1118 4493 1378 4550 Domine.

679 4605 708 4633 «
739 4583 1089 4638 Benedictus
1124 4583 1403 4639 Dominus
1435 4582 1589 4639 Deus
1622 4583 1821 4650 Israel,
1853 4584 1951 4655 qui
1983 4583 2119 4640 facit
2141 4584 2254 4639 mi-

608 4671 816 4726 rabilia
845 4671 1026 4727 solus.
1062 4693 1089 4720 »
1123 4672 1278 4727 Fecit
1307 4673 1463 4728 enim
1495 4671 1552 4726 in
1585 4671 1775 4728 Veteri
1827 4673 2200 4728 Testamento
2235 4691 2248 4742 ;

607 4760 748 4815 facit
771 4764 829 4816 et
858 4760 916 4814 in
948 4760 1104 4816 Novo
1137 4777 1270 4816 cum
1303 4761 1614 4833 dignanter
1641 4765 1805 4818 vocat
1829 4778 1927 4836 -ea
1979 4779 2107 4833 quae
2137 4779 2252 4818 non

606 4853 766 4919 sunt,
800 4852 1104 4920 tamquam
1136 4867 1200 4905 ea
1231 4867 1356 4922 quae
1378 4854 1536 4906 sunt.

679 4978 708 5006 «
741 4956 809 5011 Et
839 4956 1208 5012 benedictum
1234 4973 1444 5012 nomen
1481 4957 1806 5029 majestatis
1847 4958 1974 5029 ejus
2007 4958 2067 5013 in
2097 4963 2255 5015 aeter-

606 5046 952 5102 num.Juxta
980 5044 1122 5101 illud
1157 5063 1170 5102 :
1201 5047 1271 5101 Et
1300 5047 1410 5102 erit
1441 5047 1812 5103 credentibus
1835 5048 1893 5102 in
1919 5063 2009 5103 me
2040 5065 2252 5104 nomen

607 5151 843 5204 novum,
877 5136 1030 5208 quod
1061 5136 1437 5192 benedicatur
1471 5137 1526 5190 in
1560 5135 1751 5204 terris,
1772 5136 1828 5191 id
1861 5141 1949 5191 est
1976 5135 2251 5193 Christia-

605 5242 766 5281 num.
802 5248 829 5276 «
857 5226 926 5280 Et
955 5224 1276 5297 replebitur
1304 5226 1610 5296 majestate
1640 5226 1768 5296 ejus
1827 5225 2019 5280 omnis
2057 5230 2248 5302 'terra,

603 5314 723 5383 ﬁat,
754 5315 875 5370 ﬁat.
913 5337 940 5363 »
965 5319 1105 5369 Cum
1139 5314 1409 5369 effuderit
1439 5313 1722 5386 Spiritum
1765 5330 1938 5368 suum
1979 5319 2248 5370 sanctum

603 5419 780 5476 super
809 5419 1045 5459 omnem
1073 5419 1308 5459 carnem
1346 5420 1357 5459 :
1393 5404 1546 5474 quod
1573 5404 1700 5473 jam
1731 5402 1792 5456 in
1825 5403 2068 5458 Actibus
2112 5420 2248 5475 apo-

603 5491 825 5548 stolicis
856 5492 1108 5564 legimus
1167 5493 1348 5548 fuisse
1414 5490 1769 5563 completum
1836 5491 1970 5562 (Act.
2042 5510 2102 5560 ιι,
2173 5495 2245 5564 4).

604 5580 711 5645 Qui
743 5585 800 5635 et
829 5598 984 5636 nunc
1016 5581 1074 5636 in
1108 5581 1276 5638 nobis
1306 5580 1692 5645 Paracletum,
1741 5580 1799 5634 id
1842 5585 1933 5636 est
1991 5581 2246 5638 Consola-

605 5669 774 5722 torem
803 5667 1076 5738 dignetur
1107 5671 1434 5740 infundere,
1467 5675 1533 5725 ut
1570 5667 1894 5744 intelligere
1952 5671 2247 5742 possimus

2379 678 2599 734 redisse
2630 678 2904 733 victorem
2939 676 3009 730 ad
3043 673 3239 730 caelos.

2917 764 3246 820 PSALMUS
3284 762 3494 818 LXXII.

2377 857 2692 925 Defecerunt
2757 855 2951 925 hymni
3018 852 3228 922 David,
3321 853 3432 922 ﬁlii
3518 855 3689 925 Iesse.
3759 851 4013 910 Psalmu:

2447 923 2646 996 Amph.
2680 923 3021 996 Sciendum,
3050 925 3206 996 quod
3266 923 3738 996 septuagesimus
3794 925 4012 996 primus

2447 995 2713 1069 psalmus
2745 996 2983 1052 secundi
3013 995 3146 1050 libri
3181 995 3314 1050 ﬁnis
3346 996 3424 1050 sit
3456 1013 3468 1050 :
3506 996 3675 1069 unde
3707 996 3776 1050 de
3797 995 3889 1051 fin
3921 1013 4009 1069 ex-

2446 1067 2631 1124 tremo
2664 1069 2856 1135 habet,
2880 1069 2997 1138 ﬁat,
3028 1069 3123 1138 ﬁat
3153 1087 3171 1122 :
3204 1083 3306 1138 pro
3357 1083 3469 1138 quo
3524 1083 3630 1122 nos
3663 1067 3720 1139 in
3752 1068 4007 1139 superio-

2447 1141 2609 1195 ribus
2642 1139 3194 1194 demonstravimus.
3230 1155 3414 1204 amen,
3446 1153 3608 1193 amen
3664 1138 3721 1192 in
3774 1138 4000 1195 Hebreo

2448 1211 2580 1279 dici,
2615 1211 2801 1266 Etiam
2853 1211 2961 1266 hoc
3001 1210 3342 1282 diligentius
3381 1209 3827 1282 observandum,
3862 1212 4004 1282 quod

2447 1283 2756 1354 defecerunt
2794 1284 2990 1354 hymni
3009 1353 3015 1354 γ
3046 1281 3239 1354 David,
3270 1282 3411 1354 ﬁlii
3473 1283 3635 1346 Iesse,
3701 1281 3772 1336 ad
3800 1353 3807 1354 ί
3837 1281 4004 1354 ﬁnem

2383 1405 2387 1408 .
2448 1352 2867 1426 septuagesimi
2934 1353 3106 1426 primi
3156 1352 3370 1424 psalmi
3413 1354 3700 1426 pertineat
3740 1369 3752 1406 :
3796 1353 3853 1426 id
3881 1370 4006 1410 vero

2447 1423 2602 1498 quod
2638 1423 2951 1498 isequiturf
2981 1423 3234 1481 Psalrrius
3281 1423 3484 1496 Asaph,
3529 1423 3761 1480 initium
3797 1424 3872 1480 sit
3917 1442 4006 1482 se-

2448 1497 2703 1569 queritis.

2452 1608 2478 1635 ‹‹
2512 1588 2695 1651 Quam
2729 1586 2916 1642 bonus
2951 1584 3126 1640 Israel
3157 1585 3330 1653 Deus,
3365 1583 3457 1640 his
3517 1585 3615 1657 qui
3671 1588 3825 1641 recto
3883 1590 4012 1640 sunt

2375 1675 2564 1730 corde.
2604 1696 2630 1724 »
2663 1681 2858 1731 Bonus
2889 1674 3045 1730 enim
3078 1679 3163 1730 est
3195 1673 3288 1730 his
3318 1674 3418 1746 qui
3451 1689 3583 1730 eum
3613 1673 3796 1729 visuri
3831 1677 3967 1729 sunt
3995 1692 4008 1730 :

2376 1764 2527 1819 sicut
2550 1764 2837 1819 Dominus
2869 1763 3062 1835 inquit
3095 1764 3280 1819 :Beati
3308 1762 3513 1819 mundo
3550 1762 3728 1829 corde,
3761 1765 4012 1836 quoniam

2377 1855 2484 1923 ipsi
2513 1854 2681 1908 Deum
2713 1853 2967 1909 videbunt
2990 1854 3208 1924 (Matth.
3241 1870 3294 1906 ν.
3332 1853 3408 1924 8).

2454 1962 2476 1991 α
2511 1943 2615 1998 Mei
2649 1946 2845 1998 autem
2877 1959 3022 2014 pene
3052 1941 3193 1997 moti
3226 1946 3364 1998 sunt
3392 1942 3589 2014 pedes,
3649 1941 3790 2014 pede
3848 1942 4011 1998 effusi

2375 2036 2514 2087 sunt
2539 2047 2780 2104 gressus
2812 2031 2945 2087 mei.
2984 2053 3004 2081 ι
3042 2032 3202 2100 Quia,
3235 2029 3653 2087 etc.Stabilitas
3685 2031 4011 2088 sanctitatis

2373 2121 2500 2192 ejus
2531 2126 2705 2192 atque
2735 2121 2987 2177 incessio
3019 2121 3090 2176 ad
3138 2120 3323 2176 Deum
3367 2119 3692 2191 labebatur,
3751 2137 3816 2176 eo
3864 2121 4013 2192 quod

2373 2208 2622 2265 aemulus
2655 2209 2970 2281 impiorum
3005 2209 3164 2282 pacis
3195 2209 3602 2282 felicitatisque
3633 2209 3855 2266 fuisset.

2446 2321 2471 2347 ‹‹
2507 2299 2653 2364 Quia
2683 2315 2798 2354 non
2831 2304 2915 2355 est
2969 2303 3270 2372 respectus
3331 2288 3503 2354 morti
3560 2315 3760 2356 eorum
3794 2315 3808 2355 :
3840 2303 3899 2354 et
3927 2299 4014 2353 ﬁr-

2376 2392 2736 2443 mamentum
2773 2391 2828 2442 in
2863 2388 3036 2460 plaga
3082 2405 3304 2444 eorum.
3341 2389 3410 2443 Et
3468 2387 3526 2443 in
3584 2387 3781 2444 labore
3827 2387 4014 2444 homi-

2374 2493 2573 2531 num.«
2614 2481 2726 2532 etc.
2761 2478 2848 2532 Ab
2907 2477 3332 2548 inﬁrmitate,et
3363 2477 3549 2550 plagis
3579 2476 3854 2533 velociter
3883 2494 4020 2532 con-

2375 2565 2694 2632 valescunt,
2728 2583 2832 2622 nec
2865 2566 3019 2622 sicut
3047 2567 3317 2623 homines
3382 2565 3521 2638 iusti
3579 2565 4021 2623 tribulationum

2373 2655 2725 2726 quatiuntur
2756 2655 3023 2728 ﬂagellis.

2445 2767 2471 2792 ‹‹
2511 2744 2641 2798 Ideo
2677 2744 2864 2799 tenuit
2895 2761 2993 2799 eos
3024 2744 3321 2816 superbia,
3371 2743 3554 2816 operti
3614 2748 3753 2799 sunt
3798 2743 4014 2814 iniqui-

2372 2836 2512 2899 tate,
2547 2837 2603 2886 ct
2634 2833 2934 2904 impietate
2965 2850 3090 2888 sua.
3129 2855 3157 2882 ›ι
3189 2837 3298 2889 Per
3328 2832 3722 2905 arrogantiam
3748 2832 3902 2889 enim
3936 2833 4013 2887 fe-

2372 2920 2610 2977 licitatis
2641 2921 3034 2993 multiplicata
3065 2923 3373 2993 iniquitate
3405 2926 3770 2993 premuntur.

2443 3035 2467 3056 υ
2506 3011 2730 3066 Prodiit
2760 3011 2928 3082 quasi
2977 3027 3046 3066 ex
3095 3011 3266 3083 adipe
3311 3011 3593 3083 iniquitas
3634 3027 3856 3068 eorum.
3896 3033 3916 3062 ι
3953 3012 4014 3066 In

2370 3097 2724 3169 pinguedine
2776 3114 3007 3170 quoque
3071 3098 3430 3168 divitiarum,
3501 3099 3682 3155 oblita
3730 3100 4016 3171 iniquitas

2373 3188 2656 3259 processit
2686 3188 2758 3242 ab
2790 3188 2894 3244 eis.
2929 3189 3009 3244 De
3039 3188 3148 3243 hac
3180 3189 3335 3245 enim
3371 3189 3745 3262 pinguedine,
3775 3193 3832 3244 et
3858 3189 4017 3261 Moy-

2097 3300 2260 3354 Sicut
2297 3343 2330 3354 _
2369 3293 2462 3331 ses
2529 3277 2610 3331 ait
2661 3293 2673 3332 :
2718 3279 3110 3349 Impinguatus
3175 3285 3252 3340 est
3306 3279 3489 3346 Iacob,
3559 3285 3609 3334 ct
3653 3278 4021 3334 recalcitravit

2290 3343 2332 3410 (ἶ
2371 3369 2554 3433 (Deut.
2622 3343 2816 3431 xxxn;
2870 3343 2977 3438 15).

3073 3389 3093 3416 ι
3163 3367 3547 3424 Transierunt
3621 3366 3680 3422 in
3745 3367 4018 3422 affectum

2369 3454 2581 3510 cordis.
2619 3477 2645 3504 ››
2677 3454 2747 3510 Ut
2795 3471 2984 3526 suam,
3031 3459 3086 3510 et
3141 3473 3254 3512 non
3306 3455 3405 3512 Dei
3461 3457 3713 3513 facerent
3750 3455 4019 3512 volunta-

2367 3547 2507 3599 tem.

2439 3654 2465 3680 ‹‹
2509 3631 2949 3703 Cogitaverunt,
2983 3638 3039 3689 et
3071 3632 3248 3688 locuti
3282 3638 3423 3689 sunt
3467 3633 3810 3706 nequitiam,
3845 3655 3873 3681 ι)
3905 3637 4019 3690 etc.

2369 3721 2499 3776 Sive
2527 3721 2730 3792 Judazi,
2757 3722 2856 3793 qui
2891 3727 3071 3778 Deum
3101 3722 3159 3777 in
3211 3739 3384 3779 carne
3435 3723 3688 3796 positum
3745 3721 4020 3794 blasphe-

2368 3814 2618 3877 mantes,
2650 3811 2925 3881 nequitiae
2955 3810 3194 3884 laqueos
3225 3812 3542 3868 tendebant
3591 3812 3648 3866 in
3708 3811 4014 3884 cogitatio-

2368 3898 2542 3954 nibus
2572 3899 2859 3970 perversis
2909 3917 2921 3955 :
2981 3900 3098 3956 sive
3145 3901 3419 3968 haeretici,
3476 3902 3575 3973 qui
3617 3918 3717 3974 per
3741 3902 4024 3972 interpre-

2366 3987 2619 4043 tationes
2652 3987 2885 4060 iniquas
2922 3993 3030 4044 Deo
3059 3989 3394 4045 detrahunt.

2436 4100 2463 4126 ‹‹
2503 4077 2827 4133 Posuerunt
2857 4077 2914 4132 in
2944 4077 3154 4133 coelum
3188 4095 3252 4134 os
3285 4084 3547 4148 suum,et
3574 4079 3774 4156 lingua
3801 4094 4011 4134 eorum

2364 4165 2633 4220 transivit
2663 4166 2720 4221 in
2755 4171 2927 4221 terra.
2967 4187 2987 4217 ιι
3029 4166 3133 4222 Per
3162 4168 3498 4239 superbiam
3551 4167 3802 4224 scientiae
3831 4166 4019 4223 locuti

2367 4259 2506 4310 sunt
2535 4260 2740 4310 contra
2769 4255 3158 4312 habitatorem
3187 4257 3336 4324 coeli,
3369 4258 3470 4313 sed
3515 4256 3886 4313 humiliatum
3919 4261 4019 4312 est

2368 4361 2556 4416 usque
2589 4344 2644 4399 in
2678 4349 2892 4400 terram
2926 4344 3199 4417 iniquum
3232 4345 3534 4418 eloquium
3564 4350 3847 4412 eorum,et
3876 4361 4017 4416 per-

2364 4433 2598 4489 transiit
2631 4451 2646 4499 ;
2679 4435 2822 4505 quia
2850 4434 3082 4490 ﬁrmam
3132 4453 3248 4492 non
3299 4435 3505 4492 habuit
3560 4435 3884 4492 stationem.
3917 4433 4024 4489 Id-

2364 4523 2516 4578 circo
2542 4523 2631 4578 his
2655 4523 2979 4596 prophetiis
3016 4524 3301 4581 Dominus
3329 4525 3399 4581 de
3443 4524 3567 4582 suis
3612 4524 3879 4597 loquitur,
3912 4522 4022 4577 di-

2364 4627 2502 4668 cens
2526 4629 2538 4666 Ζ

2436 4721 2464 4749 ‹‹
2514 4701 2648 4756 Ideo
2691 4705 3059 4758 convertetur
3124 4703 3376 4775 populus
3439 4720 3606 4760 meus
3653 4703 3766 4770 hic,
3796 4705 3851 4758 et
3879 4701 4014 4759 dies

2364 4788 2520 4861 pleni
2550 4789 2922 4846 invenientur
2951 4791 3009 4847 in
3040 4792 3144 4848 eis.
3185 4815 3205 4842 ν
3241 4792 3519 4850 Videntes
3550 4793 3668 4850 haec
3710 4792 3855 4864 justi
3904 4791 4017 4863 qui

2366 4878 2528 4950 prius
2559 4880 2617 4933 in
2650 4880 3053 4950 peccatoribus
3081 4881 3248 4938 zelati
3282 4884 3531 4951 fuerant,
3575 4887 3873 4940 cernentes
3905 4899 4016 4954 pa-

2368 4983 2491 5022 cem
2521 4984 2744 5038 eorum,
2776 4975 3146 5026 revertuntur
3196 4973 3267 5026 ad
3319 4976 3498 5028 Deum
3534 4991 3547 5028 :
3585 4976 3647 5028 ut
3697 4970 4022 5044 plenitudi-

2364 5073 2496 5111 nsm
2545 5056 2771 5113 dierum
2823 5059 3058 5130 capiant
3121 5065 3491 5117 aeternorum.
3559 5061 3804 5117 scientes
3871 5061 4026 5133 quia

2363 5145 2548 5217 iniqui
2581 5161 2686 5202 nec
2713 5147 2784 5202 ad
2820 5147 3134 5203 dimidium
3166 5151 3474 5207 accedunt.

2435 5256 2461 5282 ‹‹
2495 5235 2564 5288 Et
2603 5235 2920 5304 dixerunt;
2974 5237 3271 5300 Quomodo
3340 5240 3450 5296 scit
3497 5241 3671 5307 Deus,
3721 5243 3778 5295 et
3823 5239 3874 5295 si
3924 5243 4030 5296 est

2362 5323 2602 5379 scientia
2640 5324 2698 5378 in
2749 5324 2993 5381 excelso.
3048 5350 3075 5375 ››
3128 5327 3405 5399 Ignorant
3467 5330 3621 5386 enim
3680 5334 4028 5402 peccatores

2365 5413 2540 5468 Deum
2573 5412 2772 5469 omnia
2801 5430 2972 5485 posse
3005 5431 3352 5488 cognoscere
3385 5437 3396 5474 :
3433 5419 3754 5474 nescientes
3779 5417 4022 5484 miseri,

2359 5501 2499 5572 quia
2530 5501 2674 5557 nihil
2706 5503 2778 5557 ab
2811 5501 2996 5558 oculis
3018 5505 3146 5574 ejus
3177 5506 3577 5563 absconditur.

2435 5614 2455 5638 ι
2491 5592 2632 5646 Ecce
2661 5590 2774 5662 ipsi
2798 5595 3152 5665 peccatores,
3189 5599 3244 5651 et
3271 5597 3639 5653 abundantes
3679 5596 3737 5651 in
3793 5597 4026 5654 saeculo

2358 5679 2736 5736 obtinuerunt
2763 5679 3012 5736 divitias.
3045 5701 3072 5734 »ι
3113 5685 3496 5744 Abundantes
3527 5686 3743 5744 divitiis
3782 5687 4024 5762 saeculi,

602 5770 735 5816 eum
767 5772 872 5832 pro
904 5758 1302 5834 redemptione
1332 5764 1532 5818 nostra
1581 5775 1793 5835 corpus
1853 5763 2247 5836 assumpsisse
2355 5769 2739 5849 perdiderunt
2765 5769 2920 5829 dona
2938 5771 3220 5849 paradisi.
