4256 6614
259 495 400 560 1093

1422 492 1916 559 BREVIABIUM
1962 497 2038 556 IN
2087 495 2472 560 PSALMOS.

3495 501 3649 563 1094

318 655 343 682 ‹‹
376 632 443 686 Et
472 631 624 688 dixi:
659 630 806 704 Ergo
839 629 967 687 sine
996 644 1174 685 causa
1196 629 1510 701 justiﬁcavi
1541 647 1638 684 cor
1671 644 1886 697 meum,
1918 629 1973 696 Α
2005 627 2253 684 nihilum
2286 632 2556 686 redactus
2579 646 2732 698 sum,
2761 634 2818 686 et
2846 631 3081 687 nescivi.
3103 653 3128 680 ·›
3157 632 3225 686 Et
3247 631 3652 704 humiliatum,

255 727 305 776 et
344 720 455 776 lavi
495 721 646 777 inter
678 720 1015 776 innocentes
1050 736 1262 774 manus
1301 719 1500 774 meas?
1534 742 1562 768 »
1594 718 1889 790 Numquid

254 809 362 865 haec
410 810 614 866 videns
649 811 850 880 justus
905 809 1121 864 frustra
1168 825 1228 866 se
1272 808 1633 880 justiﬁcavit,
1685 812 1786 863 aut
1831 807 1892 861 in

254 899 532 954 contrario
580 899 857 954 innocens
905 915 1052 970 opus
1100 897 1278 952 fecit?
1325 897 1434 952 Sed
1486 897 1606 952 haec
1651 913 1720 951 ex
1765 913 1890 968 per-

254 1004 388 1043 sona
438 986 584 1058 justi
655 987 939 1042 Dominus
991 987 1116 1058 ipse
1165 985 1337 1054 dicit,
1389 985 1541 1041 sicut
1586 984 1893 1057 sequentia

254 1078 474 1132 docent.

313 1189 338 1216 «
373 1165 542 1220 Etfui
569 1165 897 1238 ﬁagellatus
914 1169 1035 1220 tota
1056 1164 1167 1219 die.
1215 1186 1234 1213 ιο
1284 1162 1713 1236 Flagellabatur
1733 1162 1890 1217 enim

248 1255 521 1310 Dominus
552 1271 702 1326 saepe
749 1254 900 1309 dolis
943 1269 1177 1309 eorum:
1224 1254 1323 1309 sed
1367 1253 1423 1307 in
1466 1252 1559 1307 die
1599 1251 1892 1324 passionis

248 1344 412 1399 certis
444 1342 835 1414 contumeliis,
887 1348 944 1397 et
979 1343 1130 1400 veris
1175 1342 1390 1397 ictibus
1419 1341 1752 1397 verberatus
1782 1345 1888 1395 est.

249 1456 272 1482 ‹‹
314 1435 381 1488 Et
411 1431 711 1505 castigatio
754 1447 884 1487 mea
934 1433 991 1487 in
1038 1431 1348 1486 matutino.
1390 1453 1416 1479 »
1456 1430 1638 1485 Judas
1688 1429 1892 1500 utique

247 1521 412 1577 dixit:
438 1521 588 1591 Quid
607 1521 777 1576 vultis
795 1521 938 1575 mihi
953 1520 1163 1590 dare,et
1185 1536 1280 1590 ego
1299 1519 1553 1574 indicabo
1572 1535 1696 1574 eum
1723 1518 1889 1585 vobis,

246 1615 301 1665 ut
338 1610 790 1682 apprehendatur
830 1610 1039 1682 (Matth.
1077 1625 1228 1676 xxvr,
1264 1608 1394 1680 15)?
1427 1608 1555 1679 Ipse
1594 1611 1785 1662 autem
1830 1606 1890 1660 in

248 1700 526 1756 matutino
578 1700 689 1754 fuit
743 1698 1097 1772 flagellatus:
1161 1714 1296 1752 cum
1352 1696 1617 1768 sequenti
1673 1695 1764 1751 die
1823 1697 1894 1750 de

245 1789 548 1844 traditione
590 1789 888 1844 Dominica
933 1787 1095 1856 abiit,
1128 1793 1186 1842 et
1215 1786 1422 1860 laqueo
1455 1803 1515 1842 se
1563 1785 1889 1857 suspendit.

276 1902 338 1926 .‹‹
381 1878 438 1932 Si
483 1878 796 1933 decebam:
852 1876 1110 1932 Narrabo
1159 1876 1266 1941 sic,
1297 1890 1426 1930 ecce
1459 1873 1891 1947 generationem

246 1965 492 2021 ﬁliorum
531 1970 763 2021 tuorum
805 1965 1214 2037 praevaricatus
1251 1981 1403 2020 sum.
1437 1987 1463 2015 »
1517 1964 1668 2019 Ordo
1701 1963 1893 2019 lectio-
1922 2000 1969 2064 B

243 2056 350 2120 nis,
383 2060 441 2110 et
489 2071 729 2110 sensum
770 2053 879 2109 istc
919 2057 1044 2110 est:
1093 2053 1241 2109 Dum
1291 2053 1415 2125 ipse
1446 2070 1540 2108 me
1584 2069 1793 2108 accuso
1833 2053 1893 2108 in

243 2143 599 2199 orationibus
633 2142 960 2211 matutinis,
995 2142 1102 2197 hoc
1141 2140 1325 2214 reperi
1372 2145 1437 2196 ut
1465 2141 1751 2197 dicerem:
1785 2142 1900 2214 Ego

245 2232 290 2286 si
339 2233 422 2286 sic
464 2232 625 2286 fuero
674 2230 935 2287 locutus:
988 2247 1093 2302 ego
1143 2231 1193 2286 si
1240 2229 1473 2286 voluero
1522 2229 1622 2285 Dei
1671 2229 1898 2285 occulta

244 2321 463 2386 rimari,
496 2320 711 2393 incipio
745 2338 778 2376 a
810 2318 946 2392 filiis
979 2320 1095 2374 tuis
1127 2319 1352 2375 alienus
1408 2319 1559 2375 ﬁeri:
1593 2319 1751 2374 velut
1781 2336 1896 2375 non

238 2410 591 2481 justiﬁcctur
621 2410 774 2482 quis,
809 2425 996 2480 neque
1019 2409 1251 2479 justum
1284 2408 1455 2464 faciat
1493 2425 1660 2480 opus.
1696 2409 1761 2464 Hi
1796 2409 1896 2480 qui

247 2515 336 2554 me
358 2499 695 2570 praedicant,
727 2502 783 2554 et
812 2515 914 2570 per
936 2514 1028 2554 me
1058 2497 1143 2553 tui
1174 2498 1358 2553 effecti
1391 2501 1530 2553 sunt
1561 2498 1686 2568 ﬁlii,
1715 2499 1771 2552 in
1805 2515 1897 2554 me

245 2591 629 2660 consurgunt.
671 2587 815 2643 Hinc
846 2587 1133 2659 Propheta
1162 2586 1441 2658 loquitur.
1751 2592 1760 2599 '

313 2700 340 2725 «
382 2677 801 2734 Existimabam
854 2681 918 2732 ut
961 2693 1390 2749 cognoscerem,
1441 2677 1550 2733 hoc
1599 2677 1762 2733 labor
1808 2683 1899 2733 est

247 2772 376 2821 ante
426 2783 539 2823 me.
575 2789 602 2817 »
659 2767 1064 2822 Perscrutatus
1117 2783 1248 2821 sum
1299 2772 1526 2836 cuncta,
1578 2768 1686 2822 etsi
1735 2767 1896 2822 labo-

243 2855 427 2910 riose:
481 2855 809 2911 existimavi
846 2859 1044 2910 tamen
1081 2871 1213 2909 cum
1261 2855 1557 2926 Apostolo,
1616 2860 1745 2926 quia
1787 2873 1897 2912 non

241 2948 365 2999 sunt
423 2945 711 3014 condignae
763 2946 1044 3016 passiones
1098 2945 1270 3016 hujus
1328 2946 1583 3015 temporis
1629 2945 1700 3000 ad
1744 2947 1893 3016 futu-

245 3049 368 3088 ram
443 3033 680 3103 gloriam
752 3048 877 3104 quae
932 3033 1266 3088 revelabitur
1337 3035 1396 3088 in
1459 3036 1663 3091 sanctis
1718 3037 1893 3104 (Rom.

247 3137 370 3188 vm,
410 3123 519 3192 18).
1375 3141 1380 3150 ‘

318 3232 345 3259 ‹‹
389 3210 582 3265 Donec
614 3211 823 3266 intrem
875 3211 932 3265 in
982 3211 1382 3266 sanctuarium
1431 3211 1552 3282 Dei,
1603 3217 1659 3268 et
1689 3213 1897 3269 intelli-

247 3313 381 3368 gam
426 3297 488 3353 in
520 3299 854 3353 novissimis
882 3315 1106 3354 corum.
1133 3321 1161 3348 ››
1194 3299 1454 3355 Intellexi
1483 3301 1656 3355 etiam
1702 3302 1771 3357 de
1802 3303 1894 3358 his

250 3385 468 3441 sanctis
499 3385 832 3458 ingrediens
863 3391 1054 3441 mente
1084 3387 1140 3441 in
1165 3403 1367 3442 eorum
1393 3391 1605 3443 castum
1632 3406 1644 3443 :
1678 3390 1818 3460 quia
1845 3396 1902 3446 et
1930 3367 1972 3433 ί)

246 3475 295 3529 si
328 3475 384 3529 in
441 3475 633 3546 prima
658 3475 777 3529 vita
807 3475 865 3529 in
900 3474 1098 3546 paucis
1129 3476 1337 3545 vexati,
1375 3476 1433 3529 in
1465 3476 1783 3532 novissima
1813 3483 1899 3534 ta-

246 3580 381 3619 men
415 3564 560 3618 bene
592 3563 981 3635 disponentur
1011 3563 1068 3618 in
1101 3564 1326 3619 multis.
1364 3564 1508 3619 Hinc
1539 3565 1610 3620 ad
1639 3564 1768 3621 illos
1799 3567 1897 3638 qui

245 3653 306 3707 in
344 3651 681 3708 divitiarum
712 3651 842 3708 dolo
875 3653 1266 3724 confidebant,
1298 3653 1473 3709 verba
1501 3659 1824 3710 vertuntur.

319 3763 347 3791 ‹‹
388 3742 802 3797 Verumtamen
837 3747 1072 3814 propter
1088 3741 1253 3797 dolos
1275 3743 1522 3814 posuisti
1553 3760 1670 3800 eos.
1706 3766 1732 3793 »
1755 3745 1900 3808 Quia

243 3830 675 3886 tribulaverunt
703 3831 924 3903 iniquis
969 3831 1275 3887 fraudibus
1298 3833 1510 3902 justos.
1567 3857 1593 3883 «
1628 3835 1900 3905 Dejecisti

243 3935 345 3975 eos
399 3921 539 3976 dum
586 3920 1012 3978 alleviaverunt.
1047 3941 1074 3974 ιο
1126 3922 1186 3976 ln
1236 3922 1453 3977 divitiis
1493 3922 1744 3979 alleviati
1776 3942 1809 3980 a
1848 3933 1898 3981 te

243 4015 387 4064 sunt
418 4010 648 4080 dejecti.

320 4121 349 4148 ‹‹
391 4099 689 4162 Quomodo
722 4100 855 4154 facti
889 4104 1028 4155 sunt
1066 4100 1123 4154 in
1157 4100 1625 4157 desolationem?
1661 4126 1686 4150 ››
1723 4105 1900 4159 Inter-

243 4187 508 4257 rogantis
555 4187 712 4241 vocis
761 4187 854 4242 hic
893 4188 1104 4243 modus
1134 4193 1240 4256 est,
1283 4194 1338 4244 et
1369 4191 1633 4261 sequitur
1661 4209 1899 4264 respon-

243 4275 471 4330 dentis.
537 4299 563 4325 ‹‹
628 4274 832 4331 Subito
891 4276 1278 4342 defecerunt,
1317 4277 1612 4348 perierunt
1669 4287 1902 4353 propter

241 4363 616 4435 iniquitatem
671 4381 860 4419 suam.
914 4386 942 4413 ››
993 4365 1269 4436 Exposuit
1299 4366 1454 4421 enim
1499 4368 1762 4425 ordinem
1797 4372 1898 4442 rei,

234 4455 413 4524 juxta
459 4452 603 4508 illud
636 4453 788 4524 quod
829 4452 1142 4524 Apostolus
1186 4453 1302 4508 ait:
1338 4454 1472 4509 Cum
1513 4456 1763 4513 dixerint
1788 4476 1902 4530 pax

241 4546 296 4598 et
327 4543 634 4598 securitas:
674 4545 804 4596 tunc
832 4543 1153 4613 repentinus
1183 4542 1300 4596 illis
1327 4545 1612 4614 apparebit
1642 4547 1900 4603 interitus

241 4633 300 4704 (Ι
342 4631 514 4687 Thess.
549 4649 602 4698 ν,
636 4632 710 4703 3).

2003 721 2059 772 et
2092 717 2458 790 ignorantem
2504 737 2566 776 se
2598 719 2756 786 dicit,
2809 725 2872 775 ut
2919 737 3119 776 verum
3153 720 3449 778 hominem
3483 739 3650 778 mon-

2002 810 2166 862 stret.
2218 808 2389 863 Nulla
2442 812 2600 864 enim
2650 809 2802 864 Deus
2849 809 3206 881 ignoratione
3258 810 3498 878 fallitur,
3551 813 3652 867 sed

2000 899 2233 950 tantum
2267 905 2595 968 peccatores
2627 898 2832 952 nescit.

2075 1006 2101 1031 ‹‹
2146 984 2577 1055 Utjumentum
2623 986 2807 1041 factus
2857 1003 2988 1041 sum
3021 989 3173 1059 apud
3223 993 3297 1044 te.
3336 1014 3361 1037 υ
3408 989 3653 1046 Portans

2002 1072 2060 1126 in
2101 1091 2274 1128 carne
2322 1079 2555 1146 peccata
2603 1075 2782 1148 popili
2832 1076 2938 1130 tui.
2987 1099 3007 1125 α
3043 1077 3111 1131 Et
3159 1093 3263 1148 ego
3303 1094 3534 1150 semper
3576 1083 3656 1135 te-

2000 1179 2153 1218 cum.
2191 1184 2217 1211 ››
2250 1163 2366 1234 Ego
2393 1163 2451 1217 in
2481 1166 2556 1232 te,
2591 1168 2647 1218 et
2677 1169 2738 1218 tu
2763 1163 2820 1218 in
2856 1181 2967 1219 me.

2072 1275 2099 1300 ‹‹
2140 1252 2399 1307 Tenuisti
2442 1269 2681 1307 manum
2732 1253 3022 1308 dexteram
3074 1270 3285 1309 meam.
3323 1276 3350 1304 »
3402 1255 3655 1311 Descen-

2002 1342 2173 1398 dente
2207 1357 2298 1395 me
2324 1340 2380 1395 in
2415 1340 2730 1410 infernum,
2764 1341 2903 1411 quia
2941 1341 3180 1397 sinistra
3211 1343 3427 1398 diaboli
3461 1345 3658 1400 adver-

2001 1431 2241 1484 sabatur
2272 1428 2436 1483 mihi.
2467 1452 2493 1479 ‹‹
2528 1430 2594 1484 Et
2615 1430 2671 1483 in
2703 1429 2999 1484 voluntate
3030 1435 3130 1485 tua
3150 1431 3440 1486 deduxisti
3474 1449 3586 1489 me.
3622 1454 3651 1483 »

2004 1519 2445 1589 Resurgentem.
2497 1541 2524 1568 ‹‹
2571 1519 2639 1572 Et
2681 1535 2813 1573 cum
2865 1517 3051 1588 gloria
3093 1519 3405 1592 suscepisti
3455 1537 3568 1577 me.
3624 1543 3653 1572 »

2003 1607 2174 1661 Ccelis
2207 1608 2567 1662 redeuntem.

2075 1718 2101 1744 ‹‹
2143 1694 2290 1758 Quid
2323 1695 2477 1750 enim
2512 1695 2655 1750 mihi
2687 1699 2774 1750 est
2806 1696 2861 1750 in
2895 1696 3057 1762 coelo,
3093 1701 3149 1752 et
3178 1702 3293 1752 ate
3324 1699 3464 1769 quid
3497 1698 3652 1754 volui

2001 1801 2181 1855 super
2240 1785 2496 1839 terram?
2547 1808 2574 1833 ››
2632 1785 2775 1840 Cum
2825 1785 3091 1856 emphasi
3141 1785 3474 1857 legendum,
3532 1792 3654 1843 tam

2001 1873 2246 1945 grandia
2279 1873 2421 1927 mihi
2453 1873 2510 1926 in
2543 1873 2702 1928 caelis
2734 1874 3094 1945 praiparasti,
3129 1878 3185 1928 et
3215 1891 3319 1946 ego
3363 1875 3563 1930 infelix
3593 1877 3654 1931 in

1999 1962 2170 2016 terris
2202 1966 2311 2016 ate
2344 1979 2517 2034 parva
2548 1962 2916 2033 quaerebam?
2937 1961 3148 2018 Aliter:
3180 1963 3379 2035 Neque
3401 1964 3458 2018 in
3492 1964 3654 2033 cmlo,

2013 2067 2199 2122 neque
2230 2051 2287 2104 in
2321 2056 2474 2106 terra
2503 2049 2683 2106 alium
2717 2056 2923 2122 praeter
2953 2056 3006 2106 te
3037 2052 3302 2123 quaesivi.
3339 2057 3386 2106 A
3419 2058 3472 2108 te
3502 2054 3658 2112 enim

2011 2139 2252 2211 impleta
2281 2145 2372 2194 est
2418 2139 2685 2194 voluntas
2730 2156 2877 2210 mea,
2910 2145 2994 2195 "ut
3024 2141 3167 2194 mihi
3198 2140 3459 2196 flectatur
3489 2159 3663 2199 omne

2009 2244 2182 2300 genu,
2223 2228 2566 2298 coclestium,
2610 2228 2973 2284 terrestrium
3024 2233 3080 2284 et
3122 2229 3505 2286 infernorum.
3539 2231 3660 2288 Vox

2009 2318 2268 2373 succedit
2297 2316 2564 2373 Ecclesiae
2596 2317 2844 2372 dicentis
2872 2334 2883 2372 :

2080 2431 2107 2458 ‹‹
2151 2407 2368 2461 Βθΐθῖίι
2398 2423 2496 2461 cor
2527 2422 2744 2474 meum,
2796 2411 2851 2460 et
2897 2423 3030 2462 caro
3073 2423 3229 2462 mea:
3265 2408 3418 2465 Deus
3465 2411 3656 2466 cordis

2009 2496 2142 2566 mei,
2181 2501 2239 2552 et
2287 2513 2421 2568 pars
2452 2512 2583 2551 mea
2615 2501 2762 2551 Ueus
2810 2495 2866 2550 in
2899 2501 3199 2551 aeternum.
3237 2487 3264 2546 ἱ)
3297 2498 3427 2553 Post
3473 2504 3655 2556 Deum

2009 2586 2198 2640 cordis
2228 2585 2341 2653 sui,
2374 2585 2431 2640 id
2480 2591 2567 2641 est
2597 2585 2892 2641 Christum
2937 2586 3270 2654 Dominum,
3317 2589 3489 2658 cujus
3520 2605 3653 2660 pars

2007 2675 2160 2730 facta
2184 2680 2290 2741 est,
2325 2678 2443 2729 tam
2477 2675 2648 2729 corde
2678 2690 2855 2744 quam
2903 2690 3142 2745 corpore
3190 2680 3308 2730 toto
3340 2677 3651 2734 desiderat.

2007 2763 2152 2818 Nam
2189 2763 2430 2818 defectio
2461 2780 2636 2835 quam
2667 2779 2728 2818 se
2759 2762 2898 2817 dicit
2925 2762 3158 2831 habere,
3206 2780 3321 2818 non
3352 2781 3455 2836 pro
3487 2765 3655 2820 dimi-

2008 2853 2268 2919 nutione,
2303 2854 2401 2908 sed
2435 2869 2538 2924 pro
2570 2851 2853 2907 desiderio
2886 2851 3222 2924 accipienda
3260 2856 3365 2908 est.

2081 2964 2108 2991 ‹‹
2149 2941 2293 3006 Quia
2323 2958 2452 2996 ecce
2481 2941 2580 3013 qui
2610 2940 2883 3012 elongant
2923 2958 2983 2996 se
3016 2958 3050 2996 a
3077 2945 3152 3008 te,
3190 2942 3489 3012 peribunt:
3523 2960 3650 3015 per-

2007 3027 2205 3084 didisti
2245 3046 2447 3084 omnes
2479 3029 2576 3100 qui
2610 3028 2969 3084 fornicantur
2996 3029 3100 3084 abs
3139 3034 3212 3084 te.
3251 3053 3271 3080 ιο
3305 3031 3519 3087 Omnes
3551 3034 3654 3104 qui

2007 3118 2388 3185 t'ornicantur,
2437 3117 2563 3173 sine
2611 3119 2726 3173 Deo
2771 3123 3030 3189 peccant.
3065 3118 3170 3184 Qui
3203 3125 3398 3176 autem
3431 3128 3651 3193 peccat,

2004 3207 2173 3279 longe
2226 3213 2315 3264 est
2374 3225 2406 3262 a
2456 3213 2605 3263 Deo:
2671 3207 2917 3279 ideoque
2964 3207 3274 3280 perditioni
3322 3215 3410 3266 est
3457 3211 3650 3283 proxi-

2005 3313 2159 3351 H1115.

2085 3407 2110 3433 ‹‹
2146 3383 2285 3439 Mihi
2321 3388 2514 3440 autem
2549 3385 2840 3440 adhaerere
2870 3385 2985 3440 Deo
3018 3385 3236 3441 bonum
3269 3392 3375 3442 est.
3403 3410 3430 3436 »
3473 3389 3653 3460 Cujus

2009 3474 2293 3544 sanguine
2324 3490 2453 3527 sum
2483 3475 2838 3546 redemptus.
2875 3497 2901 3523 «
2931 3479 3150 3530 Ponere
3172 3475 3231 3530 in
3266 3477 3507 3532 Domino
3538 3479 3653 3534 Deo

2009 3579 2172 3634 spem
2203 3579 2415 3618 meam.
2451 3585 2478 3610 »
2509 3562 2654 3628 Quia
2681 3579 2898 3618 vanum
2929 3567 3018 3619 est
3043 3563 3102 3618 in
3134 3564 3328 3620 saeculi
3363 3566 3654 3624 conﬁdere

2008 3651 2196 3707 bonis.

2085 3765 2105 3791 α
2153 3741 2224 3796 Ut
2271 3741 2615 3796 annuntiem
2679 3758 2882 3797 omnes
2933 3743 3368 3813 przedicationes
3411 3748 3544 3802 tuas
3596 3745 3655 3802 in

2009 3830 2190 3901 portis
2225 3830 2354 3885 ﬁlize
2385 3831 2539 3886 Sion.
2569 3854 2588 3880 υ
2628 3831 2734 3886 Per
2767 3831 3320 3903 contemplationem
3344 3833 3501 3889 enim
3535 3833 3692 3907 spei,

2008 3937 2184 3990 quam
2220 3919 2277 3974 in
2310 3920 2493 3975 Deum
2540 3920 2736 3991 habet,
2769 3925 2966 3992 sperat
2996 3937 3056 3976 se
3086 3921 3284 3976 induci
3317 3921 3376 3977 in
3407 3922 3660 3979 caalestis
3755 3921 3760 3928 ’

2008 4009 2332 4065 Jerusalem
2366 4010 2584 4080 portis:
2628 4010 2699 4063 ad
2730 4009 3151 4080 capescendam
3186 4011 3442 4066 futuram
3484 4011 3666 4067 beati-

2009 4097 2272 4153 tudinem
2305 4113 2438 4152 cum
2469 4096 2669 4152 electis
2698 4098 2846 4166 ejus.
2894 4097 2956 4151 In
2990 4113 3240 4168 quorum
3268 4115 3375 4154 nos
3419 4115 3661 4156 consor-

2011 4186 2155 4242 tium
2188 4203 2302 4240 non
2337 4185 2679 4240 meritorum
2720 4185 3032 4255 inspector,
3078 4187 3178 4241 sed
3212 4187 3388 4242 venize
3419 4187 3662 4261 largitor

2009 4275 2279 4331 admittat
2307 4273 2571 4329 Christus
2603 4273 2905 4330 Dominus.
2940 4281 3146 4329 Amen.

2522 4382 2854 4438 PSALMUS
2906 4382 3142 4438 LXXIII.

2009 4473 2324 4528 Intellectus
2366 4473 2567 4544 Asaph.
2616 4473 2749 4528 Ideo
2795 4472 3121 4539 intellectus,
3150 4470 3224 4544 in,
3241 4470 3396 4526 tituli
3428 4489 3652 4544 praeno-

2081 4549 2273 4616 tatur:
2325 4543 2459 4615 quia
2491 4544 3036 4616 duplexcaptivitas
3065 4542 3365 4615 sequitur;
3403 4542 3656 4601 carnalis

2079 4614 2364 4683 videlicet,
2387 4619 2442 4670 et
2472 4614 2844 4686 spirituallis.

319 4744 349 4770 «
391 4720 562 4776 Velut
609 4720 905 4775 somnium
957 4720 1416 4793 exsurgentium.
1458 4744 1485 4772 »
1539 4723 1702 4780 Sicut
1760 4727 1893 4798 quis
1926 4739 1972 4803 Ι)
2080 4743 2107 4772 ‹‹
2143 4721 2379 4793 thuid,
2428 4721 2602 4788 Deus,
2645 4721 2929 4794 repulusti
2979 4722 3038 4777 in
3087 4722 3266 4779 ﬁnem
3293 4721 3322 4777 ?
3358 4724 3543 4781 iratus
3571 4727 3662 4780 est

241 4809 754 4864 dormiensvidet
818 4809 875 4864 in
930 4809 1054 4864 visu
1115 4810 1424 4866 thesauros
1483 4829 1728 4885 magnos
1781 4825 1906 4879 auri

246 4898 620 4970 argentique,
669 4902 725 4953 et
783 4915 1028 4970 surgens
1079 4899 1276 4955 omnia
1324 4901 1550 4971 perdit:
1603 4903 1685 4958 ita
1733 4910 1788 4960 et
1839 4907 1899 4962 hi

243 4987 484 5042 divitias
527 5004 664 5043 suas
695 4993 828 5059 post
853 4987 1034 5059 hujus
1063 4987 1261 5044 saeculi
1301 4989 1480 5045 vitam
1512 4991 1571 5045 in
1605 5009 1719 5064 qua
1748 4995 1904 5051 velut

243 5076 308 5129 in
352 5092 559 5131 somno
610 5076 820 5132 versati
851 5081 1006 5132 sunt.
1044 5100 1071 5127 ‹‹
1110 5078 1367 5147 Domine,
1401 5079 1459 5134 in
1493 5080 1742 5139 civitate.
1779 5109 1806 5134 »
1841 5088 1902 5142 In

243 5164 474 5220 cmlesti
509 5165 708 5237 utique
739 5170 1083 5222 Jerusalem.
1125 5189 1150 5219 ι(
1183 5167 1501 5239 Imaginem
1536 5170 1796 5241 ipsorum
1831 5177 1902 5231 ad

242 5254 505 5310 nihilum
540 5255 786 5327 rediges.
823 5278 851 5305 ››
894 5257 1039 5312 Cum
1071 5255 1444 5328 pulsantibus
1484 5257 1574 5314 his
1607 5262 1902 5318 coelestem

243 5343 496 5416 regiam,
532 5344 718 5400 dices:
757 5345 1022 5402 Discedite
1051 5364 1084 5400 a
1130 5363 1238 5411 me,
1274 5349 1522 5416 operarii
1551 5351 1860 5421 iniquitatis
1882 5371 1901 5409 :

240 5435 382 5504 quia
413 5449 520 5488 non
550 5435 678 5489 novi
705 5451 794 5490 vos
824 5438 978 5504 (Luc.
1012 5452 1133 5506 xm,
1165 5436 1278 5506 27).
1795 5422 1802 5430 ’

329 5542 351 5570 α
396 5521 993 5586 Quiainﬂammatum
1025 5527 1114 5579 est
1151 5539 1248 5579 cor
1278 5541 1496 5580 meum.
1532 5548 1560 5574 ››
1596 5525 1668 5582 Ut
1710 5531 1901 5588 Patris

238 5611 460 5666 faciam
483 5611 860 5668 voluntatem.
884 5612 1149 5668 Christus
1171 5612 1456 5670 Dominus
1478 5615 1598 5670 haec
1619 5614 1898 5688 loquitur.

243 5721 277 5750 ‹‹
320 5699 393 5756 Et
426 5717 591 5755 renes
623 5701 734 5758 mei
769 5701 1109 5757 commutati
1142 5705 1298 5756 sunt.
1333 5726 1361 5752 »
1394 5703 1475 5759 Ne
1510 5704 1650 5760 mihi
1685 5724 1899 5778 praeva-

234 5789 394 5848 leret
458 5788 692 5847 luxuria
729 5790 1100 5865 cogitationis
1170 5789 1465 5849 humanis.
1533 5793 1600 5851 Et
1655 5811 1760 5870 ego
1823 5797 1894 5855 ad

2020 4812 2180 4865 furor
2210 4815 2347 4866 tuus
2385 4827 2561 4881 super
2590 4827 2724 4866 oves
2755 4828 2984 4883 pascua
3038 4816 3174 4869 tuae.
3218 4833 3245 4862 »
3295 4817 3660 4869 Immensum

2009 4899 2321 4956 Dominicae
2367 4899 2598 4971 pietatis
2641 4900 2860 4956 donum
2907 4906 3017 4970 est,
3057 4901 3160 4973 qui
3187 4902 3270 4958 sic
3300 4901 3549 4974 repellit,
3601 4904 3664 4956 ut

2013 4994 2238 5044 revocet
2265 5005 2278 5045 :
2310 4988 2600 5056 irascitur,
2632 4994 2696 5044 ut
2717 4992 3006 5047 emendet.

2074 5101 2102 5129 ‹‹
2127 5079 2348 5134 Memor
2371 5082 2492 5134 esto
2509 5081 2980 5152 congregationis
3004 5085 3111 5136 tuae
3139 5096 3316 5152 quam
3345 5077 3657 5152 possedisti

2012 5169 2083 5224 ab
2138 5167 2322 5223 initio.
2377 5191 2404 5215 »
2462 5167 2877 5224 Ecclesiasticaa
2937 5169 3138 5240 utique
3195 5167 3662 5240 congregationis

2012 5273 2189 5329 quam
2222 5256 2706 5329 patriarcharum,
2756 5257 2874 5312 sive
2905 5257 3344 5330 prophetarum,
3379 5256 3463 5312 vel
3493 5273 3660 5313 voca-

2010 5346 2268 5402 tionibus
2297 5345 2384 5402 vel
2416 5347 2718 5403 sacriﬁciis
2749 5347 3034 5420 ﬁgurasti.

2084 5459 2112 5485 ‹‹
2152 5436 2468 5491 Redemisti
2495 5437 2717 5509 virgam
2748 5436 3106 5493 haereditatis
3129 5440 3263 5492 tuae.
3294 5459 3320 5485 ››
3347 5435 3526 5508 Virga
3555 5435 3668 5490 bae-

2011 5525 2273 5581 reditatis
2323 5525 2443 5597 Dei,
2495 5526 2758 5583 Christus
2803 5531 2910 5593 est,
2959 5528 3112 5582 sicut
3153 5525 3418 5581 Jeremiae
3447 5525 3666 5581 videnti

2010 5613 2346 5685 vigilantem
2383 5615 2606 5687 virgam
2638 5615 2889 5672 dicitur:
2924 5618 3069 5672 Bene
3121 5615 3286 5682 vides,
3333 5616 3471 5687 quia
3500 5615 3667 5686 vigilo

2009 5720 2101 5775 ego
2148 5720 2308 5776 super
2334 5705 2598 5776 populum
2639 5723 2820 5762 meum
2866 5707 3081 5777 (Jerem.
3116 5722 3154 5772 ι,
3195 5705 3282 5778 12)
3324 5707 3381 5760 et
3411 5704 3660 5761 iterum:

2008 5794 2144 5868 Egre
2163 5793 2348 5854 dietur
2379 5795 2532 5868 virga
2561 5795 2625 5852 de
2643 5795 2832 5854 radice
2850 5796 3016 5870 Iesse,
3039 5799 3089 5854 et
3109 5795 3208 5871 ﬂos
3235 5793 3301 5853 de
3327 5792 3514 5854 radice
3543 5794 3664 5870 ejus
