4256 6584
530 446 533 451 ⁴
579 445 739 508 1095

574 577 841 641 ascendet,
864 577 915 629 et
938 575 1117 645 ipsum
1133 570 1317 641 gentes
1335 560 1773 635 deprecabuntur
1802 557 1917 628 (15a
1937 570 2011 623 χι,
2035 552 2090 621 1,
2116 550 2220 622 10).

572 671 706 722 Hec
735 681 870 737 ergo
900 640 1346 735 virga‘liberata
1390 656 1478 708 est
1518 667 1552 706 a
1587 643 2074 722 persequentibus
2117 640 2227 694 ini-

577 755 772 813 micis.
805 776 833 803 ι(
864 752 1030 808 Mons
1086 747 1243 812 Sion,
1279 744 1339 798 in
1375 757 1489 814 quo
1521 735 1803 793 habitasti
1836 734 1894 788 in
1920 750 2009 788 eo.
2042 753 2069 781 »
2104 730 2230 784 Sive

576 846 637 901 in
683 842 958 900 Ecclesia.
1007 838 1334 906 Utrumque
1381 830 1535 886 enim
1589 828 1660 882 ad
1696 828 1952 881 montem
1987 818 2235 893 pertinet

579 937 877 991 sanctum.

654 1047 675 1075 ι
722 1023 873 1078 Leva
893 1033 1103 1074 manus
1123 1019 1255 1070 tuas
1277 1011 1335 1066 in
1356 1006 1663 1081 superbius
1688 1018 1887 1059 eorum
1914 1000 1971 1054 in
1996 998 2233 1051 ﬁnem.»

576 1113 686 1183 Qui
719 1109 1032 1166 Ecclesiam
1055 1110 1215 1161 tuam
1240 1103 1587 1173 impugnare
1616 1096 1923 1150 conantur.
1954 1110 1982 1139 «
2006 1088 2238 1151 Quanta

574 1201 933 1273 malignatus
962 1201 1050 1251 est
1078 1192 1352 1249 inimicus
1385 1189 1442 1242 in
1485 1182 1722 1242 sancto!
1760 1204 1788 1231 »
1820 1180 1891 1236 Ut
1923 1179 2028 1233 hos
2062 1173 2235 1230 malis

579 1288 839 1348 consiliis
869 1285 1136 1342 homines
1166 1283 1562 1354 persecutores
1585 1288 1784 1329 eorum
1818 1268 2092 1325 efﬁceret.

658 1404 679 1429 α
716 1379 784 1434 Et
812 1373 1042 1449 gloriati
1066 1353 1206 1428 sunt
1234 1366 1334 1440 qui
1365 1366 1613 1422 oderunt
1644 1366 1718 1428 te,
1746 1381 1774 1409 »
1809 1363 1919 1413 etc.
1952 1353 2237 1410 Instinctu

584 1469 737 1527 enim
770 1463 986 1522 diaboli
1018 1460 1382 1535 gloriantur:
1418 1471 1551 1509 cum
1582 1452 1641 1506 in
1674 1449 1874 1505 odium
1925 1443 2048 1512 Dei,
2102 1459 2235 1498 san-

586 1564 710 1616 ctos
744 1560 1029 1627 martyres
1056 1548 1244 1623 pcenis
1278 1544 1566 1616 afﬂigunt.

666 1666 688 1696 α
733 1622 1125 1705 Incenderunt
1155 1635 1276 1710 igni
1303 1629 1707 1691 sanctuarium
1737 1631 1905 1682 tuum
1951 1622 2009 1676 in
2049 1625 2238 1674 terra:

592 1724 1395 1810 polluerunttabernaculum
1434 1717 1694 1775 nominis
1740 1714 1850 1785 tui,
1878 1736 1905 1762 »
1934 1718 2042 1767 etc.
2076 1709 2247 1764 Facta

588 1827 731 1880 sunt
788 1819 1025 1891 quidem
1068 1815 1187 1871 haec
1219 1810 1542 1869 secundum
1590 1802 1936 1861 historiam:
1972 1797 2059 1854 vel
2110 1810 2245 1852 cum

2071 412 2493 478 APPENDIX.

2254 550 2310 617 Α
2339 546 2430 602 nis
2464 545 2525 600 in
2565 541 2776 614 aquis;
2830 560 2858 586 ››
2897 535 2956 589 id
3002 534 3089 588 est
3136 524 3374 584 diaboli.
3423 545 3452 572 «
3486 520 3560 576 Et
3606 514 3835 574 dedisti
3878 526 4020 569 eum

3847 376 4023 443 1096

2341 652 2534 691 escam
2568 629 2798 705 populis
2826 623 3183 693 .Etbiopum.
3218 639 3244 665 ››
3292 613 3367 670 Ut
3412 626 3585 666 versa
3630 605 3763 661 vice
3816 602 3898 658 ab
3931 601 4027 656 his

2341 726 2735 787 devoraretur,
2798 715 2916 772 sive
2986 706 3524 771 comminueretur,
3587 713 3694 770 per
3766 693 4023 765 signum

2343 812 2552 880 crucis,
2595 826 2741 882 quos
2792 804 2956 878 prius
3002 797 3372 855 devoraverat
3424 790 3485 845 in
3512 780 4026 861 persuasionibus

2343 902 2528 957 vanis.
3054 952 3061 961 η

2418 956 2444 1039 ξι
2488 956 2573 1044 Tu
2620 981 2892 1056 dirupisti
2927 956 3132 1047 fontes,
3167 997 3193 1023 »
3228 977 3333 1029 etc.
3370 965 3707 1041 Apostolos,
3742 960 3843 1015 vel
3892 956 4031 1012 reli-

2346 1097 2494 1153 quos
2520 1075 2948 1150 przedicatores.

2418 1210 2445 1236 «
2488 1186 2650 1241 Tuus
2680 1185 2768 1237 cst
2798 1179 2942 1249 dies,
2976 1179 3033 1232 et
3056 1178 3156 1229 tua
3186 1173 3275 1226 est
3303 1183 3437 1224 nox.
3476 1186 3504 1213 ι)
3537 1159 3800 1217 Claritas
3834 1156 4032 1211 Evan-

2349 1277 2503 1350 gelii,
2536 1274 2622 1330 vel
2654 1268 2983 1328 obscuritas
3012 1262 3185 1336 legis:
3209 1257 3347 1331 quia
3376 1259 3432 1310 te
3462 1257 3719 1324 utraque
3750 1261 4029 1320 pronun-

2350 1336 2518 1421 tiant.
2569 1387 2589 1412 ι
2643 1363 2730 1416 Tu
2782 1354 2970 1412 fecisti
3012 1352 3282 1409 solem.»
3331 1341 3641 1400 Hominem
3691 1336 3872 1392 illum
3925 1348 4032 1405 per

2352 1471 2523 1529 quem
2576 1452 2847 1507 sedentes
2895 1444 2955 1499 in
3011 1437 3268 1498 tenebris
3317 1433 3510 1489 lucem
3557 1428 3845 1484 viderunt
3905 1438 4030 1478 ma-

2353 1512 2551 1615 gnam,
2590 1563 2611 1590 α
2642 1541 2706 1594 Et
2733 1538 2955 1592 lunam.
2992 1553 3018 1581 ››
3052 1526 3388 1590 Ecclesiam,
3423 1536 3547 1593 quas
3587 1518 3647 1573 in
3680 1512 4026 1575 obscurita-

2352 1634 2512 1689 tibus
2545 1627 2740 1685 sreculi
2771 1625 2944 1681 lucet.

2431 1762 2458 1790 ‹‹
2498 1738 2584 1793 Tu
2620 1732 2803 1790 fecisti
2837 1745 3040 1787 omnes
3060 1723 3342 1782 terminos
3370 1723 3554 1775 terra.
3586 1736 3615 1765 »
3640 1712 3833 1768 Jussu
3856 1708 4021 1765 enim

2356 1836 2456 1886 tuo
2491 1833 2703 1883 cuncta
2732 1825 2923 1878 creata
2953 1821 3111 1875 sunt.
3156 1837 3182 1864 «
3217 1812 3518 1873 ZEstatem,
3547 1809 3606 1860 et
3649 1818 3753 1859 ver
3786 1805 3855 1856 tu
3889 1798 4026 1871 pla-

589 1908 1130 1997 NabuchOdonpgor
1185 1919 1285 1997 695
1331 1898 1573 1997 addufii
1620 1896 1678 1949 in
1709 1885 2251 1997 ,gabi'l‘tf‘filflif’,"
2278 1934 2325 1997 Β
2356 1917 2563 1975 smasti
2594 1933 2680 1971 ea.
2714 1935 2742 1964 ››
2779 1914 3125 1979 Quanquam
3158 1907 3215 1959 et
3246 1907 3512 1971 tempora
3541 1892 3706 1960 anni,
3728 1894 3790 1947 et
3820 1886 4029 1944 omnia

592 2003 729 2074 Reg.
799 2014 929 2053 xxv.
985 1994 1094 2066 11),
1159 1990 1245 2047 vel
1307 2005 1441 2044 cum
1490 1984 1657 2041 Titus
1709 1979 2241 2052 Vespasianusque,

596 2062 879 2148 succensa
927 2062 1156 2141 civitate
1204 2095 1336 2135 cum
1371 2073 1610 2148 templo,
1644 2067 2021 2128 multitudine
2052 2062 2244 2137 gladio

596 2179 905 2252 prostrata,
942 2170 1232 2244 reliquum
1274 2165 1484 2239 vulgus
1515 2162 1806 2236 captivum
1842 2156 2097 2214 abduxit.
2133 2152 2242 2208 Sed

595 2242 652 2323 et
691 2262 863 2322 modo
892 2242 1231 2318 cavendum
1262 2260 1350 2312 est
1396 2272 1468 2311 ne
1510 2252 1806 2327 quodtunr
1840 2244 2080 2317 contigit
2110 2242 2248 2298 Hie-

592 2354 920 2426 rosolymis,
969 2347 1308 2407 Christiana:
1358 2360 1513 2400 nunc
1566 2338 1788 2397 eveniat
1838 2335 2032 2408 plebi:
2089 2333 2245 2388 sicut

595 2442 871 2516 superius
917 2440 1029 2495 isto
1076 2433 1363 2493 versiculo
1408 2447 1583 2505 quem
1633 2425 2056 2501 praeterivimus
2104 2438 2249 2493 quo-

601 2534 773 2591 modo
803 2531 983 2587 dixit:
1018 2552 1047 2579 «
1080 2525 1403 2582 Posuerunt
1446 2521 1616 2593 signa
1647 2534 1773 2581 sua,
1829 2519 1885 2570 et
1928 2515 2097 2585 signa
2128 2528 2243 2565 non

598 2622 1010 2696 cognoverunt,
1043 2617 1198 2672 sicut
1246 2613 1303 2668 in
1335 2611 1485 2667 exitu
1539 2610 1825 2679 desuper:
1866 2627 1893 2653 ››
1940 2604 2021 2658 sic
2066 2601 2248 2672 Baby-

599 2711 739 2768 lbnii
790 2709 849 2765 in
901 2704 1294 2777 arrogantiam
1343 2699 1593 2757 victoriae
1627 2702 1857 2752 tumore
1905 2690 2144 2760 sublati,
2190 2689 2249 2743 in

598 2800 820 2873 templo
852 2804 951 2854 tuo
1001 2796 1167 2869 signa
1209 2810 1315 2849 sua
1355 2791 1696 2864 posuerunt,
1739 2782 2031 2856 quomodo
2064 2779 2253 2835 solent

604 2870 779 2962 super
806 2889 1107 2960 portarum
1141 2882 1391 2939 fornices
1419 2880 1492 2934 do
1522 2875 1791 2932 hostibus
1822 2870 2082 2943 trophma
2116 2885 2252 2924 con-

604 2961 790 3035 stitui.
826 2975 987 3040 Quod
1017 2970 1404 3045 Symmachus
1435 2965 1668 3039 planius
1697 2963 2113 3033 interpretatus
2144 2961 2251 3024 est,

602 3066 841 3122 dicens:
898 3086 925 3114 ‹‹
971 3062 1302 3117 Posuerunt
1348 3073 1455 3113 sua
1503 3052 1813 3109 manifesle
1858 3050 1916 3104 in
1967 3048 2139 3113 edito,
2195 3047 2252 3101 in

605 3154 847 3211 introitu
908 3154 1229 3225 portarum.
1295 3168 1315 3197 ι
1380 3146 1525 3217 Ergo
1583 3142 1795 3197 habeat
1850 3136 2258 3208 unusquisque

603 3248 894 3309 nostrum,
926 3240 984 3296 in
1018 3238 1189 3296 corde
1216 3253 1346 3302 suo,
1377 3232 1652 3289 vexillum
1681 3229 1890 3286 crucis
1922 3244 2035 3282 non
2055 3226 2257 3281 adver-

2358 2008 2643 2064 elcmenta
2698 1999 2903 2057 mundi
2950 1978 3104 2053 Deus
3146 1990 3376 2056 fecerit,
3427 1990 3623 2042 tamen
3682 1978 4026 2036 secundum

2355 2095 2715 2167 allegoriam,
2767 2107 2863 2145 ver
2900 2086 3173 2152 dicimus,
3217 2095 3349 2136 cum
3374 2074 3521 2148 justi
3553 2072 3614 2133 in
3644 2070 3759 2127 hoc
3804 2064 4026 2124 saeculo

2352 2158 2524 2242 bonis
2580 2180 2854 2254 operibus
2915 2177 3160 2231 ﬂorent:
3224 2170 3503 2233 :Estatem,
3562 2177 3697 2219 cum
3753 2158 4021 2213 fructum

2356 2274 2570 2330 laboris
2602 2271 2693 2327 sui
2730 2266 3083 2341 percipiunt.
3414 2263 3429 2275 '

2435 2385 2456 2413 ί
2498 2363 2720 2419 Memor
2750 2362 2871 2414 esto
2920 2355 3120 2425 hujus,
3153 2347 3430 2405 inimicus
3460 2335 3887 2414 improperavit
3919 2339 4021 2389 Do—

2357 2455 2538 2510 mino.
2568 2456 2625 2506 et
2656 2447 2908 2522 pepulus
2940 2442 3226 2515 insipiens
3257 2432 3518 2492 incitavit
3542 2444 3756 2486 nomen
3784 2430 4023 2482 tuum.»

2358 2546 2527 2599 Stant
2556 2513 2965 2609 tui-martyres
2999 2513 3077 2586 inv
3090 2544 3299 2601 agone,
3330 2523 3691 2596 improperat
3722 2513 4020 2577 diabolus,

2357 2631 2668 2688 exacerbat
2714 2607 2949 2699 gentilis
2996 2619 3267 2694 populus.
3317 2615 3428 2677 Tu,
3478 2607 3746 2672 Domine,
3791 2615 4024 2659 memor

2359 2725 2481 2777 esto
2515 2734 2713 2775 eorum
2765 2713 2866 2786 qui
2914 2713 2985 2769 ob
3028 2723 3284 2767 amorem
3317 2699 3573 2759 nominis
3611 2695 3700 2752 tui
3746 2692 3896 2749 talia
3933 2706 4031 2762 pa~

2359 2810 2588 2865 tiuntur
2601 2850 2613 2864 .

2434 2921 2461 2947 ‹‹
2505 2897 2586 2952 Ne
2616 2895 2813 2950 tradas
2848 2889 3051 2948 bestiis
3104 2884 3329 2943 animas
3378 2879 3720 2936 confitentes
3751 2870 3887 2927 tibi.
3924 2891 3951 2918 ι)
3980 2867 4023 2923 Ο

2362 2971 2599 3056 diaboli,
2642 3001 2674 3040 o
2705 2979 2959 3037 minisiri
2994 2974 3233 3041 diaboli,
3280 2969 3378 3044 qui
3410 2984 3525 3024 non
3567 2962 3744 3020 vultis
3773 2974 4023 3030 corpora

2364 3076 2654 3141 devorare,
2690 3072 2790 3128 sed
2823 3070 3073 3125 animas.
3108 3065 3274 3120 Tunc
3295 3058 3454 3115 enim
3484 3053 3679 3109 anima
3707 3050 4027 3105 devoratur

2366 3183 2463 3225 ore
2492 3163 2712 3229 bestia},
2744 3177 2879 3217 cum
2912 3152 3343 3213 conniventiam
3373 3145 3586 3220 praebet
3607 3138 3915 3196 diabolica:
3937 3150 4027 3189 vo-

2374 3255 2605 3313 luntati.
2636 3276 2662 3303 ‹‹
2690 3251 2931 3306 Animas
2955 3257 3279 3319 pauperum
3303 3242 3539 3294 tuorum
3562 3248 3635 3288 ne
3663 3224 4031 3286 obliviscaris

602 3351 741 3390 sum
773 3348 899 3405 81g“
908 3347 1029 3396 um’
1083 3343 1153 3384 ne
1202 3327 1329 3398 ejus
1377 3322 1562 3380 securi
1598 3319 1934 3378 succidatur
1976 3334 2009 3371 a
2050 3316 2262 3405 8W”.
2296 3305 2339 3370 Ε
2377 3347 2437 3404 in
2470 3305 2664 3401 linem.
2691 3305 2823 3395 aiEt
2854 3338 2901 3394 si
2935 3305 3006 3392 ad
3036 3305 3242 3389 horam
3274 3326 3609 3385 subdantur
3637 3313 4029 3375 tribulationi-

603 3423 703 3479 sed
754 3404 896 3477 falce
948 3415 1282 3490 evangelica
1330 3416 1611 3488 purgetur
1669 3410 1740 3464 ad
1801 3406 2073 3481 gloriam.
2136 3404 2261 3460 Non

611 3510 1000 3568 succendatur
1046 3508 1104 3563 in
1155 3499 1664 3576 concupiscentiis,
1689 3499 1789 3553 sed
1838 3495 2186 3551 accendatur
2232 3510 2266 3548 a

610 3597 1020 3673 spiritualibus
1051 3592 1452 3652 sacramentis.
1477 3591 1602 3645 Non
1627 3587 1923 3661 polluatur
1951 3583 2129 3653 vitiis,
2163 3582 2261 3636 sed

610 3671 929 3761 virtutibus
979 3684 1292 3758 repleatur.
1333 3681 1447 3736 Nec
1480 3678 1773 3735 existimet
1821 3675 2005 3730 Deum
2039 3671 2262 3744 aliquid

604 3795 718 3833 non
769 3791 940 3849 posse
972 3787 1340 3846 cognoscere,
1373 3769 1472 3824 sed
1504 3766 1852 3823 conﬁteatur
1894 3761 2041 3818 nihil
2074 3760 2262 3816 oculis

603 3866 731 3938 ejus
770 3865 1069 3921 abscondi.
1117 3861 1415 3916 Postremo
1467 3874 1581 3912 non
1613 3854 1867 3928 prmbeat
1897 3865 2257 3906 consensum

606 3931 667 4041 in
723 3952 1094 4027 improperiis
1133 3947 1368 4017 diaboli,
1431 3946 1532 4002 sed
1577 3941 1861 4017 gloriﬁcet
1910 3956 2120 3994 nomen
2165 3931 2267 3992 Dei

608 4062 722 4101 8U].

640 4155 714 4209 ,‹‹
775 4130 990 4205 thuid
1044 4126 1253 4186 avertis
1311 4142 1551 4182 manum
1612 4127 1797 4188 tuam,
1859 4123 1915 4176 et
1972 4119 2266 4173 dexteram

612 4227 777 4279 tuam
830 4222 901 4277 de
943 4220 1131 4276 medio
1179 4218 1313 4273 sinu
1365 4220 1462 4271 tuo
1515 4214 1573 4269 in
1632 4210 1908 4267 finem?»
1954 4209 2129 4264 Sinus
2181 4210 2269 4262 est

617 4310 1018 4368 sanctuarium
1051 4310 1197 4379 ejus,
1232 4306 1383 4362 sicut
1425 4320 1527 4376 per
1558 4301 1740 4357 alium
1779 4298 1859 4354 ait
1900 4297 2267 4370 prophetam.

616 4401 779 4458 Sicut
821 4400 977 4456 enim
1029 4401 1228 4470 pastor
1258 4410 1492 4469 gregem
1526 4406 1702 4446 suum
1734 4389 1903 4454 fovet,
1938 4391 1994 4441 et
2028 4387 2176 4440 fetus
2210 4384 2268 4439 in

617 4490 751 4547 sinu
787 4492 980 4562 portat
1006 4488 1115 4559 (Isa
1142 4503 1233 4554 XL,
1260 4484 1381 4555 11);
1416 4482 1500 4537 sic
1534 4478 1812 4535 Dominus
1843 4474 2068 4549 plebem
2101 4489 2270 4529 suam

613 4580 862 4650 vegetat.
903 4577 1070 4631 Tunc
1108 4590 1243 4647 ergo
1275 4573 1347 4628 ab
1378 4571 1485 4627 hoc
1509 4570 1667 4636 sinu,
1699 4565 1786 4622 vel
1823 4564 2270 4636 inspectionem,

616 4665 704 4721 vel
760 4664 1081 4738 potentiam
1141 4679 1309 4719 suam
1370 4659 1609 4727 avertit,
1655 4673 1787 4712 cum
1838 4652 2349 4741 peccaverimusD

623 4772 683 4810 1n
705 4769 862 4810 eum.

693 4866 721 4894 «
763 4844 917 4899 Deus
964 4846 1162 4898 autem
1212 4856 1310 4897 rex
1349 4842 1548 4894 noster
1593 4840 1725 4892 ante
1773 4832 2003 4889 srecula.
2040 4854 2067 4880 ››
2112 4830 2276 4886 Sicut

616 4951 722 5008 per
763 4933 1134 4990 Salomonem
1185 4948 1253 4987 ex
1300 4927 1607 5001 sapientia,
1660 4942 1786 4996 quae
1847 4927 1936 4978 est
1982 4921 2270 4988 Christus,

616 5023 785 5080 dicit:
820 5021 1090 5078 Condidit
1124 5036 1212 5076 me
1259 5020 1317 5074 in
1364 5016 1528 5072 initio
1575 5016 1803 5070 viarum
1835 5028 2099 5081 suarum,
2140 5014 2273 5066 ante

618 5111 833 5170 saecula
866 5109 1128 5167 fundavit
1174 5126 1265 5164 me
1312 5109 1494 5179 (Prov.
1529 5121 1653 5173 vm,
1699 5103 1792 5166 22,
1839 5102 1952 5167 23).
1992 5121 2020 5148 «
2058 5099 2273 5170 Opera-

621 5208 719 5258 tus
761 5205 851 5258 est
892 5199 1144 5255 salutem
1195 5198 1254 5253 in
1305 5195 1496 5251 medio
1528 5199 1714 5248 terrae.
1750 5212 1776 5240 η
1823 5188 1952 5244 Sive
1982 5189 2041 5242 in
2072 5188 2275 5243 Judara

616 5305 744 5361 quas
795 5286 1056 5343 medium
1105 5292 1268 5340 terrae
1316 5283 1549 5351 dicitur,
1606 5279 1726 5334 sive
1774 5277 1833 5331 in
1883 5279 2046 5331 utero
2097 5276 2274 5349 virgi-

619 5376 759 5434 nali.

693 5490 720 5517 ‹‹
759 5466 843 5522 Tu
880 5464 1241 5521 conﬁrmasti
1291 5462 1350 5517 in
1398 5461 1611 5516 virtute
1659 5461 1762 5512 tua
1809 5470 1989 5510 mare.
2024 5476 2052 5502 »
2084 5456 2275 5511 Secu-

617 5554 764 5625 lum,
791 5554 875 5610 vel
910 5571 1036 5627 quas
1085 5554 1145 5610 in
1176 5570 1243 5609 eo
1294 5557 1452 5608 sunt.
1486 5572 1512 5599 ‹‹
1564 5548 1652 5603 Tu
1701 5542 2035 5615 confregisti
2086 5544 2278 5616 capita

623 5642 892 5698 draconis
935 5643 996 5699 in
1045 5638 1235 5716 aquis.
1286 5664 1315 5693 »
1369 5636 1690 5696 Potentiam
1741 5632 2164 5689 daemoniorum
2217 5633 2276 5689 in

624 5729 916 5805 baptismo
946 5732 1271 5808 subjecisti,
1308 5751 1335 5786 α
1379 5730 1466 5788 Tu
1498 5723 1832 5804 confregisti
1863 5720 2051 5797 capita
2081 5723 2281 5783 draco-

2374 3438 2504 3504 bus,
2541 3450 2654 3489 non
2684 3432 2959 3504 pereant;
2997 3424 3096 3480 sed
3130 3416 3355 3494 probati
3391 3408 3683 3471 manifesti
3712 3407 3882 3462 ﬁant.

2446 3566 2474 3595 ‹‹
2521 3538 2759 3611 Respice
2816 3536 2873 3591 in
2927 3532 3346 3588 testamentum
3405 3526 3595 3585 tuum,
3650 3513 3790 3587 quia
3826 3506 4029 3583 repleti

2376 3630 2648 3702 sunt,qui
2670 3623 2965 3683 obscurati
2997 3626 3138 3677 sunt
3164 3622 3330 3673 terra:
3360 3608 3557 3668 dumis
3586 3602 4025 3675 iniquitatum.»

2376 3692 2547 3777 Dum'i
2568 3692 3045 3788 interpretantur
3069 3721 3262 3781 spirate.
3295 3702 3368 3756 Ili
3396 3713 3533 3770 ergo
3559 3694 3656 3767 qui
3688 3692 4027 3782 obscurave:

2377 3813 2515 3866 runt
2565 3801 3074 3880 persecutionibus
3130 3796 3255 3851 suis
3310 3796 3525 3847 terram
3581 3788 3767 3850 tuam,
3826 3772 4028 3849 repleti

2377 3902 2517 3957 sunt
2545 3867 2810 3952 sentibus
2833 3886 3187 3961 iniquitatis.
3220 3884 3308 3938 Tu
3333 3893 3487 3942 vero,
3514 3871 3777 3961 Domine,
3802 3867 3903 3938 qui
3934 3879 4033 3936 per

2377 3987 2820 4046 Testamentum
2853 3986 3043 4044 tuum,
3075 3976 3193 4031 sive
3222 3971 3424 4034 Vetus,
3459 3966 3577 4021 sive
3605 3960 3860 4023 Novum,
3894 3953 4031 4026 quia

2379 4084 2697 4146 utrumque
2743 4089 2778 4128 a
2827 4075 2884 4126 te
2916 4064 3222 4140 processit,
3255 4064 3313 4116 et
3342 4054 3510 4131 quasi
3543 4065 3728 4109 unum
3752 4046 4020 4142 habe-tur,

2379 4162 2699 4241 promisisti
2748 4164 3046 4233 protegere
3092 4159 3248 4219 tuos,
3299 4144 3543 4204 succisis
3620 4153 3774 4194 nunc
3821 4131 4026 4205 spinis,

2378 4274 2515 4314 erue
2544 4271 2676 4311 D08.

2453 4369 2481 4398 «α
2518 4346 2597 4402 Ne
2634 4344 2928 4398 avertatur
2974 4331 3217 4391 humilis
3269 4330 3458 4385 factus
3504 4320 3803 4379 confusus.
3833 4335 3859 4363 ››
3904 4311 4027 4369 Non

2380 4401 2756 4493 obliviscatur
2784 4446 2818 4484 a
2868 4433 2944 4497 te,
2979 4425 3080 4493 qui
3123 4422 3183 4476 in
3213 4410 3694 4475 tribulationibus
3720 4401 3918 4461 multis
3951 4403 4035 4454 at-

2377 4526 2603 4583 teritur.
2629 4526 2905 4591 «Pauper
2927 4520 2983 4572 et
3012 4514 3183 4583 ineps
3211 4507 3535 4564 laudabunt
3563 4500 3764 4555 nomen
3794 4497 4031 4547 tuum.»

2380 4617 2525 4671 Cum
2557 4609 2849 4684 promissa
2882 4610 2985 4660 tua
3015 4596 3397 4674 perceperint.

2454 4745 2481 4772 «
2522 4721 2805 4789 Exsurge,
2837 4714 3017 4776 Deus,
3034 4706 3239 4781 judica
3258 4717 3496 4759 causam
3526 4703 3711 4754 tuam.
3748 4714 3775 4741 ›ι
3806 4694 3914 4745 Pro
3943 4685 4030 4741 his

2383 4805 2754 4883 improperiis
2795 4819 2920 4874 qua:
2962 4797 3050 4854 vel
3100 4800 3163 4850 tu
3212 4790 3548 4850 sustinuisti
3594 4801 3695 4859 pro
3727 4778 3915 4843 nobis,
3947 4772 4031 4828 vel

2383 4916 2541 4957 nunc
2572 4895 2829 4953 Ecclesia
2859 4888 3129 4945 sustinet.
3168 4903 3194 4936 «ι
3242 4883 3462 4938 Memor
3508 4881 3630 4933 esto
3660 4865 4034 4944 improperio-

2383 5006 2515 5047 rum
2547 4991 2780 5042 tuorum
2809 4997 2821 5035 :
2858 4993 3060 5036 eorum
3094 4991 3220 5047 quae
3273 4972 3342 5026 ab
3394 4966 3707 5040 insipiente
3751 4960 3890 5015 sunt
3918 4958 4032 5009 tota

2384 5079 2495 5135 die.
2531 5098 2559 5126 »
2596 5076 2665 5131 Ut
2692 5072 2750 5127 in
2776 5067 2999 5142 judicio
3030 5062 3481 5120 confundantur.

2457 5207 2487 5237 ί(
2523 5185 2604 5240 Ne
2652 5173 3013 5237 obliviscaris
3065 5185 3232 5226 voces
3283 5165 3656 5222 inimicorum
3713 5162 3975 5212 tuorum.
4006 5170 4029 5197 »

2385 5277 2491 5345 Qui
2524 5280 2580 5330 te
2628 5270 2829 5340 utique
2879 5266 2937 5319 in
2987 5257 3372 5335 praesentibus
3421 5249 3711 5327 presseris
3742 5243 4032 5299 invocant.

2386 5363 2757 5423 consolentur
2785 5373 2818 5411 a
2847 5359 2922 5409 te.
2946 5371 2978 5403 ι
3012 5348 3300 5420 Superbia
3321 5358 3541 5408 eorum,
3575 5337 3675 5413 qui
3705 5340 3763 5392 te
3790 5330 4038 5388 oderunt

2387 5452 2649 5511 ascendit
2679 5460 2928 5516 semper.
2963 5462 2990 5492 »
3025 5438 3148 5493 Nisi
3198 5436 3353 5491 enim
3396 5446 3597 5489 eorum
3629 5421 3909 5497 superbia
3946 5434 4035 5473 as-

2386 5544 2614 5608 cendat,
2647 5537 2705 5592 hi
2739 5549 2856 5589 non
2898 5526 3311 5585 humiliantur.
3359 5522 3449 5579 Sic
3479 5520 3635 5576 enim
3667 5519 3724 5571 et
3753 5510 4036 5568 Dominus

2385 5633 2445 5689 in
2492 5602 2837 5703 Apocalypsi
2886 5617 3063 5674 dicit:
3097 5617 3305 5687 Impius
3336 5612 3503 5683 impie
3530 5613 3683 5679 agat,
3724 5606 3777 5658 et
3804 5602 4036 5670 iniquus

2387 5687 2627 5799 amplius
2658 5687 2828 5797 faciat
2872 5707 3242 5786 iniquitatem.
3285 5704 3413 5760 Ecce
3455 5715 3556 5774 ega
3601 5695 3759 5753 venio
3803 5691 3944 5763 cito,
3988 5687 4039 5745 α
