4256 6584
628 389 788 450 1099

2120 384 2542 446 APPENDIX.

3898 384 4069 446 uoo

626 519 849 576 turbati
880 522 1020 575 sunt
1048 534 1251 575 omnes
1284 517 1631 590 insipientes
1663 519 1851 575 corde.
1888 540 1917 569 »
1948 522 2111 574 Hunc
2150 534 2275 575 ver-
2304 520 2359 584 Α¹
2389 518 2505 573 rint
2536 517 2700 574 malae
2731 516 3135 589 cogitationes,
3168 519 3309 573 tunc
3352 532 3452 573 ero
3505 516 3776 573 mundus
3827 516 3893 572 in
3926 532 4070 574 con-

628 625 761 663 sum
793 608 862 663 de
892 606 1232 663 infidelibus
1263 624 1580 679 possumus
1604 608 1813 665 dicere.

707 719 734 750 α
764 697 1140 753 Dormierunt
1171 715 1445 752 somnum
1497 715 1693 767 suum,
1746 702 1803 753 et
1849 697 1994 752 nihil
2041 697 2274 753 invene-

626 789 789 853 runt,
824 807 852 834 υ
884 788 992 840 etc.
1025 785 1172 841 Vere
1203 786 1321 840 haec
1354 784 1473 840 vita
1504 802 1748 841 somnus
1791 791 1898 857 est,
1940 790 1996 842 et
2045 786 2274 853 divitiae.

629 874 873 941 Quando
916 874 1071 930 enim
1120 874 1387 931 videmur
1433 891 1531 930 eas
1579 879 1795 943 tenere,
1826 875 2022 931 statim
2058 876 2276 930 amitti-

630 979 788 1019 mus.
823 963 985 1019 Sicut
1023 962 1164 1018 illud
1215 964 1369 1035 quod
1421 964 1707 1036 scriptum
1738 970 1826 1020 est
1857 964 1917 1019 in
1950 964 2231 1037 propheta
2264 982 2276 1019 :

631 1052 785 1109 Sicut
812 1068 936 1107 cum
965 1052 1166 1122 aliquis
1194 1052 1394 1107 dormit
1422 1054 1633 1121 sitiens,
1666 1054 1715 1107 si
1744 1053 2019 1108 invenerit
2049 1068 2279 1121 aquam,

631 1142 810 1198 bibit:
838 1144 1025 1213 postea
1055 1158 1179 1197 cum
1212 1143 1541 1212 vigilaverit,
1592 1144 1715 1213 ipsa
1762 1144 1884 1196 sitis
1923 1150 2111 1196 manet
2149 1141 2275 1209 (Isti.

629 1247 786 1301 xxxx,
817 1232 870 1302 8)
905 1248 917 1285 :
952 1231 1032 1285 ita
1061 1236 1199 1286 sunt
1229 1236 1283 1286 et
1313 1231 1522 1286 divitia:
1578 1232 1634 1285 in
1684 1231 1792 1287 hoc
1832 1232 2054 1286 mundo
2090 1248 2101 1285 :
2137 1231 2277 1285 dum

630 1325 957 1388 teneamus,
988 1320 1336 1377 amittimus.

708 1432 730 1461 ι
765 1411 1236 1467 Dormitaverunt
1284 1411 1382 1483 qui
1432 1410 1821 1466 ascenderunt
1866 1427 2068 1482 equos.
2103 1431 2130 1459 »
2177 1410 2278 1465 Se-

633 1501 893 1557 cundum
946 1501 1335 1573 tropologiam
1392 1501 1677 1555 dicamus.
1737 1500 1999 1571 Denique
2056 1500 2280 1555 Pharao

633 1591 898 1646 ascendit
945 1606 1149 1660 equos,
1195 1595 1252 1644 ct
1308 1589 1662 1656 dormitavit,
1716 1594 1773 1643 et
1821 1589 2007 1660 periit.
2054 1589 2280 1660 Aigypti

632 1678 931 1734 habebant
960 1694 1164 1749 equos,
1188 1678 1287 1731 sed
1309 1663 1638 1749 ’pcrierunt.
1674 1678 1811 1732 Inde
1842 1682 1897 1732 et
1928 1685 2280 1749 praeceptum

634 1770 725 1825 est
755 1766 816 1820 in
848 1770 993 1837 Lege
1028 1781 1041 1820 ε
1074 1768 1140 1819 ut
1170 1781 1285 1819 non
1316 1765 1592 1820 llcbrazus
1631 1764 1845 1819 habeat
1890 1781 2072 1835 equos
2103 1766 2277 1835 (Deut.

632 1870 772 1921 xvn,
806 1855 915 1922 16).
949 1854 1210 1925 Denique
1241 1853 1512 1908 Salomon
1542 1871 1655 1908 non
1683 1854 1935 1908 habebat
1962 1870 2176 1925 equum
2210 1854 2280 1909 de

632 1941 981 2013 Jerusalem,
1036 1948 1137 1997 aut
1188 1942 1256 1997 de
1303 1942 1506 1997 Judaea
1557 1959 1570 1997 :
1623 1943 1724 1997 sed
1773 1944 2003 1998 emebat
2051 1943 2158 1998 sibi
2210 1944 2281 1998 de

631 2033 875 2104 .Egypto
923 2032 1019 2103 (III
1046 2032 1168 2102 Reg.
1202 2050 1257 2097 Χ,
1300 2032 1412 2099 28).
1465 2032 1704 2102 Semper
1746 2031 1877 2102 equi
1931 2032 1988 2086 in
2037 2037 2280 2104 xligypto

632 2122 985 2177 vendantur.
1018 2123 1086 2175 lli
1118 2122 1175 2176 in
1206 2121 1481 2184 curribus,
1513 2126 1562 2175 et
1612 2120 1675 2175 lii
1718 2123 1775 2175 in
1818 2124 1972 2192 equis
2003 2139 2021 2175 :
2052 2138 2149 2175 nos
2180 2138 2281 2176 au-

636 2219 743 2266 tem
774 2212 835 2265 in
864 2212 1084 2266 nomine
1113 2210 1337 2265 Domini
1366 2210 1461 2263 Dei
1488 2210 1664 2263 nostri
1694 2210 2074 2265 invocabit/ius
2107 2212 2278 2269 (Psal.

632 2316 747 2367 xxx,
797 2299 874 2369 8).
924 2299 1011 2355 Illi
1060 2315 1195 2370 ergo
1246 2298 1345 2370 qui
1396 2299 1784 2353 ascenderunt
1825 2315 2028 2369 equos,
2062 2300 2280 2355 dormi-

636 2392 908 2443 taverunt
955 2404 1021 2443 ac
1068 2386 1384 2461 perierunt.
1436 2388 1621 2442 Habet
1669 2392 1725 2443 et
1772 2388 2053 2443 Dominus
2085 2396 2284 2446 noster

634 2494 817 2549 equos
863 2494 876 2533 :
929 2472 1103 2532 habet
1150 2480 1204 2532 et
1254 2482 1483 2532 montes
1540 2476 1786 2533 lucidos.
1830 2478 2183 2549 Econtrario,
2227 2489 2284 2535 et

634 2566 902 2623 diabolus
934 2566 1108 2622 habet
1138 2571 1364 2621 montes
1394 2567 1753 2621 tenobrosos.
1787 2566 1948 2621 Sicut
1979 2583 2110 2638 ergo
2143 2573 2283 2624 sunt

632 2661 863 2713 montes
912 2656 1090 2711 lucidi
1144 2661 1200 2711 et
1256 2659 1482 2711 montes
1530 2656 1821 2711 tenebrosi
1865 2672 1878 2712 :
1921 2656 2001 2711 ita
2051 2662 2189 2711 sunt
2226 2661 2283 2713 et

631 2747 766 2819 equi
798 2746 956 2817 boni,
991 2751 1047 2803 et
1075 2746 1210 2818 equi
1244 2745 1401 2802 mali.
1440 2745 1702 2801 Diximus
1749 2746 1821 2801 de
1868 2744 2035 2816 equis
2086 2746 2278 2817 malis,

632 2836 898 2892 dicamus
928 2841 985 2892 et
1016 2837 1086 2891 de
1112 2835 1277 2907 equis
1307 2836 1497 2891 bonis.
1524 2834 1625 2889 Illo
1657 2839 1919 2906 tempore
1940 2834 2175 2905 quando
2206 2835 2279 2890 ad

630 2925 890 2981 Eliseum
948 2929 1249 2993 venerunt,
1313 2930 1377 2979 ut
1441 2940 1577 2979 eum
1633 2923 2195 2995 comprehenderent
2263 2940 2275 2980 :

631 3013 771 3069 exiit
802 3029 947 3085 puer
974 3018 1032 3068 et
1061 3012 1204 3067 vidit
1243 3012 1556 3066 exercitum
1607 3012 1662 3065 in
1716 3011 1966 3065 circuitu
2016 3012 2279 3083 Assyrio-

635 3118 790 3169 rum,
817 3108 873 3157 et
902 3101 1046 3155 dixit
1090 3101 1330 3155 Eliszcus
1364 3116 1376 3154 :
1414 3100 1535 3154 Noli
1587 3102 1798 3165 timere,
1848 3102 2109 3170 quoniam
2159 3101 2282 3172 plu-

632 3207 718 3247 res
745 3191 1027 3247 nobiscum
1054 3194 1199 3258 sunt,
1232 3208 1395 3260 quam
1423 3207 1547 3243 cum
1578 3190 1691 3243 illis
1739 3191 1833 3259 (IV
1876 3195 2006 3259 Reg.
2054 3207 2131 3259 γι,
2168 3192 2275 3262 16).

2387 612 2586 679 spectu
2620 612 2740 663 tuo.
2774 608 2844 663 Et
2874 606 3010 679 quid
3061 606 3261 662 statim
3311 606 3627 677 sequitur?
3674 608 3741 662 Et
3771 608 4066 663 emunda-

2388 698 2483 752 bor
2512 715 2545 751 a
2574 698 2773 752 delicto
2804 696 3072 751 maxime.
3105 695 3249 751 Vide
3279 696 3419 768 quid
3446 696 3624 752 dicat.
3660 695 3722 751 Si
3768 712 3872 751 me
3903 696 4064 769 cogi-

2388 787 2529 842 tatio
2570 804 2685 841 non
2714 785 2936 853 vicerit,
2987 789 3045 840 et
3092 784 3165 840 ad
3218 801 3365 857 opus
3416 801 3532 841 non
3582 785 3982 857 perduxerit;
4033 802 4066 840 a

2389 892 2601 948 magno
2633 880 2867 947 peccato
2900 874 3179 930 liberatus
3204 890 3358 930 sum.
3409 897 3430 924 ι
3488 874 3787 939 Quoniam
3834 874 4063 947 cogita-

2390 965 2468 1020 tio
2519 964 2776 1020 hominis
2826 963 3202 1019 conﬁtebitur
3247 963 3376 1019 tibi.
3434 985 3462 1013 »
3515 964 3723 1019 Nullus
3775 966 3865 1019 est
3913 966 4063 1019 enim

2386 1053 2625 1109 mundus
2656 1056 2715 1108 in
2745 1057 3029 1124 conspectu
3060 1053 3174 1123 Dei,
3206 1068 3305 1107 nec
3351 1053 3403 1108 si
3448 1053 3617 1108 unius
3657 1052 3901 1124 quidem
3930 1053 4058 1122 diei,

2387 1145 2555 1212 fuerit
2586 1145 2699 1198 vita
2726 1145 2843 1214 ejus
2872 1142 3012 1211 (Job.
3036 1159 3150 1212 x1v,
3186 1141 3258 1209 4).
3298 1145 3471 1197 Astra
3500 1158 3617 1197 non
3647 1146 3802 1204 sunt
3835 1143 4063 1199 munda

2390 1234 2448 1287 in
2480 1236 2794 1303 conspectu
2844 1230 2965 1297 Dei,
3014 1235 3072 1285 et
3118 1230 3398 1286 adversus
3447 1230 3691 1303 angelos
3737 1248 3895 1287 suos
3929 1247 4055 1304 per-

2389 1337 2620 1376 versum
2652 1320 2793 1391 quid
2824 1317 3174 1390 excogitavit
3204 1318 3337 1390 (Job.
3369 1335 3483 1384 xxv,
3516 1320 3568 1387 4,
3598 1320 3677 1391 5).
3701 1319 3833 1375 Hoc
3870 1324 4058 1376 totum

2390 1412 2606 1483 quare?
2636 1408 2920 1475 Quoniam
2953 1408 3002 1463 si
3035 1411 3193 1463 astra
3244 1424 3360 1462 non
3412 1413 3551 1463 sunt
3601 1409 3857 1477 munda,
3903 1410 3956 1465 si
4002 1411 4059 1466 in

2391 1499 2614 1571 angelis
2646 1514 2979 1571 perversum
3014 1497 3308 1553 invenitur
3337 1513 3351 1552 :
3386 1502 3605 1570 quanto
3637 1498 3842 1572 magis
3878 1498 3941 1554 in
3965 1516 4055 1555 co-

2389 1590 2665 1661 gitatione
2695 1586 3031 1643 hominum!
3065 1586 3171 1642 Ubi
3204 1590 3343 1643 sunt
3373 1586 3456 1641 illi
3488 1587 3591 1660 qui
3621 1588 3861 1656 dicunt,
3900 1604 4055 1645 rece-

2390 1680 2460 1733 de
2493 1696 2525 1733 a
2557 1694 2668 1748 me,
2700 1678 2838 1749 quia
2868 1677 3125 1731 mundus
3155 1676 3327 1731 sum?
3372 1676 3637 1740 Quotidie
3693 1678 3849 1749 quid
3909 1679 4056 1750 pati-

2392 1785 2525 1823 mur
2556 1785 2568 1822 :
2605 1766 2740 1839 quid
2774 1766 2850 1821 sit
2882 1766 2939 1820 in
2973 1764 3421 1837 cogitationibus
3469 1765 3705 1836 nostris,
3742 1767 4051 1835 novimus,

2389 1860 2445 1912 et
2475 1854 2879 1911 erubescimus
2910 1853 3122 1909 dicere.
3156 1852 3323 1909 Multi
3359 1858 3497 1909 sunt
3524 1854 3625 1925 qui
3668 1871 3859 1927 opera
3899 1855 4054 1912 mala

2392 1964 2505 2001 non
2537 1946 2813 2010 fecerunt,
2848 1943 2943 1998 alii
2977 1947 3116 1998 sunt
3146 1941 3243 2013 qui
3294 1958 3397 1998 nec
3442 1941 3618 1998 locuti
3651 1948 3797 1999 sunt
3832 1961 3847 2000 :
3887 1950 4051 2001 caete-

2389 2052 2520 2091 rum
2554 2034 2651 2107 qui
2686 2034 2744 2089 in
2777 2032 3128 2105 cogitatione
3157 2047 3271 2087 non
3302 2032 3644 2104 peccaverit,
3701 2033 3912 2090 nullus
3946 2036 4050 2090 bo-

2391 2126 2617 2180 minum
2650 2124 2955 2194 reperitur.
2989 2126 3299 2193 Propterea
3329 2138 3483 2177 nunc
3514 2122 3713 2191 dicit,«
3746 2125 4048 2189 Quoniam

2390 2213 2662 2286 cogitatio
2693 2211 2951 2267 hominis
2982 2210 3353 2266 confitebitur
3381 2210 3509 2268 tibi.
3546 2233 3573 2259 ››

2463 2326 2489 2352 ‹‹
2522 2298 2995 2357 Terribili».Cui?
3024 2299 3197 2353 Deo.«
3230 2299 3299 2354 Et
3329 2299 3382 2354 ei
3413 2299 3511 2370 qui
3546 2299 3735 2357 aufert
3764 2301 4050 2375 spiritum

2391 2392 2746 2464 principum.
2790 2412 2819 2439 »
2860 2390 3101 2453 Quando
3148 2388 3417 2444 videmus
3465 2387 3696 2462 aliquos
3748 2395 4047 2464 potentes,

2388 2479 2546 2534 verbi
2604 2496 2800 2548 causa,
2859 2477 3262 2549 imperatores,
3333 2478 3649 2549 praefectos,
3708 2484 3766 2535 el.
3827 2480 4047 2537 saeculo

2390 2569 2500 2624 isto
2532 2568 2785 2623 nimium
2816 2571 3098 2638 potentes,
3131 2566 3397 2623 dicamus
3443 2570 3500 2623 et
3543 2585 3649 2624 nos
3690 2569 3762 2624 ad
3802 2574 3997 2626 Deum
4029 2589 4044 2627 :

2390 2679 2417 2706 «
2453 2656 2561 2722 Qui
2591 2656 2781 2711 aufert
2811 2655 3083 2727 spiritum
3116 2654 3465 2727 principum.
3500 2677 3527 2706 ››
3569 2655 3860 2729 Spiritum
3906 2676 4047 2731 pos-

2389 2762 2598 2800 sumus
2628 2748 2685 2798 et
2714 2744 2782 2798 de
2814 2743 3012 2799 anima
3036 2743 3227 2800 dicere
3259 2760 3271 2799 :
3305 2760 3621 2817 possumus
3648 2749 3707 2801 et
3736 2746 3811 2803 de
3842 2764 4047 2821 super-

2390 2833 2488 2889 bia
2514 2833 2725 2889 dicere.
2762 2831 3165 2905 Intelligamus
3195 2837 3250 2888 et
3279 2833 3351 2889 de
3381 2834 3654 2907 superbia
3690 2835 3913 2893 dicere.
3948 2838 4043 2892 In-

2389 2922 2748 2994 telligamus,
2780 2926 2836 2977 et
2865 2921 3032 2977 aliter
3062 2939 3076 2977 :
3113 2944 3140 2972 «
3173 2921 3280 2986 Qui
3319 2922 3509 2979 aufert
3554 2924 3829 2996 spiritum
3881 2926 4041 2999 prin-

2390 3012 2607 3083 cipum.
2643 3033 2671 3061 ››
2706 3011 3001 3083 Principes
3034 3011 3128 3067 hic
3160 3011 3544 3084 intelligimus
3575 3018 3832 3070 sanctos.
3868 3020 3952 3071 Ac
3992 3017 4042 3071 si

2390 3102 2587 3156 dicat:
2624 3100 2899 3172 Princeps
2943 3100 3053 3155 fuit
3099 3099 3392 3168 Salomon,
3453 3101 3745 3175 principes
3800 3104 4042 3161 fuerunt

2390 3189 2580 3245 caeteri
2640 3189 2847 3255 sancti,
2898 3189 3166 3261 princeps
3226 3188 3338 3244 fuit
3390 3190 3567 3246 etiam
3617 3195 3677 3247 et
3719 3193 4039 3264 Apostolus

634 3280 702 3335 Et
745 3279 823 3335 ibi
873 3280 1155 3351 scriptum
1212 3285 1300 3334 est
1354 3296 1366 3333 :
1419 3280 1664 3349 Domine,
1712 3281 1867 3350 aperi
1911 3280 2092 3335 oculos
2118 3298 2281 3351 pueri
2311 3263 2353 3331 C
2390 3281 2594 3348 Judas,
2628 3285 2685 3334 et
2715 3278 2992 3351 quoniam
3024 3282 3423 3350 peccaverunt,
3456 3279 3608 3336 Deus
3654 3263 3791 3336 tulit
3830 3283 3907 3338 ab
3953 3283 4037 3338 eis

630 3370 733 3441 tui,
761 3372 823 3423 ut
848 3370 1054 3425 videat.
1101 3370 1183 3432 Et,
1233 3370 1431 3440 opertis
1479 3370 1671 3436 oculis,
1723 3368 1858 3423 vidit
1898 3385 2039 3439 puer
2084 3385 2281 3425 currus

630 3468 686 3514 et
731 3474 891 3530 equos
938 3458 1095 3530 (Ibid.
1154 3458 1261 3528 17).
1310 3458 1379 3511 Ili
1431 3462 1597 3512 erant
1646 3458 2041 3513 auxiliatores.
2075 3458 2281 3515 Videte

631 3563 766 3618 ergo
798 3546 939 3617 quid
970 3546 1143 3613 dicat,
1178 3562 1384 3600 currus
1415 3548 1471 3599 et
1500 3562 1702 3616 equos.
1748 3546 1927 3600 Nemo
1966 3546 2277 3602 hominum

631 3641 756 3691 erat
780 3652 956 3707 super
986 3636 1167 3706 ipsos,
1200 3635 1298 3688 sed
1345 3639 1511 3689 erant
1558 3635 1664 3689 soli
1713 3651 1921 3689 currus
1970 3640 2027 3690 et
2072 3636 2207 3706 equi
2261 3653 2274 3691 :

628 3725 748 3782 Hoc
778 3730 889 3791 est,
923 3725 1078 3794 quod
1119 3723 1243 3779 vult
1287 3724 1495 3779 dicere.
1548 3723 1861 3777 Multitudo
1910 3724 2274 3795 angelorum,

626 3813 741 3886 ipsi
772 3818 828 3868 et
857 3829 1065 3869 currus
1097 3816 1279 3879 erant,
1325 3813 1436 3884 ipsi
1469 3816 1526 3866 et
1557 3812 1691 3882 equi
1727 3830 1739 3867 :
1773 3829 2047 3867 ascensor
2080 3817 2275 3868 autem

629 3907 757 3958 erat
787 3903 1410 3973 Dominus.Propterea
1441 3902 1581 3955 dicit
1611 3902 1668 3954 in
1701 3902 1934 3957 Cantico
1970 3902 2274 3959 llabacuc:

627 3995 691 4048 Et
720 3994 984 4064 equitatio
1009 4000 1102 4047 tua
1130 3992 1278 4047 salus
1309 3992 1532 4060 (Hubuc.
1566 4008 1651 4059 In,
1690 3991 1765 4061 8).
1809 3990 1925 4045 Hoc
1972 3992 2043 4046 ad
2090 3991 2273 4047 Deum

626 4082 860 4138 dicitur.
894 4082 938 4136 Ο
971 4081 1019 4137 si
1053 4097 1158 4136 nos
1191 4097 1456 4136 essemus
1498 4080 1631 4151 equi
1685 4080 1804 4147 Dei,
1849 4086 1906 4134 et
1948 4096 2124 4151 super
2167 4098 2273 4137 nos

626 4171 967 4243 dignaretur
996 4171 1151 4227 Deus
1182 4168 1522 4225 ascendere!
1561 4168 1643 4224 llli
1678 4185 1813 4240 ergo
1837 4169 2112 4225 contrarii
2138 4169 2271 4241 equi

624 4260 1105 4327 dormitaverunt,
1138 4264 1195 4314 et
1226 4273 1563 4314 ascensores
1593 4274 1815 4313 corum.

698 4369 726 4401 α
770 4350 850 4404 Ex
894 4354 1033 4404 tunc
1082 4349 1168 4402 ira
1216 4352 1334 4401 tua.
1371 4370 1392 4398 π
1434 4349 1512 4400 Ex
1555 4363 1670 4416 quo
1715 4351 1973 4417 tempore
2008 4346 2094 4402 ira
2124 4347 2274 4402 Dei?

619 4439 860 4503 Quando
892 4437 1145 4509 populus
1177 4436 1463 4491 clamabat
1493 4435 1564 4489 ad
1596 4437 1785 4490 Aaron
1818 4436 1875 4489 in
1917 4436 2130 4503 ere’mo,
2181 4436 2268 4491 di-

619 4544 759 4582 cens
792 4544 804 4581 :
837 4529 942 4581 Fac
969 4527 1125 4581 nobis
1150 4527 1275 4581 deos
1306 4540 1438 4595 quos
1466 4540 1792 4593 sequamur.
1829 4524 1923 4577 llic
1952 4528 2099 4578 enim
2128 4525 2270 4595 Moy-

2390 3370 2674 3441 Spiritum
2708 3372 2997 3423 sanctum.
3032 3367 3210 3423 Nemo
3240 3382 3377 3439 ergo
3409 3367 3562 3423 dicat
3592 3385 3606 3424 :
3668 3372 3786 3442 Ego
3814 3371 4041 3443 episco-

2388 3476 2499 3531 pus
2531 3475 2684 3526 sum,
2718 3462 2820 3513 aut
2851 3457 3153 3525 diaconus,
3187 3460 3288 3511 aut
3334 3457 3655 3513 monachus
3687 3475 3700 3513 :
3733 3474 3842 3532 ego
3875 3461 4038 3533 prin-

2387 3565 2521 3619 ceps
2553 3563 2679 3603 sum
2728 3546 2783 3601 in
2834 3545 2945 3600 isto
2996 3543 3207 3600 saeculo
3241 3561 3254 3599 :
3286 3549 3489 3616 potens
3520 3551 3607 3602 est
3633 3545 3788 3602 Deus
3836 3548 4040 3605 tollere

2387 3637 2659 3708 spiritum
2688 3634 3044 3706 principum.
3077 3632 3355 3704 Denique,
3391 3637 3455 3689 ut
3482 3633 3679 3691 sciatis
3707 3636 3849 3708 quia
3890 3636 4040 3693 tollit

2388 3725 2539 3781 Deus
2570 3724 2843 3796 spiritum
2877 3740 2889 3778 :
2924 3721 3164 3778 recessit
3196 3723 3438 3794 spiritus
3475 3723 3567 3779 Dei
3591 3724 3791 3780 aSaul
3821 3727 4033 3797 bonus,

2384 3818 2440 3868 et
2486 3812 2807 3868 suifocabat
2853 3827 2986 3865 cum
3039 3810 3283 3883 spiritus
3332 3811 3644 3885 malignus.
3687 3815 3968 3886 Sequitur
4014 3832 4030 3872 :

2384 3903 2453 3957 Et
2483 3902 2802 3957 suifocabat
2832 3916 2965 3955 eum
2999 3898 3243 3972 spiritus
3274 3900 3369 3955 Dei
3404 3900 3592 3957 malus
3638 3902 3685 3973 (l
3731 3907 3865 3973 Reg.
3916 3922 4031 3971 xw,

2386 3992 2649 4062 1/1).Ergo
2669 3993 2888 4045 malum
2917 3988 3092 4044 habet
3111 3989 3383 4060 spiritum
3405 3990 3598 4046 Deus?
3617 3990 4027 4064 Nequaquam;

2385 4082 2483 4137 sed
2518 4080 2646 4135 ideo
2680 4082 2999 4134 recesserat
3027 4078 3270 4150 spiritus
3302 4079 3419 4146 Dei,
3452 4083 3516 4134 ut
3546 4084 3744 4152 postea
3775 4082 4027 4139 suffoca-

2383 4175 2468 4225 rct
2497 4187 2627 4225 eum
2676 4167 2920 4241 spiritus
2970 4168 3162 4223 malus
3212 4186 3225 4223 :
3272 4172 3573 4240 propterea
3626 4169 3869 4241 spiritus
3927 4172 4028 4228 Dei

2382 4259 2596 4313 dicitur
2625 4257 2838 4313 malus.
2874 4256 3134 4327 Denique
3164 4261 3401 4313 sanctus
3431 4257 3631 4327 David,
3663 4258 3851 4315 sciens
3884 4261 4028 4332 quia

2379 4348 2623 4419 spiritus
2653 4345 2881 4402 tolleret
2912 4345 3244 4418 principum
3279 4361 3291 4401 :
3326 4351 3492 4419 rogat
3521 4348 3722 4417 Deum,
3753 4352 3811 4404 et
3838 4349 4024 4407 dicit:

2377 4440 2643 4508 Spiritum
2688 4444 2937 4491 sanctum
2977 4438 3134 4490 tuum
3184 4451 3256 4491 ne
3300 4437 3527 4511 auferas
3567 4453 3602 4491 a
3628 4453 3717 4493 me
3742 4437 3909 4508 (Psal.
3963 4456 4025 4505 ι..

2378 4528 2487 4598 13).
2526 4525 2781 4581 Terribili
2809 4524 2953 4598 apud
2982 4540 3130 4595 reges
3159 4532 3347 4581 terra}.
3399 4529 3466 4580 Et
3514 4526 3825 4582 secundum
3852 4524 4025 4583 litte-

616 4631 718 4683 ses,
752 4617 850 4686 qui
877 4615 1069 4670 eduxit
1100 4631 1195 4669 nos
1223 4613 1285 4668 de
1315 4622 1465 4668 terra
1495 4614 1737 4684 zEgypti,
1757 4614 2029 4667 nescimus
2060 4614 2190 4683 quid
2217 4615 2270 4669 ei
2300 4640 2344 4705 Ι)
2378 4632 2501 4671 ram
2535 4614 2903 4687 intelligitur.
2936 4614 3219 4670 Caeterum
3253 4619 3487 4687 praestet
3533 4615 3684 4673 Deus
3715 4614 3901 4687 nobis,
3957 4620 4023 4673 ut

616 4704 875 4759 acciderit
921 4703 1117 4774 (Exod.
1168 4720 1344 4767 xxx”,
1397 4704 1471 4770 1).
1524 4701 1781 4757 Eduxisti
1834 4718 1932 4756 eos
1981 4703 2052 4757 de
2109 4708 2265 4759 terra

615 4792 865 4865 Egypti,
897 4798 953 4847 et
984 4792 1258 4847 continuo
1280 4796 1335 4846 te
1367 4797 1741 4863 negaverunt.

2376 4721 2538 4777 reges
2595 4710 2759 4761 terrae
2817 4704 3026 4759 simus.
3087 4705 3253 4774 Reges
3311 4708 3496 4771 terra},
3554 4709 3620 4761 ut
3659 4705 4019 4777 imperemus

2373 4794 2531 4849 carni
2564 4792 2966 4849 nostras.Unde
2995 4792 3136 4848 dicit
3182 4798 3238 4848 et
3292 4793 3604 4865 Apostolus
3636 4811 3649 4850 :
3680 4796 3798 4850 Non
3825 4802 4018 4866 regnet

687 4905 700 4933 ‹
749 4882 829 4938 De
860 4880 1002 4937 ccclo
1034 4881 1302 4936 auditum
1348 4881 1532 4935 fecisti
1575 4881 1889 4950 judicium.
1934 4901 1962 4929 υ
2008 4881 2261 4935 Locutus
2366 4888 2653 4955 peccatum
2682 4885 2741 4938 in
2770 4882 3005 4938 mortali
3032 4885 3204 4938 vestro
3232 4898 3452 4955 corpore
3480 4885 3651 4953 (Rom.
3683 4900 3758 4952 v1,
3793 4885 3913 4956 12)..
3951 4885 4020 4940 Et

613 4989 677 5029 es
709 4973 779 5028 de
812 4972 973 5039 ccelo,
1008 4970 1231 5027 audivit
1262 4970 1454 5025 omnis
1486 4969 1758 5041 populus,
1781 4976 1838 5025 et
1862 4969 2213 5025 contremuit
2243 4986 2256 5024 :

611 5069 669 5120 et
708 5068 903 5118 tamen
936 5062 994 5116 in
1026 5066 1082 5116 te
1108 5078 1221 5116 non
1254 5060 1645 5115 crediderunt.
1698 5081 1727 5109 ‹‹
1775 5062 1951 5114 Terra
1996 5060 2255 5126 tremuit,

607 5158 667 5208 et
698 5152 933 5224 quievit.
970 5174 996 5200 ››
1025 5149 1201 5207 Israel
1232 5155 1427 5205 autem
1458 5166 1562 5204 nec
1592 5149 1812 5215 timuit,
1846 5164 1950 5203 nec
1982 5148 2220 5219 quievit.

680 5265 708 5292 «
743 5241 1029 5309 Quoniam
1061 5240 1332 5312 cogitatio
1363 5238 1620 5293 hominis
1650 5236 2026 5292 conﬁtebitur
2062 5236 2188 5290 tibi.
2224 5258 2252 5285 »

2369 4972 2427 5027 in
2460 4973 2573 5027 alio
2604 4972 2729 5027 loco
2760 4971 3045 5043 scriptum
3075 4977 3165 5027 est
3197 4989 3209 5025 :
3247 4973 3359 5028 Cor
3405 4974 3547 5044 regis
3597 4974 3657 5027 in
3700 4988 3872 5028 manu
3926 4972 4021 5029 Dei

2367 5064 2553 5131 (Prov.
2611 5078 2728 5116 xxx.
2781 5062 2853 5133 1).
2905 5059 3125 5117 Juliani
3173 5061 3561 5132 persecutoris
3613 5077 3711 5117 cor
3737 5060 3796 5116 in
3830 5077 4017 5117 manu

2371 5149 2464 5205 Dei
2491 5149 2758 5205 fuit.Saul
2776 5166 2877 5204 cor
2893 5150 2951 5204 in
2966 5166 3143 5205 manu
3163 5149 3262 5205 Dei
3284 5149 3684 5207 fuit.Manasse
3698 5165 3797 5206 cor
3810 5148 3869 5204 in
3894 5166 4019 5206 ma-

2366 5256 2442 5294 nu
2460 5239 2557 5293 Dei
2581 5238 3050 5309 fuit,etomnium
3067 5238 3382 5310 impiorum
3397 5255 3641 5312 regnum
3651 5238 3876 5295 Judain
3891 5256 4017 5296 ma-

605 5333 723 5389 Hoc
760 5337 869 5399 est,
915 5332 1069 5403 quod
1116 5330 1328 5385 dicitur
1376 5328 1433 5383 in
1482 5328 1593 5384 alio
1642 5326 1767 5381 loco
1820 5342 1833 5379 :
1884 5326 1969 5380 Ab
2008 5326 2253 5382 occultis
2363 5346 2442 5384 nu
2466 5328 2693 5383 Domini
2723 5327 4021 5400 l‘uerunt.Videtisquoniamsecundumlitte-

603 5423 751 5478 meis
800 5422 1021 5476 munda
1071 5436 1185 5485 me,
1234 5425 1291 5474 ct
1340 5419 1412 5473 ab
1459 5417 1664 5473 alienis
1714 5432 1884 5487 parce
1932 5431 2097 5470 servo
2153 5419 2250 5471 tuo

2362 5434 2485 5473 ram
2511 5422 2664 5473 stare
2686 5435 2799 5473 non
2824 5418 3227 5489 potest.Reges
3250 5434 3387 5491 ergo
3413 5418 3598 5473 sancti
3622 5421 3845 5485 sunt,et
3870 5417 4017 5476 isto-

601 5512 785 5581 (Psai.
824 5528 984 5577 xvm,
1020 5513 1106 5579 13,
1138 5512 1243 5581 14).
1288 5506 1502 5563 Alienis
1555 5525 1588 5561 a
1634 5510 1709 5573 te,
1760 5522 1908 5576 quos
1958 5504 2252 5560 submittit
2360 5508 2699 5563 rumeorin
2726 5524 2901 5562 manu
2948 5506 3308 5563 Dominiest.
3341 5508 3408 5563 Et
3437 5524 3541 5564 nos
3570 5524 3705 5580 ergo
3734 5513 4015 5580 petamus

603 5598 890 5654 diabolus.
940 5605 1007 5653 Et
1055 5601 1195 5671 quid
1246 5596 1552 5670 sequitur?
1601 5596 1660 5650 Si
1713 5598 1827 5650 mei
1879 5611 1988 5649 non
2043 5596 2255 5666 fiwrint
2357 5596 2815 5669 Deum,utreges
2838 5596 3119 5664 simus,ut
3139 5595 3494 5670 imperemus
3514 5599 3675 5654 carui
3698 5602 4018 5666 aestumat

600 5685 890 5763 dominati,
921 5692 1052 5743 tunc
1094 5690 1479 5745 immaculatus
1529 5700 1636 5743 ero.
1690 5686 1747 5742 Si
1801 5704 1893 5744 me
1940 5702 2055 5743 non
2104 5685 2250 5744 vice-

2356 5686 2619 5763 subjecta
2639 5686 2719 5745 sit
2739 5686 2928 5745 nobis.
2962 5685 3125 5746 Unde
3145 5686 3284 5746 dicit
3302 5691 3360 5745 et
3377 5685 3687 5770 Apostolus
3711 5704 3725 5749 :
3760 5687 3884 5752 Ideo
3912 5706 4018 5777 ea.
