4256 6582
319 436 465 496 1101

1475 436 1757 496 BREVIA
1775 435 1969 496 RIUM
2015 436 2092 496 ΙΝ
2138 438 2279 497 PSA
2295 437 2521 498 LMOS.

3574 442 3728 502 “0‘2

318 570 451 637 stigo
472 583 664 638 corpus
697 570 954 633 meum,et
987 568 1044 620 in,
1071 569 1385 620 servitutem
1444 568 1650 633 redigo,
1711 585 1777 622 ne
1827 572 1962 624 torte

2094 588 2135 638 'n
2166 590 2370 648 saneta,
2407 592 2453 639 et
2487 585 2782 640 Iu'ncdicitc
2827 587 3122 640 Dominum
3152 586 3326 655 (Psal.
3361 601 3590 658 cxxxm,
3648 592 3728 660 2).

321 660 450 711 aliis
473 658 935 728 pr.‘L’dicans,ipse
963 656 1222 725 reprobus
1261 657 1483 724 c/[ioiar
1515 658 1557 726 (1
1585 659 1708 712 Cor.
1741 674 1816 725 ix,
1849 659 1963 726 27).

325 747 571 817 Imperet
605 745 799 798 anima
829 748 1045 809 nostra,
1091 744 1301 798 serviat
1358 761 1590 816 corpus,
1653 749 1707 798 et
1766 746 1965 798 statim

328 835 511 889 veniet
541 834 828 899 Christus,
887 839 942 887 et
995 833 1284 887 habitabit
1342 833 1400 887 in
1460 835 1648 888 nobis.
1711 835 1968 903 Denique

324 924 458 994 quid
492 922 632 976 dicit
662 923 784 992 ipse
817 922 873 976 in
920 921 1219 990 Evangelia
1253 922 1280 974 ?
1336 924 1576 986 Veniam,
1643 923 1852 993 inquit,
1914 927 1969 975 et

323 1013 472 1066 stabo
501 1018 630 1065 ante
662 1014 878 1076 ostium,
911 1014 961 1063 et
989 1011 1215 1080 putsube
1248 1021 1264 1060 :
1298 1016 1345 1064 rt
1375 1013 1426 1065 si
1482 1014 1601 1081 quis
1650 1013 1785 1065 mihi
1839 1028 1968 1081 ape-

323 1103 516 1166 ruerit,
552 1102 788 1167 intrabo,
836 1100 1127 1154 ctrurnabo
1183 1117 1306 1153 cum
1361 1117 1421 1154 eo
1470 1099 1649 1169 (.lpoo.
1715 1117 1794 1165 III,
1855 1101 1965 1167 20).

325 1189 590 1252 Quotidie
621 1193 886 1243 statante
917 1189 1132 1244 ostium
1159 1189 1408 1258 pectoris
1443 1189 1625 1243 nostri
1674 1189 1967 1257 Christus,

325 1279 542 1333 intrare
590 1279 903 1332 desiderat.
964 1277 1306 1349 Aperiamus
1365 1277 1436 1343 ei,
1492 1277 1851 1347 ingredietur
1909 1277 1964 1330 in

326 1385 454 1435 nos,
486 1373 541 1421 ct
572 1367 782 1438 hospes
813 1372 1010 1421 noster
1039 1367 1166 1432 erit,
1201 1371 1256 1420 et
1289 1367 1546 1433 conviva,
1585 1367 1694 1420 hoc
1742 1371 1850 1429 est,
1912 1369 1969 1420 et

325 1457 631 1512 nobiscum
662 1457 924 1510 comedet
958 1455 1086 1510 :cui
1120 1460 1206 1509 est
1261 1454 1444 1524 gloria
1473 1455 1532 1508 in
1578 1453 1788 1509 saecula
1868 1472 1969 1507 sa:-

327 1545 612 1600 culerum.
651 1551 854 1600 Amen.

853 1661 1080 1715 PSALM
1210 1659 1445 1713 LXXVI.

331 1769 389 1823 In
422 1769 588 1837 linem
634 1785 730 1838 pro
783 1769 1044 1831 lililliuni,
1097 1768 1351 1821 Psalmus
1405 1768 1586 1838 Amph.
1643 1771 1718 1832 (ν,
1786 1766 1852 1834 1).
1914 1768 1973 1819 in

405 1837 1034 1911 Πρω-(126))ονΙιίίίΙιιιηι
1068 1843 1165 1893 ut:
1211 1837 1515 1911 significet
1564 1855 1677 1890 non
1741 1854 1841 1911 pro
1899 1853 1964 1911 eo

404 1913 501 1966 sed
532 1929 630 1982 per
660 1909 793 1965 eum
848 1910 1140 1981 psalmum
1202 1910 1380 1963 fuisse
1429 1913 1746 1982 cantatum.
1811 1909 1972 1982 Quod

403 1981 597 2037 autem
650 1982 916 2052 sequitur
965 1981 1144 2051 Asap/t
1209 1983 1470 2051 psalmus,
1550 1981 1604 2035 in
1682 1981 1973 2034 veteribus

403 2053 832 2124 exemplaribus
864 2070 976 2106 non
1010 2054 1274 2107 habetur.

407 2193 434 2221 ‹‹
467 2171 612 2224 Voce
645 2187 772 2223 mea
802 2169 870 2222 ad
904 2169 1215 2222 Dominum
1250 2167 1524 2223 clamavi:
1559 2183 1694 2222 voce
1729 2184 1858 2221 mea
1904 2168 1974 2221 ad

335 2265 537 2323 Deum,
566 2258 891 2313 etintendit
923 2258 1088 2311 mihi.
1140 2259 1199 2310 In
1246 2258 1337 2310 die
1385 2256 1778 2312 tribulationis
1838 2273 1975 2311 mea:

336 2350 519 2404 Deum
550 2347 853 2418 exquisivi.
889 2369 914 2395 ››
943 2347 1142 2400 Videte
1175 2347 1466 2417 quomodo
1513 2346 1570 2399 in
1605 2345 1978 2401 tribulatione

337 2444 444 2503 est,
477 2443 531 2492 et
564 2437 869 2491 Dominum
931 2441 986 2489 et
1031 2441 1206 2490 Deum
1259 2437 1621 2506 deprecatur,
1671 2440 1726 2489 et
1784 2439 1975 2489 tamen

338 2545 491 2582 unus
525 2533 675 2582 Deus
706 2532 856 2581 cst.>~
890 2526 1040 2580 Voce
1071 2542 1199 2580 mea
1231 2527 1299 2580 ad
1337 2525 1648 2580 Dominum
1711 2524 1976 2579 clamavi.

337 2617 596 2671 Clamare
656 2633 721 2670 eo
782 2620 1042 2685 tempore
1101 2615 1494 2669 necessarium
1556 2618 1662 2678 est,
1747 2614 1979 2684 quando

340 2705 509 2776 longe
542 2710 627 2759 est
650 2704 742 2759 ille
775 2704 873 2774 qui
897 2703 1129 2758 clamat.
1166 2705 1313 2773 Ergo
1340 2703 1447 2758 iste
1478 2704 1631 2773 quod
1659 2703 1834 2756 dicit:
1873 2703 1981 2757 hoc

340 2802 447 2857 est,
482 2795 757 2864 quoniam
796 2798 1027 2864 propter
1057 2799 1290 2863 peccata
1322 2809 1449 2846 mea
1479 2792 1646 2863 longe
1680 2809 1809 2845 sum
1837 2809 1877 2846 .a
1905 2797 1977 2846 te:

340 2889 643 2955 propterea
670 2881 854 2936 clamo
890 2887 952 2935 ut
985 2897 1074 2936 me
1096 2881 1389 2936 exaudias.
1431 2900 1451 2927 κ
1483 2881 1631 2934 Voce
1664 2881 1732 2934 ad
1793 2879 1984 2934 Domi-

343 2991 506 3039 num,
531 2977 587 3026 et
619 2971 864 3024 intendit
900 2970 1062 3023 mihi.
1099 2993 1125 3018 »
1161 2976 1356 3041 Ipsum
1391 2973 1480 3023 est
1527 2970 1678 3040 quod
1733 2968 1872 3022 dicit
1930 2973 1986 3022 et

343 3064 400 3116 in
434 3063 544 3116 alio
577 3061 698 3115 loco
733 3078 744 3114 :
779 3060 856 3113 Ad
871 3062 1164 3114 Dominum
1213 3076 1337 3113 cum
1385 3061 1690 3113 tributurcr
1719 3059 1980 3127 clamavi,

339 3161 388 3207 et
410 3152 692 3205 exuzutiuit
722 3166 809 3202 me
842 3150 1012 3215 (Psul.
1041 3150 1210 3217 (xxxx).

411 3263 439 3288 ‹‹
475 3241 533 3294 In
565 3239 656 3292 die
677 3237 1069 3292 tribulationis
1102 3243 1450 3302 mete,t)eum
1485 3237 1786 3306 exquisivi.
1822 3237 1983 3290 Difﬁ—

343 3329 508 3382 cilem
535 3343 653 3381 rem
687 3326 827 3379 dicit
852 3342 863 3378 :
885 3326 1000 3379 Nos
1024 3327 1256 3396 quando
1299 3325 1650 3379 tribulamnr
1681 3326 1737 3378 in
1770 3329 1984 3378 terram
2018 3314 2059 3379 C

348 3416 658 3486 dejicimur
690 3433 702 3469 :
739 3414 881 3468 nihil
915 3413 1067 3468 aliud
1091 3415 1200 3468 nisi
1235 3415 1305 3467 de
1341 3413 1712 3468 tribulatione
1781 3413 1992 3483 cogita-

350 3503 851 3560 mus.[steveroin
884 3502 1260 3557 tribulatione
1292 3506 1690 3555 commovetur
1722 3502 1989 3556 utDeum

349 3597 710 3664 deprecetur.
743 3595 822 3646 Ac
855 3592 900 3646 si
934 3597 1128 3662 aperte
1155 3591 1326 3660 dicat,
1365 3590 1572 3644 Filium
1607 3590 1849 3660 perdidi,
1902 3591 1987 3643 in-

347 3701 520 3738 censa
551 3686 639 3736 est
664 3681 873 3735 domus
909 3697 1056 3748 mea,
1092 3681 1160 3734 ad
1195 3679 1628 3734 mendicitatem
1663 3679 1789 3733 veni
1828 3697 1838 3734 :
1876 3696 1988 3732 non

349 3789 541 3842 quaero
574 3771 719 3825 illud
762 3771 916 3840 quod
957 3770 1203 3840 perdidi,
1255 3769 1354 3824 sed
1415 3769 1725 3822 Dominum
1775 3785 1989 3838 qurere.

351 3862 408 3916 Si
442 3862 597 3916 enim
630 3860 809 3915 istum
852 3859 1144 3926 invenero,
1197 3859 1255 3912 in
1313 3859 1422 3913 isto
1491 3859 1718 3912 invenio
1775 3858 1990 3912 omnia.

354 3953 597 4019 Quaerite
622 3953 865 4020 primum
888 3965 1117 4018 regnum
1155 3949 1269 4013 Dei,
1296 3951 1344 4002 et
1403 3948 1520 4004 haec
1577 3950 1764 4003 omnia
1823 3965 1993 4019 appo-

351 4049 551 4094 nentur
580 4040 726 4093 vobis
757 4037 963 4108 (Matth.
995 4055 1071 4102 v1,
1103 4038 1212 4106 33).
1247 4060 1273 4085 ‹‹
1312 4036 1582 4092 Manibus
1629 4037 1771 4090 meis
1822 4041 1987 4091 nocte

354 4134 558 4183 contra
587 4144 718 4181 eum
746 4144 757 4180 :
784 4131 840 4180 et
869 4143 983 4180 non
1017 4143 1149 4180 sum
1183 4127 1478 4195 deceptus.
1547 4148 1573 4172 »
1634 4130 1694 4178 In
1755 4126 1993 4180 I-lebrteo

307 4241 316 4245 -
350 4216 518 4270 aliter
547 4217 727 4270 habet
760 4233 771 4269 :
807 4237 834 4263 «
870 4214 1077 4268 Manus
1135 4231 1264 4267 mea
1308 4220 1474 4267 nocte
1531 4214 1879 4283 extenditur,
1939 4220 1996 4269 et

351 4322 465 4358 non
499 4303 766 4374 quiescit,
793 4325 820 4351 »
852 4325 879 4351 «
906 4303 1172 4356 Manibus
1200 4301 1342 4356 meis
1376 4309 1540 4357 nocte
1570 4309 1768 4358 contra
1798 4321 1992 4358 eum.»

351 4392 736 4460 Subauditur,
773 4391 1039 4445 clamavi.
1076 4390 1275 4445 Videte
1299 4407 1433 4461 ergo
1495 4393 1648 4461 quod
1710 4396 1765 4446 et
1822 4409 1997 4464 opera

356 4488 572 4547 nostra,
609 4481 773 4535 nobis
809 4479 1154 4547 tacentibus,
1197 4480 1454 4534 clamant
1503 4482 1570 4534 ad
1630 4481 1943 4536 Dominum
1980 4500 1992 4538 :

356 4576 657 4645 propterea
689 4570 934 4625 dicitur:
972 4573 1200 4623 Furtum
1251 4580 1326 4624 est
1376 4570 1594 4624 verbum
1652 4571 1870 4624 Domini
1941 4573 1998 4623 in

357 4680 525 4717 manu
556 4660 1030 4731 Aggcipmp/ictzl?
1062 4661 1250 4728 (Augei
1301 4677 1337 4723 1,
1437 4660 1474 4727 ),
1534 4659 1655 4712 Non
1706 4660 1756 4712 ci
1827 4662 1889 4712 lit
1939 4660 1996 4714 in

359 4768 474 4817 ore,
512 4750 618 4804 hoc
648 4754 735 4803 est
767 4751 821 4802 in
860 4766 1148 4812 sermone,
1181 4749 1279 4802 sed
1305 4749 1359 4803 in
1404 4765 1601 4815 manu,
1637 4748 1743 4802 hoc
1802 4754 1888 4803 est
1936 4749 1994 4802 in

360 4857 550 4910 opere.
590 4861 616 4888 ‹‹
651 4839 920 4893 Manibus
955 4839 1098 4893 meis
1118 4844 1298 4891 nocte.
1340 4861 1364 4884 ››
1425 4838 1531 4892 hoc
1585 4845 1672 4892 est
1731 4839 1994 4908 clamavi,

319 4952 326 4956 ι
361 4930 632 4983 manibus
659 4928 926 4982 clamavi.
963 4927 1494 4998 Proptercadicitur
1525 4932 1580 4981 et
1612 4929 1680 4982 ad
1726 4932 1993 4998 Moysen:

363 5019 499 5086 Quid
529 5020 733 5072 clames
763 5019 834 5072 ad
865 5034 945 5072 me
987 5017 1178 5087 (tired.
1214 5034 1328 5084 xw,
1392 5018 1476 5085 15)
1513 5020 1533 5069 ?
1564 5018 1629 5070 Et
1677 5023 1828 5071 certe
1887 5034 1998 5071 non

361 5114 447 5163 est
479 5109 764 5179 scriptum
797 5107 873 5161 ibi
895 5107 1033 5179 quia
1053 5107 1330 5162 clamaret
1381 5106 1606 5174 Moyses
1667 5107 1736 5162 ad
1797 5113 2000 5171 Deum,

362 5199 461 5253 sed
495 5198 772 5268 quoniam
806 5213 904 5252 cor
951 5197 1136 5268 ipsius
1192 5196 1510 5250 clamabat:
1572 5195 1753 5262 Abba,
1815 5200 2000 5249 Pater.

365 5289 502 5343 Inde
525 5292 611 5342 est
641 5287 793 5358 quod
831 5287 1043 5341 dicitur
1072 5285 1130 5340 in
1161 5285 1476 5340 Jeremiain
1514 5301 1524 5338 :
1558 5287 1681 5338 Non
1714 5286 1870 5338 siluit
1896 5302 2004 5355 pu-

321 5378 502 5449 ‘pilla
531 5378 678 5431 ecuti
707 5379 814 5431 mei
855 5377 1072 5445 ('I‘lircn.
1135 5393 1195 5443 ιι,
1247 5376 1348 5443 18).
1412 5374 1611 5428 Videte
1659 5391 1792 5444 ergo
1851 5376 2004 5444 quod

364 5472 418 5522 et
453 5465 834 5539 pupillaeculi
867 5467 1048 5521 nostri
1078 5482 1192 5519 non
1252 5469 1424 5530 tacet,
1474 5464 1570 5517 sed
1633 5464 2005 5534 quotiescun-

368 5575 479 5628 que
537 5559 820 5628 lacrymas
879 5555 1252 5626 proferimus,
1314 5554 1522 5607 totiens
1585 5552 1888 5607 clamanus
1935 5555 2007 5608 ad

370 5649 574 5702 Deum.
611 5669 636 5694 ι‹
664 5647 930 5700 Manibus
963 5645 1108 5698 meis
1141 5649 1307 5698 nocte
1339 5648 1540 5697 contra
1571 5643 1777 5710 Deum,
1812 5644 1865 5697 id
1901 5648 2007 5713 cst,

373 5738 527 5810 quod
562 5736 806 5792 dicitur:
840 5737 899 5791 In
953 5735 1195 5790 noctibus
1252 5733 1494 5789 extollitc
1555 5748 1750 5789 manus
1804 5737 2011 5794 vestras

2081 675 2138 728 In
2174 680 2337 729 nocte
2367 674 2536 728 istius
2561 674 2841 739 szeculi,et
2865 675 2921 730 in
2947 675 3198 730 tenebris
3221 692 3353 729 cum
3374 675 3470 730 alii
3495 678 3565 731 ad
3590 676 3730 733 vitia

2080 769 2476 834 properarent,
2511 781 2616 833 ego
2649 780 2824 834 opera
2847 780 2975 817 mea
2992 765 3061 818 ad
3099 768 3151 818 te
3185 763 3377 818 solum
3435 765 3724 822 levabam.

2085 876 2102 900 ιι
2144 854 2210 905 l-‘It
2235 870 2344 904 non
2381 870 2510 905 sum
2542 854 2835 922 deceptus.
2869 875 2892 898 ι)
2926 854 3211 917 Quoniam
3236 853 3318 907 sic
3372 853 3615 908 clamavi
3675 859 3732 909 et

2080 958 2250 1010 opere
2278 941 2542 993 clamavi.
2574 964 2596 987 ‹‹
2628 941 2749 995 Non
2805 960 2935 995 sum
2987 942 3283 1012 deceptus.
3325 966 3349 990 »
3413 942 3732 1014 Dupliciter

2079 1029 2442 1098 intelligitur.
2479 1032 2593 1082 Aut
2643 1035 2991 1084 consecutus
3042 1047 3173 1085 sum
3233 1032 3388 1101 quod
3442 1031 3728 1102 volebam,

2079 1121 2181 1171 aut
2208 1123 2358 1171 certe
2392 1135 2501 1171 non
2553 1135 2684 1172 sum
2745 1119 3023 1189 deceptus
3076 1119 3147 1172 ab
3201 1118 3431 1174 insidiis
3490 1119 3728 1189 diaboli,

2081 1206 2178 1275 qui
2212 1222 2303 1260 me
2334 1207 2750 1261 circumvenire
2771 1207 3060 1278 cupiebat.
3116 1209 3179 1262 in
3233 1209 3470 1264 Hebraeo
3528 1213 3727 1264 autem

2081 1292 2360 1363 scriptum
2394 1298 2481 1347 est
2516 1311 2527 1348 :
2568 1316 2587 1342 αι
2623 1298 2828 1348 Manus
2891 1312 3018 1349 mea
3066 1294 3124 1349 in
3187 1301 3352 1351 nocte
3400 1297 3735 1352 extenditur

2081 1386 2135 1436 ct
2159 1399 2269 1436 non
2303 1383 2570 1451 quiescit.
2603 1409 2622 1435 ››
2657 1384 2898 1454 Semper
2927 1385 3184 1439 extendit
3235 1401 3446 1440 manus
3499 1385 3732 1440 virtuti-

2083 1472 2214 1537 bus,
2250 1488 2674 1542 nonnunquam
2711 1473 2960 1544 peccatis
2991 1473 3373 1528 contrahitur.

2158 1578 2727 1634 «chuitcenselari
2789 1579 2987 1635 anima
3047 1597 3194 1635 mea.
3235 1604 3259 1628 η
3316 1582 3610 1645 Quantum
3660 1581 3720 1636 in

2083 1667 2334 1736 peccatis
2368 1667 2512 1720 meis
2544 1672 2652 1732 est,
2686 1684 2787 1738 spe
2817 1684 2906 1722 me
2939 1667 3097 1723 nulla
3125 1673 3383 1740 poteram
3417 1669 3730 1725 consolari.

2088 1776 2114 1803 ‹‹
2147 1755 2368 1808 Memor
2401 1755 2479 1808 fui
2512 1755 2634 1822 Dei,
2676 1762 2731 1810 et
2789 1756 3109 1812 delectatus
3167 1775 3321 1812 sum.
3358 1783 3378 1810 ι)
3435 1762 3729 1823 Quantum

2085 1845 2143 1898 in
2178 1843 2428 1914 peccatis
2457 1845 2601 1898 meis
2637 1845 2746 1898 fuit
2779 1862 2790 1899 :
2840 1845 3060 1900 nullam
3096 1847 3352 1902 invenire
3380 1847 3540 1918 potui
3597 1864 3737 1901 con-

2007 1945 2052 2008 B
2083 1931 2448 1986 solutionem.
2487 1933 2739 1987 Rursum
2774 1935 3017 2002 cogitavi
3051 1935 3120 1989 de
3152 1935 3284 2002 Dee,
3327 1941 3382 1990 et
3442 1936 3499 1990 in
3553 1936 3730 1990 mise-

2087 2021 2335 2075 ricordia
2364 2021 2548 2090 ipsius
2576 2021 2894 2076 delectatus
2928 2040 3079 2077 sum.
3137 2026 3196 2077 In
3243 2025 3524 2096 Iiebraico
3573 2024 3741 2079 aliter

2087 2110 2296 2164 habet:
2335 2113 2604 2163 «Memor
2653 2111 2732 2163 fui
2792 2110 2910 2176 Dei,
2961 2117 3017 2165 et
3073 2113 3458 2168 conturbatus
3515 2129 3669 2168 sum.
3707 2134 3729 2161 υ

2086 2198 2456 2252 Consideravi
2505 2199 3021 2254 mansuetudinem
3101 2200 3334 2271 ipsius:
3398 2202 3732 2256 considera-

2088 2287 2138 2340 vi
2189 2286 2480 2356 pietatem,
2533 2286 2896 2340 consideravi
2956 2287 3331 2354 munditiam,
3407 2294 3464 2343 et
3532 2289 3738 2343 videns

2090 2374 2375 2445 mcipsum
2435 2375 2829 2442 immundum,
2892 2375 3265 2431 vehementer
3323 2377 3736 2432 conturbabar.

2095 2489 2113 2511 ‹‹
2153 2464 2506 2517 Exercitatus
2541 2469 2758 2529 sum,et
2788 2464 2998 2519 defecit
3029 2465 3272 2535 spiritus
3307 2466 3601 2520 meusnin
3622 2469 3734 2520 He-

2091 2554 2240 2607 braeo
2265 2552 2473 2607 melius
2497 2552 2698 2607 habet:
2735 2576 2760 2600 ‹‹
2799 2553 3104 2624 Loquebar
3137 2555 3193 2608 in
3248 2555 3612 2625 memetipso,
3674 2559 3732 2610 et

2091 2641 2570 2711 (let'ecitspiritus
2612 2658 2816 2707 meus;
2884 2663 2904 2689 α
2961 2642 3078 2696 sive
3137 2643 3565 2714 desperatione,
3615 2643 3735 2697 sive

2092 2730 2377 2784 desiderio
2399 2730 2516 2784 Dei.

2165 2861 2192 2886 ‹‹
2225 2837 2701 2906 Anticipaverunt
2729 2836 2954 2907 vigilias
2982 2836 3132 2892 oculi
3169 2838 3304 2892 mei.
3329 2861 3355 2886 ››
3389 2838 3451 2893 In
3499 2839 3738 2894 Hebraeo

2095 2926 2262 2980 aliter
2293 2926 2466 2978 habet
2501 2944 2512 2990 ;
2551 2948 2576 2973 «
2616 2926 2995 2980 Prehibebam
3031 2932 3372 2998 suspectum
3433 2927 3737 2983 oculorum

2097 3032 2381 3081 meorum,
2415 3016 2860 3084 censtupebam,
2893 3019 2948 3067 et
2979 3032 3092 3069 non
3155 3016 3452 3086 loquebar.
3490 3038 3516 3064 ››
3576 3017 3740 3081 Quod

2096 3104 2234 3157 dicit
2267 3104 2370 3156 hoc
2423 3108 2554 3157 est:
2608 3102 2993 3157 (ionsiderans
3052 3109 3283 3175 peccata
3341 3122 3488 3170 mea,
3540 3105 3741 3160 oculos

2097 3193 2165 3245 ad
2200 3191 2408 3245 etelum
2441 3192 2661 3262 erigere
2702 3208 2815 3244 non
2867 3193 3154 3246 audebam
3187 3209 3200 3246 :
3263 3195 3544 3247 Peocatori
3590 3195 3742 3247 enim

2097 3281 2233 3334 dicit
2264 3286 2445 3334 Deus:
2479 3279 2670 3348 utquid
2691 3283 2746 3333 tu
2781 3295 3006 3333 cnarras
3048 3281 3299 3349 justitias
3355 3299 3503 3336 meus
3559 3282 3736 3352 (Psal.

2099 3386 2244 3435 xux,
2291 3369 2425 3436 id)?
2478 3373 2782 3436 Propterea
2831 3369 3162 3438 stupebam,
3226 3369 3526 3435 timebam,
3586 3370 3749 3440 loqui

2102 3474 2214 3510 non
2251 3461 2531 3526 poteram.
2584 3455 2700 3509 Hoc
2751 3456 2919 3524 juxta
2969 3456 3256 3510 Hebraeos.
3293 3480 3319 3504 «
3380 3457 3742 3528 Anticipave-

2101 3550 2238 3598 runt
2270 3544 2496 3614 vigilias
2529 3543 2679 3598 oculi
2707 3543 2840 3597 mei.
2879 3566 2905 3591 ››
2940 3550 3272 3616 Antequam
3304 3545 3517 3617 aliquis
3563 3544 3748 3617 vigili-

2102 3639 2186 3688 rct
2226 3650 2237 3687 :
2274 3651 2378 3702 ego
2413 3633 2746 3704 vigilabam.
2777 3633 3048 3704 Legimus
3081 3640 3138 3689 et
3170 3635 3228 3689 in
3255 3635 3485 3690 Daniele
3516 3636 3656 3707 (cap.
3689 3652 3746 3703 Χ,

2099 3725 2174 3788 ὅ).
2209 3724 2272 3776 Et
2299 3739 2437 3790 cere,
2470 3722 2681 3792 inquit,
2719 3723 2820 3788 vir,
2883 3722 2937 3776 id
2994 3727 3082 3777 est
3126 3723 3283 3794 vigil.
3326 3725 3441 3778 Non
3497 3724 3755 3779 dormita-

2104 3814 2176 3866 vit
2222 3829 2390 3880 neque
2438 3811 2686 3879 dormiet,
2739 3813 2834 3882 qui
2877 3813 3116 3866 custodit
3163 3814 3332 3868 Israel
3393 3814 3565 3880 (Psal.
3625 3831 3751 3884 cxx,

2104 3903 2178 3973 4).
2207 3901 2348 3971 Ergo
2382 3900 2704 3954 monachus
2746 3901 2844 3970 qui
2882 3918 2991 3954 non
3053 3901 3255 3972 vigilat
3313 3902 3467 3956 hunc
3515 3918 3749 3958 versum

2104 4006 2219 4045 non
2252 3994 2442 4060 potest
2472 3989 2681 4043 dicere.

2179 4118 2199 4146 α
2225 4097 2515 4150 Turbatus
2547 4112 2698 4160 sum,
2749 4101 2804 4149 ct
2838 4113 2951 4150 non
2985 4113 3114 4150 sum
3148 4096 3399 4153 locutus.
3440 4121 3464 4145 ››
3490 4097 3606 4152 IIoc
3638 4102 3750 4167 est,

2104 4185 2257 4256 quod
2288 4184 2426 4237 dicit
2459 4183 2767 4254 Apostolus
2804 4200 2815 4236 :
2852 4184 2939 4239 Sol
2973 4202 3079 4240 non.
3109 4187 3316 4240 occidat
3345 4204 3507 4258 super
3536 4189 3755 4241 iracun-

2097 4277 2249 4345 pimn
2284 4277 2514 4326 restrain
2546 4273 2758 4342 (Ep/tes.
2795 4291 2865 4339 1v,
2919 4276 3030 4341 20).
3093 4297 3120 4324 ‹‹
3179 4276 3474 4330 Turbatus
3527 4293 3683 4342 sum,
3715 4295 3744 4328 η

2104 4363 2270 4433 quasi
2302 4363 2476 4416 homo
2512 4379 2523 4416 :
2561 4385 2586 4410 ‹‹
2622 4379 2735 4415 non
2767 4379 2897 4416 sum
2928 4363 3178 4432 locutus,
3214 4387 3235 4415 ιι
3274 4365 3441 4434 quasi
3485 4364 3760 4419 Christia-

2106 4469 2237 4505 nus.
2273 4451 2580 4505 Iracundia
2611 4451 2860 4522 etepilin
2912 4453 3083 4506 corde
3134 4469 3309 4519 meo;
3371 4455 3471 4508 scd
3523 4453 3762 4508 iracun-

2105 4541 2260 4594 diam
2287 4540 2345 4593 in
2380 4540 2551 4594 verba
2593 4557 2706 4594 non
2741 4539 2976 4611 protuli.

2179 4670 2204 4693 ‹‹
2241 4644 2494 4715 Cogitavi
2526 4647 2651 4699 dies
2685 4647 2979 4716 antiques,
3033 4652 3089 4701 et
3147 4666 3332 4704 annos
3393 4655 3640 4705 aeternos
3701 4651 3762 4704 in

2108 4744 2298 4790 mente
2332 4733 2525 4788 habui.
2568 4759 2586 4785 »
2624 4737 2915 4798 Quantum
2976 4753 3077 4807 pro
3139 4738 3388 4808 peccatis
3450 4739 3596 4794 meis
3652 4744 3762 4807 est,

2109 4824 2527 4893 dcsperabam:
2566 4829 2622 4877 et
2673 4830 2944 4879 renucrat
3001 4829 3289 4882 consolari
3349 4828 3549 4883 anima
3608 4844 3758 4882 mea.

2109 4911 2263 4983 Cmpi
2298 4912 2548 4981 cogitare
2581 4912 2651 4965 ab
2685 4911 2849 4967 initio
2895 4916 3121 4982 mundi,
3164 4918 3396 4987 quando
3461 4917 3762 4971 hominem

2113 5003 2242 5057 fecit
2267 5007 2434 5067 Deus,
2484 5017 2669 5070 usque
2701 5003 2771 5056 ad
2807 5020 3023 5058 annum
3060 5022 3253 5060 meum
3291 5006 3400 5060 :ab
3425 5006 3609 5059 Adam
3663 5021 3762 5059 us-

2113 5109 2223 5163 que
2246 5091 2316 5144 ad
2353 5096 2582 5160 tempus
2616 5108 2830 5145 meum.

2186 5222 2212 5248 ‹‹
2249 5198 2559 5253 Meditatus
2588 5215 2718 5252 sum
2754 5203 2917 5255 nocte
2943 5217 3072 5255 cum
3097 5202 3267 5256 corde
3322 5217 3470 5266 meo,
3534 5205 3590 5255 et
3645 5218 3768 5256 sco-

2116 5289 2320 5360 pebam
2357 5285 2625 5357 spiritum
2664 5305 2878 5342 meum.
2916 5314 2936 5341 ιι
2967 5290 3088 5344 Non
3149 5291 3475 5361 cogitabam
3535 5289 3605 5344 de
3656 5290 3772 5344 ira-

2117 5377 2349 5442 cundia,
2393 5393 2504 5429 nen
2540 5377 2866 5446 cogitabam
2899 5380 2968 5433 de
2999 5379 3236 5434 inimico
3261 5396 3386 5434 meo
3422 5397 3434 5446 ;
3481 5379 3581 5433 sed
3643 5383 3767 5436 tota.

2120 5484 2248 5521 mea
2279 5465 2548 5536 cogitatio
2572 5466 2641 5519 dc
2678 5467 2785 5519 Dee
2819 5473 2959 5522 erat.
2989 5468 3108 5522 Nox
3139 5486 3266 5538 quae
3300 5468 3448 5523 solet
3494 5483 3645 5536 esse,
3680 5468 3768 5524 vel

2118 5557 2189 5610 ad
2224 5555 2498 5626 quietem,
2526 5555 2608 5607 vel
2637 5555 2708 5609 ab
2744 5557 3045 5612 libidinem
3083 5575 3094 5611 :
3132 5559 3273 5612 mihi
3319 5566 3441 5612 erat
3495 5557 3775 5629 cogitatio

2120 5646 2190 5699 de
2223 5644 2555 5698 virtutibus.
2593 5667 2618 5693 ‹‹
2655 5644 2965 5701 Meditatus
3007 5665 3138 5702 sum
3197 5653 3364 5703 nocte
3413 5664 3547 5702 cum
3603 5647 3779 5705 corde

2124 5751 2274 5809 meo,
2307 5738 2362 5790 et
2383 5733 2698 5804 scopebam
2730 5735 3002 5810 spiritum
3035 5755 3254 5809 meum,
3284 5761 3310 5787 »
3369 5737 3479 5795 hoc
3525 5741 3634 5816 est,
3688 5736 3773 5816 fe.
