4256 6614
618 421 780 483 1103

2116 414 2542 474 APPENDIX.

3868 410 4029 471 1104

612 552 843 607 diebam
872 548 1039 621 quasi
1071 550 1371 620 agrum,ut
1394 547 1474 601 ibi
1495 546 1782 602 mitterem
1816 562 2015 601 semen
2047 546 2257 601 doctri-
2286 548 2336 614 Α
2372 548 2526 601 misti
2564 547 2620 602 in
2654 546 2889 602 brachio
2929 549 3029 602 tuo
3074 544 3358 618 populum
3388 548 3581 612 tuum,
3622 566 3651 593 »
3702 542 3761 598 id
3815 552 3906 601 est
3965 546 4025 601 in

612 655 822 696 narum
855 637 1105 693 Domini.

684 725 1035 798 «Numquid
1065 725 1125 780 in
1158 729 1436 779 aeternum
1475 725 1737 795 projiciet
1784 724 1939 779 Deus
1969 724 1995 777 ‘?
2055 748 2075 775 ι
2127 724 2255 778 Ilzec

610 824 736 873 erat
762 821 887 872 tota
914 815 1187 887 cogitatio
1238 831 1402 869 mea:
1469 815 1620 867 Deus
1678 813 1972 867 hominem
2010 812 2141 867 fecit
2188 813 2257 866 de

610 909 787 973 terra,
819 910 876 962 et
931 903 1199 977 promisit
1245 904 1295 958 ei
1348 904 1525 956 vitam
1587 908 1900 956 aeternam:
1964 902 2256 973 quomodo

612 1012 746 1067 ergo
778 996 849 1051 de
878 995 1147 1067 paradiso
1197 995 1413 1063 ejectus
1452 992 1581 1046 est?
1613 1015 1637 1039 ‹‹
1676 996 1873 1044 Etnon
1926 991 2159 1059 adjiciet
2205 990 2253 1044 ei

614 1089 681 1141 ut
710 1083 932 1157 placeat
996 1083 1207 1138 adhuc.
1268 1084 1379 1136 Aut
1438 1082 1495 1135 in
1558 1080 1730 1134 linem
1794 1079 2256 1133 miscricordiam

614 1189 783 1229 suam
817 1171 1535 1243 abscidetageneratione
1594 1170 1651 1223 in
1710 1169 2168 1240 generationem.
2229 1193 2249 1219 ››

612 1262 732 1319 Hoc
761 1266 870 1327 est,
902 1265 1212 1331 utramque
1243 1260 1675 1331 generationem
1702 1258 1983 1329 projiciet,
2005 1264 2061 1312 et
2104 1258 2257 1329 prio-

612 1351 696 1417 ris
726 1351 944 1424 populi,
977 1356 1033 1406 et
1064 1351 1365 1421 sequentis
1403 1351 1513 1402 E’Et
1572 1349 1617 1401 si
1672 1349 1992 1419 projecerat
2034 1348 2259 1403 JUdIPO-

612 1457 741 1496 rum
774 1439 1077 1513 pupulum,
1110 1439 1396 1510 numquid
1430 1444 1483 1492 et
1513 1438 1778 1505 gentium
1812 1437 2128 1507 projiciet?

685 1552 706 1578 ι
738 1532 853 1585 Aut
882 1528 1203 1583 continebit
1233 1527 1291 1581 in
1324 1528 1409 1580 ira
1441 1526 1872 1580 misericordias
1906 1543 2065 1579 suas.
2098 1526 2256 1579 «Non

610 1618 803 1691 potuit
833 1616 1136 1690 pulchrius
1169 1617 1357 1669 dicere
1391 1633 1402 1669 :
1440 1616 1710 1685 quamvis
1745 1632 1805 1668 se
1837 1620 2121 1683 teneat,ut
2146 1632 2257 1669 non

611 1706 980 1771 misereatur,
1008 1710 1202 1759 tamen
1234 1704 1412 1757 vincit
1448 1704 1611 1757 illum
1668 1703 2071 1757 misericordia
2132 1722 2256 1758 sua.

684 1818 712 1845 ‹‹
745 1795 814 1849 Et
843 1793 981 1864 dixi,
1017 1811 1169 1847 nunc
1203 1793 1420 1863 ccepi.»
1459 1793 1518 1845 In
1566 1792 1799 1846 Ilebrceo
1864 1792 2031 1845 aliter
2089 1794 2261 1847 habet

618 1906 639 1933 ι
674 1883 745 1939 Et
777 1882 915 1952 dixi,
941 1881 1311 1936 imbecillitas
1346 1881 1594 1950 mea,»id
1629 1880 1853 1941 est,hoc
1886 1882 2038 1951 quod
2074 1882 2261 1952 patior

613 1988 729 2028 non
761 1976 851 2027 est
884 1972 953 2026 de
985 1971 1330 2025 crudelitate
1351 1970 1447 2023 Dei
1485 1988 1497 2035 ;
1532 1971 1629 2023 sed
1664 1970 1733 2024 de
1776 1971 2025 2040 peccatis
2087 1972 2256 2037 meis,

617 2082 643 2112 α
672 2065 804 2116 Haec
836 2061 1081 2115 mutatio
1114 2061 1355 2113 dextera:
1390 2059 1629 2113 Excelsi.
1669 2059 1773 2112 »ω
1806 2061 2088 2114 Dominus
2143 2062 2253 2113 mi-

609 2154 889 2222 sereatur,
915 2153 981 2203 ut
1010 2150 1105 2203 det
1138 2149 1385 2220 gratiam
1426 2166 1595 2202 suam
1656 2150 1923 2203 universo
1986 2152 2205 2203 mundo
2238 2167 2249 2203 :

609 2243 676 2295 ut
705 2256 821 2294 non
872 2238 1118 2293 retineat
1174 2238 1231 2290 in
1292 2237 1377 2290 ira
1436 2255 1543 2291 sua
1604 2237 2034 2291 misericordias
2093 2256 2251 2292 suas.

609 2327 790 2383 «Haec
820 2326 1064 2382 mutatio
1094 2326 1337 2380 dexterae
1370 2326 1609 2380 Excelsi.
1651 2349 1669 2372 η
1709 2326 1827 2379 Nisi
1866 2328 2101 2381 dextera
2127 2329 2254 2398 ejus

606 2420 717 2472 hoc
747 2420 836 2471 est
866 2415 1046 2471 Filius
1095 2416 1242 2485 ejus,
1307 2408 1566 2467 mutatus
1628 2414 1822 2479 fuerit,
1885 2420 1941 2468 et
1998 2416 2254 2470 hominis

607 2520 819 2576 corpus
850 2503 1137 2575 acceperit
1170 2520 1181 2557 :
1218 2520 1321 2556 nos
1356 2502 1815 2556 misericordiam
1850 2503 2106 2574 accipere
2140 2522 2252 2558 non

605 2609 945 2666 possumus.
987 2594 1052 2646 Et
1072 2591 1212 2657 dixi,
1246 2608 1391 2645 nunc
1420 2593 1576 2661 (σαγή,
1610 2592 1719 2644 lure
1749 2596 1981 2647 mutatio
2012 2593 2254 2648 dextera:

602 2682 839 2738 Excelsi.
884 2682 990 2749 Qui
1035 2698 1157 2735 omn
1202 2683 1261 2734 in
1314 2684 1493 2751 forum
1560 2682 1657 2734 Dei
1711 2690 1842 2735 esset
1912 2685 2248 2752 cmislitutus,

604 2788 716 2829 non
765 2774 1024 2843 rapinam
1062 2772 1364 2825 arbitratus
1410 2776 1485 2824 es!
1545 2786 1658 2825 csse
1709 2787 1764 2824 se
1812 2774 2081 2840 aequalem
2125 2773 2247 2839 Deo,

603 2862 694 2917 sed
718 2862 1025 2917 cxinanivit
1076 2861 1448 2929 semetipsum,
1489 2862 1727 2930 formam
1784 2862 1929 2913 servi
1982 2863 2252 2933 accipiens

606 2950 871 3021 (Philipp.
902 2965 961 3017 II,
994 2950 1050 3017 6,
1078 2950 1155 3019 7).

638 3098 641 3101 ,
686 3061 713 3088 ι‹
745 3039 967 3094 Memor
990 3038 1071 3091 fui
1094 3053 1334 3108 operum
1370 3037 1794 3101 DominimQum
1827 3038 2037 3092 fecerat
2069 3039 2248 3111 Moysi

608 3144 735 3200 quae
769 3129 982 3183 fecerat
1013 3126 1251 3181 sanctis.
1303 3145 1322 3171 α
1382 3126 1525 3187 Quia
1585 3141 1809 3178 memor
1857 3144 1951 3179 ero
2011 3128 2080 3181 ab
2139 3128 2249 3182 ini-

600 3218 683 3273 tio
715 3216 1074 3271 mirabilium
1100 3221 1353 3279 tuorum,
1390 3221 1445 3268 et
1506 3214 1828 3268 meditabor
1865 3217 1919 3269 in
1975 3217 2249 3272 omnibus

2366 636 2611 692 Christo.
2638 659 2666 686 ‹‹
2698 636 2871 691 Filios
2900 635 3164 701 Jacob,et
3190 633 3467 705 Joseph.»
3490 632 3819 705 Utrumque
3842 650 4030 706 popu—

2365 724 2573 793 lum,et
2598 726 2931 781 Judccorum
2952 728 3007 780 et
3023 723 3699 779 Christianorum.Jacob
3732 722 3790 778 in
3806 723 4026 796 populo

2362 815 3013 885 Judamrum,etJoseph
3040 813 3097 868 in
3132 812 3349 885 populo
3409 812 3696 883 gentium.
3757 811 4027 884 Denique

2365 903 2580 975 Joseph
2615 904 3033 974 interpretatur
3061 901 3265 973 lingua
3319 902 3577 969 Hebraea,
3638 904 4023 973 augmentum.

2370 992 2453 1045 Illi
2489 1010 2623 1064 ergo
2675 997 3123 1064 praecesserunt,
3174 996 3230 1046 et
3280 1008 3387 1046 nos
3445 990 3705 1061 adjuncti
3766 1007 4020 1047 sumus:

2369 1087 2671 1153 propterea
2700 1082 2859 1146 dicit,
2900 1105 2920 1132 α
2959 1081 3108 1136 ﬁlios
3131 1081 3309 1136 Jacob
3360 1083 3417 1136 et
3441 1080 3680 1152 Josepb.
3716 1102 3744 1129 η

2446 1195 2464 1217 α
2493 1170 2775 1225 Viderunt
2809 1178 2861 1225 te
2886 1188 3071 1242 aqum,
3100 1170 3253 1224 Deus
3284 1187 3298 1236 ;
3330 1169 3601 1224 viderunt
3632 1172 3688 1224 te
3718 1185 3907 1241 aqua,
3962 1174 4023 1225 et

2369 1260 2754 1314 timuerunt.»
2794 1260 3028 1314 Interim
3063 1260 3329 1313 dicamus
3388 1258 3711 1313 secundum
3757 1257 4021 1315 litteram

2372 1348 2868 1404 hmreamustcrrre
2894 1354 3129 1420 prepter
3150 1347 3805 1419 simpliciores.0uando
3837 1364 4021 1420 popu-

2371 1436 2462 1490 lus
2488 1438 2751 1492 transivit
2784 1455 2886 1509 per
2916 1454 3073 1492 mare
3099 1438 3362 1492 Rubrum
3396 1442 3452 1492 et
3512 1454 3613 1509 per
3661 1436 4013 1493 Jordanem:

2370 1531 2686 1582 creatorem
2722 1544 2893 1581 suum
2928 1526 3338 1582 intellexerunt
3358 1532 3606 1599 aquae,et
3634 1525 4021 1599 populusnon

2370 1616 2781 1671 intellexituEt
2809 1618 3055 1671 turbatae
3080 1621 3223 1671 sunt
3247 1616 3669 1688 abyssi.»Mare
3698 1616 3913 1684 vidit,et
3926 1618 4022 1686 fu-

2367 1707 2479 1775 git:
2512 1706 2763 1760 Jordanis
2795 1722 3080 1760 conversus
3109 1711 3182 1761 est
3196 1713 3491 1761 retrorsum
3536 1706 3716 1775 (Psal.
3749 1720 3904 1769 cxm,
3933 1704 4018 1773 3).

2444 1818 2469 1843 ‹(
2497 1795 2805 1849 Multitudo
2838 1795 3066 1850 sonitus
3099 1811 3410 1866 aquarum,
3452 1794 3861 1849 discusserunt
3906 1810 4018 1848 nu-

2368 1884 2489 1937 bes.
2520 1906 2547 1933 »
2583 1888 2691 1936 Pro
2724 1884 2998 1953 nubibus,
3023 1901 3192 1955 aquas
3224 1883 3400 1938 habet
3422 1882 3482 1937 in
3536 1882 3792 1939 Hebraeo.
3850 1884 4017 1949 Quod

2366 1973 2467 2038 ait,
2497 1995 2516 2020 α
2553 1972 2761 2026 Vocem
2797 1974 3084 2027 dederunt
3118 1974 3323 2033 nubes,
3356 1995 3380 2019 ι)
3414 1972 3521 2026 hoc
3554 1972 4017 2044 interpretantur

2365 2061 2597 2130 quando
2630 2061 2789 2114 visus
2813 2064 2902 2114 est
2938 2063 3085 2115 Deus
3117 2060 3172 2114 in
3206 2060 3345 2115 Sina
3367 2064 3581 2115 monte.

2435 2172 2461 2197 ((
2494 2147 2713 2202 Etenim
2746 2150 2969 2219 sagittae
3001 2154 3110 2203 tuae
3144 2146 3666 2220 perambulabant:
3717 2166 3825 2205 vox
3854 2151 4018 2206 toni-

2366 2237 2475 2291 trui
2510 2238 2589 2291 tui
2625 2238 2681 2291 in
2718 2244 2858 2292 rota.
2897 2260 2922 2285 »
2958 2243 3020 2292 Et
3044 2238 3152 2293 hoc
3192 2237 3646 2308 interpretantur
3700 2238 3772 2295 de
3824 2240 4016 2312 {uigo-

2364 2327 2546 2393 ribus,
2582 2332 2637 2379 ct
2667 2326 2872 2381 dicunt
2916 2344 2926 2380 :
2963 2326 3196 2397 quando
3235 2325 3514 2381 tonitruat
3550 2325 3723 2393 Deus,
3751 2326 4017 2383 similem

2362 2432 2555 2469 vocem
2591 2415 2729 2470 facit
2760 2420 2913 2469 rotae.
2949 2415 3172 2469 Videtis
3203 2416 3497 2485 quomodo
3526 2414 3715 2470 adhuc
3747 2416 3804 2470 in
3854 2422 4017 2473 terra

2362 2504 2634 2572 hzcream,
2669 2510 2724 2560 et
2755 2505 2962 2576 lotiuar
2992 2505 3314 2560 secundum
3338 2504 3590 2560 litteram
3620 2505 4013 2561 occidentem.

2434 2616 2461 2643 ‹‹
2497 2593 2815 2648 Illuxerunt
2846 2594 3278 2648 coruscationes
3311 2596 3420 2647 tua:
3453 2593 3580 2648 orbi
3604 2598 3790 2649 terris.
3829 2616 3859 2643 η
3911 2594 4020 2651 Hic

2362 2682 2501 2752 quid
2537 2683 2678 2737 facis
2714 2687 2798 2749 tu,
2832 2683 3029 2737 Judtee
3061 2682 3088 2735 ?
3136 2683 3197 2736 In
3240 2684 3390 2736 mari
3428 2683 3515 2736 via
3554 2685 3668 2749 tua,
3709 2690 3761 2738 et
3798 2686 4015 2739 semitae

2363 2779 2465 2825 tuae
2496 2773 2551 2825 in
2569 2774 2726 2841 aquis
2752 2772 2961 2826 multis.
2998 2772 3062 2825 Et
3106 2771 3215 2826 hoc
3264 2771 3373 2839 fac,
3423 2775 3524 2826 aut
3569 2771 3638 2826 de
3695 2773 3842 2827 mari
3896 2773 4015 2828 dici

2362 2865 2463 2915 aut
2513 2861 2582 2915 de
2622 2861 2894 2916 Jordane.
2951 2861 3013 2915 Et
3048 2861 3274 2931 vestigia
3319 2867 3413 2915 tua
3444 2876 3555 2916 non
3615 2871 4017 2929 cognoscentur

2361 2948 2477 3004 Hoc
2509 2950 2833 3004 secundum
2858 2948 3132 3016 litteram,
3167 2950 3460 3020 quomodo
3490 2948 3767 3023 intelligis
3792 2950 3820 3005 7
3872 2956 4012 3007 Pro-

2362 3043 2488 3109 pter
2518 3038 2907 3110 simpliciores
2940 3040 3265 3095 secundum
3295 3038 3545 3095 litteram
3576 3038 3872 3097 diximus:
3927 3058 4014 3097 re-

2357 3132 2654 3182 vertamur
2683 3144 2817 3199 ergo
2848 3128 2918 3182 ad
2938 3126 3385 3200 intelligentiam
3406 3128 4013 3199 spiritualem.uVide-

2361 3221 2498 3271 runt
2528 3222 2583 3272 te
2614 3234 2795 3289 aqum,
2859 3223 3023 3273 Deus.
3062 3240 3089 3266 »
3145 3218 3481 3289 Loquamur
3535 3218 3606 3273 de
3658 3217 4013 3275 revelatione

601 3307 896 3380 operibus,
934 3329 955 3357 ι
994 3310 1101 3359 etc.
1135 3304 1276 3358 Tota
1309 3322 1437 3357 mea
1470 3304 1741 3373 cogitatio
1801 3305 1871 3357 de
1928 3306 2243 3362 virtutibus
2274 3293 2317 3355 C
2352 3306 2617 3362 Joannis.
2660 3314 2861 3378 Aqum,
2921 3306 3129 3379 inquit,
3165 3306 3382 3377 multae,
3406 3306 3602 3379 populi
3634 3307 3807 3362 multi
3869 3313 4011 3364 sunt

599 3397 720 3452 tuis
751 3400 858 3452 est.
892 3394 1205 3450 Considero
1241 3394 1534 3464 quomodo
1566 3392 1681 3446 illis
1716 3394 1992 3449 misertus
2042 3412 2125 3460 es,
2186 3401 2244 3452 et

600 3489 671 3543 de
702 3502 795 3542 me
826 3501 941 3540 non
973 3484 1237 3556 despero.

670 3574 907 3645 «'Deus,
938 3573 999 3628 in
1031 3578 1231 3628 sancto
1274 3573 1365 3625 via
1424 3576 1541 3626 tua.
1580 3594 1606 3619 δ)
1664 3572 2048 3644 Quidcunque
2106 3590 2242 3646 ergo

598 3669 840 3725 sanctus
894 3679 1009 3718 non
1068 3668 1174 3729 est,
1233 3662 1323 3714 via
1378 3662 1474 3715 Dei
1526 3662 1583 3714 in
1647 3678 1711 3716 eo
1763 3679 1875 3716 non
1950 3668 2058 3730 est,
2142 3664 2244 3719 Via

601 3753 703 3809 Dei
761 3769 887 3825 quae
944 3751 1086 3805 est?
1167 3754 1292 3821 Ego
1360 3768 1483 3803 sum
1532 3753 1620 3803 via
1675 3760 1723 3804 et
1795 3754 1997 3805 veritas
2058 3754 2239 3823 (Joan.

601 3859 719 3910 XIV,
750 3843 827 3914 6).
883 3842 995 3895 Hoc
1049 3839 1313 3895 Salvator
1359 3841 1517 3894 dicit.
1569 3841 1674 3893 Via
1730 3858 1864 3911 ergo
1909 3842 2010 3895 Dei
2064 3843 2244 3901 Filius

602 3938 710 3997 est,
744 3933 838 3987 via
868 3936 1062 3986 autem
1097 3929 1193 3983 Dei
1227 3947 1338 3983 non
1372 3936 1459 3983 est
1492 3930 1599 3983 nisi
1662 3930 1718 3983 in
1779 3936 2003 3985 sancto.
2067 3934 2242 3988 Volu-

600 4038 734 4077 mus
766 4025 830 4075 ut
859 4020 1123 4075 Christus
1155 4019 1376 4073 habitet
1408 4020 1462 4072 in
1509 4020 1673 4073 nobis
1711 4036 1721 4073 :
1787 4021 1974 4075 simus
2034 4022 2240 4077 sancti.

597 4111 697 4166 Dei
728 4111 883 4166 enim
940 4110 1029 4167 vir
1085 4109 1141 4162 in
1202 4114 1401 4162 sancto
1451 4115 1557 4163 est.
1620 4110 1750 4175 Quis
1812 4115 1951 4164 Deus
2004 4128 2243 4179 magnus

594 4200 899 4256 sicutDeus
918 4198 1154 4254 noster?
1184 4198 1345 4251 Sicut
1374 4198 1528 4251 enim
1587 4202 1724 4252 sunt
1781 4200 1860 4252 dii
1922 4200 2135 4255 multi:
2188 4206 2245 4255 et

596 4288 818 4344 domini
852 4287 1072 4357 multi(l
1103 4285 1353 4355 Cor.vIII,
1377 4288 1579 4349 5).Hoc
1613 4286 1872 4356 loquitur
1902 4290 2237 4358 Apostolus.

592 4380 733 4434 Deus
761 4380 910 4433 stetit
938 4379 997 4430 in
1028 4392 1304 4447 synagoga
1343 4375 1586 4428 deorum.
1624 4376 1728 4443 Ego
1774 4376 1915 4442 dixi,
1957 4376 2038 4430 dii
2093 4378 2238 4445 estis,

591 4476 643 4523 et
661 4468 769 4537 ﬁlii
797 4466 1013 4521 Eiccelsi
1031 4481 1214 4519 omnes
1246 4464 1767 4533 (Psal.exxx1,(’>,\.lit
1818 4455 1916 4518 ad'
1950 4469 2179 4537 Moysen
2224 4485 2236 4522 ε

590 4556 795 4611 Dedite
822 4556 981 4610 deum
1014 4554 1316 4607 Pharaonis
1350 4552 1539 4619 (Ιζιτοίί.
1602 4570 1701 4617 Vll,
1782 4554 1851 4621 1).
1918 4554 2111 4609 Sancti
2158 4556 2234 4610 dii

588 4642 888 4700 dicuntur.
916 4642 1002 4696 Illi
1038 4642 1359 4696 secundum
1422 4642 1670 4712 gratiam
1730 4642 1807 4696 dii
1848 4661 1859 4697 :

588 4735 801 4788 natura
830 4731 983 4786 Deus
1014 4747 1097 4785 es.
1132 4731 1251 4783 «Tu
1284 4748 1342 4784 es
1365 4731 1517 4785 Deus
1566 4732 1661 4802 qui
1700 4732 1839 4787 facis
1873 4734 2229 4789 mirabilia.»

585 4820 712 4878 Non
740 4820 1011 4891 dixit,qui
1046 4820 1262 4883 fecisti;
1299 4821 1421 4885 sed,
1457 4844 1481 4869 ‹‹
1518 4821 1617 4890 qui
1667 4822 1807 4875 facis
1868 4823 2229 4879 mirabilia.»

583 4910 851 4977 Quotidie
882 4909 1019 4965 iacit
1044 4912 1189 4964 Deus
1214 4910 1898 4982 mirabilia,etoperatur,
1934 4919 1989 4966 et
2028 4913 2227 4979 Filius,

578 4999 1305 5074 etSpiritussanctus.«'l‘u
1332 5017 1391 5054 es
1416 4999 1568 5053 Deus
1596 5001 1694 5070 qui
1722 5000 1858 5055 lacis
1881 5001 2226 5057 mirabilia.»

578 5089 713 5146 Heri
735 5088 1082 5157 latro,hodie
1109 5088 1491 5144 Christianus.
1530 5089 1657 5143 lleri
1692 5090 2025 5153 fornicator,
2058 5091 2227 5148 hodie

577 5178 1044 5236 continens.Heri
1075 5178 1341 5250 rapiebas
1374 5177 1583 5245 aliena,
1620 5194 1773 5231 nunc
1804 5182 1904 5233 tua
1954 5180 2219 5253 porrigis.

650 5292 672 5319 ι
718 5269 925 5324 Notam
986 5267 1171 5322 fecisti
1230 5267 1289 5321 in
1352 5266 1582 5337 populis
1642 5267 1913 5321 virtutem
1973 5273 2220 5329 tuam.»

574 5356 841 5414 Christus
872 5356 973 5412 Dei
1013 5357 1198 5411 virtus
1248 5361 1303 5409 et
1363 5357 1455 5408 Dei
1509 5355 1815 5425 sapientia,
1877 5359 2222 5427 mysterium

574 5447 727 5517 quod
759 5463 794 5501 a
826 5444 1053 5500 saeculis
1090 5447 1278 5499 fuerat
1327 5445 1761 5513 absconditum,
1816 5462 1971 5499 nunc
2032 5451 2221 5503 totum

573 5534 709 5588 fecit
737 5534 795 5588 in
827 5534 1078 5605 populis.
1108 5556 1132 5583 ››
1172 5533 1485 5587 Redemisti
1518 5533 1572 5585 in
1609 5533 1842 5589 brachio
1875 5540 1974 5589 tuo
2036 5553 2219 5607 popu-

570 5620 694 5677 lum
728 5627 919 5691 t_uum.
958 5646 984 5672 ››
1019 5625 1278 5691 Domine,
1309 5622 1440 5695 quis
1477 5623 1704 5677 creditit
1736 5624 1959 5679 auditui
1993 5630 2215 5695 nostro,

571 5714 628 5772 et
656 5708 959 5767 brachium
999 5712 1223 5768 Domini
1256 5712 1345 5767 cui
1380 5711 1691 5768 revelatum
1745 5713 1884 5769 est?
1947 5735 1973 5767 α
2028 5714 2215 5773 Rede-

2352 3397 2817 3467 (ApocavaS).
2855 3418 2882 3445 ‹‹
2912 3396 3194 3451 Viderunt
3225 3399 3278 3451 te
3333 3413 3517 3467 aquae,
3576 3395 3751 3451 Deus.
3788 3419 3811 3449 ι
3873 3399 4011 3463 Quae

2352 3502 2514 3555 aqua:
2546 3485 2574 3538 ‘?
2605 3488 2675 3539 Et
2699 3501 2854 3555 aqua:
2892 3501 3012 3555 quw
3053 3500 3217 3555 super
3263 3485 3420 3540 caelos
3459 3489 3584 3539 sunt
3632 3484 3862 3541 laudent
3905 3504 4011 3543 no-

2351 3591 2471 3628 men
2494 3575 2904 3646 Domim'(Psal.
2938 3591 3164 3642 CXLVIII,
3198 3575 3248 3637 4,
3282 3574 3357 3645 5).
3395 3596 3423 3624 ‹‹
3451 3573 3732 3629 Viderunt
3760 3579 3818 3631 te
3841 3592 4012 3649 aqua

2354 3664 2590 3719 Deus.»
2640 3663 2863 3719 Mentes
2912 3669 2969 3719 et
3026 3663 3235 3719 animae
3285 3680 3464 3735 puris.
3497 3685 3527 3713 ‹‹
3591 3662 3887 3720 Viderunt
3954 3668 4010 3720 te

2354 3771 2535 3824 aquae,
2572 3757 2627 3807 et
2657 3753 2999 3808 timuerunt.
3040 3774 3067 3801 ››
3100 3754 3301 3808 Timor
3332 3770 3446 3808 non
3478 3752 3588 3807 fuit
3613 3753 3683 3808 de
3714 3754 3877 3823 odio,
3903 3754 4007 3811 sed

2354 3843 2423 3895 de
2456 3842 2586 3896 fide.
2636 3864 2662 3891 (ι
2687 3842 2753 3895 Et
2774 3843 3018 3897 turbatae
3043 3846 3184 3897 sunt
3212 3841 3434 3913 abyssi.
3477 3864 3505 3891 »
3558 3841 3837 3898 Dicamus
3900 3842 4007 3898 ali-

2354 3930 2491 4001 quid
2527 3930 2850 3987 sccundum
2878 3929 3330 4001 intelligentiam
3363 3928 3820 4001 spiritualem.In
3845 3931 4010 4003 prin-

2355 4020 2401 4074 ei
2413 4018 2503 4090 pio
2537 4019 2825 4074 Geneseos
2853 4020 3137 4091 scriptum
3168 4026 3256 4074 est
3290 4038 3302 4075 :
3364 4021 3425 4076 Et
3471 4035 3634 4090 super
3668 4035 3865 4089 aquas,
3910 4020 4005 4075 in-

2353 4110 2498 4180 quit,
2523 4109 2803 4179 ferebatur
2830 4112 3054 4181 spiritus
3090 4110 3246 4180 (Gen.
3273 4126 3310 4181 1,
3351 4110 3426 4181 2).
3478 4109 3547 4164 Et
3589 4108 3801 4165 deinde
3847 4110 4003 4166 scri-

2355 4204 2517 4269 ptum
2552 4203 2675 4253 est:
2738 4200 2911 4269 Super
2954 4198 3195 4264 abl/.9305,
3229 4198 3438 4271 inquit,
3480 4196 3794 4264 ferebantur
3844 4203 4004 4255 tene-

2353 4288 2664 4358 bra’Ubid).
2689 4287 2891 4342 Videte
2930 4304 3064 4360 ergo
3123 4288 3262 4358 quid
3323 4287 3535 4343 dicitur
3590 4286 3648 4341 in
3704 4287 4004 4361 principio

2351 4377 2639 4432 Genescos
2672 4376 2813 4430 :hoc
2844 4382 2950 4443 est,
3006 4377 3331 4432 secundum
3380 4375 3820 4448 intelligentiam
3872 4378 4006 4449 spi-

2351 4464 2642 4520 ritualem.
2676 4466 2862 4537 Super
2892 4483 3100 4536 aquas,
3132 4465 3345 4537 inquit,
3376 4465 3666 4521 ferebatur
3719 4464 4001 4537 spiritus.

2348 4556 2568 4609 Jameo
2628 4560 2889 4626 tempore
2942 4555 3307 4627 baptismum
3350 4554 3796 4627 signiﬁcabatur.
3852 4554 4003 4613 Non

1916 4649 1975 4699 tu
2039 4650 2233 4701 autem
2268 4662 2311 4726 ι)
2346 4646 2500 4700 enim
2534 4649 2757 4715 poterat
2779 4661 2905 4699 esse
2935 4644 3297 4715 baptismum
3340 4644 3464 4699 sine
3519 4643 4006 4718 spiritu.'Super

2341 4734 2583 4806 abyssos
2614 4750 2747 4788 vero
2778 4733 3173 4788 tenebraelsta
3193 4737 3280 4787 est
3296 4735 3544 4805 abyssus
3575 4734 3644 4788 ad
3669 4749 3843 4804 quam
3878 4734 4007 4789 dae-

2342 4841 2545 4878 mones
2569 4821 2886 4893 postulant,
2912 4838 2982 4877 ne
3008 4822 3317 4877 mittantur
3336 4844 3365 4875 a
3396 4822 3533 4876 Jcsu
3554 4822 3701 4893 (Luc.
3720 4838 3850 4887 vm,
3875 4824 4006 4892 31).

2342 4914 2529 4984 Super
2557 4913 2799 4984 abyssos
2829 4927 2964 4983 ergo
2998 4912 3268 4967 tenebrae.
3294 4912 3356 4966 In
3390 4912 3558 4982 aquis
3579 4915 3700 4967 erat
3747 4914 4008 4970 mundi-

2339 5002 2463 5055 tia:
2499 5002 2555 5054 in
2589 4999 2835 5071 abyssis,
2888 5000 3156 5055 tenebrae.
3218 5002 3353 5066 Quae
3403 5004 3542 5055 sunt
3610 5000 3823 5073 abyssi,
3902 5020 4013 5060 me

2336 5094 2581 5157 tacente,
2617 5089 2941 5160 intelligitis
2973 5107 2985 5145 :
3021 5090 3300 5161 quoniam
3339 5090 3630 5146 daemones
3662 5089 4014 5149 formidant

2337 5180 2418 5234 ire
2450 5180 2507 5233 in
2532 5180 2830 5251 abyssum.
2871 5202 2897 5228 ‹‹
2926 5178 3137 5233 Vocem
3155 5178 3442 5235 dederunt
3469 5179 3671 5235 nubes.
3703 5200 3732 5229 »
3756 5178 4010 5253 Nubes,

2335 5270 2627 5340 propheta)
2661 5285 2821 5339 :quaa
2842 5268 3583 5339 Juclzeistacuerunt,nobis
3604 5268 3782 5324 locuti
3812 5278 4010 5330 sunt.

2334 5382 2359 5406 ‹‹
2384 5358 2596 5412 Vocem
2630 5356 2914 5411 dederunt
2936 5357 3396 5427 nubes,-etenim
3421 5357 3641 5429 sagittae
3654 5373 3769 5412 suae
3789 5362 4021 5417 trans.

2334 5449 2541 5502 ierunt.
2578 5446 2911 5501 Praedicatio
2944 5446 3232 5501 sermonis
3262 5446 3473 5503 Christi
3519 5445 3578 5501 in
3637 5445 4013 5508 universum

2331 5537 2528 5591 orbem
2556 5535 2832 5591 cucurrit.
2858 5557 2885 5583 ‹‹
2920 5537 3041 5588 Vox
3070 5534 3313 5590 tonitrui
3345 5535 3429 5590 tui
3463 5534 3522 5591 in
3555 5539 3680 5591 rota
3731 5558 3759 5584 ››
3790 5537 4014 5597 Toni-

2330 5630 2453 5681 trus
2485 5625 2737 5697 proprie,
2770 5623 3010 5696 grandis
3034 5641 3140 5680 vox
3170 5629 3277 5681 est.
3312 5624 3570 5697 Denique
3598 5641 3664 5681 eo
3712 5629 4016 5700 tempore

2328 5716 2559 5789 quando
2620 5714 2773 5770 Deus
2826 5712 3053 5770 locutus
3106 5719 3239 5772 est:
3300 5716 3392 5771 His
3439 5720 3519 5772 est
3575 5715 3750 5775 Filius
3813 5733 4010 5781 naeus
