4256 6600
507 476 663 542 1107

1020 615 1350 677 PSALMUS
1382 620 1647 679 LXXVII.

510 703 1115 785 PrgcipitSeriptura
1144 707 1359 785 divina,
1385 714 1618 784 quando
1650 713 1721 768 ad
1753 713 1950 769 divitis
1989 730 2155 785 pran-

586 778 751 833 dium
786 778 1011 834 invitati
1046 778 1352 849 fuerimus,
1386 778 1518 837 eum
1553 784 1933 855 intelligentia
1959 778 2156 839 mitta-

585 866 721 926 mus
755 867 995 926 manum
1028 858 1289 906 nostram
1322 856 1391 908 ad
1427 856 1649 925 epulas.
1689 857 1873 926 Igitur
1903 862 1957 911 et
1992 857 2159 911 nobis

587 922 747 997 dives
765 924 1075 997 prandium
1097 922 1918 997 praepositum—Scriptu‘rarum
1943 934 2025 981 est
2043 928 2161 979 .Ve-

587 994 786 1049 nimus
820 994 876 1047 in
909 999 1164 1065 pratum,
1201 997 1297 1049 ubi
1332 997 1519 1051 herba}
1576 994 1782 1052 ﬂorent
1815 1017 1827 1054 :
1862 999 1997 1053 hinc
2031 1016 2162 1053 rosa

590 1065 925 1129 rubet,inde
954 1066 1563 1134 candentlilia,diversi
1586 1072 1753 1123 tiores
1787 1070 2162 1125 sunt.Anima

584 1141 786 1212 nostra
816 1136 924 1191 hoc
953 1137 1209 1212 illucque
1268 1140 1538 1212 trahitur,
1586 1142 1740 1195 unde
1799 1143 1965 1196 ﬂores
2026 1140 2160 1212 pul-

589 1208 847 1289 chriores
873 1209 1140 1289 capiatSi
1167 1211 1735 1289 rosamcolligimus,
1767 1213 1953 1289 lilium
1979 1208 2158 1266 relin-

591 1278 828 1355 quimus
863 1304 876 1346 ;
911 1278 967 1355 si
991 1281 1176 1334 lilium
1212 1278 1722 1350 tulerimus,viola3
1758 1285 1923 1339 nobis
1958 1301 2160 1355 super-

590 1350 840 1425 aunt.lta
870 1355 924 1404 et
955 1352 1013 1406 in
1039 1355 1471 1423 septuagesimo
1499 1356 1746 1423 septimo
1781 1350 2163 1425 psalmofqui

589 1422 873 1493 mysticus
897 1428 1005 1489 est,
1041 1428 1491 1479 etsacramentis
1524 1422 1793 1497 plurimis
1815 1422 2114 1482 involutus
2148 1443 2161 1479 :

589 1510 1000 1576 quamcunque
1015 1497 1310 1576 aspexeris
1334 1497 1607 1576 litteram,
1633 1500 1980 1576 ﬂores__s_unt.
2036 1498 2165 1576 Elo-

587 1580 681 1619 res
711 1565 945 1634 diversi,
975 1572 1031 1620 et
1065 1565 1176 1621 non
1211 1584 1527 1637 possumus
1552 1573 1705 1624 totos
1724 1570 2014 1641 colligere.
2050 1570 2163 1641 Eli-

594 1651 806 1707 gamus
839 1642 1036 1691 autem
1069 1654 1240 1711 omne
1299 1641 1452 1709 quod
1498 1658 1836 1710 possumus,
1879 1657 1908 1694 e
1966 1640 2166 1711 paucis

593 1713 787 1782 potest
819 1714 878 1762 et
919 1716 1128 1782 caetera
1153 1780 1157 1782 _
1185 1709 1393 1764 ﬂorum
1442 1709 1703 1779 dignitas
1761 1709 2163 1782 contemplari.

594 1780 904 1853 Intellectus
935 1780 1111 1853 Asap_h
1144 1780 1305 1853 (pars.
1338 1782 1415 1853 71),.
1475 1784 1592 1836 lloc
1650 1783 1819 1838 titulo
1878 1780 2164 1853 praenota-

594 1854 712 1924 tur.
747 1850 876 1924 Ipse
908 1849 1353 1924 nestitulusad
1387 1852 1831 1923 intelligentiam
1875 1849 2163 1924 provocat.

595 1919 789 1990 Asaph
823 1938 977 1975 unus
1009 1922 1118 1976 fuit
1138 1922 1207 1975 de
1231 1919 1911 1987 chorodidas’ealis,sicut
1935 1927 2169 1979 t'uerunt

1998 484 2417 551 APPENDIX.

2187 625 2243 690 Α
2273 630 2399 686 [tam
2459 631 2667 696 omnia,
2736 627 2950 702 inquit,
3019 629 3171 699 factu
3233 635 3363 685 sunt
3450 632 3511 685 ut
3580 628 3913 702 impleretur

3757 487 3945 552 1108'

2266 721 2407 775 illud
2471 720 2609 791 quod
2670 723 2939 791 scriptum
3002 725 3187 775 estzu
3256 719 3524 790 Apertam
3607 719 3668 775 in
3737 737 3911 793 para-

2268 810 2417 866 bolis
2448 828 2511 867 os
2544 828 2739 866 meum
2779 817 2835 866 et
2892 811 3098 881 loquar
3154 810 3580 880 propositiones
3638 810 3711 865 ab
3742 810 3915 865 initio

2268 902 2491 967 (Matth.
2526 918 2647 966 x111,
2673 903 2760 967 3’1,
2794 902 2907 969 35),
2941 900 3116 955 Vides
3173 915 3309 970 ergo
3342 901 3494 970 quod
3555 899 3918 971 evangelista

2270 989 2578 1045 Matthzeus
2611 990 2717 1045 huc
2748 1006 2815 1045 ex
2858 1007 3105 1061 persona
3160 988 3371 1045 Christi
3428 988 3729 1044 intellexit.
3764 989 3919 1044 Cum

2270 1080 2424 1133 enim
2460 1079 2786 1134 induxisset
2817 1079 3129 1134 Dominum
3159 1078 3445 1133 dicentem
3477 1079 3535 1133 in
3595 1078 3915 1149 parabolis,

2270 1178 2435 1233 etilli
2485 1195 2601 1232 non
2657 1178 3085 1247 intelligerent:
3119 1178 3234 1243 hoc,
3295 1176 3507 1248 inquit,
3564 1179 3780 1247 factum
3836 1179 3919 1231 est

2273 1273 2332 1321 ut
2398 1269 2716 1338 impleretur
2768 1274 2793 1320 γ
2851 1268 2991 1338 quod
3055 1269 3318 1337 scriptum
3385 1270 3482 1320 est.
3542 1288 3570 1315 «
3637 1266 3915 1337 Aperiam

2271 1356 2331 1411 in
2407 1356 2697 1426 parabolis
2772 1373 2837 1410 os
2931 1371 3149 1421 meum,
3227 1360 3283 1409 et
3371 1353 3579 1425 loquar
3654 1354 3922 1426 proposi-

2273 1445 2461 1500 tiones
2485 1446 2555 1501 ab
2588 1445 2773 1500 initio.
2808 1470 2833 1493 ‹‹
2869 1445 3110 1500 Videtur
3140 1444 3309 1500 nobis
3342 1443 3484 1498 nihil
3536 1444 3919 1511 remansisse,

2274 1544 2741 1613 quaestionis,sed
2763 1543 3072 1613 diligenter
3090 1541 3393 1598 attendite:
3410 1541 3590 1597 studii
3617 1542 3772 1597 enim
3800 1541 3919 1597 mei

2275 1638 2363 1687 est
2383 1649 2496 1686 non
2521 1632 2846 1687 declamare
2874 1649 3033 1686 more
3047 1631 3460 1695 rhetorico,sed
3483 1630 3923 1701 Scripturarum

2276 1738 2486 1776 sensus
2518 1722 2761 1792 aperire.
2797 1722 3057 1791 Denique
3087 1725 3143 1775 et
3172 1720 3456 1776 Dominus
3501 1724 3673 1791 atque
3720 1719 3922 1776 Salva-

2275 1814 2367 1863 tor
2399 1810 2536 1881 quid
2570 1810 2708 1863 dixit
2748 1815 2769 1865 ?
2800 1812 3139 1864 Scrutamini
3161 1809 3469 1878 Scriptaras
3491 1814 3540 1864 et
3562 1809 3640 1863 ibi
3670 1811 3921 1864 invenie-

2278 1901 2347 1952 tis
2377 1899 2640 1968 quomodo
2667 1900 2730 1953 de
2755 1916 2839 1952 me
2863 1901 3127 1969 srriptum
3156 1903 3233 1952 est
3266 1900 3439 1968 (Joan.
3470 1915 3524 1967 v,
3558 1899 3741 1965 39).Et
3778 1896 3925 1952 alibi

595 1995 654 2065 et
684 1986 786 2045 filii
817 1991 977 2065 Core,
1011 1999 1068 2065 et
1100 1994 1375 2065 ldithum,
1408 2001 1463 2047 et
1494 1999 1699 2050 caeteri.
1734 1986 1881 2065 Ergo
1914 1998 1983 2051 dc
2005 2004 2168 2051 caete-
2201 1995 2248 2058 Β
2280 1987 2422 2040 dixit
2450 1987 2670 2042 Judaeis
2705 2005 2717 2041 :
2754 1986 2987 2049 Erratis,
3021 1986 3344 2040 nescientes
3376 1986 3926 2056 Scripturas,neque

597 2062 774 2139 risex
807 2062 1387 2139 cliorodid_asealis,et
1418 2066 1526 2121 iste
1558 2085 1710 2121 unus
1741 2062 1839 2123 est"
1864 2069 2163 2139 propheta.

596 2133 743 2199 Quia
771 2152 913 2211 ergo
937 2135 1268 2211 intellectus
1299 2141 1387 2190 est
1411 2138 1702 2211 simplex,
1765 2147 1815 2194 et
1853 2133 1911 2194 in
1946 2133 2169 2211 psalmo

596 2210 870 2281 narratur
888 2207 1161 2281 historia:
1200 2207 1699 2265 necessitate—com
1713 2207 1985 2281 pellimur
2000 2229 2089 2265 om
2101 2228 2169 2266 ne

600 2278 755 2354 quod
786 2278 1070 2354 scriptum
1102 2284 1211 2345 est,
1246 2282 1569 2335 secundum
1602 2278 2047 2354 intelligentiam
2083 2285 2170 2337 in-

600 2347 876 2425 telligere,
910 2347 1230 2425 Scriptum
1289 2358 1375 2425 est
1437 2369 1448 2406 :
1510 2358 1573 2406 In
1628 2347 2058 2425 ΙθννώᾯῈῃῃρῑί
2113 2356 2167 2407 in

597 2436 790 2493 campo
823 2420 1022 2475 Taneos
1053 2466 1067 2490 ,
1094 2424 1393 2493 interrupit
1420 2440 1591 2483 nunc.
1651 2431 1701 2479 et
1757 2420 1951 2480 eduxit
1978 2420 2081 2480 ros
2114 2428 2173 2478 in

598 2492 659 2565 ir}
687 2491 831 2565 nube
861 2493 990 2557 diei,
1025 2501 1098 2565 ct”
1123 2496 1226 2547 tota
1277 2491 1431 2548 nocte
1461 2497 1520 2548 in
1570 2498 1986 2550 illuminatione
2032 2498 2176 2565 ignis

600 2561 775 2637 (Esal.
812 2579 979 2616 Lxxu.
1013 2563 1129 2637 '77),
1161 2570 1217 2617 et
1250 2569 1485 2637 castora.
1521 2568 1802 2621 Videmus
1864 2568 1999 2637 quia
2032 2561 2171 2622 sim-

602 2631 729 2703 plex
754 2640 1026 2707 narratur
1057 2635 1318 2690 historia.
1355 2637 1409 2690 Si
1444 2655 1579 2707 ergo
1612 2639 1693 2692 sic
1719 2631 2176 2694 intellexerimus

605 2709 671 2759 ut
704 2703 985 2780 scriptum
1020 2708 1289 2780 est,sine
1320 2703 1519 2763 causai
1551 2710 1758 2764 titulus
1818 2716 2176 2780 przenotatus

604 2780 693 2830 est
726 2794 738 2830 :
772 2777 1081 2833 Intellectus
1111 2779 1310 2847 Asaph.
1340 2781 1437 2833 Sin
1472 2788 1664 2835 autem
1717 2777 2177 2836 intellexerimus

606 2847 939 2925 u_t_ti_tu_lusL
966 2856 1340 2925 praenotatur,
1378 2853 1720 2925 necessitate
1772 2854 2178 2925 compellimur

606 2918 765 2973 aliud
797 2919 858 2973 in
883 2918 1075 2976 littera
1104 2922 1338 2988 habere,
1375 2923 1529 2978 aliud
1567 2925 1622 2978 in
1656 2926 1865 2996 spiritu
1900 2918 2177 2997 reperire-

608 3028 635 3055 ‹‹
660 3007 977 3076 Attendite,
1012 3008 1261 3081 pepulus
1296 3026 1483 3076 meus,
1514 3011 1701 3083 legem
1750 3030 1938 3067 meam
1974 3029 1986 3068 :
2016 3012 2180 3067 incli-

538 3099 675 3150 nate
705 3112 905 3151 aurem
938 3100 1188 3151 vestrem
1221 3098 1279 3152 in
1310 3100 1484 3154 verba
1515 3101 1631 3155 oris
1664 3101 1797 3155 mei.
1832 3102 2095 3172 Aperiam
2123 3101 2181 3155 in

537 3184 834 3255 parabolis
866 3202 929 3239 os
962 3192 1245 3255 meum,et
1279 3187 1484 3258 loquar
1523 3190 1947 3262 propositiones
1978 3192 2048 3245 ab
2072 3190 2182 3246 ini-

535 3272 639 3328 tio.
678 3295 705 3322 ››
734 3274 961 3330 Videtis
992 3275 1127 3347 quia
1157 3276 1302 3331 bene
1326 3294 1503 3349 supra
1536 3280 1816 3351 scriptum
1853 3286 1941 3335 est
1975 3298 1986 3335 :
2018 3281 2180 3335 Intel-

2248 2478 2251 2483 -
2284 2458 2417 2511 ergo
2449 2441 2508 2495 in
2540 2442 2810 2495 Matthaio
2847 2444 2859 2476 ¹

2279 2077 2555 2131 virtutem
2589 2077 2706 2131 Dei.
2730 2076 2939 2130 Videte
2966 2075 3105 2146 quid
3159 2075 3315 2129 dicat
3349 2092 3362 2129 :
3395 2076 3634 2129 Erratis.
3677 2077 3862 2139 Quare
3896 2078 3925 2127 .9

2280 2176 2585 2230 Nesciente;
2613 2176 2936 2244 Scripturas
2969 2174 3160 2243 (Marc.
3194 2190 3294 2237 x11,
3324 2174 3437 2239 ‘25).
3470 2173 3752 2237 Quoniam
3813 2189 3925 2228 au-

2281 2268 2396 2317 tem
2432 2264 2669 2318 nescitis
2700 2264 3048 2333 Scripturas,
3113 2267 3417 2333 propterea
3468 2262 3703 2317 nescitis
3758 2260 3929 2316 Chri-

2282 2357 2463 2406 stum:
2500 2352 2597 2422 qui
2632 2356 2719 2406 est
2751 2352 2846 2405 Dei
2882 2351 3065 2406 virtus
3096 2361 3151 2405 et
3191 2351 3287 2405 Dei
3347 2350 3649 2421 sapientia.
3700 2350 3931 2406 Dicitur

2900 2457 2912 2494 :
2950 2464 2974 2489 ‹‹
3010 2445 3158 2510 fimo,
3220 2440 3431 2511 inquit,
3494 2440 3643 2494 facta
3692 2444 3832 2496 sunt
3862 2448 3935 2494 ut

2284 2529 2628 2599 impleretur
2656 2530 2809 2599 quod
2845 2531 3127 2600 scriptum
3152 2535 3241 2583 est
3269 2530 3325 2583 in
3360 2528 3554 2599 Asaph
3587 2528 3922 2600 prephetaa

2284 2628 2375 2681 Sic
2410 2627 2703 2681 invenitur
2730 2627 2789 2681 in
2822 2627 3096 2681 omnibus
3153 2626 3443 2681 veteribus
3474 2626 3795 2693 codicibus,
3823 2625 3929 2681 sed

2286 2716 2553 2771 homines
2585 2716 2918 2786 ignorantes
2949 2716 3210 2771 tulerunt
3238 2715 3401 2770 illud.
3436 2715 3694 2787 Denique
3742 2714 3930 2770 multa

2286 2805 2597 2875 Evangelia
2615 2823 2801 2875 usque
2834 2805 3005 2860 hodie
3036 2806 3116 2859 ita
3145 2806 3389 2860 habent:
3431 2824 3451 2853 α
3486 2805 3557 2860 Ut
3587 2804 3933 2877 impleretur

2289 2895 2442 2965 quod
2476 2895 2760 2965 scriptum
2795 2900 2881 2948 est
2914 2912 3016 2966 per
3037 2894 3247 2949 Isaiam
3282 2893 3929 2967 prophetam:Aperiam

2291 2992 2345 3045 in
2379 2991 2669 3062 parabolis
2700 3010 2764 3047 os
2799 3008 3018 3061 meum,
3051 2997 3108 3047 et
3140 2991 3349 3063 loquar
3403 2991 3826 3064 propositiones
3858 2992 3933 3045 ab

2290 3081 2477 3135 initio.
2515 3103 2541 3129 »
2575 3081 2691 3135 Hoc
2726 3082 2903 3136 lsaias
2935 3099 3048 3137 non
3082 3081 3361 3154 loquitur,
3426 3082 3525 3137 sed
3570 3080 3784 3152 Asapb.
3819 3080 3932 3135 De-

2291 3169 2468 3240 nique
2499 3173 2554 3224 et
2581 3169 2801 3242 impius
2832 3170 2925 3225 ille
2947 3170 3302 3242 Porphyrius
3335 3170 3604 3242 proponit
3625 3169 3933 3225 adversum

2293 3275 2399 3313 nos
2424 3257 2532 3312 hoc
2558 3259 2775 3330 ipsum,
2810 3264 2866 3314 et
2900 3259 3040 3314 dicit
3074 3277 3086 3315 :
3122 3258 3485 3331 Evangelista
3540 3263 3727 3315 vester
3781 3257 3933 3313 Mat-

536 3360 702 3416 lectus
732 3362 930 3433 Asaph.
960 3346 1221 3435 Denique
1253 3370 1309 3419 et
1339 3346 1467 3437 ipsa
1501 3346 1804 3439 prephetia
1834 3370 1916 3425 sic
1950 3369 2179 3442 incipit:
2215 3365 2257 3431 C
2297 3347 2485 3401 minus
2518 3352 2637 3401 tam
2672 3348 2978 3442 lmpf‘riius
3023 3348 3134 3403 mit
3162 3353 3226 3442 ui
3281 3348 3497 3402 diceret
3532 3364 3544 3403 ί
3578 3347 3737 3442 quoq
3789 3346 3934 3442 εοῐίί·

533 3451 830 3515 Attendite,
860 3453 1093 3523 papulas
1122 3470 1294 3519 meus,
1345 3457 1515 3524 legem.
1570 3474 1743 3511 meum
1775 3477 1792 3511 :
1827 3476 1938 3512 non
1999 3458 2180 3529 Moysi

532 3538 744 3611 legem,
781 3540 879 3594 sed
915 3539 1099 3611 legem
1136 3558 1348 3597 meam.
1386 3546 1656 3600 lnclinate
1702 3564 1889 3601 auan
1946 3556 2183 3601 vestram

538 3630 599 3683 in
628 3628 797 3683 verba
826 3630 940 3683 oris
969 3631 1103 3684 mei.
1139 3631 1251 3685 Iloc
1281 3636 1369 3686 est
1401 3636 1553 3703 quod
1588 3635 1731 3690 dicit
1760 3635 1817 3689 in
1853 3636 2179 3707 Evangelio:

541 3716 646 3783 Qui
669 3717 832 3771 habet
868 3734 1026 3771 aures
1060 3719 1341 3785 audiendi,
1374 3722 1563 3775 audiat
1595 3723 1743 3791 (Luc.
1772 3741 1893 3793 Vill,
1926 3725 2186 3795 sti-Ape-

539 3805 685 3859 riam
718 3804 776 3857 in
812 3805 1105 3875 parabolis
1141 3824 1204 3861 os
1238 3824 1455 3865 meum.
1482 3832 1509 3859 ‹‹
1544 3811 1812 3881 Aperiam
1843 3812 2007 3867 vobis
2032 3812 2185 3883 quod

538 3893 758 3949 Judmis
792 3892 1060 3949 clausum
1091 3900 1199 3963 est,
1235 3920 1261 3945 ‹‹
1323 3899 1594 3967 Aperiam
1657 3900 1713 3955 in
1776 3902 2066 3972 paraaolis
2124 3920 2189 3958 es

541 3999 783 4051 meum.,
816 3984 881 4037 Et
924 3985 1042 4037 sine
1096 3987 1395 4057 para/rotis,
1456 3989 1665 4060 inquit,
1716 4008 1826 4045 non
1875 3993 2192 4063 loquebatur

539 4074 619 4127 eis
648 4072 833 4141 (Marc.
864 4089 938 4137 1v,
1001 4075 1089 4143 3’1)
1127 4100 1140 4142 ;
1173 4075 1476 4148 discipulis
1532 4084 1726 4135 autem
1787 4081 1910 4135 suis
1973 4085 2191 4135 secreto

542 4159 805 4216 solvebat
853 4163 1183 4232 parabolas.
1250 4186 1278 4215 «
1330 4168 1594 4237 Aperiam
1656 4169 1714 4223 in
1776 4170 2068 4239 parabolis
2128 4188 2191 4225 os

544 4266 764 4317 meum,
800 4273 819 4298 ι
854 4252 1014 4314 Quod
1045 4252 1164 4307 illis
1196 4253 1254 4309 in
1284 4257 1574 4326 parabolis
1608 4257 1816 4328 loquor
1839 4259 2001 4326 foris,
2031 4260 2194 4315 vobis

543 4338 903 4395 intrinsecus
929 4342 1206 4412 aperiam.
1245 4367 1269 4393 ‹‹
1306 4346 1375 4398 Et
1408 4344 1617 4415 loquar
1665 4348 2090 4419 propositiones
2122 4349 2193 4403 ab

548 4428 738 4483 initio.
773 4451 800 4477 ‹‹
838 4429 945 4484 Pro
1005 4431 1525 4501 propositionibus,
1585 4436 1642 4489 in
1703 4436 1939 4491 Hebrazo
1998 4437 2193 4503 habet,

559 4538 585 4565 υ
620 4517 678 4570 in
713 4517 1039 4589 aenigmate.
1080 4540 1105 4570 (ι
1136 4524 1283 4591 Ergo
1332 4539 1504 4577 omne
1553 4525 1706 4595 quod
1762 4526 1996 4591 dicitur,
2057 4528 2193 4581 {eni-

546 4620 683 4675 gma
712 4609 818 4660 est.
852 4607 1119 4678 {Enigma
1150 4626 1263 4664 non
1296 4615 1383 4665 est
1415 4611 1523 4666 hoc
1584 4616 1737 4685 quod
1801 4615 2033 4682 dicitur,
2095 4617 2194 4671 sed

548 4691 1309 4802 laliudnquid‘significatur.
1371 4700 1535 4756 Dicat
1578 4702 1715 4756 mihi
1776 4704 1990 4775 aliquis
2025 4722 2037 4759 :
2073 4706 2197 4760 Vim
2232 4737 2275 4802 Β

546 4780 689 4835 facis
719 4782 1031 4853 Scriptura:
1065 4803 1080 4851 ;
1113 4802 1247 4841 cum
1280 4790 1434 4843 enim
1496 4792 1701 4847 titulus
1761 4792 1935 4848 habet
1996 4818 2021 4843 ‹‹
2051 4813 2063 4850 :
2100 4795 2199 4849 Iu-

545 4867 812 4924 tellectus
847 4872 1060 4944 Asaph,
1098 4896 1125 4923 ››
1157 4880 1215 4929 tu
1252 4878 1394 4931 mihi
1429 4895 1497 4934 ex
1552 4898 1797 4951 persona
1859 4882 2075 4938 Christi
2108 4883 2196 4937 in-

546 4959 887 5030 terpretaris
919 4961 1029 5017 hoc
1062 4964 1304 5021 dictum.
1340 4968 1417 5022 Ex
1464 4986 1713 5040 persona
1743 4971 1955 5027 Christi
2018 4972 2197 5027 inter-

550 5052 848 5119 pretemur
878 5050 984 5105 hoc
1016 5053 1260 5121 dictum,
1295 5056 1342 5111 si
1378 5057 1689 5114 Christiani
1724 5076 1949 5116 sumus.
1977 5061 2195 5116 Sumus

549 5141 744 5192 autem
777 5139 1218 5215 Christiani,qui
1253 5144 1464 5201 Christi
1482 5148 1837 5219 baptismum
1863 5151 2195 5221 accepimus

549 5230 607 5281 et
636 5243 750 5281 non
784 5228 973 5285 solum
1007 5234 1376 5299 confitemur,
1410 5238 1509 5291 sed
1543 5242 1599 5291 et
1659 5239 2021 5308 profitemur,
2056 5239 2196 5309 quia

547 5315 839 5371 Chrstiani
875 5336 1103 5376 sumus.
1140 5324 1428 5379 Debemus
1458 5343 1594 5392 ergo
1654 5326 1884 5381 credere
1942 5328 2195 5397 Evange-

549 5403 726 5474 listis,
759 5406 1048 5477 Scriptum
1082 5416 1171 5465 est
1200 5412 1258 5466 in
1289 5414 1595 5483 Evangelio
1657 5416 1981 5469 secundum
2045 5398 2194 5470 Mat-

552 5491 767 5547 tbamm
806 5513 817 5549 :
853 5497 1021 5567 Cum,
1056 5498 1264 5570 inquit,
1302 5501 1534 5555 loeutus
1577 5502 1781 5555 fuisset
1814 5504 1867 5556 in
1904 5504 2195 5574 parabolis

548 5580 831 5637 Dominus
866 5593 1061 5641 noster
1088 5596 1262 5659 atque
1291 5590 1569 5660 Salvator,
1605 5596 1661 5644 et
1692 5591 1771 5645 illi
1806 5611 1917 5646 non
1982 5593 2193 5648 intelli-

547 5674 749 5736 gerent
779 5673 983 5735 (ilIatI/i.
1020 5681 1106 5744 ιιι)
1141 5696 1153 5731 :
1186 5683 1242 5732 et
1273 5685 1479 5733 (“altera
1512 5698 1636 5750 qua:
1670 5682 1882 5751 scripta
1940 5689 2078 5736 sunt
2139 5683 2193 5737 in

551 5755 877 5827 Evangelia.
939 5764 1005 5817 Et
1064 5772 1265 5836 postea
1326 5768 1682 5839 evangelista
1743 5772 1880 5841 quid
1946 5770 2140 5825 intulit
2168 5772 2195 5825 ‘I

2297 3442 2461 3508 ptum
2497 3442 2586 3492 est
2633 3454 2736 3508 per
2788 3438 2996 3492 Isaiam
3058 3439 3401 3509 prophetam
3437 3454 3449 3491 :
3482 3460 3509 3486 ‹‹
3571 3436 3838 3508 Aperiam
3874 3437 3930 3490 in

2293 3525 2585 3597 parabolis
2617 3543 2681 3580 os
2709 3543 2927 3592 meum,
2961 3531 3018 3580 et
3047 3525 3254 3597 loquar
3280 3523 3702 3597 propositiones
3732 3526 3802 3580 ab
3820 3524 3933 3579 ini—

2293 3615 2395 3676 tio,
2430 3638 2455 3664 ››
2490 3631 2624 3681 ergo
2655 3616 3004 3687 simpliciter
3035 3615 3300 3670 dicamus
3335 3633 3347 3669 :
3381 3615 3671 3685 quomodo
3704 3612 3845 3668 illud
3872 3613 3932 3667 in

2295 3704 2603 3775 Evangelio
2628 3705 2909 3775 scriptum
2943 3705 3139 3771 est,sic
3167 3704 3447 3775 scriptum
3473 3708 3561 3758 est
3584 3702 3640 3761 in
3664 3701 3932 3757 Mattheo

2296 3799 2353 3849 et.
2382 3795 2626 3860 Joanne,
2660 3794 2813 3863 quod
2851 3795 3130 3849 Dominus
3164 3798 3359 3848 noster
3391 3792 3533 3847 hora
3557 3797 3715 3847 sexta
3744 3791 3932 3846 cruci-

2299 3883 2450 3937 fixus
2484 3882 2558 3936 sit
2588 3882 2797 3947 (Matth.
2832 3900 3007 3949 xxvii,
3039 3884 3107 3935 45
3136 3900 3149 3949 ;
3180 3885 3338 3937 Joan.
3386 3900 3505 3945 x1x,
3540 3883 3645 3951 14).
3681 3880 3934 3935 Rursum

2302 3971 2582 4041 scriptum
2619 3976 2707 4025 est
2738 3971 2795 4024 in
2828 3974 3015 4026 Marco
3050 3988 3063 4024 :
3098 3971 3235 4042 quia
3268 3971 3410 4026 hora
3442 3970 3610 4025 tertia
3631 3969 3939 4024 cruciﬁxus

2303 4061 2397 4114 sit.
2432 4060 2549 4115 Hoc
2575 4060 2805 4114 videtur
2834 4076 2961 4114 esse
2990 4059 3308 4126 diversum,
3344 4060 3443 4115 sed
3494 4076 3607 4114 non
3641 4062 3729 4113 est
3755 4057 3939 4113 diver-

2303 4166 2458 4205 sum.
2520 4150 2691 4203 Error
2746 4149 3095 4220 scriptorum
3154 4148 3397 4204 fuitzEt
3452 4148 3510 4203 in
3561 4148 3747 4203 Marco
3802 4146 3943 4202 hora

2305 4253 2469 4303 sexta
2500 4246 2787 4317 scriptum
2815 4245 2923 4300 fuit
2952 4248 3139 4313 (Marc.
3174 4246 3360 4316 xv,25)
3397 4264 3410 4301 :
3446 4246 3546 4301 sed
3581 4244 3944 4315 multiepise-

2305 4354 2469 4392 mum
2501 4337 2765 4392 Grmcum
2799 4354 2846 4399 ς,
2907 4339 3257 4406 putaverunt
3312 4351 3440 4390 esse
3488 4355 3522 4406 γ
3557 4351 3569 4388 :
3604 4334 3752 4389 sicut
3781 4336 3835 4388 et
3864 4332 3946 4387 ibi

2306 4444 2466 4481 error
2496 4425 2605 4479 fuit
2638 4424 2987 4496 scriptorum
3026 4440 3040 4480 :
3074 4429 3137 4478 ut
3168 4441 3269 4495 pro
3303 4423 3521 4496 Asaph,
3557 4423 3761 4479 Isaiam
3797 4420 3942 4476 seri-

2307 4517 2528 4570 berent.
2564 4515 2794 4569 Scimus
2828 4513 2982 4567 enim
3016 4514 3154 4584 quia
3185 4513 3374 4585 prima
3433 4512 3683 4568 Ecclesia
3733 4510 3800 4564 de
3830 4508 3943 4562 im-

2308 4605 2509 4676 peritis
2543 4608 2894 4675 congregata
2926 4603 3035 4656 fuit
3057 4586 3503 4674 gentibus.Ergo
3528 4618 3661 4657 cum
3692 4599 3948 4671 legerent

2307 4695 2363 4748 in
2402 4693 2706 4764 Evangelio
2743 4710 2754 4747 :
2790 4692 2861 4747 Ut
2892 4691 3237 4761 impleretur
3265 4691 3419 4762 quod
3454 4691 3736 4762 scriptum
3769 4692 3857 4744 est
3885 4687 3945 4743 in

2311 4783 2505 4855 Asaph
2540 4781 2821 4853 propheta
2855 4797 2867 4835 :
2905 4780 2998 4834 ille
3030 4781 3127 4851 qui
3159 4780 3385 4851 primus
3432 4780 3722 4835 scribebat
3764 4778 3945 4832 Evan-

2308 4873 2547 4945 gelium,
2580 4872 2754 4941 cmpit
2781 4869 2971 4923 dicere
3004 4887 3015 4923 :
3052 4869 3193 4933 Quis
3250 4873 3339 4924 est
3397 4869 3505 4924 iste
3560 4867 3759 4939 Asaph'
3814 4883 3945 4938 pro-

2308 4964 2483 5035 pheta
2509 4962 2536 5014 ?
2567 4960 2689 5014 Non
2722 4962 2844 5013 erat
2876 4962 3051 5013 notus
3084 4958 3138 5013 in
3174 4958 3409 5030 pepulo,
3445 4962 3502 5013 et
3531 4958 3639 5012 hoc
3697 4956 3829 5012 fecit
3858 4961 3944 5026 ut,

2307 5061 2447 5114 dum
2481 5074 2735 5113 errorem
2768 5058 3130 5123 emendaret,
3164 5056 3375 5111 faceret
3395 5054 3949 5111 crrorem.Dicamus

2307 5147 2525 5218 aliquid
2560 5146 2771 5212 simile,
2808 5152 2861 5200 et
2893 5146 2950 5199 in
2985 5145 3097 5200 alio
3128 5144 3250 5200 loco
3291 5145 3347 5199 in
3405 5143 3709 5216 bvangelio
3741 5160 3949 5198 secun-

2307 5238 2447 5292 dum
2476 5236 2813 5291 Matthzeum
2850 5251 2862 5290 :
2898 5235 3130 5305 quando
3157 5234 3340 5289 Judas
3374 5233 3572 5289 retulit
3598 5232 3835 5305 triginta
3866 5249 3956 5287 ar-

2306 5332 2565 5398 genteos,
2600 5329 2657 5379 et
2687 5324 3001 5380 noluerunt
3031 5323 3291 5394 accipere
3334 5324 3791 5392 sacerdotes,nec
3815 5320 3950 5376 mit-

2307 5421 2426 5470 tere
2460 5415 2516 5469 in
2550 5415 2888 5477 corbonam,
2922 5412 3199 5482 quoniam
3234 5416 3358 5467 erat
3405 5412 3656 5484 pretium
3719 5410 3951 5482 sangui-

2306 5505 2399 5559 nis
2430 5520 2442 5559 :
2475 5509 2531 5558 et
2561 5508 2831 5557 emerunt
2860 5502 2995 5555 inde
3025 5518 3229 5573 agrum
3266 5502 3424 5572 figuli
3462 5502 3518 5555 in
3583 5499 3947 5572 sepulturam

2307 5593 2745 5665 peregrinorum
2780 5592 2986 5661 (Matth.
3018 5609 3192 5645 xxvu.
3221 5592 3275 5660 6,
3307 5593 3383 5660 7).
3422 5590 3674 5645 Pretium
3708 5588 3945 5655 Christi,

2306 5685 2608 5753 sepultura
2641 5686 2837 5733 nostra
2862 5684 2971 5747 est,
3004 5686 3061 5734 et
3089 5684 3328 5734 vocatur
3378 5696 3515 5749 ager
3572 5678 3667 5732 ille
3699 5676 3949 5732 Akelda-

2306 5772 2464 5837 mah,
2499 5771 2653 5841 quod
2684 5774 2771 5824 est
2804 5786 2931 5837 ager
2960 5771 3271 5838 sanguinis.
3303 5768 3618 5840 Sanguinis
3650 5784 3785 5840 ager
3829 5782 3946 5822 non

628 5852 926 5943 :Consule
945 5877 1147 5917 verum
1178 5865 1404 5933 Hieron,
1438 5866 1870 5925 Commentario
1898 5869 1955 5925 in
1991 5870 2330 5943 Mattbazum
2362 5887 2489 5941 cap.
2511 5885 2634 5935 XIII,
2667 5883 2816 5938 vers,
2847 5868 2935 5939 35,
2970 5872 3027 5925 et
3057 5885 3183 5939 quae
3216 5868 3275 5923 in
3332 5883 3468 5923 eum
3498 5865 3693 5924 locum
3749 5866 3952 5923 obser-

554 5938 781 5985 vamus.
