4256 6574
275 498 433 570 1109

1466 498 1961 566 BREVIARIUM
2008 499 2087 565 IN
2130 499 2511 565 PSALMOS.

3520 493 3680 564 1110

266 634 750 711 Judaaorum,sed
775 640 977 696 nostra
1000 635 1303 711 sepultura
1322 636 1559 694 est.Nos
1581 636 1738 693 enim
1761 653 1918 709 pere—
1945 633 2001 702 Α
2028 640 2261 709 Filium,
2296 644 2603 714 propterea
2633 654 2748 695 non
2789 635 3005 710 recepit
3048 632 3326 708 Spiritum
3378 635 3669 690 sanctum.

269 728 423 804 grini
474 728 699 785 fuimus
746 732 804 784 et
854 727 1108 794 advenae,
1143 731 1200 783 et
1250 744 1367 784 non
1413 727 1778 785 habebamus
1816 725 1914 782 ubi

269 818 791 892 requiesceremus.
819 817 921 873 Ille
952 817 1265 874 crucifixus
1290 822 1400 885 est,
1425 822 1483 873 et
1512 822 1781 873 mortuus
1807 820 1915 886 est,

270 914 328 965 et
358 925 468 964 nos
498 924 634 963 cum
665 906 764 963 illo
804 906 1133 979 consepulti
1175 923 1397 963 sumus.
1433 908 1503 963 Ut
1554 906 1915 979 impleretur,

269 997 486 1070 inquit,
518 997 673 1068 quod
715 997 999 1069 scriptum
1047 1001 1135 1052 est
1181 996 1237 1051 in
1288 996 1536 1052 Jeremia
1587 995 1916 1068 propheta:

268 1087 501 1154 Retulit,
556 1086 771 1157 inquit,
821 1087 1060 1160 triginta
1116 1096 1423 1156 argenteos,
1476 1088 1721 1158 pretium
1774 1086 1920 1157 quod

268 1177 654 1249 appretiatum
717 1180 811 1241 est,
874 1180 931 1231 et
996 1182 1222 1233 caetera.
1284 1177 1435 1232 Sicut
1486 1177 1754 1247 scriptum
1817 1179 1914 1244 est,

267 1264 487 1337 inquit,
519 1267 579 1320 in
608 1267 844 1322 Ieremia
881 1267 1145 1336 propheta
1175 1283 1193 1318 :
1242 1265 1350 1321 hoc
1382 1265 1441 1321 in
1474 1264 1742 1320 Mattheeo
1773 1264 1914 1320 scri-

268 1359 437 1427 ptum
486 1358 575 1410 est
620 1354 777 1426 (Ibid.
809 1356 885 1423 9).
939 1355 1372 1426 Requisivimus
1414 1354 1473 1409 in
1504 1353 1754 1409 Jeremia
1782 1370 1916 1424 pro-

269 1443 466 1516 pheta,
499 1448 555 1499 et
586 1442 695 1499 hoc
742 1442 974 1515 penitus
1026 1444 1284 1499 invenire
1316 1460 1427 1498 non
1463 1443 1779 1514 potuimus,
1814 1443 1914 1497 sed

270 1531 606 1587 invenimus
636 1530 783 1587 illud
816 1532 875 1586 in
905 1532 1182 1587 Zacharia
1210 1532 1395 1601 (Zach.
1429 1549 1506 1600 χι,
1540 1533 1665 1603 1’2):
1698 1530 1918 1586 Videtis

272 1637 433 1693 ergo,
466 1621 606 1692 quia
632 1624 689 1678 et
716 1620 813 1676 hic
841 1637 1002 1677 error
1041 1621 1170 1689 fuit,
1206 1621 1357 1677 sicut
1388 1621 1489 1677 ibi.

346 1734 373 1759 «
405 1710 632 1774 Quanta
687 1710 1023 1789 audivimus
1080 1716 1138 1767 et
1193 1710 1571 1789 cognovimus
1629 1728 1714 1767 ea.
1767 1733 1787 1759 ιο
1854 1710 1919 1764 lli

266 1798 542 1855 versiculi
590 1800 711 1855 ab:
770 1820 796 1852 α
826 1800 1144 1868 Attendite,
1199 1800 1452 1873 populus
1500 1817 1691 1869 meus,
1729 1800 1917 1872 legem

270 1905 485 1955 meam,
520 1910 548 1937 »
602 1905 789 1961 usque
838 1890 898 1944 in
958 1890 1143 1945 istum
1203 1888 1581 1955 versiculum,
1633 1911 1660 1940 «
1694 1894 1920 1961 Loquar

268 1977 697 2071 propositiones
745 1979 817 2034 ab
864 1978 1116 2071 initio,»
1169 1995 1238 2035 ex
1287 1996 1537 2052 persona
1566 1978 1778 2036 Christi
1829 1977 1916 2033 di-
1947 2006 1995 2071 Β

269 2070 502 2139 cuntur,
545 2071 602 2123 et
652 2067 777 2139 ipse
830 2067 1094 2125 Salvator
1149 2068 1429 2141 loquitur.
1488 2068 1619 2124 Jam
1678 2072 1917 2123 caeteros

267 2154 585 2212 versiculos
636 2172 825 2227 usque
882 2158 953 2212 ad
1014 2158 1190 2214 tinem
1248 2157 1484 2230 psalmi,
1542 2174 1610 2213 ex
1667 2173 1919 2230 persona

271 2243 673 2317 apostolorum
725 2246 1006 2302 debemus
1054 2246 1331 2319 accipere.
1364 2246 1598 2303 Dicente
1636 2263 1771 2320 ergo
1803 2248 1918 2302 Do-

272 2333 430 2389 mino
489 2353 503 2391 :
564 2335 834 2391 Inclinate
897 2352 1088 2391 aurem
1150 2345 1385 2392 vestram
1448 2336 1517 2391 ad
1581 2336 1745 2392 verba
1810 2336 1919 2391 oris

272 2424 399 2478 mei.
451 2423 494 2477 Ο
546 2421 814 2495 apostoli,
851 2422 1015 2495 quod,
1050 2423 1261 2495 inquit,
1292 2423 1539 2480 audistis
1587 2424 1648 2479 in
1693 2432 1915 2491 secreto,

263 2511 573 2583 praedicate
620 2528 785 2583 super
831 2516 968 2567 tecta
1019 2510 1231 2583 (Matth.
1261 2529 1318 2579 x,
1361 2513 1473 2584 27).
1525 2512 1671 2578 Quid
1716 2512 1922 2568 dicunt

278 2599 575 2672 apostoli?
606 2622 635 2650 ‹‹
660 2600 889 2664 Quanta
908 2600 1240 2656 audivimus
1267 2605 1323 2656 et
1352 2601 1732 2674 cognovimus
1761 2618 1864 2670 ea;
1890 2622 1917 2650 »

270 2693 324 2743 et
358 2688 704 2761 patriarchae
734 2693 790 2745 et
821 2689 1117 2762 prophetae
1168 2688 1345 2745 locuti
1376 2694 1516 2745 sunt
1542 2690 1732 2746 nobis.
1790 2713 1817 2740 ‹‹
1850 2690 1919 2744 Et

270 2783 468 2849 patres
499 2778 681 2834 nostri
713 2783 1098 2835 narraverunt
1143 2779 1333 2835 nobis.
1367 2780 1493 2837 Non
1545 2784 1686 2835 sunt
1731 2778 1920 2835 occul-

268 2868 329 2921 ta
360 2884 394 2922 a
421 2866 558 2923 {iliis
587 2884 809 2935 eorum,
843 2888 872 2919 »
925 2873 1036 2925 etc.
1087 2868 1396 2940 Propterea
1436 2868 1519 2923 illi
1549 2867 1726 2924 locuti
1758 2871 1916 2937 sunt,

269 2961 336 3011 ut
363 2974 470 3012 nos
500 2956 603 3011 ﬁlii
634 2974 836 3013 eorum
868 2958 1176 3013 sciremus.
1230 2981 1258 3008 «
1291 2959 1359 3013 Et
1400 2958 1587 3030 legem
1634 2958 1830 3031 posuit
1858 2957 1918 3011 in

277 3045 487 3115 Israel;
507 3051 730 3119 quanta
751 3046 1047 3103 mandavit
1069 3047 1334 3119 patribus
1355 3048 1635 3103 nostris.»
1660 3047 1782 3102 lllis
1800 3064 1922 3103 car-

274 3135 487 3193 naliter
506 3136 684 3193 locuti
712 3141 852 3193 sunt
871 3162 886 3205 ;
911 3137 1010 3192 sed
1034 3153 1141 3193 nos
1162 3153 1230 3193 ea
1249 3137 1633 3209 spiritualiter
1653 3136 1922 3209 intelligi-

277 3242 430 3281 mus.
469 3246 497 3275 «
521 3226 594 3280 Ut
624 3230 762 3280 nota
787 3225 1042 3281 facerent
1065 3242 1132 3281 ea
1154 3225 1291 3281 filiis
1322 3226 1468 3296 suis,
1500 3248 1526 3275 »
1558 3226 1667 3280 hoc
1697 3230 1786 3281 est
1816 3243 1918 3280 no-

277 3313 389 3370 bis.
414 3318 725 3386 Propterea
754 3312 872 3368 illis
900 3313 1131 3369 locutus
1162 3317 1271 3381 est,
1295 3318 1359 3369 ut
1386 3314 1556 3369 nobis
1585 3315 1916 3386 proderent.

348 3426 375 3452 ‹‹
413 3401 573 3457 Filiis
628 3402 729 3473 qui
788 3405 1102 3457 nascentur
1149 3405 1206 3457 et
1252 3406 1584 3473 exsurgent,
1616 3407 1673 3457 et
1719 3419 1917 3457 narra-
1950 3373 1993 3440 Ο

277 3492 427 3547 bunt
475 3489 614 3547 filiis
660 3490 806 3546 suis.
845 3512 865 3539 ι
918 3490 1025 3545 Pro
1072 3490 1359 3562 patribus,
1391 3490 1601 3563 inquit,
1636 3490 1753 3547 tuis
1805 3490 1925 3546 nati

278 3585 418 3637 sunt
464 3580 569 3635 tibi
630 3580 733 3635 filii
792 3580 963 3651 (Psal.
1010 3597 1157 3651 xmv,
1216 3580 1323 3652 17).
1383 3579 1499 3636 Nos
1555 3579 1659 3635 ﬁlii
1716 3596 1923 3636 sumus

274 3669 532 3726 illorum.
567 3668 654 3725 Illi
688 3668 858 3725 nobis
888 3674 1291 3736 narraverunt,
1326 3672 1381 3725 et
1412 3686 1519 3726 nos
1555 3670 1922 3726 narravimus

274 3759 411 3815 ﬁliis
443 3758 683 3828 nostris,
716 3758 821 3814 filii
851 3775 1051 3815 eorum
1083 3776 1191 3815 nos
1227 3776 1453 3815 sumus.

347 3872 375 3900 ‹‹
412 3850 483 3905 Ut
513 3852 736 3921 ponant
783 3848 844 3903 in
893 3847 1008 3904 Deo
1048 3865 1213 3921 spem
1246 3865 1437 3904 suam.
1471 3870 1497 3898 ››
1556 3848 1774 3919 Utjam
1807 3866 1921 3904 non

270 3940 514 3995 credant
558 3937 618 3993 in
675 3937 868 4006 idolis,
902 3937 1000 3993 sed
1053 3937 1112 3992 in
1158 3938 1273 3994 Deo
1327 3939 1587 3994 credant.
1648 3960 1676 3987 ‹‹
1712 3939 1777 3994 Ut
1807 3955 1921 3993 non

272 4026 693 4084 obliviscantur
746 4042 922 4098 opera
974 4026 1097 4082 Dei.
1134 4050 1155 4078 ι
1220 4027 1295 4083 Ut
1360 4024 1593 4083 videant
1657 4027 1920 4083 ordinem

270 4120 568 4186 creaturae,
599 4120 652 4171 et
683 4131 756 4170 ea:
796 4118 1052 4171 creatura
1080 4116 1392 4188 intelligant
1422 4115 1740 4175 Creatorem
1768 4117 1917 4188 (Sap.

271 4222 397 4272 xm,
428 4206 504 4275 5).
561 4228 590 4254 ‹‹
624 4204 695 4258 Et
723 4203 1000 4260 mandata
1029 4205 1157 4275 ejus
1186 4205 1512 4276 exquirant.
1548 4227 1576 4255 ››
1621 4208 1745 4260 Non
1779 4221 1921 4260 con-

270 4296 542 4350 temnant
563 4292 717 4349 sicut
736 4292 942 4362 Judaei,
958 4293 1059 4347 sed
1080 4293 1391 4365 exquirant
1409 4293 1561 4349 sicut
1581 4293 1918 4350 Christiani.

346 4406 374 4434 «
409 4387 524 4438 Nec
576 4382 722 4436 fiant
769 4380 919 4437 sicut
947 4385 1143 4452 patres
1182 4398 1403 4438 eorum.
1440 4404 1468 4431 »
1522 4384 1604 4438 Ne
1654 4400 1919 4439 murmu-

273 4476 404 4529 rent
440 4470 592 4527 sicut
624 4473 1140 4527 murmuraverunt
1186 4469 1424 4542 quidam
1470 4470 1529 4526 in
1580 4472 1832 4542 deserto,
1863 4478 1921 4529 et

273 4562 574 4635 perierunt
632 4560 675 4633 (1
734 4560 854 4614 Cor.
914 4577 970 4627 x,
1030 4560 1139 4631 10).
1202 4581 1229 4610 ‹‹
1273 4559 1577 4616 Generatio
1636 4578 1813 4632 prava
1865 4566 1922 4617 et

272 4666 646 4723 exasperans.
680 4671 707 4699 »
742 4649 868 4705 Non
900 4665 1005 4722 ego
1036 4648 1146 4703 hoc
1176 4648 1384 4721 loquor
1418 4667 1431 4704 :
1466 4648 1752 4721 Propheta
1782 4653 1919 4706 tuus

2026 732 2289 804 Denique
2342 730 2596 803 Spiritus
2650 732 2909 796 sanctus,
2967 726 3201 799 quando
3259 722 3672 795 descenditin

2028 822 2221 895 specie
2275 820 2577 888 columbae,
2612 836 2725 875 non
2776 815 3077 873 descendit
3120 830 3296 886 super
3330 814 3529 870 turbas
3557 813 3669 869 Ju-

2028 916 2307 979 dmorum,
2323 913 2423 967 sed
2447 928 2622 983 super
2643 925 2825 965 unum
2851 909 3072 963 Jesum.
3096 905 3154 961 Si
3172 905 3259 961 vis
3280 903 3669 977 ergo,Jud£ee,

2028 1004 2301 1076 spiritum
2321 1001 2599 1074 accipere,
2618 1000 2786 1055 crede
2802 998 2860 1053 in
2878 998 2909 1053 J
2915 1013 3101 1067 esum,
3118 994 3395 1068 quoniam
3414 992 3672 1066 Spiritus

2027 1097 2267 1149 sanctus
2298 1092 2460 1147 sedet
2493 1091 2550 1145 in
2581 1090 2739 1145 Jesu.

2104 1202 2126 1230 α
2160 1180 2285 1237 Filii
2313 1179 2587 1253 Ephraim
2610 1178 2977 1235 intendentes
2996 1179 3053 1232 et
3076 1174 3373 1231 mittentes
3393 1188 3616 1229 arcum.
3636 1193 3666 1223 »

2026 1271 2070 1327 Ο
2120 1273 2341 1343 quanta
2392 1268 2711 1341 mysteria!
2762 1284 2793 1323 ο
2842 1265 3046 1339 quanti
3104 1262 3310 1320 ﬂores!
3366 1263 3492 1318 Non
3541 1260 3669 1317 dico

2027 1360 2171 1426 dies,
2206 1360 2305 1415 sed
2350 1362 2407 1414 et
2448 1363 2605 1413 totus
2652 1357 2871 1412 mensis
2913 1357 2985 1411 ad
3018 1352 3464 1426 intelligentiam
3495 1350 3671 1406 istius

2027 1449 2239 1521 psalmi
2289 1465 2403 1503 non
2460 1451 2650 1519 potest
2706 1446 2991 1501 sufﬁcere.
3050 1445 3111 1499 In
3173 1441 3423 1515 singulis
3478 1439 3672 1495 verbis

2027 1554 2238 1593 sensus
2288 1540 2445 1592 sunt.
2498 1538 2761 1591 "abemus
2810 1544 2859 1590 et
2907 1536 3227 1589 thesaurum
3274 1533 3339 1587 in
3376 1531 3520 1586 vasis
3549 1529 3672 1584 istis

2025 1610 2284 1697 ﬁctilibus
2343 1626 2414 1694 (II
2453 1625 2576 1681 Cor.
2612 1643 2685 1691 1v,
2717 1624 2792 1695 7).
2846 1622 3006 1678 Multi
3055 1622 3165 1678 hoc
3214 1620 3672 1693 interpretantur

2027 1716 2098 1771 de
2128 1731 2386 1787 corpore,
2417 1718 2473 1769 et
2517 1715 2586 1769 de
2636 1713 2856 1785 Spiritu
2903 1716 3104 1768 sancto
3138 1729 3150 1766 :
3206 1710 3315 1765 hoc
3357 1712 3464 1776 est,
3498 1706 3667 1762 habe-

2026 1822 2149 1860 mus
2202 1805 2526 1860 ihesaurum
2573 1805 2634 1859 in
2686 1804 2836 1857 vasis
2887 1802 3164 1872 ﬁctilibus.
3211 1801 3310 1854 Est
3348 1796 3582 1870 quidem
3615 1796 3672 1850 et

2028 1893 2141 1949 ista
2168 1893 2558 1965 intelligentia
2589 1910 2600 1947 :
2657 1892 2757 1948 sed
2790 1892 2903 1947 ista
2933 1891 3116 1946 multo
3150 1887 3355 1945 melior
3383 1890 3491 1955 est,
3522 1900 3667 1956 quo-

2027 1983 2183 2039 niam
2216 1983 2503 2039 habemus
2532 1983 2874 2037 thesaurum
2906 1978 3397 2052 pretiosissimum
3424 1975 3484 2031 in
3513 1972 3669 2030 vasis

2025 2072 2325 2141 fictilibus,
2367 2072 2476 2127 hoc
2533 2076 2622 2127 est
2676 2072 2736 2126 in
2792 2070 2983 2126 verbis
3043 2067 3277 2125 rusticis
3336 2064 3670 2137 Scriptura-

2026 2178 2179 2217 rum.
2243 2185 2272 2211 «
2320 2161 2445 2217 Filii
2504 2161 2778 2232 Ephraim
2837 2159 3204 2215 intendentes
3258 2161 3315 2213 et
3370 2153 3672 2210 mittentes

2028 2267 2253 2319 arcum,
2298 2250 2559 2306 conversi
2614 2255 2752 2306 sunt
2803 2249 2858 2303 in
2908 2249 3000 2303 die
3048 2246 3204 2314 belli,
3244 2269 3271 2295 »
3329 2249 3387 2301 et
3443 2246 3670 2299 caetera.

2030 2342 2306 2413 Legimus
2336 2340 2395 2395 in
2429 2340 2651 2411 Regum
2685 2338 2851 2394 libris
2885 2356 2897 2393 :
2955 2336 3233 2410 quoniam
3266 2335 3376 2391 sub
3410 2332 3672 2388 Robeam

2029 2429 2148 2486 ﬁlio
2181 2429 2530 2499 Salomonis,
2560 2428 2873 2483 Jeroboam
2920 2425 3077 2481 ﬁlius
3106 2423 3332 2481 Nabath
3366 2421 3542 2478 scidit
3573 2436 3675 2493 po-

2030 2518 2235 2591 pulum
2276 2536 2311 2574 a
2362 2518 2586 2590 reliquo
2617 2517 2854 2590 populo,
2886 2521 2941 2572 et
2971 2517 3169 2571 decem
3201 2513 3390 2570 tribus
3421 2510 3586 2568 duxit
3614 2508 3674 2563 in

2027 2606 2352 2663 Samariam
2418 2607 2515 2679 (III
2569 2609 2696 2674 Reg.
2756 2624 2867 2671 xii,
2922 2607 2991 2657 ‘28
3047 2604 3239 2675 seqq.).
3310 2601 3476 2657 Juda:
3541 2614 3675 2656 vero

2028 2697 2239 2765 tribus,
2271 2699 2328 2751 et
2357 2695 2660 2767 Benjamin
2694 2697 3104 2750 remanserunt
3146 2692 3256 2748 sub
3286 2689 3530 2762 imperio
3561 2688 3677 2743 Ro-

2028 2786 2222 2853 boam,
2256 2790 2315 2841 et
2362 2784 2531 2840 multi
2586 2785 2656 2840 de
2708 2784 2862 2839 tribu
2912 2783 3060 2853 Levi,
3096 2781 3196 2853 qui
3236 2778 3583 2835 habitabant
3612 2776 3673 2832 in

2027 2874 2350 2930 Jerusalem
2410 2874 2737 2929 sacerdotes
2794 2877 2851 2928 et
2908 2872 3135 2939 Levitze,
3178 2870 3331 2926 sicut
3388 2867 3671 2939 scriptum

2029 2967 2118 3019 est
2168 2964 2225 3018 in
2278 2962 2779 3034 Paralipomenon,
2821 2960 3035 3017 reversi
3089 2964 3229 3015 sunt
3278 2959 3338 3013 in
3384 2956 3673 3030 templum

2031 3052 2151 3119 Dei,
2184 3052 2291 3107 hoc
2340 3055 2427 3107 est
2466 3052 2524 3106 in
2556 3051 2879 3107 Jerusalem
2935 3051 3005 3121 (11
3037 3048 3225 3104 Paral.
3255 3065 3334 3115 χι,
3367 3047 3475 3117 16).
3527 3047 3671 3101 Tres

2029 3157 2165 3212 ergo
2224 3140 2413 3197 tribus
2470 3142 2748 3197 fuerunt:
2799 3140 2907 3196 hoc
2965 3144 3074 3206 est,
3123 3138 3296 3203 Juda,
3345 3135 3499 3191 Juda
3543 3135 3674 3207 ipsa

2028 3228 2241 3302 regalis
2288 3230 2498 3301 tribus,
2532 3233 2588 3285 et
2634 3230 2960 3301 Benjamin,
2995 3232 3051 3283 et
3096 3230 3298 3299 postea
3342 3224 3547 3281 Levites
3597 3223 3679 3280 ibi

2029 3323 2309 3374 venerant
2356 3320 2427 3375 de
2475 3318 2720 3374 diversis
2768 3317 3040 3372 tribubus
3093 3316 3165 3389 ad
3219 3312 3527 3386 templum.
3570 3312 3679 3379 Qui

2033 3412 2201 3462 erant
2246 3423 2381 3479 ergo
2428 3408 2487 3462 in
2534 3406 2815 3472 Samaria,
2856 3406 2927 3460 de
2970 3404 3125 3460 tribu
3176 3402 3450 3475 Ephraim
3500 3400 3679 3457 babe-

2032 3496 2175 3550 bant
2232 3512 2447 3568 regem.
2507 3495 2805 3559 Quomodo
2864 3493 3019 3550 enim
3078 3492 3179 3564 qui
3236 3491 3560 3563 regnabant
3615 3490 3677 3545 in

2029 3585 2248 3654 Judzea,
2279 3585 2576 3641 habebant
2624 3600 2819 3657 regem
2867 3585 2938 3640 de
2986 3583 3137 3638 tribu
3178 3581 3353 3650 Juda,
3387 3585 3443 3634 et
3470 3594 3680 3652 genere

2030 3674 2256 3730 David:
2311 3674 2394 3731 sic
2442 3674 2541 3746 qui
2589 3675 2912 3747 regnabant
2962 3673 3020 3728 in
3070 3670 3351 3741 Samaria,
3384 3668 3680 3724 habebant

2031 3781 2226 3837 regem
2257 3764 2328 3819 de
2358 3764 2511 3819 tribu
2543 3762 2842 3836 Ephraim,
2875 3766 2931 3818 et
2978 3778 3143 3833 reges
3190 3760 3454 3833 ipsorum
3504 3775 3678 3814 voca-

2031 3854 2246 3909 bantur
2296 3853 2596 3926 Ephraim.
2654 3853 2940 3925 Legamus
2998 3852 3141 3907 Osee
3198 3848 3565 3921 prophetam,
3621 3851 3678 3903 et

2031 3959 2264 3999 omnem
2313 3942 2677 4015 prophetiam
2723 3943 2850 4012 ejus
2882 3945 3083 3996 contra
3111 3938 3389 4011 Ephraim
3421 3936 3675 4008 reperie-

2032 4047 2187 4086 mus.
2221 4034 2286 4085 Et
2333 4030 2548 4085 dicitur
2595 4029 2721 4083 ibi:
2776 4028 3056 4099 Ephraim,
3107 4025 3321 4097 inquit,
3369 4028 3552 4096 factus
3597 4027 3675 4079 est

2031 4121 2190 4189 quasi
2235 4118 2490 4173 columba
2539 4117 2808 4188 insipiens
2858 4115 3009 4186 (Osee
3038 4131 3138 4183 vu,
3174 4114 3282 4185 11).
3336 4112 3481 4168 Vide
3530 4109 3672 4183 quid

2029 4207 2202 4262 dicat.
2236 4205 2517 4262 Columba
2542 4205 2698 4261 enim
2730 4204 3015 4275 insipiens
3045 4202 3325 4275 relinquit
3359 4200 3668 4273 templum,

2030 4300 2086 4350 et
2131 4295 2357 4351 habitat
2409 4293 2470 4349 in
2518 4293 2698 4349 silvis.
2732 4292 3015 4347 Columba
3045 4308 3276 4361 semper
3305 4291 3363 4345 in
3395 4289 3671 4345 domibus

2027 4384 2271 4440 habitat.
2321 4384 2596 4456 Ephraim
2637 4399 2770 4438 vero
2800 4381 3071 4437 columba
3102 4396 3231 4435 mea
3260 4377 3497 4451 reliquit
3525 4381 3672 4433 tem-

2028 4473 2213 4546 plum,
2247 4473 2483 4546 reliquit
2537 4474 2800 4537 domum,
2853 4474 2910 4527 et
2956 4470 3185 4526 habitat
3232 4469 3291 4523 in
3346 4466 3530 4535 silvis,
3561 4466 3672 4522 ha-

1990 4614 1995 4617 .
2028 4563 2177 4618 bitat
2220 4563 2279 4617 in
2328 4562 2592 4618 desertis.
2626 4562 2742 4617 Hoc
2774 4560 3005 4615 interim
3039 4558 3361 4614 secundum
3393 4556 3670 4625 litteram,

2028 4652 2312 4708 debemus
2360 4650 2513 4707 enim
2574 4655 2633 4706 et
2689 4649 2994 4705 historiam
3045 4663 3277 4721 ponere.
3319 4646 3486 4704 Nunc
3536 4662 3672 4703 vero

272 4739 383 4794 hoc
405 4738 668 4811 loquitur
686 4739 757 4794 de
775 4742 849 4793 te.
876 4739 1223 4794 «Generatio
1247 4755 1423 4810 prava
1440 4743 1920 4811 etexasperans.»
1952 4747 1997 4811 1)
2031 4746 2163 4812 post
2212 4740 2487 4808 litteram,
2522 4740 2691 4811 quasi
2742 4756 2845 4810 per
2892 4738 3177 4809 quosdam
3232 4738 3450 4809 gradus
3504 4735 3677 4792 debe-

275 4828 565 4885 Generatio
595 4828 848 4883 adultera
875 4830 927 4882 et
950 4829 1191 4898 pessima
1218 4829 1440 4896 signum
1489 4830 1710 4899 quaerit,
1743 4837 1796 4883 et
1841 4830 1918 4883 si-

273 4934 445 4987 gnum
490 4932 602 4973 non
647 4917 871 4972 dabitur
927 4918 997 4988 ei,
1057 4918 1171 4972 nisi
1224 4919 1444 4989 signum
1498 4920 1653 4975 lena?
1706 4918 1914 4989 (Matth.

272 5022 387 5077 xvr,
421 5006 497 5077 4).
556 5006 744 5069 Quare
797 5005 961 5074 dixit,
1004 5009 1225 5077 prava?
1274 5007 1420 5071 Quia
1475 5006 1609 5062 facti
1665 5010 1803 5062 sunt
1857 5006 1915 5061 in

274 5112 474 5152 arcum
509 5110 866 5167 perversum.
899 5099 1084 5152 Arcus
1131 5095 1286 5151 enim
1319 5112 1623 5166 nunquam
1656 5096 1917 5151 extendi-

274 5188 372 5241 tur
402 5185 462 5240 in
494 5200 627 5240 eum
660 5183 758 5256 qui
791 5199 853 5239 se
896 5183 1098 5253 mittit,
1129 5184 1229 5239 sed
1280 5188 1483 5239 contra
1533 5185 1913 5241 adversarios.

273 5276 394 5330 Ista
422 5276 617 5329 autem
648 5273 944 5346 generatio
976 5289 1110 5329 cum
1141 5277 1295 5330 esset
1336 5277 1492 5329 recta
1539 5291 1572 5329 a
1627 5278 1737 5329 Deo
1782 5290 1916 5329 con-

277 5362 416 5433 dita,
450 5368 506 5418 et
558 5361 872 5419 haberetur
918 5362 977 5418 in
1028 5379 1206 5419 manu
1258 5363 1360 5418 Dei
1414 5362 1582 5435 quasi
1630 5379 1821 5432 arcus,
1856 5366 1920 5417 ut

277 5452 531 5509 mitteret
576 5467 679 5525 per
724 5469 852 5509 eam
902 5451 1168 5525 sagittas,
1198 5469 1367 5509 versa
1412 5456 1499 5508 est
1547 5452 1716 5523 quasi
1747 5469 1916 5507 arcus

275 5557 612 5613 perversus,
670 5540 1087 5613 blasphemans
1142 5542 1203 5596 in
1262 5542 1589 5597 Creatorem
1650 5558 1845 5598 suum.

352 5651 379 5681 ‹‹
412 5629 715 5686 Generatio
745 5646 872 5702 qua:
904 5646 1018 5686 non
1049 5630 1261 5686 direxit
1293 5648 1391 5688 cor
1420 5647 1615 5686 suum.
1646 5650 1673 5682 ιο
1725 5630 1920 5702 Usque

278 5718 450 5775 hodie
495 5736 803 5792 perversus
851 5722 940 5776 est
990 5720 1186 5775 Israel.
1239 5743 1268 5771 ‹‹
1300 5722 1370 5776 Et
1400 5737 1514 5777 non
1547 5724 1632 5776 est
1663 5721 1919 5776 creditus

278 5825 413 5866 cum
440 5809 577 5883 [Deo
628 5808 871 5882 spiritus
930 5810 1079 5883 ejus.
1113 5831 1142 5860 »
1191 5810 1477 5877 Quoniam
1535 5828 1650 5867 non
1706 5810 1922 5883 recepit

2030 4846 2164 4885 mus
2194 4830 2265 4885 ad
2309 4829 2529 4899 majora
2578 4829 2988 4884 conscendere.
3026 4826 3298 4883 Dicamus
3327 4843 3486 4899 ergo,
3520 4824 3672 4881 filios

2028 4918 2325 4990 Ephraim,
2385 4934 2588 4973 omnes
2646 4933 2773 4972 esse
2832 4917 3153 4972 haereticos.
3213 4917 3282 4971 Et
3348 4915 3447 4971 isti
3513 4912 3671 4969 enim

2028 5012 2394 5064 recesserunt
2421 5008 2492 5062 de
2524 5008 2696 5062 domo
2730 5007 2846 5073 Dei,
2871 5010 2929 5061 et
2957 5006 3055 5061 isti
3086 5004 3438 5061 dimiserunt
3465 5001 3667 5073 David,

2027 5103 2084 5153 et
2139 5096 2483 5153 habitabant
2539 5095 2597 5151 in
2656 5095 2923 5151 desertis.
2969 5095 3040 5149 Et
3093 5094 3370 5148 dicuntur
3428 5090 3668 5162 quidem

2028 5186 2330 5256 columbae,
2362 5185 2499 5256 quia
2544 5185 2749 5256 legunt
2802 5183 2911 5255 ipsi
2968 5182 3320 5253 Scripturas,
3370 5179 3472 5234 sed
3524 5178 3669 5236 insi-

2027 5275 2252 5346 pienter
2281 5274 2636 5345 intelligunt.
2669 5271 2831 5327 Multi
2863 5275 3000 5327 sunt
3029 5271 3129 5342 qui
3160 5269 3435 5325 dicuntur
3480 5291 3506 5318 ‹‹
3546 5264 3671 5322 Filii

2027 5363 2325 5436 Ephraim,
2359 5363 2729 5418 intendentes
2759 5366 2815 5417 et
2846 5360 3143 5416 mittentes
3183 5375 3403 5415 arcum.
3440 5380 3468 5407 ››
3524 5356 3670 5411 Vide

2028 5470 2232 5509 omnes
2291 5451 2612 5517 hrcreticos,
2673 5448 2773 5522 qui
2830 5449 3267 5520 dereliquerunt
3316 5446 3667 5517 Jerusalem,

2029 5543 2129 5614 qui
2177 5542 2613 5613 dereliquerunt
2664 5540 2948 5612 templum
2998 5538 3119 5604 Dei,
3154 5537 3253 5609 qui
3302 5534 3573 5591 habitant
3611 5535 3672 5591 in

2029 5632 2313 5687 Samaria.
2351 5630 2457 5686 Ubi
2511 5631 2770 5685 fecerunt
2810 5628 3021 5684 vitulos
3051 5625 3305 5683 aureos?
3350 5625 3415 5681 In
3447 5623 3669 5698 Bethel,

2030 5726 2085 5777 et
2132 5721 2189 5776 in
2243 5725 2381 5775 Dan.
2425 5724 2489 5773 Et
2534 5720 2664 5775 vide
2712 5718 2850 5791 quid
2898 5718 3099 5774 dicat:
3151 5719 3424 5773 Fecerunt
3469 5716 3673 5772 vitulos
3710 5784 3715 5793 ι

2028 5826 2221 5866 aureos
2270 5811 2330 5865 in
2379 5808 2561 5865 Bethel
2614 5809 2711 5882 (III
2758 5813 2883 5879 Reg.
2924 5809 3016 5877 28,
3054 5807 3166 5879 29),
3215 5805 3275 5862 in
3325 5805 3497 5863 domo
3554 5803 3673 5872 Dei,
