4256 6594
620 476 769 571 iiii

2056 492 2059 495 λ
2105 490 2525 566 APPENDIX.

3871 494 4030 561 1119

620 638 939 699 idololatrae
999 638 1133 699 facti
1191 646 1348 699 sunt.
1408 642 1473 699 Et
1521 644 1774 716 fecerunt
1830 638 1974 695 illud
2027 639 2083 694 in
2147 642 2265 695 Dan
2298 640 2350 705 Α
2380 639 2733 697 Ambulabat
2764 636 3043 695 Dominus
3077 653 3255 713 super
3301 651 3483 703 mare,
3515 636 3574 693 et
3600 634 3818 693 ﬂuetus
3843 635 4028 693 maris

622 731 828 805 (Ibid),
859 733 969 790 hoc
999 738 1088 790 est
1120 734 1177 789 in
1197 734 1490 805 judicium
1516 750 1714 799 suum,
1741 737 1799 787 et
1830 732 1884 786 in
1918 730 2270 786 condemna-

624 821 867 878 tionem.
925 822 1373 894 Dereliquerunt
1430 823 1672 877 domum
1738 820 2072 883 Domini,et
2124 818 2271 874 nihil

621 910 779 967 aliud
833 912 947 968 nisi
998 913 1067 968 de
1115 930 1255 969 auro
1304 904 1581 983 cogitant.
1616 911 1779 965 Dicat
1818 910 2049 981 aliquis,
2084 911 2273 974 Quare

622 1000 889 1058 fecerunt
928 1002 1142 1059 vitulos
1188 1002 1441 1058 aureos?
1489 1001 1700 1058 Noster
1745 999 2057 1054 thesaurus
2108 1014 2271 1069 repo-

623 1091 774 1147 situs
803 1096 892 1148 est
926 1092 980 1146 in
1014 1092 1168 1147 vasis
1208 1090 1503 1147 ﬁctilibus.
1539 1088 1928 1144 Ecclesiastici
1962 1089 2140 1157 enim,
2175 1104 2271 1142 ru-

624 1180 756 1237 stici
788 1187 1012 1265 suntlet
1041 1181 1338 1254 simplices
1373 1198 1383 1235 :
1429 1196 1631 1235 omnes
1666 1194 1796 1234 vero
1830 1176 2106 1242 haeretici,
2141 1174 2271 1230 Ari-

624 1271 871 1326 stotelici
928 1277 987 1327 et
1043 1271 1322 1327 Platonici
1390 1275 1545 1325 sunt.
1612 1269 1871 1340 Denique
1942 1272 2005 1321 ut
2072 1265 2271 1320 sciatis

624 1361 902 1432 quoniam
952 1362 1143 1417 omnis
1174 1360 1507 1433 eloquentia
1537 1358 1854 1428 saecularis,
1889 1372 2095 1412 aurum
2130 1354 2272 1409 dici-

622 1454 764 1517 tur»:
802 1452 925 1519 hoc
977 1456 1086 1520 est,
1118 1452 1398 1523 quoniam
1449 1450 1649 1522 lingua
1698 1465 1897 1517 eorum
1940 1445 2107 1518 quasi
2139 1461 2271 1516 pro-

622 1545 753 1614 pter
773 1538 1140 1612 splendorem
1170 1541 1295 1596 auri
1320 1540 1534 1594 dicitur
1561 1558 1572 1594 :
1601 1538 1757 1593 Calix
1780 1553 1993 1592 aureus
2018 1533 2271 1605 Babylon

621 1628 681 1685 in
713 1646 890 1685 manu
926 1630 1182 1685 Domini.
1205 1630 1407 1683 Videte
1440 1629 1578 1699 quid
1612 1628 1769 1682 dicat
1804 1643 1815 1681 :
1854 1625 2104 1696 Babylon
2136 1640 2272 1677 con-

621 1718 892 1775 fusionis.
926 1719 1074 1792 Ergo
1124 1718 1382 1773 mundus
1430 1718 1560 1783 iste,
1595 1716 1743 1771 calix
1798 1731 2007 1769 aureus
2054 1716 2160 1768 est.
2198 1716 2273 1766 De

621 1806 735 1863 hoc
793 1806 971 1863 calice
1024 1823 1200 1863 aureo
1260 1807 1535 1861 omnibus
1596 1805 1871 1877 gentibus
1930 1801 2275 1874 propinatur

625 1897 843 1968 (Jerem.
906 1915 986 1967 LI,
1046 1898 1122 1969 7).
1186 1920 1213 1946 ‹‹
1266 1896 1394 1951 Filii
1453 1894 1726 1967 Ephraim
1794 1892 2158 1948 intendentes
2219 1894 2275 1944 et

625 1985 925 2043 mittentes
968 2003 1191 2042 arcum.
1228 2008 1254 2035 η
1313 1988 1732 2056 Quamcunque
1772 1982 1985 2038 videris
2016 1979 2274 2052 scriptu-

626 2091 753 2131 ram
803 2075 1227 2144 haereticorum,
1279 2093 1483 2131 omnes
1539 2074 1987 2146 superstitiones
2037 2071 2275 2125 habent.

630 2186 658 2215 «
691 2166 924 2223 Reversi
956 2170 1096 2222 sunt
1143 2165 1201 2221 in
1249 2165 1340 2221 die
1390 2164 1546 2220 belli.
1586 2187 1606 2213 ιι
1664 2163 1945 2218 Nesciunt
1991 2178 2125 2216 eum
2176 2162 2275 2231 qui

631 2255 778 2312 dixit
811 2273 823 2310 :
874 2261 1074 2313 Pacem
1102 2272 1279 2312 meam
1308 2256 1377 2311 do
1408 2255 1573 2325 vobis,
1603 2271 1791 2324 parem
1821 2269 1999 2308 meam
2029 2251 2276 2321 relinquo

626 2346 776 2401 vobis
830 2347 1012 2417 (Joan.
1044 2362 1157 2416 xxv,
1188 2346 1281 2416 27)
1318 2362 1330 2399 :
1383 2344 1481 2399 sed
1533 2344 1603 2398 ad
1653 2344 1827 2397 verba
1872 2346 2010 2396 sunt
2054 2357 2273 2412 praepa-

627 2437 758 2494 rati.
794 2436 1020 2491 Habent
1067 2435 1263 2500 verba,
1296 2434 1395 2489 sed
1444 2434 1682 2488 audient
1732 2430 1877 2486 illud
1929 2430 2083 2503 quod
2136 2429 2275 2485 scri-

625 2530 792 2599 ptum
844 2529 978 2581 est:
1033 2526 1256 2596 Dissipa
1302 2532 1485 2593 gentes
1534 2539 1653 2593 quae
1704 2520 1850 2575 bello
1885 2521 2071 2576 volunt
2101 2520 2269 2589 (Psal.

625 2633 798 2682 LXVII,
861 2615 972 2683 31).
1036 2614 1198 2669 Dicat
1255 2612 1486 2685 aliquis,
1548 2616 1803 2667 nostram
1862 2627 1988 2665 esse
2046 2614 2272 2665 senten-

627 2702 768 2760 tiam
803 2719 815 2757 :
852 2701 1172 2758 Videamus
1203 2702 1619 2773 consequentia
1651 2718 1663 2755 :

692 2816 719 2843 «
755 2792 881 2848 Non
914 2792 1318 2847 custodierunt
1364 2793 1780 2846 testamentum
1814 2788 1936 2856 Dei,
1970 2792 2025 2843 et
2055 2789 2112 2842 in
2147 2787 2270 2860 lege

624 2882 754 2953 ejus
802 2880 1119 2936 noluerunt
1165 2879 1489 2948 ambulare,
1529 2883 1585 2933 et
1634 2877 1798 2932 obliti
1850 2881 1991 2932 sunt
2035 2877 2267 2933 benefa-

622 2975 852 3027 ctorum
903 2970 1113 3039 ejus.»
1169 2969 1669 3024 Consurrexerunt
1716 2970 1918 3021 contra
1976 2982 2110 3020 eum
2169 2966 2269 3037 qui

623 3075 725 3114 eos
777 3057 1136 3129 regeneravit
1190 3057 1251 3112 in
1308 3056 1677 3128 baptismate.
1730 3077 1757 3102 ‹‹
1793 3054 1859 3109 Et
1908 3052 2267 3109 mirabilium

620 3148 753 3219 ejus
804 3162 930 3219 qua
984 3144 1238 3201 ostendit
1289 3145 1455 3199 eis.»
1507 3144 1707 3199 Videte
1740 3160 1973 3198 sensum
2008 3143 2268 3215 Scriptu-

625 3252 849 3302 rarum,
885 3235 1175 3307 quomodo
1208 3235 1277 3290 de
1310 3234 1445 3289 filiis
1476 3233 1750 3305 Ephraim
1783 3233 1939 3287 venit
1967 3233 2039 3287 ad
2091 3231 2270 3288 histo-

622 3326 741 3382 rias
772 3323 1091 3397 praeteritas
1126 3342 1139 3379 :
1174 3328 1239 3379 ut
1267 3322 1410 3379 illud
1444 3323 1597 3394 quod
1631 3322 1916 3394 scriptum
1950 3325 2038 3377 est
2070 3338 2082 3375 :
2117 3326 2266 3393 Ape-

623 3414 770 3471 riam
804 3414 865 3469 in
897 3412 1190 3484 parabolis
1236 3431 1301 3469 os
1353 3429 1571 3481 meum,
1605 3412 1813 3483 loquar
1842 3411 2266 3483 propositiones
2298 3384 2341 3451 C

621 3504 692 3560 ab
726 3503 933 3572 initio;
966 3502 1296 3574 parabolice
1327 3502 1551 3558 dictum
1600 3501 1872 3557 ostendit.

691 3614 719 3643 (ι
753 3596 959 3647 Coram
992 3591 1260 3663 patribus
1307 3607 1509 3646 eorum
1560 3607 1688 3661 quae
1721 3589 1855 3645 fecit
1885 3588 2179 3645 mirabilia
2208 3590 2264 3644 in

619 3683 780 3736 terra
808 3677 1059 3752 Egypti,
1091 3678 1151 3732 in
1183 3695 1389 3750 campo
1420 3680 1647 3734 Taneos
1680 3695 1692 3732 :
1744 3677 2054 3748 interrupit
2084 3692 2264 3745 mare,

618 3772 676 3823 et
722 3767 990 3839 perduxit
1035 3783 1157 3830 eos,
1210 3768 1415 3821 statuit
1464 3783 1649 3838 aquas
1698 3766 1865 3837 quasi
1922 3765 1982 3820 in
2034 3770 2181 3837 utre,
2214 3771 2270 3822 et

623 3855 861 3911 deduxit
883 3871 982 3911 eos
1012 3855 1068 3910 in
1102 3856 1257 3911 nube
1282 3855 1417 3910 diei.
1448 3879 1473 3903 ››
1506 3856 1667 3910 Dicat
1688 3853 1940 3926 aliquis:
1970 3855 2101 3909 Vim
2126 3855 2267 3911 facis

618 3945 930 4016 Scriptura:
980 3962 992 4000 :
1044 3944 1393 4017 simpliciter
1442 3944 1597 4000 enim
1656 3943 1871 3999 dicitur
1925 3945 1996 4000 de
2054 3944 2267 4016 populo

619 4033 818 4100 Israel,
869 4034 1103 4106 quando
1154 4035 1400 4089 eductus
1451 4039 1539 4089 est
1592 4034 1661 4089 de
1713 4038 1867 4089 terra
1914 4033 2161 4106 .‘Egypti,
2210 4038 2268 4089 et

618 4127 923 4195 propterea
973 4124 1298 4179 secundum
1358 4123 1668 4179 historiam
1729 4121 1963 4179 dicitur.
2016 4124 2084 4177 Et
2133 4122 2269 4195 legi-

618 4227 753 4267 mus
799 4211 999 4266 decem
1048 4211 1235 4267 tribus
1281 4212 1559 4283 quoniam
1591 4212 2030 4283 dereliquerunt
2062 4212 2264 4283 Deum,

617 4304 675 4356 et
706 4298 1025 4373 idollolatrse
1051 4300 1236 4357 eﬂ‘ecti
1268 4306 1429 4369 sunt,
1456 4306 1512 4356 et
1532 4301 1701 4372 quasi
1732 4301 1917 4356 secuti
1952 4305 2091 4356 sunt
2118 4302 2268 4357 vitu-

613 4388 702 4445 los
759 4405 967 4444 aureos
1034 4389 1130 4457 (III
1192 4392 1316 4460 Reg.
1385 4407 1493 4459 xu,
1557 4391 1623 4443 16
1685 4390 1879 4460 seqq.)
1948 4389 2266 4446 Videamus

616 4476 806 4548 Asaph
866 4478 1147 4551 propheta
1193 4494 1309 4549 quo
1360 4481 1624 4548 tempore
1683 4478 1877 4533 fuerit.
1912 4478 2121 4551 Utique
2164 4478 2264 4536 illo

612 4570 892 4637 tempore,
940 4567 1173 4638 quando
1228 4566 1339 4621 fuit
1389 4567 1563 4622 David
1623 4567 2013 4639 quadraginta
2069 4570 2259 4624 annis.

613 4654 867 4709 Rursum
901 4653 1234 4710 Salomonis
1283 4655 1413 4711 aliis
1462 4657 1854 4729 quadraginta
1901 4657 2092 4713 annis.
2126 4657 2264 4713 Post

2383 732 2688 804 mitigavit,
2721 736 2777 788 et
2826 749 2931 787 nos
2985 729 3269 803 perduxit.
3324 728 3706 800 «Interrupit
3755 744 3937 799 mare,
3971 732 4027 785 et

2383 822 2579 877 eduxit
2602 840 2719 877 eos.
2751 846 2771 871 ι
2809 823 3001 893 Usque
3024 820 3214 885 hodie,
3236 837 3269 874 o
3300 818 3583 874 monacho
3607 817 3814 888 ﬁdelis,
3840 835 4026 891 quan-

2382 912 2454 967 do
2502 912 2768 967 educeris
2816 912 2885 967 de
2942 913 3205 982 ngypto,
3249 907 3700 981 interrumpitur
3756 924 3938 975 mare,
3971 914 4027 965 et

2384 1001 2466 1057 sic
2513 1001 2799 1057 educeris.
2859 1023 2886 1050 ‹‹
2921 999 3139 1055 Statuit
3168 1015 3353 1071 aquas
3397 997 3567 1069 quasi
3596 997 3657 1053 in
3691 1002 3837 1054 utre.
3873 1021 3903 1047 »
3957 999 4018 1054 In

2380 1091 2620 1146 Hebraeo
2652 1106 2767 1146 non
2798 1089 2975 1145 habet
3003 1093 3193 1144 utrem
3229 1105 3242 1141 :
3294 1088 3417 1154 sed,
3474 1110 3502 1136 «
3535 1086 3687 1142 sicut
3734 1104 4021 1144 acervum.

2381 1182 2451 1236 Et
2480 1179 2718 1236 deduxit
2749 1197 2849 1235 eos
2881 1179 2937 1233 in
2971 1179 3126 1234 nube
3154 1178 3287 1233 diei.
3323 1198 3351 1226 »
3405 1178 3544 1233 Ecce
3571 1178 3830 1233 Dominus
3878 1180 4024 1233 venit

2382 1271 2443 1324 in
2499 1272 2789 1341 {Egi/ptum
2845 1271 2900 1323 in
2956 1267 3100 1322 nube
3155 1268 3263 1323 levi
3317 1268 3447 1338 (lsa.
3499 1283 3613 1332 xxx,
3668 1267 3739 1338 1).
3797 1267 4020 1323 Nubem

2384 1358 2592 1427 levem,
2650 1363 2751 1414 aut
2808 1358 3036 1430 pr0prie
3094 1356 3409 1412 Salvatoris
3466 1372 3677 1429 corpus
3741 1357 4020 1413 debemus

2383 1447 2645 1520 accipere
2679 1466 2691 1503 :
2745 1448 2845 1520 qui
2877 1447 3000 1501 leve
3030 1446 3157 1513 fuit,
3192 1452 3250 1502 et
3301 1444 3463 1501 nullo
3512 1450 3744 1518 peccato
3774 1463 4019 1519 praegra-

2382 1542 2578 1593 vatum
2632 1542 2737 1593 est.
2770 1539 2884 1592 Aut
2933 1540 3086 1592 certe
3123 1536 3338 1591 nubem
3370 1534 3553 1591 levem
3581 1536 3863 1592 debemus
3893 1553 4021 1592 san-

2383 1631 2535 1683 ctam
2593 1626 2831 1681 Mariam
2891 1626 3153 1698 accipere
3199 1642 3214 1681 :
3269 1624 3431 1681 nullo
3487 1623 3710 1681 semine
3763 1625 4019 1683 humano

2383 1719 2823 1789 praegravatam.
2856 1717 2999 1771 Ecce
3047 1715 3331 1771 Dominus
3377 1714 3535 1770 venit
3584 1714 3644 1769 in
3686 1715 4015 1788 Egyptum,

2383 1804 2578 1861 sarculi
2612 1804 2784 1860 istius
2816 1823 2828 1861 :
2864 1821 3041 1876 super
3069 1805 3286 1860 nubem
3316 1804 3521 1874 levem,
3553 1803 3861 1875 Virginem.
3897 1827 3924 1852 κ
3952 1805 4021 1862 Et

2384 1893 2623 1949 deduxit
2672 1910 2772 1949 eos
2822 1894 2882 1948 in
2931 1894 3086 1948 nube
3129 1894 3263 1950 diei.
3297 1914 3326 1942 »
3382 1893 3627 1949 Pulchre
3655 1892 3815 1959 dixit,
3862 1893 4020 1949 diei:

2384 1982 2583 2038 Nubes
2614 1983 2769 2038 enim
2802 1982 2904 2038 illa
2934 1999 3047 2038 non
3081 1982 3193 2037 fuit
3235 1983 3291 2037 in
3340 1981 3619 2048 tenebris,
3649 1980 3749 2037 sed
3797 1997 4025 2054 semper

2388 2072 2446 2127 in
2480 2073 2623 2128 luce.
2682 2094 2710 2121 «
2744 2074 2810 2127 Et
2839 2076 2958 2127 tota
2992 2076 3156 2127 nocte
3202 2071 3263 2126 in
3314 2070 3741 2134 illuminatione
3786 2070 3958 2144 ignis.
3990 2092 4020 2121 ιι

2388 2164 2460 2216 Et
2494 2164 2726 2217 tenebrae
2756 2178 2863 2217 non
2916 2169 3042 2217 sunt
3090 2163 3359 2217 absconsae
3406 2176 3441 2215 a
3486 2164 3537 2216 te
3581 2161 3749 2233 (Psal.
3780 2176 4023 2215 cxxxvni

2387 2251 2497 2323 12).
2547 2252 2708 2306 Sicut
2760 2251 2857 2307 lux
2910 2251 3037 2319 tibi,
3085 2251 3163 2306 ita
3214 2255 3272 2307 et
3320 2266 3433 2306 nox
3475 2249 3580 2306 tibi
3623 2250 3798 2321 (Deut.
3831 2250 3926 2319 Iv).
3958 2250 4026 2304 Et

2384 2343 2506 2395 tota
2548 2345 2715 2395 nocte
2766 2341 2826 2396 in
2876 2340 3307 2396 illuminatione
3337 2339 3505 2410 ignis.
3538 2340 3799 2396 Dominus
3823 2345 4020 2407 noster,

2387 2431 2531 2499 ignis
2587 2446 2907 2485 consumens
2963 2434 3041 2486 est
3094 2431 3253 2502 (Hel).
3301 2447 3400 2497 xu,
3432 2430 3545 2497 29).
3604 2429 3761 2501 Ignis
3817 2445 4025 2485 consu-

2386 2537 2571 2576 mens.
2608 2521 2732 2575 Non
2782 2519 2926 2575 dixit
2976 2520 3117 2591 quid
3167 2534 3541 2585 consumens,
3596 2518 3765 2575 nobis
3812 2517 4024 2574 intelli-

2382 2609 2639 2681 gentiam
2683 2608 3013 2679 dereliquit.
3046 2608 3152 2674 Qui
3184 2625 3361 2681 super
3388 2608 3833 2663 fundamentum
3860 2607 4024 2678 Chri-

2384 2697 2458 2751 sti
2490 2697 2950 2765 aedilicaverunt,
2981 2696 3228 2769 lignum,
3261 2697 3481 2764 fenum,
3513 2696 3790 2769 stipulam
3821 2697 3868 2768 (1
3894 2696 4017 2752 Cor.

2379 2804 2465 2855 ιιι,
2500 2788 2588 2855 12)
2623 2804 2635 2842 :
2669 2787 2954 2843 Dominus
3005 2786 3122 2843 illis
3152 2787 3307 2860 ignis
3339 2802 3693 2843 consumens
3721 2790 3825 2843 est.
3856 2785 4020 2860 Ignis

2379 2875 2672 2948 duplicem
2734 2875 2909 2931 habet
2967 2881 3262 2943 naturam,
3307 2880 3361 2932 et
3418 2874 3591 2942 lucet,
3651 2878 3706 2930 et
3760 2874 3898 2930 urit.
3957 2874 4017 2930 Si

2379 2970 2710 3038 peccatores
2741 2982 2971 3033 sumus,
3004 2965 3265 3021 incendit
3297 2982 3309 3019 :
3362 2965 3411 3021 si
3444 2965 3612 3036 justi,
3643 2964 3798 3021 lucet
3826 2963 4018 3020 nobis.

2453 3078 2477 3103 ‹‹
2514 3054 2833 3127 Interrupit
2864 3059 3087 3126 petram
3118 3054 3178 3109 in
3210 3056 3461 3111 deserto.
3493 3077 3522 3103 «
3556 3056 3885 3126 lnterrupta
3913 3070 4017 3109 no-

2379 3143 2471 3199 bis
2497 3149 2585 3199 est
2615 3148 2778 3215 petra
2804 3144 2863 3199 in
2896 3161 3109 3201 eremo.
3134 3149 3420 3201 Percussa
3440 3150 3530 3200 est
3557 3147 3739 3216 petra,
3760 3150 3819 3199 et
3840 3144 4021 3199 ﬂuxe-

2378 3237 2517 3287 runt
2546 3250 2728 3305 aquaa.
2762 3232 2866 3289 Illa
2894 3238 3058 3305 petra
3103 3251 3229 3306 quae
3279 3234 3419 3289 dicit
3454 3250 3467 3289 :
3519 3235 3623 3303 Qui
3666 3236 3803 3303 siut,
3834 3235 4019 3289 veniat

2378 3328 2431 3378 et
2480 3324 2664 3391 bibat;
2710 3323 2774 3378 de
2820 3324 2977 3390 cuius
3023 3332 3206 3379 ventre
3252 3326 3533 3394 ﬂuxerunt
3578 3326 3810 3393 ﬂumina
3838 3324 4015 3393 (Joan.

2378 3430 2478 3478 νιι,
2522 3413 2613 3477 37,
2661 3412 2772 3481 38).
2826 3435 2851 3461 «
2892 3413 2956 3467 Et
3004 3412 3321 3484 adaquavit
3365 3429 3464 3468 eos
3509 3406 3664 3468 velut
3705 3411 3763 3466 in
3806 3411 4016 3485 abysso

2379 3502 2585 3557 multa.
2615 3524 2642 3549 ι)
2676 3503 2737 3556 In
2760 3502 3009 3571 deserto,
3032 3502 3131 3557 ubi
3164 3518 3316 3573 aqua
3349 3518 3461 3558 non
3491 3506 3634 3572 erat,
3658 3500 4017 3557 abundantia

2378 3590 2547 3647 nobis
2594 3606 2879 3663 aquarum
2931 3591 3081 3646 facta
3126 3596 3235 3647 est.
3290 3613 3319 3641 «
3351 3591 3422 3647 Et
3466 3590 3664 3647 eduxit
3702 3606 3914 3662 aquam
3944 3590 4015 3644 de

2377 3686 2559 3753 petra,
2592 3684 2647 3735 et
2676 3679 2876 3735 eduxit
2904 3684 3185 3752 tanquam
3226 3680 3471 3737 flumina
3516 3696 3719 3753 aquas,
3751 3684 3808 3736 et
3834 3695 4013 3753 appo-

2377 3774 2626 3825 suerunt
2680 3768 2871 3823 adhuc
2930 3785 3165 3840 peccare
3219 3769 3294 3838 ei,
3327 3791 3357 3820 »
3405 3774 3516 3826 etc.
3571 3769 3615 3825 Ο
3671 3768 4015 3842 perversitas

2379 3858 2572 3914 cordis
2604 3857 2784 3929 pravi,
2818 3856 2876 3912 in
2909 3858 3091 3913 Deum
3124 3857 3276 3914 male
3304 3858 3583 3931 loquitur,
3613 3863 3669 3914 et
3697 3858 3795 3931 qui
3834 3856 4011 3931 justi-

2375 3948 2519 4003 tiam
2567 3946 2790 4002 esurire
2839 3947 3139 4017 debuerat,
3184 3963 3393 4003 carnes
3444 3947 3686 4019 requirit
3730 3951 3788 4002 et
3835 3946 4011 4002 olera.

2375 4036 2520 4092 Nam
2555 4035 2709 4091 sicut
2736 4035 2961 4109 Moyses
3004 4037 3296 4108 percussit
3340 4036 3399 4092 in
3443 4052 3636 4093 eremo
3679 4040 3924 4109 petram,
3955 4040 4014 4091 et

2376 4125 2651 4197 produxit
2681 4124 2895 4198 populo
2928 4141 3115 4197 aquas
3145 4131 3332 4198 (Num.
3365 4143 3461 4195 xx,
3494 4126 3601 4197 11),
3633 4125 3715 4182 ita
3741 4129 3799 4181 et
3825 4124 4017 4180 Domi-

2375 4232 2488 4271 nus
2519 4231 2690 4287 quem
2725 4214 2941 4270 Paulus
2987 4231 3331 4287 percussum
3383 4215 3467 4271 ait
3513 4219 3745 4288 propter
3779 4218 4017 4287 peccata

2376 4308 2575 4359 nostra
2604 4304 2777 4374 (Rom.
2814 4320 2887 4371 iv,
2919 4305 3035 4375 25),
3069 4304 3390 4361 immensos
3423 4304 3591 4361 nobis
3621 4302 3856 4377 protulit
3886 4303 4014 4359 fon-

2374 4398 2463 4448 tes
2500 4411 2512 4448 :
2563 4392 2859 4464 apostolos
2905 4392 3146 4459 scilicet,
3180 4410 3332 4466 quos
3378 4398 3541 4466 petra
3569 4391 3932 4461 monstravit,
3961 4397 4020 4448 et

2374 4497 2476 4553 per
2505 4498 2652 4554 quos
2684 4481 2975 4537 {luxerunt
3003 4487 3309 4538 torrentes.
3342 4484 3653 4539 Torrentes
3692 4485 3876 4537 autem
3912 4481 4022 4537 do-

2373 4575 2559 4626 ctores
2581 4570 2905 4643 accipimus
2930 4588 2943 4626 ε
2973 4589 3074 4643 per
3093 4588 3242 4644 quos
3270 4575 3576 4640 torrentes,
3602 4572 3657 4627 id
3684 4574 3785 4635 est,
3806 4569 4023 4627 subse-

2372 4666 2618 4730 quentes
2643 4659 3028 4715 Ecclesiarum
3052 4661 3319 4716 doctores
3339 4658 3543 4733 repleti
3571 4664 3726 4716 sunt.
3760 4659 3837 4715 Ex
3861 4675 4015 4731 quo-

615 4742 908 4812 octoginta
939 4759 1121 4799 annos
1156 4745 1265 4800 sub
1313 4746 1590 4812 Roboam,
1624 4750 1828 4818 postea
1878 4746 2074 4801 scissae
2126 4751 2266 4802 sunt
2298 4761 2341 4826 D
2373 4766 2505 4805 rum
2529 4766 2635 4804 nos
2658 4748 3083 4821 praedicatione,
3105 4749 3265 4805 sitim
3287 4750 3445 4805 verbi
3473 4750 3569 4806 Dei
3591 4748 4017 4821 restinguimus

616 4830 818 4887 decem
850 4831 1060 4888 tribus.
1093 4832 1268 4889 Vides
1315 4851 1449 4906 ergo
1502 4836 1654 4906 quod
1707 4835 1941 4904 dicitur,
1977 4853 2089 4891 non
2122 4835 2263 4892 dici-

613 4924 710 4976 tur
739 4921 811 4976 de
852 4920 1049 4977 decem
1087 4922 1374 4992 tribubus,
1408 4924 1507 4980 sed
1558 4925 1627 4979 de
1674 4924 1961 4981 hzereticis
2013 4923 2261 4997 prophe-

614 5015 791 5066 tatur.
847 5035 873 5059 ‹‹
906 5012 1112 5067 Coram
1166 5013 1431 5084 patribus
1484 5029 1685 5068 eorum
1721 5013 1852 5070 fecit
1881 5013 2192 5071 mirabilia.
2232 5036 2257 5063 ››

611 5100 787 5156 Obliti
811 5116 947 5173 ergo
997 5105 1136 5156 sunt
1166 5101 1421 5157 barretici
1454 5103 1633 5173 patris
1664 5103 1778 5174 sui,
1804 5102 1904 5175 qui
1928 5103 2061 5158 fecit
2083 5103 2259 5159 mira-

610 5188 753 5245 bilia
799 5189 860 5243 in
907 5193 1061 5244 terra
1110 5190 1361 5262 Egypti,
1406 5191 1465 5245 in
1517 5192 1771 5247 tenebris
1821 5192 1991 5247 istius
2039 5191 2255 5262 saeculi,

608 5278 904 5351 quomodo
954 5277 1088 5334 illos
1132 5279 1420 5335 liberavit.
1454 5282 1515 5335 In
1559 5280 1813 5337 Ecclesia
1863 5281 2046 5336 renati
2096 5285 2253 5349 sunt,

607 5372 665 5422 et
694 5372 898 5440 postea
927 5367 1027 5422 ubi
1061 5367 1179 5424 nati
1213 5372 1372 5438 sunt,
1404 5369 1671 5440 displicet
1700 5369 1782 5425 eis
1815 5369 2086 5438 Ecclesia,
2136 5393 2161 5423 α
2192 5375 2254 5426 In

606 5461 761 5512 terra
790 5457 1016 5529 {Egypti
1050 5456 1108 5511 in
1157 5474 1364 5529 campo
1394 5459 1640 5521 Taneos,
1680 5481 1701 5507 ιι
1756 5458 1853 5513 ubi
1904 5458 2253 5525 idololatria,

609 5544 708 5598 ubi
757 5562 854 5601 rex
902 5546 1153 5618 Egypti,
1191 5546 1289 5601 ubi
1343 5548 1640 5619 equitatus
1684 5547 1933 5619 Aigypti,
1968 5548 2063 5602 ubi
2112 5549 2252 5605 Jan-

609 5646 711 5685 nes
744 5636 799 5687 et
829 5633 1118 5690 Mambres
1159 5635 1472 5692 adversarii
1523 5636 1729 5706 Moysi,
1760 5635 1856 5691 ubi
1907 5636 2250 5694 idololatria.

610 5716 727 5774 Nos
776 5737 977 5776 omnes
1030 5738 1265 5778 eramus
1311 5726 1365 5779 in
1405 5727 1660 5795 .‘Egypto,
1695 5731 1750 5780 et
1783 5743 1813 5780 a
1849 5726 2087 5781 Domino
2118 5727 2255 5783 libe-

612 5806 721 5863 rati
767 5824 996 5864 sumus.
1050 5812 1430 5881 «Interrupit
1482 5828 1662 5880 mare,
1718 5818 1775 5871 et
1823 5814 2021 5870 eduxit
2058 5832 2247 5872 eos.»

2372 4837 2480 4892 Sed
2525 4842 2581 4893 et
2629 4838 2702 4892 ad
2750 4838 2965 4893 fontem
3018 4838 3293 4911 baptismi
3328 4839 3498 4895 nobis
3526 4844 3699 4911 atque
3726 4838 4017 4911 martyrii,

2370 4926 2574 4981 eadem
2605 4931 2767 4998 petra
2786 4927 3062 4983 ostendit.
3088 4927 3167 4984 De
3197 4927 3374 4984 latere
3396 4928 3551 4985 enim
3573 4929 3701 5000 ejus
3726 4944 3859 4984 cum
3879 4944 4018 5001 per-

2369 5031 2581 5070 cussus
2603 5019 2710 5082 est,
2736 5016 2977 5088 sanguis
2998 5020 3053 5071 et
3075 5034 3228 5088 aqua
3249 5018 3533 5089 processit
3554 5018 3729 5089 (Joan.
3753 5035 3869 5089 xxx,
3895 5018 4019 5090 3i),

2368 5104 2525 5175 quod
2558 5104 2914 5176 baptismum
2940 5112 2995 5161 et
3024 5106 3366 5180 martyrium
3391 5108 3678 5181 figuravit.
3700 5108 4023 5165 Torrentes

2367 5198 2563 5249 autem
2588 5194 2855 5250 doctores
2879 5196 3038 5261 dicti,
3065 5197 3202 5266 quia
3227 5196 3569 5269 priusquam
3593 5198 3915 5266 crederent,
3946 5199 4021 5254 ab

2368 5281 2656 5338 imbribus
2695 5288 2751 5339 et
2796 5283 3118 5341 volutabris
3149 5285 3326 5356 hujus
3357 5287 3556 5342 saeculi
3585 5292 3751 5343 erant
3779 5288 4019 5361 repleti.

2365 5373 2529 5428 Nunc
2560 5378 2753 5429 autem
2784 5373 3078 5446 baptismo
3100 5374 3307 5444 abluti,
3331 5392 3365 5430 a
3396 5376 3554 5432 fonte
3576 5376 3704 5432 vitae
3733 5378 4024 5449 perennis

2363 5461 2816 5518 inundaverunt.
2852 5463 3029 5518 Addit
3059 5464 3449 5522 murmuratio
3476 5466 3740 5533 Judaica,
3762 5465 3979 5524 dicens
4004 5485 4019 5525 :

2436 5551 2793 5622 «Numquid
2838 5556 2895 5605 et
2940 5567 3150 5623 panem
3207 5554 3415 5622 poterit
3462 5555 3618 5625 dare,
3652 5560 3753 5611 aut
3799 5572 4026 5629 parare

2363 5656 2627 5695 mensam
2659 5638 2875 5713 populo
2904 5657 3011 5695 suo
3035 5640 3063 5694 ?
3098 5664 3125 5690 ››
3178 5642 3483 5699 Difficilem
3535 5648 3701 5717 putat
3728 5644 4025 5704 virtutem

2362 5728 2461 5784 Dei
2501 5747 2512 5784 :
2570 5733 2632 5783 ut
2680 5728 2779 5799 qui
2829 5728 3092 5785 eduxerit
3141 5748 3353 5804 aquam
3394 5734 3466 5789 de
3495 5749 3651 5806 saxo,
3686 5736 3855 5806 quasi
3891 5754 4030 5796 non

2362 5816 2551 5888 possit
2580 5833 2796 5872 manna
2826 5817 2964 5873 dare
2996 5819 3066 5878 de
3094 5818 3258 5877 cmlo.
