4256 6596
346 496 503 576 1113

1520 512 2022 582 BREVIARIUM
2064 514 2145 579 IN
2187 513 2569 579 PSALMOS.

3590 512 3747 578 1114

412 669 440 698 ‹‹
475 645 607 704 Ideo
640 644 860 703 audivit
888 644 1194 716 Dominus,
1226 652 1283 704 et
1312 648 1560 706 distulit.
1608 673 1635 702 »
1671 650 1882 723 Utique
1924 666 1985 706 se
2013 650 2069 717 Α
2099 650 2307 707 Christi
2335 651 2584 723 indigne,
2608 647 2883 722 judicium
2919 647 3027 707 sibi
3061 632 3232 705 sumit
3276 650 3332 703 et
3378 644 3515 705 bibit
3543 647 3592 721 (Ι
3617 651 3724 706 Cor

339 736 412 793 ab
445 736 549 806 eis,
583 753 655 792 ne
685 737 743 792 in
776 741 991 793 terram
1022 738 1497 810 repromissionis
1526 740 1829 797 intrarent.
1865 764 1892 791 ‹‹
1919 742 1990 796 Et

338 825 495 900 ignis
523 843 805 882 accensus
836 831 926 882 est
954 826 1014 882 in
1043 829 1242 894 Jacob,
1276 832 1331 884 et
1367 829 1455 885 ira
1505 831 1767 887 ascendit
1797 831 1856 886 in
1904 832 1987 886 Is-

338 915 478 973 rael.
526 938 554 966 »
592 916 773 972 Jacob
822 932 936 972 non
985 933 1217 990 semper
1261 918 1671 991 supplantator
1714 920 1987 976 vitiorum

338 1005 730 1078 intelligitur:
766 1021 871 1062 nec
919 1006 1095 1062 Israel
1136 1006 1191 1061 in
1245 1008 1534 1064 omnibus
1570 1009 1772 1065 videns
1802 1009 1988 1064 Deum

339 1094 643 1168 accipitur.
698 1095 1011 1167 Apostolus
1068 1099 1260 1152 autem
1320 1097 1488 1153 docet
1532 1114 1662 1155 esse
1714 1098 1986 1154 Israelem

340 1185 666 1242 secundum
698 1200 933 1241 carnem
965 1186 1011 1256 (Ι
1040 1184 1162 1241 Cor.
1195 1203 1251 1252 x,
1286 1186 1396 1257 18),
1449 1186 1520 1243 de
1565 1203 1681 1259 quo
1724 1186 1939 1243 dicitur
1972 1203 1985 1243 :

341 1274 408 1330 Et
435 1273 758 1330 fornicatus
800 1278 885 1330 est
936 1273 1111 1330 Israel
1158 1275 1362 1346 (Judic.
1411 1292 1537 1343 VIII,
1585 1278 1697 1348 27).
1730 1277 1785 1331 Si
1830 1276 1986 1332 enim

339 1351 583 1419 vidisset
612 1367 805 1419 mente
839 1363 1366 1430 Deum,fornicatus
1386 1365 1590 1435 utique
1620 1383 1734 1421 non
1759 1365 1987 1421 fuisset.

342 1452 435 1508 Sic
466 1453 537 1508 de
567 1452 765 1519 Jacob,
800 1468 932 1507 cum
965 1452 1117 1508 Esau
1150 1452 1438 1524 pollutum
1472 1453 1645 1510 idolis
1685 1454 1985 1521 adorabat,

342 1541 588 1598 dicens:
627 1542 786 1598 Video
815 1542 1011 1609 faciem
1061 1549 1211 1596 tuam
1255 1549 1518 1613 tanquam
1561 1544 1761 1613 faciem
1806 1544 1991 1614 angeli

339 1631 440 1687 Dei
469 1630 622 1698 (Gen.
656 1647 856 1700 xxxm,
892 1630 1008 1701 10);
1041 1629 1151 1701 vel,
1184 1647 1319 1687 cum
1368 1632 1771 1705 impinguatus
1801 1631 1989 1687 recal-

342 1719 712 1786 citravit,non
744 1723 868 1774 erat
899 1718 1309 1791 supplantator
1339 1720 1630 1776 vitiorum.
1658 1723 1787 1777 Ideo
1810 1726 1867 1777 et
1896 1721 1991 1777 hic

341 1806 426 1864 ita
454 1806 900 1880 intelligendum
930 1813 1019 1864 est
1052 1825 1064 1864 :
1100 1808 1238 1880 quia
1267 1825 1549 1866 accensus
1578 1814 1667 1866 est
1712 1811 1772 1866 in
1813 1811 1989 1867 Jacob

342 1901 611 1954 terrenus
642 1896 797 1969 ignis
829 1898 1334 1969 concupiscentia,
1367 1902 1425 1954 et
1452 1898 1533 1955 ita
1562 1899 1621 1955 in
1653 1899 1873 1956 ultione
1904 1900 1990 1955 di-

339 1987 495 2053 vina,
528 2002 708 2058 super
737 1985 915 2042 Israel
946 1986 1240 2043 carnalem
1271 1988 1552 2044 ascendit.

414 2100 441 2126 ‹‹
475 2076 620 2141 Quia
665 2092 781 2130 non
822 2076 1195 2132 crediderunt
1223 2076 1282 2132 in
1315 2077 1522 2144 Deum,
1575 2095 1677 2134 nec
1725 2095 1991 2145 sperave-

343 2171 482 2221 runt
510 2164 571 2220 in
601 2163 843 2220 salutari
887 2166 1034 2237 ejus.
1073 2188 1093 2215 ν
1129 2166 1244 2221 Nec
1296 2166 1550 2233 Patrem,
1603 2184 1706 2224 nec
1756 2167 1990 2237 Filium,

343 2253 445 2326 qui
475 2252 636 2309 salus
666 2253 871 2309 mundi
904 2258 1012 2325 est,
1038 2254 1430 2312 crediderunt.

419 2366 447 2394 (ι
479 2344 545 2399 Et
576 2342 870 2398 mandavit
904 2343 1162 2400 nubibus
1193 2344 1465 2418 desuper,
1498 2350 1555 2402 et
1599 2346 1819 2418 januas
1867 2346 1993 2402 cali

346 2433 592 2504 aperuit.
628 2436 693 2486 Et
724 2431 872 2504 pluit
900 2431 1017 2489 illis
1048 2450 1266 2490 manna
1302 2434 1373 2490 ad
1423 2435 1922 2492 manducandum.
1966 2458 1993 2485 ››

344 2520 613 2579 Prastita
639 2520 759 2576 hac
792 2525 931 2577 sunt
959 2521 1215 2578 Hebrais
1248 2540 1259 2577 :
1296 2524 1396 2579 sed
1429 2528 1484 2580 et
1517 2526 1686 2581 modo
1710 2525 1768 2580 in
1799 2524 1994 2581 Eccle-

348 2609 436 2667 sia
486 2608 788 2682 prophetis
846 2614 904 2666 et
963 2610 1242 2682 apostolis
1291 2613 1646 2685 praecipitur,
1706 2617 1769 2668 ut
1825 2613 1995 2669 nobis

345 2700 587 2755 verbum
621 2698 1071 2771 pradicationis,
1106 2716 1222 2772 quo
1253 2700 1450 2756 anima
1478 2702 1864 2774 spiritualiter
1892 2720 1993 2775 pa-

347 2792 564 2855 scatur,
599 2788 969 2844 annuntient.
999 2810 1028 2838 «
1059 2788 1269 2845 Panem
1296 2789 1422 2845 coeli
1455 2791 1616 2847 dedit
1645 2792 1750 2859 eis,
1784 2808 1994 2864 panem

347 2876 689 2950 angelorum
723 2876 1099 2932 manducavit
1129 2877 1357 2933 homo.»
1392 2878 1523 2952 Ipse
1552 2879 1777 2936 homini
1800 2881 1995 2937 cibum

345 2966 614 3040 praebuit,
667 2967 763 3036 qui
816 2965 959 3021 dixit
1012 2983 1024 3021 :
1075 2968 1188 3036 Ego
1243 2983 1364 3022 sum
1410 2970 1574 3040 panis
1616 2971 1766 3037 vita,
1791 2973 1886 3041 qui
1934 2971 1998 3027 de

344 3056 476 3112 caelo
519 3055 773 3111 descendi
816 3074 833 3110 :
884 3058 980 3127 qui
1027 3056 1437 3112 manducauerit
1483 3074 1553 3113 ex
1608 3074 1688 3128 eo,
1750 3062 1890 3115 vivet
1939 3061 1998 3114 in

344 3153 621 3217 agternum
677 3144 854 3216 (Joan.
909 3162 980 3213 γι,
1029 3146 1120 3214 51,
1174 3145 1286 3215 52).
1347 3146 1428 3201 Ex
1478 3145 1588 3202 hoc
1644 3147 1798 3204 enim
1849 3165 2000 3221 pane

346 3231 474 3287 coeli
526 3230 713 3287 sancti
768 3231 1107 3287 reficiuntur
1154 3237 1210 3287 et
1254 3232 1465 3304 angeli.
1505 3254 1531 3285 α
1563 3234 1791 3291 Cibaria
1839 3237 2001 3293 misit

345 3320 433 3376 eis
484 3319 543 3376 in
575 3319 954 3375 abundantia.
988 3342 1019 3369 »
1050 3319 1123 3376 Ut
1165 3321 1301 3391 jam
1342 3339 1458 3378 non
1506 3321 1709 3379 littera
1754 3324 1991 3395 hordeo,

347 3408 449 3466 sed
480 3406 805 3480 spiritualis
834 3407 1013 3464 tritici
1046 3409 1316 3481 dogmate
1349 3409 1656 3467 satientur.

424 3517 451 3550 α
478 3497 551 3554 Et
578 3495 880 3553 transtulit
922 3498 1199 3554 Austrum
1246 3498 1318 3554 de
1366 3498 1528 3561 ccelo,
1570 3502 1628 3555 et
1672 3500 1903 3558 induxit
1940 3503 1998 3558 in

276 3580 279 3583 ’
349 3586 569 3643 virtute
614 3602 724 3643 sua
771 3585 1053 3655 Africum,
1087 3590 1145 3643 et
1172 3585 1323 3660 pluit
1351 3604 1528 3660 super
1556 3605 1655 3645 eos
1688 3588 1840 3646 sicut
1869 3591 2000 3663 pul-

345 3692 542 3733 verem
590 3690 818 3739 carnes,
876 3696 904 3725 »
953 3679 1062 3731 etc.
1116 3677 1179 3732 In
1226 3676 1436 3748 ventis,
1489 3678 1694 3734 ﬂatum
1751 3680 2000 3752 Spiritus

348 3764 533 3822 sancti
587 3765 970 3821 demonstrat.
1031 3763 1272 3821 Collatio
1330 3770 1529 3822 autem
1577 3767 1996 3839 multitudinis,

347 3872 474 3926 qua
505 3852 728 3926 pulveri
760 3851 851 3909 vel
883 3869 1069 3909 arena
1098 3854 1279 3909 maris
1313 3854 1999 3925 assimilatur,terrenum

346 3948 404 4000 et
431 3944 650 3999 durum
679 3958 884 3999 eorum
916 3942 1110 4017 arguit
1139 3960 1400 4000 sensum.
1427 3967 1453 3995 «
1491 3946 1558 4001 Et
1586 3947 1919 4004 ceciderunt
1941 3947 1999 4004 in

345 4032 538 4090 medio
569 4034 899 4088 castrorum
930 4047 1160 4098 eorum,
1192 4033 1349 4089 circa
1377 4034 1754 4093 tabernacula
1773 4054 1997 4108 eorum,

344 4126 401 4179 et
430 4121 1019 4191 manducaverunt,et
1047 4120 1294 4177 saturati
1327 4126 1467 4178 sunt
1496 4122 1694 4180 nimis.
1712 4146 1740 4173 »
1771 4124 2001 4194 Castra,

343 4225 672 4282 synagogas
721 4206 879 4265 dicit.
921 4208 1325 4265 Tabernacula
1369 4227 1522 4279 vero,
1574 4212 1749 4269 corda
1797 4230 1998 4272 eorum

345 4297 405 4353 in
437 4296 653 4370 quibus
685 4295 806 4351 hac
838 4296 1227 4354 defluxerunt.
1260 4299 1423 4363 Quod
1456 4303 1652 4357 autem
1684 4319 1781 4358 eos
1822 4304 2001 4360 nimis

346 4385 569 4443 indicat
621 4388 935 4457 saturatos,
986 4383 1307 4458 ingluviem
1353 4402 1556 4443 eorum
1586 4389 1879 4447 carnalem
1912 4392 2000 4449 in-

347 4478 546 4548 crepat
579 4490 592 4529 :
628 4473 785 4547 quod
816 4472 879 4528 hi
911 4471 1013 4545 qui
1045 4473 1117 4529 de
1152 4473 1249 4530 Dei
1278 4477 1584 4549 praceptis
1613 4479 1769 4535 reﬁci
1791 4481 2004 4538 debue-

347 4569 501 4637 rant,
532 4564 603 4620 de
645 4560 931 4636 pulvereis
979 4578 1041 4617 se
1089 4563 1365 4620 carnibus
1420 4565 1684 4622 sentiunt
1732 4570 1998 4640 satiatos,

351 4676 379 4705 ‹‹
406 4653 477 4709 Et
508 4651 867 4709 desiderium
898 4667 1107 4707 eorum
1140 4651 1336 4709 attulit
1359 4652 1442 4709 eis
1478 4670 1490 4710 :
1525 4671 1641 4711 non
1674 4662 1813 4713 sunt
1840 4658 2003 4715 frau-

2096 759 2173 808 xr,
2207 741 2320 810 29).
2360 764 2381 792 ι
2414 736 2483 796 Et
2511 740 2724 796 electos
2768 738 2945 796 Israel
2990 737 3371 811 impedivit.»
3408 737 3742 811 Impediun-

2096 833 2194 886 tur
2223 834 2279 885 et
2310 848 2465 885 nunc
2496 830 2661 886 electi
2692 828 2957 885 Ecclesia
2993 847 3005 884 :
3041 827 3090 883 si
3122 844 3194 884 ne
3223 828 3335 900 ipsi
3369 843 3601 900 quoque
3646 844 3744 883 sa-

2098 919 2363 974 cerdotes
2395 919 2735 973 innocenter
2763 917 2884 973 hac
2914 914 3281 973 sacramenta
3308 915 3652 989 percipiant.

2175 1028 2201 1059 α
2256 1008 2317 1063 In
2371 1007 2646 1063 omnibus
2699 1006 2792 1063 his
2842 1010 3226 1077 peccaverunt
3272 1004 3465 1061 adhuc
3497 1022 3511 1061 :
3540 1009 3599 1060 et
3625 1020 3742 1061 non

2097 1097 2468 1153 crediderunt
2513 1096 2572 1151 in
2628 1094 2978 1151 mirabililus
3027 1095 3176 1166 ejus.
3209 1095 3279 1150 Et
3324 1095 3679 1164 defecerunt,
3715 1115 3744 1144 ››

2097 1189 2204 1242 etc.
2241 1186 2487 1241 Peccant
2516 1183 2777 1255 quotidie
2809 1182 3417 1255 iniqui,quoadusque
3446 1181 3743 1249 deficiant,

2098 1278 2153 1330 et
2184 1290 2317 1329 cum
2350 1272 2722 1330 festinatione
2750 1272 3056 1328 deficiunt:
3093 1271 3193 1345 qui
3222 1270 3625 1328 sacerdotibus
3650 1269 3746 1327 Dei

2099 1363 2378 1418 obaudire
2427 1367 2831 1427 contemnunt,
2884 1361 3038 1417 sicut
3088 1365 3146 1417 et
3205 1358 3455 1433 populus
3497 1359 3594 1417 ille
3643 1358 3746 1431 qui

2098 1456 2301 1507 contra
2330 1450 2619 1506 famulum
2650 1449 2751 1506 Dei
2779 1454 3035 1523 Moysem
3068 1449 3493 1506 murmurabat.

2174 1561 2201 1593 α
2231 1541 2375 1596 Cum
2406 1540 2693 1596 occideret
2722 1556 2842 1607 eos,
2875 1540 3211 1612 quarebant
3230 1555 3386 1603 eum,
3417 1541 3474 1593 et
3504 1540 3745 1593 reverte-

2099 1630 2331 1695 bantur,
2365 1633 2421 1685 et
2451 1627 2711 1684 diluculo
2758 1628 3066 1684 veniebant
3097 1628 3168 1683 ad
3200 1643 3354 1683 eum.
3387 1645 3413 1677 ι
3448 1623 3746 1698 Flagellati

2100 1720 2158 1774 in
2192 1719 2443 1790 peccatis
2474 1717 2914 1774 revertebantur
2944 1734 2957 1771 ε
2991 1732 3348 1788 excussoque
3380 1714 3745 1771 infidelitatis

2100 1826 2328 1879 somno,
2364 1808 2738 1864 maturabant
2766 1812 2831 1862 ut
2860 1807 3131 1864 audirent
3158 1806 3398 1861 verbum
3425 1804 3546 1861 Dei.

2178 1919 2202 1951 ι
2220 1899 2286 1954 Et
2317 1898 2807 1965 rememorabant,
2823 1895 2961 1969 quia
2982 1895 3137 1951 Deus
3158 1894 3393 1966 adjutor
3412 1898 3502 1949 est
3524 1908 3749 1964 eorum,

2022 2024 2070 2090 Β
2101 1993 2158 2045 et
2188 1988 2341 2045 Deus
2368 1986 2633 2044 excelsus
2684 1987 3018 2057 redemptor
3059 2000 3261 2040 eorum
3306 1986 3423 2082 est.
3451 1979 3748 2090 sﬂNullum

2101 2095 2273 2152 posse
2298 2075 2709 2133 intellexerunt
2738 2073 3096 2146 adjutorium
3131 2070 3427 2140 ferre,nisi
3459 2069 3626 2127 illum
3648 2070 3748 2143 qui

2103 2183 2200 2223 eos
2231 2167 2301 2222 de
2331 2165 2608 2221 servitute
2638 2162 2864 2237 {Egypti
2893 2162 3178 2218 liberavit.

2175 2280 2201 2305 ‹‹
2236 2261 2303 2311 Et
2334 2254 2661 2311 dilexerunt
2690 2270 2824 2309 eum
2857 2252 2916 2309 in
2949 2268 3046 2308 ore
3074 2268 3200 2308 suo.
3232 2273 3259 2301 ››
3283 2253 3424 2306 Cum
3455 2248 3745 2306 dicerent:

2105 2345 2300 2402 Omnia
2330 2358 2689 2416 quaecumque
2713 2343 3034 2415 praeceperit
3056 2340 3254 2413 Moyses
3277 2336 3748 2413 faciemus(Exod.

2103 2452 2217 2503 xxx,
2248 2433 2323 2504 8).
2362 2453 2389 2485 κ
2417 2434 2487 2489 Et
2513 2432 2717 2505 lingua
2746 2448 2853 2488 sua
2884 2429 3127 2487 mentiti.
3159 2434 3298 2485 sunt
3343 2427 3415 2510 ei.
3466 2450 3494 2479 »
3544 2427 3749 2483 Dicen-

2102 2528 2190 2581 tes
2219 2522 2403 2595 Moysi
2436 2538 2449 2577 :
2485 2522 2681 2578 Omnia
2719 2536 3056 2593 quaecunque
3099 2521 3309 2577 dixerit
3358 2519 3619 2575 Dominus
3662 2520 3752 2587 [a-

2105 2629 2243 2667 mus.

2178 2725 2203 2751 «
2240 2701 2350 2756 Cor
2378 2703 2572 2756 autem
2604 2699 2868 2772 ipsorum
2908 2715 3025 2755 non
3072 2701 3197 2754 erat
3242 2701 3464 2754 rectum
3498 2714 3631 2754 cum
3663 2713 3753 2764 eo,

2110 2807 2211 2847 nec
2242 2778 2442 2861 ﬁdeles
2472 2788 2656 2845 habiti
2689 2793 2827 2845 sunt
2856 2787 2915 2844 in
2946 2791 3298 2844 testamento
3349 2788 3498 2858 ejus.
3533 2807 3561 2836 »
3606 2790 3751 2841 Nam

2106 2885 2163 2936 et
2191 2879 2477 2936 Dominus
2508 2876 2841 2934 testimonio
2874 2883 3046 2933 utens
3078 2875 3239 2932 Isaia
3269 2874 3564 2949 propheta
3595 2874 3750 2931 dice-

2107 2969 2207 3024 bat
2239 2986 2253 3023 :
2287 2969 2530 3040 POpulus
2560 2967 2648 3022 hic.
2679 2967 2843 3022 labiis
2871 2982 2959 3022 me
2987 2965 3217 3021 honorat
3247 2982 3266 3020 :
3295 2981 3389 3021 cor
3416 2968 3601 3020 autem
3636 2963 3755 3036 ejus

2108 3058 2275 3132 longe
2302 3064 2379 3114 est
2410 3074 2443 3112 a
2474 3073 2562 3112 me
2593 3056 2815 3129 (Matth.
2850 3073 2943 3125 xv,
2973 3056 3039 3123 8;
3072 3057 3174 3111 Isa.
3206 3071 3359 3126 xxix,
3396 3054 3502 3122 18).

2181 3171 2208 3198 ‹‹
2257 3149 2387 3219 Ipse
2434 3150 2627 3201 autem
2676 3150 2767 3201 est
2814 3144 3168 3217 misericors,
3219 3148 3277 3201 et
3322 3141 3612 3218 propitius
3660 3143 3758 3200 ﬁet

2107 3237 2363 3310 peccatis
2396 3252 2622 3301 eorum,
2652 3255 2677 3286 ι
2716 3239 2828 3291 etc.
2860 3234 3173 3290 Multitudo
3223 3233 3378 3290 enim
3428 3231 3758 3289 misericor-

2109 3325 2340 3379 diarum
2372 3323 2627 3379 continet
2657 3339 2815 3387 eum,
2849 3327 2913 3378 ut
2956 3323 3096 3377 dum
3147 3325 3443 3393 exspectat
3471 3321 3755 3395 paniten-

2028 3391 2071 3460 α
2112 3413 2279 3484 tiam,
2330 3429 2444 3468 non
2494 3412 2701 3483 puniat
2746 3411 3184 3483 delinquentem
3238 3391 3268 3466 εν
3298 3410 3435 3483 quia
3472 3391 3598 3467 non
3636 3410 3762 3466 vult

2110 3506 2359 3557 mortem
2416 3500 2760 3574 peccatoris,
2811 3501 2909 3555 sed
2964 3503 3028 3555 ut
3076 3503 3452 3555 convertatur
3497 3503 3554 3555 et
3607 3498 3760 3555 vivat

2109 3590 2323 3661 (Ezech.
2357 3607 2516 3660 xvm,
2549 3590 2661 3660 23).

2183 3702 2211 3729 ‹‹
2264 3684 2331 3734 Et
2376 3682 2800 3735 rememoratus
2852 3682 2941 3735 est
2989 3678 3127 3750 quia
3179 3694 3312 3734 caro
3360 3682 3518 3734 sunt.
3561 3699 3582 3727 ιι
3639 3676 3762 3734 Scit

2113 3769 2269 3825 enim
2305 3768 2440 3841 quia
2475 3785 2609 3824 caro
2643 3784 2875 3841 semper
2905 3768 3127 3824 resistit
3154 3766 3266 3840 legi
3297 3768 3416 3824 Dei.
3449 3790 3477 3817 ‹‹
3506 3765 3761 3840 Spiritus

2109 3859 2346 3924 vadens,
2377 3860 2434 3914 et
2463 3875 2577 3913 non
2613 3855 2866 3913 rediens.
2900 3878 2926 3910 η
2962 3856 3130 3913 Novit
3170 3857 3326 3913 enim
3375 3855 3516 3929 quia
3561 3855 3758 3925 homo,

2111 3947 2330 4004 amisso
2380 3946 2614 4019 spiritu,
2666 3946 2725 4002 in
2778 3946 3074 4018 pulverem
3124 3945 3450 4002 revertitur.
3500 3945 3648 4002 Nam
3707 3948 3764 4001 et

2109 4037 2361 4110 Spiritus
2392 4040 2632 4092 sanctus
2659 4052 2790 4090 cum
2819 4034 3037 4091 recedit
3065 4051 3099 4089 a
3131 4033 3762 4107 peccatoribus,quam-

2110 4125 2210 4181 diu
2242 4125 2301 4180 in
2331 4123 2656 4180 volutabris
2687 4122 3091 4196 peccaminum
3122 4126 3281 4191 sunt,
3303 4139 3419 4179 non
3450 4122 3761 4180 revertitur

2110 4215 2182 4271 ad
2213 4230 2332 4270 eos.

2186 4301 2479 4369 «Quoties
2522 4301 3013 4359 exacerbaverunt
3058 4318 3194 4358 eum
3243 4301 3302 4357 in
3356 4302 3583 4359 deserto
3635 4316 3648 4357 :
3699 4300 3758 4356 in

2110 4390 2259 4448 iram
2291 4392 2728 4449 concitaverunt
2755 4408 2887 4448 eum
2921 4390 2981 4446 in
3008 4390 3312 4464 inaquoso.
3348 4414 3370 4444 ι
3408 4390 3471 4446 In
3497 4389 3762 4446 incredu-

2110 4480 2275 4538 litate
2308 4482 2512 4553 utique
2541 4486 2716 4554 atque
2746 4481 3016 4538 ariditate
3045 4479 3236 4537 cordis
3270 4478 3383 4536 sui.

2184 4593 2213 4621 ‹‹
2245 4571 2315 4627 Et
2344 4571 2605 4627 conversi
2636 4574 2795 4637 sunt,
2826 4573 2883 4625 et
2909 4573 3279 4626 tentaverunt
3308 4573 3511 4638 Deum,
3534 4572 3591 4625 et
3618 4567 3762 4624 San-

2110 4663 2269 4715 ctum
2322 4660 2500 4716 Israel
2554 4660 3065 4715 exacerbaverant.
3103 4681 3129 4708 »
3161 4659 3296 4715 Erat
3344 4664 3483 4715 tunc
3532 4658 3761 4730 Moyses

349 4741 472 4799 dati
503 4759 536 4797 a
566 4740 854 4798 desiderio
884 4758 1012 4799 suo.
1044 4763 1071 4791 ››
1107 4741 1403 4799 Immensa
1434 4743 1618 4816 pietas
1648 4745 1903 4813 Domini,
1936 4752 2002 4805 ut
2032 4765 2079 4830 Ι)
2110 4754 2352 4805 sanctus
2384 4748 2582 4816 Israel,
2617 4748 2717 4821 qui
2752 4748 2933 4804 Deum
2966 4752 3024 4805 et
3051 4753 3243 4805 mente
3269 4747 3503 4805 videbat
3531 4752 3587 4804 et
3616 4764 3761 4803 ocu-

349 4835 579 4888 terreno
629 4829 785 4886 victu
829 4830 1156 4887 esurientes
1211 4833 1399 4905 pascit
1433 4849 1444 4889 ε
1479 4833 1562 4889 sic
1612 4839 1669 4891 et
1716 4836 1815 4907 qui
1865 4854 1999 4894 cum

350 4918 783 4987 desideraverit,
843 4918 1084 4988 caelesti,
1150 4937 1327 4992 quem
1395 4923 1666 4995 superius
1712 4925 2001 4993 diximus,

349 5024 499 5082 pane
528 5006 729 5080 replet.
766 5007 914 5080 Ergo
961 5007 1022 5063 hi
1075 5007 1176 5080 qui
1210 5025 1414 5067 carnes
1471 5015 1723 5083 tantum,
1781 5018 1839 5070 et
1885 5032 2000 5071 non

347 5103 531 5155 Deum
561 5095 1065 5169 desideraverunt,
1097 5096 1237 5169 quid
1270 5098 1329 5154 in
1356 5102 1621 5172 sequenti
1655 5102 1896 5159 tulerint
1926 5105 2003 5159 vi-

346 5187 612 5245 deamus.

419 5299 448 5329 «
477 5276 687 5333 Adhuc
716 5290 849 5331 esca
878 5290 1079 5333 eorum
1114 5280 1240 5333 erat
1269 5276 1328 5334 in
1360 5296 1457 5336 ore
1488 5280 1782 5353 ipsopum,
1815 5282 2003 5339 et-ira

348 5366 446 5423 Dei
476 5365 743 5423 ascendit
771 5381 950 5438 super
979 5382 1100 5433 eos,
1132 5371 1189 5423 et
1218 5368 1428 5425 occidit
1458 5369 1705 5444 pingues
1736 5387 1999 5428 eorum.»

345 5455 474 5512 Hac
504 5456 574 5512 de
605 5454 698 5512 his
728 5455 829 5527 qui
865 5455 1047 5512 Deum
1080 5461 1212 5528 post
1241 5462 1544 5531 acceptum
1578 5476 1794 5517 manna
1836 5462 2000 5519 dere-

344 5544 819 5619 liquerunt.Nam
851 5547 910 5600 et
940 5560 1099 5600 nunc
1128 5545 1187 5600 in
1220 5546 1477 5604 Ecclesia
1506 5548 1553 5604 si
1588 5550 1720 5622 quis
1750 5566 1923 5606 carne
1945 5557 2001 5608 et

343 5633 636 5707 sanguine
665 5632 881 5689 Christi
914 5632 1194 5702 reﬁcitur,
1225 5639 1282 5692 et
1311 5636 1565 5694 declinat
1602 5638 1671 5694 ad
1706 5637 1862 5708 vitia,
1896 5657 1999 5697 no-

341 5723 491 5780 verit
540 5721 652 5778 sibi
702 5721 803 5779 Dei
850 5719 1147 5793 judicium
1193 5723 1522 5795 imminere,
1576 5727 1725 5784 sicut
1783 5729 1999 5786 Paulus

342 5809 641 5884 apostolus
685 5809 766 5868 ait
810 5827 823 5867 :
874 5810 978 5879 Qui
1027 5814 1291 5884 acceperit
1331 5830 1523 5888 corpus
1570 5821 1625 5876 et
1667 5820 1998 5890 sanguinem

2110 4837 2204 4910 lis,
2237 4852 2412 4909 quem
2462 4836 2675 4909 sapius
2724 4830 3165 4896 exacerbabant.
3198 4838 3307 4895 Sed
3339 4843 3397 4895 et
3425 4853 3581 4894 nunc
3608 4853 3760 4894 .exa-

2113 4926 2371 4993 cerbant,
2403 4943 2536 4982 cum
2569 4925 3006 5000 audiunt,quod
3039 4927 3333 4984 Christum
3365 4926 3679 4985 Dominum
3698 4925 3754 4982 in

2112 5032 2285 5072 carne
2317 5015 2685 5071 nasciturum
2716 5016 3045 5072 annuntiat.

2182 5127 2209 5155 «
2242 5105 2368 5161 Non
2400 5110 2542 5161 sunt
2565 5105 2849 5161 recordati
2883 5122 3095 5162 manus
3125 5106 3253 5175 ejus
3287 5122 3300 5160 :
3331 5104 3423 5160 die
3455 5121 3572 5178 qua
3602 5104 3760 5162 rede-

2111 5194 2217 5251 mit
2247 5212 2346 5251 eos
2372 5196 2443 5250 de
2478 5211 2660 5251 manu
2709 5194 3069 5251 tribulantis.
3107 5216 3136 5245 »
3168 5193 3487 5251 Pharaonis
3535 5194 3755 5267 utique,

2111 5284 2210 5357 qui
2242 5283 2565 5357 figuraliter
2596 5282 2866 5341 diabolus
2900 5284 3131 5340 dicitur.

2182 5398 2209 5424 «
2243 5375 2405 5430 Sicut
2434 5374 2629 5447 posuit
2655 5373 2716 5428 in
2746 5373 2991 5446 Egypto
3023 5374 3192 5447 signa
3220 5389 3347 5441 sua,
3390 5375 3447 5429 et
3493 5372 3760 5446 prodigia

2110 5462 2307 5529 suain
2336 5480 2542 5535 campo
2570 5464 2815 5520 Taneos.
2851 5485 2877 5511 ››
2909 5463 3069 5519 Sicut
3109 5462 3263 5518 cnim
3297 5466 3437 5519 tunc
3467 5463 3527 5521 in
3557 5462 3758 5520 decem

2109 5552 2316 5626 signis,
2349 5553 2405 5609 id
2438 5555 2527 5609 est
2556 5552 2769 5626 plagis,
2802 5552 3026 5625 Moyses
3072 5551 3350 5623 p0pulum
3404 5568 3472 5609 ex
3514 5553 3756 5627 Egypto

2109 5640 2378 5699 liberavit
2409 5661 2421 5699 :
2455 5642 2535 5697 ita
2565 5646 2622 5697 et
2652 5640 2870 5698 Paulus
2902 5640 3204 5713 apostolus
3235 5641 3434 5698 decem
3481 5641 3757 5715 Epistolis

2109 5731 2381 5804 prasenti
2410 5731 2617 5788 mundi
2649 5731 2918 5787 tenebras
2947 5730 3256 5804 oppressit.

2184 5844 2211 5870 ‹‹
2241 5820 2535 5879 Convertit
2564 5820 2623 5878 in
2657 5820 3005 5893 sanguinem
3034 5821 3281 5881 ﬂumina
3305 5837 3532 5893 eorum,
3564 5825 3623 5881 et
3646 5822 3756 5879 im-
