4256 6578
590 472 745 537 1115

2081 476 2502 540 ΑΡΡΕΝΒΙΧ.

3845 474 4011 538 1118

594 603 729 662 bres
774 621 977 664 eorum
1025 625 1098 666 ne
1148 610 1436 670 biberent.
1471 636 1499 666 »
1540 618 1705 671 Vana
1750 615 2232 689 philosophorum
2262 611 2317 679 Α
2347 610 2793 678 daemoniorum,
2827 609 2946 667 sive
2974 608 3267 681 vitiorum,
3299 606 3361 666 in
3391 607 3501 668 hoc
3531 607 4003 679 mundo,sacro-

585 694 781 763 verba,
814 714 942 770 quaa
975 698 1034 755 in
1062 700 1343 760 doctrinis
1376 703 1686 763 Platonicis
1717 706 1982 763 Ecclesiae
2027 722 2232 778 parvu-

586 781 675 840 los
704 784 1120 845 interimebant
1154 809 1166 845 :
1200 792 1257 846 in
1298 792 1580 850 ultionem
1625 795 1880 851 divinam
1929 794 2047 852 illis
2098 812 2234 851 con-

585 890 753 930 versa
782 882 871 931 est
900 884 957 934 et
985 878 1043 934 in
1077 898 1363 953 cruorem,
1388 888 1452 938 ut
1503 886 1602 956 qui
1652 886 1999 957 sanguinem
2033 886 2235 941 funde-

588 962 753 1030 bant,
781 965 839 1022 id
872 972 981 1037 est,
1017 970 1243 1026 animas
1266 973 1682 1043 jugulaverant
1720 976 2071 1045 seducendo,
2101 992 2235 1029 san-

588 1053 769 1125 guine
801 1056 1078 1129 deinceps
1111 1065 1468 1129 poterentur.

663 1182 690 1209 «
726 1161 886 1217 Misit
916 1162 973 1218 in
1006 1182 1104 1220 eos
1144 1168 1529 1240 eynomyiam,
1565 1173 1621 1225 et
1655 1172 1909 1226 comedit
1956 1188 2072 1227 eos.
2113 1195 2138 1219 »
2169 1173 2233 1225 in

589 1252 896 1324 cynomyia
927 1255 1270 1325 Cynicorum
1299 1263 1514 1314 sectam
1547 1258 1847 1325 indicavit,
1880 1278 2007 1333 quae
2038 1260 2234 1315 libidi-

590 1355 723 1394 nem
757 1348 927 1413 alque
955 1343 1268 1415 luxuriam,
1318 1364 1618 1403 summum
1670 1352 1943 1420 praedicat
1990 1353 2231 1406 bonum.

565 1449 621 1505 ,α
654 1430 720 1483 Et
748 1447 972 1499 ranam,
1005 1437 1061 1489 et
1089 1435 1435 1507 disperdidit
1466 1456 1584 1493 eos.
1623 1462 1650 1487 ››
1682 1440 1745 1494 In
1778 1457 2053 1496 ranarum
2087 1440 2234 1495 voci-

586 1517 714 1583 bas,
745 1525 803 1575 et
834 1524 850 1557 ¹
885 1528 1185 1592 poetarum
1218 1526 1481 1582 carmina
1523 1528 1923 1600 designantur,
1960 1546 2086 1600 quae
2138 1547 2236 1601 per

585 1603 948 1665 inﬂationem
986 1613 1357 1671 verbositatis
1406 1618 1958 1674 exterminationum
2008 1620 2234 1674 fabulas

584 1694 931 1755 intulerunt.

659 1823 687 1852 «
722 1803 789 1859 Et
818 1805 978 1861 dedit
1008 1809 1251 1881 aerugini
1282 1810 1508 1867 fructus
1539 1830 1762 1869 eorum.
1796 1837 1823 1864 »
1860 1814 1923 1870 In
1956 1816 2229 1887 aerugine,

587 1890 712 1949 sive.
738 1893 1023 1963 canicula,
1058 1898 1455 1956 fornicationis
1478 1902 1665 1958 forma
1694 1908 2021 1959 monstratu
2034 1906 2229 1960 r.Nam

2346 705 2547 758 sancto
2578 702 2828 757 adventu
2860 718 2968 756 suo
3001 699 3227 768 delevit,
3244 716 3311 756 ac
3330 699 3716 773 triumphavit
3745 700 3807 755 in
3837 699 4003 774 ligno

2345 792 2535 847 crucis
2566 808 2707 857 suae,
2738 796 2794 847 et
2823 791 2894 847 ab
2926 808 3126 847 eorum
3158 792 3331 847 corde
3360 790 3603 862 depulit,
3637 790 3739 863 qui
3769 790 3999 847 callidi-

2345 882 2450 937 tati
2484 881 2781 937 diabolicae
2814 882 2992 937 dediti
3028 880 3431 953 fuerant,quia
3458 880 3639 937 Cham
3667 879 3996 937 calliditas‘

2346 970 2783 1042 interpretatur.

2415 1100 2444 1128 ››
2478 1079 2548 1133 Et
2579 1078 2824 1133 abstulit
2855 1079 3007 1134 sicut
3037 1096 3170 1135 oves
3202 1078 3482 1151 populum
3515 1095 3714 1146 suum,
3765 1084 3824 1135 et
3868 1094 3997 1150 per-

2345 1166 2511 1222 duxit
2540 1185 2637 1223 eos
2666 1171 2948 1240 tanquam
2981 1184 3214 1241 gregem
3247 1169 3308 1224 in
3339 1170 3588 1225 deserto.
3621 1190 3643 1218 ι
3670 1168 3773 1224 His
3801 1166 3995 1241 plagis

2344 1256 2649 1311 verberata
2678 1256 2963 1311 Dominus
2994 1259 3253 1330 .Egypto,
3277 1258 3477 1313 eduxit
3505 1256 3790 1329 populum
3814 1274 3991 1312 suum

2345 1346 2416 1400 de
2472 1346 2871 1417 suprascripta
2930 1347 3226 1414 servitute,
3294 1363 3466 1418 quem
3534 1346 3820 1420 sanguine
3883 1336 3991 1402 suo

2346 1435 2687 1499 redemerat,
2719 1441 2776 1491 et
2804 1434 3105 1490 collocavit
3133 1451 3267 1491 eum
3296 1436 3354 1491 in
3385 1435 3802 1508 Ecclesia,quaa
3827 1436 3991 1508 prius

2345 1523 2560 1578 sterilis
2592 1524 2780 1579 fuerat
2827 1541 2893 1579 ac
2941 1525 3171 1579 deserta
3223 1540 3236 1578 :
3287 1525 3359 1580 de
3406 1541 3523 1595 qua
3569 1524 3651 1580 ait
3690 1525 3849 1579 Multi
3875 1523 3992 1594 ﬁlii

2342 1612 2589 1679 deserar,
2648 1616 2826 1681 magis
2883 1631 3048 1685 quam
3092 1615 3208 1685 ejus
3252 1631 3372 1685 qua
3426 1614 3586 1669 habet
3632 1615 3813 1669 virum
3859 1614 3987 1685 (lsa.

2344 1717 2452 1768 Liv,
2490 1702 2563 1771 1).

2419 1832 2439 1857 υ
2476 1810 2543 1864 Et
2570 1809 2769 1865 eduxit
2794 1827 2892 1865 eos
2923 1810 2980 1865 in
3013 1826 3136 1881 spe,
3169 1814 3225 1865 et
3254 1827 3366 1865 non
3394 1809 3737 1878 timuerunt,
3769 1813 3824 1864 et
3871 1808 3986 1864 ini-

2342 1897 2526 1953 micos
2556 1916 2757 1955 eorum
2790 1899 3017 1971 Operuit
3048 1916 3227 1955 mare.
3265 1921 3292 1948 »
3322 1897 3630 1955 Collocatis
3660 1898 3752 1954 his
3780 1899 3838 1953 in
3884 1915 3990 1971 spe

587 1978 739 2035 sicut
768 1980 888 2037 hzec
918 1983 1074 2041 lento
1105 2003 1313 2059 repens
1344 1990 1669 2060 conamine,
1702 1993 2105 2050 crudelissime
2144 2012 2234 2049 ar-

2344 1988 2707 2053 aeternitatis,
2738 1989 2967 2059 operuit
3005 2005 3165 2044 mare
3194 1987 3464 2044 inimicos
3510 2004 3734 2056 eorum,
3767 1986 3991 2044 scilicet

584 2067 794 2125 borum
826 2071 1116 2131 fructibus
1146 2076 1459 2134 insidiatur
1490 2096 1504 2135 :
1539 2081 1617 2136 ita
1648 2086 1702 2137 et
1741 2082 1859 2137 hare
1909 2082 2118 2139 blande
2165 2084 2233 2138 il-

582 2156 790 2215 liciens
840 2160 1129 2235 homines,
1171 2166 1391 2239 iniquis
1422 2187 1487 2225 eo
1518 2174 1691 2243 atque
1734 2171 1974 2227 occultis
2022 2173 2231 2229 morsi-

584 2244 695 2302 bus
722 2250 1040 2308 saevissime
1070 2262 1285 2311 vorat.«
1320 2258 1389 2313 Et
1421 2258 1649 2315 labores
1679 2278 1881 2316 eorum
1916 2262 2176 2317 locustze.
2206 2285 2232 2311 ››

582 2341 649 2393 Ιιι
678 2337 926 2405 locusta,
956 2340 1201 2398 humani
1233 2346 1461 2415 generis
1494 2348 1794 2404 discordiae
1835 2351 2230 2407 confutantur.

590 2427 725 2491 Quae
756 2444 889 2484 cum
923 2429 1048 2486 sine
1069 2448 1203 2503 rege
1234 2435 1566 2493 ordinatum
1586 2439 1761 2493 ducat
1781 2440 2231 2505 exercitum,hu-

586 2532 828 2573 manum
888 2523 1084 2576 tamen
1134 2539 1321 2594 genus
1364 2542 1595 2597 semper
1640 2528 1885 2584 dissidet
1914 2545 1978 2584 ac
2009 2529 2230 2585 discor-

583 2606 704 2662 dat.

657 2736 684 2763 ‹‹
714 2712 937 2771 Occidit
985 2716 1042 2771 in
1089 2720 1374 2790 grandine
1415 2722 1613 2779 vineas
1657 2740 1881 2795 eorum,
1932 2731 1989 2781 et
2036 2743 2231 2781 moros

582 2818 782 2858 eorum
834 2805 891 2860 in
945 2806 1177 2877 pruina.
1227 2811 1296 2865 Et
1342 2813 1586 2869 tradidit
1634 2815 1905 2886 grandini
1958 2816 2232 2887 jumenta

580 2908 804 2963 eorum,
837 2898 896 2949 et
928 2898 1332 2966 possessiones
1363 2918 1565 2957 eorum
1598 2903 1739 2975 igni.
1771 2924 1797 2956 ο
1838 2907 1898 2959 Ιιι
1949 2905 2231 2975 grandine

582 2982 890 3052 castigatio
942 2984 1137 3042 divina
1186 2993 1591 3047 monstratur:
1644 2993 1702 3048 in
1753 3011 1869 3065 qua
1919 2994 2006 3048 vel
2049 2995 2229 3049 vinem

580 3067 671 3123 vel
701 3069 937 3126 arbores
966 3072 1362 3146 flagellantur:
1394 3078 1480 3133 ha:
1514 3079 1735 3136 scilicet
1765 3098 2035 3154 quze,pra3
2060 3082 2231 3138 bonis

584 3156 893 3226 fructibus,
921 3160 1169 3218 tribulos
1199 3164 1584 3236 protulerunt.
1614 3170 1701 3225 Ab
1733 3170 1843 3226 hac
1872 3172 2030 3226 enim
2062 3188 2239 3243 gran-

585 3244 722 3302 dine
750 3250 806 3303 et
829 3249 1101 3319 jumenta
1131 3254 1499 3325 occiduntur,
1533 3262 1599 3313 ut
1642 3276 1842 3315 eorum
1894 3261 2229 3333 insipientia

593 3341 893 3432 arguatur,
927 3341 1027 3413 qui
1077 3342 1339 3400 divinum
1374 3364 1587 3403 nomen
1619 3349 1823 3405 bestiis
1870 3350 2226 3406 indiderunt.
2259 3364 2303 3432 α

586 3425 745 3498 Ignis
775 3444 1008 3501 quoque
1040 3432 1111 3487 ad
1141 3432 1506 3505 depascenda
1551 3437 1692 3493 vitia
1738 3443 1793 3494 et
1841 3438 2232 3495 illuminanda

584 3516 945 3573 credentium
992 3522 1168 3576 corda
1226 3524 1498 3593 mittitur,
1551 3527 1704 3583 sicut
1758 3530 2038 3585 Dominus
2089 3530 2170 3585 ait
2216 3547 2230 3584 :

585 3605 773 3673 Ignem
799 3609 927 3661 veni
952 3611 1169 3666 mittere
1198 3612 1257 3665 in
1288 3621 1492 3669 terram
1517 3632 1535 3668 :
1566 3618 1615 3670 et
1654 3617 1786 3688 quid
1827 3619 1968 3685 volo,
2015 3620 2126 3673 nisi
2173 3626 2234 3673 ut

585 3693 916 3749 accendatur
943 3697 1091 3766 (Luc.
1125 3717 1222 3768 xu,
1257 3701 1366 3772 49).

665 3818 688 3846 ι
720 3799 876 3855 Misit
905 3800 963 3855 in
996 3818 1093 3858 cos
1125 3803 1272 3861 iram
1304 3806 1723 3879 indignationis
1762 3828 1879 3866 suae
1915 3830 1927 3867 :
1961 3813 2229 3885 indigna-

584 3885 897 3955 tionem,et
927 3890 1073 3947 iram
1104 3897 1161 3947 et
1189 3892 1649 3964 tribulationem,
1677 3899 2105 3956 immissionem
2134 3918 2235 3973 per

526 3984 533 3989 '
588 3976 826 4064 angelos
859 3979 1070 4036 malos.
1116 4005 1135 4033 ι
1184 3983 1255 4038 Ut
1286 3985 1384 4055 qui
1419 3985 1631 4042 divinis
1662 3988 1848 4060 plagis
1879 4008 1994 4045 non
2026 4008 2232 4064 argue-

588 4063 819 4134 bantur,
851 4068 1156 4127 diabolicis
1189 4072 1415 4130 insidiis
1445 4077 1853 4133 tunderentur.
1896 4079 2002 4144 Qui
2036 4063 2230 4135 autem

588 4153 707 4208 sint
735 4155 948 4227 angeli,
982 4158 1106 4230 ipse
1134 4159 1420 4220 Dominus
1450 4163 1508 4219 in
1542 4165 1851 4238 Evangelio
1884 4167 2227 4224 declaravit:

584 4242 679 4311 Ile,
713 4242 923 4315 inquit,
957 4248 1017 4301 in
1048 4249 1251 4319 ignem,
1282 4267 1439 4322 quem
1480 4259 1827 4324 pra’paravii
1873 4258 2038 4313 Pater
2082 4274 2232 4313 meus

583 4330 797 4389 diabolo
826 4338 877 4389 et
904 4338 1115 4407 angelis
1139 4340 1255 4411 ejus
1285 4340 1492 4411 (Matth.
1526 4359 1655 4411 xxv,
1726 4344 1800 4413 1).

658 4462 685 4488 ‹‹
722 4439 883 4496 Viam
916 4443 1051 4498 fecit
1080 4444 1300 4501 semita:
1344 4445 1441 4501 ira:
1473 4465 1611 4520 sua},
1644 4454 1702 4504 et
1732 4467 1847 4505 non
1880 4453 2167 4524 perpercit
2197 4470 2231 4508 a

586 4532 771 4583 morte
826 4531 1139 4589 animabus
1195 4552 1417 4604 eorum,
1477 4542 1533 4593 et
1580 4539 1852 4609 jumenta
1918 4558 2118 4597 eorum
2169 4542 2228 4597 in

583 4620 769 4672 morte
798 4619 1103 4677 conclusit.
1137 4646 1165 4673 ››
1201 4625 1381 4680 [labet
1427 4626 1579 4684 viam
1629 4627 1826 4684 divina
1856 4630 1960 4699 ira,
1993 4647 2126 4685 cum
2168 4632 2227 4686 in

582 4706 803 4776 peccati
837 4707 1055 4805 ultione
1083 4713 1217 4805 quis
1251 4715 1516 4805 traditus
1565 4734 1680 4774 non
1730 4717 1939 4776 liberat
1968 4721 2225 4777 animam
2259 4740 2304 4805 ι)

582 4810 752 4850 suam
784 4812 819 4851 a
848 4798 1139 4871 supplicio
1176 4803 1471 4875 gehenna.
1523 4806 1626 4862 Vel
1675 4823 1810 4864 cum
1866 4810 2224 4883 insipientia,

582 4900 709 4956 qua
728 4885 1021 4956 jumentis
1046 4894 1136 4947 est
1166 4892 1398 4963 similis,
1425 4896 1482 4950 in
1506 4902 1691 4953 morte
1722 4900 2073 4971 sempiterna
2098 4918 2230 4957 con-

579 4972 858 5032 cluditur.

660 5085 686 5118 α
714 5064 782 5121 Et
812 5069 1106 5138 percussit
1129 5087 1301 5129 omne
1332 5074 1788 5147 primogenitum
1839 5078 1898 5133 in
1950 5084 2101 5135 terra
2130 5097 2224 5135 eo-

579 5170 708 5208 rum
749 5172 762 5210 :
797 5157 1087 5228 primitias
1117 5162 1311 5218 omnis
1343 5162 1559 5219 laboris
1580 5182 1781 5221 eorum
1808 5166 1865 5221 in
1888 5168 2228 5224 tabernacu-

579 5240 653 5299 lis
683 5242 884 5301 Cham.
921 5270 948 5296 »
981 5248 1142 5305 Sicut
1174 5251 1292 5307 haec
1318 5256 1484 5325 gesta
1514 5256 1573 5309 in
1603 5256 1845 5327 IEgypto
1876 5257 2226 5327 referuntur;

580 5329 656 5389 ita
709 5339 767 5391 et
824 5336 1131 5411 Dominus,
1174 5341 1563 5414 principatus,
1613 5349 1671 5399 et
1726 5348 2062 5416 potestates,
2107 5346 2230 5403 sive

655 5493 1281 5578 1.0rigencs_homil._i
1314 5501 1372 5557 in
1409 5503 1581 5558 Exod.
1618 5520 1631 5578 _:
1668 5526 1695 5551 ‹‹
1730 5508 1836 5557 Per
1866 5521 2039 5561 ranas
2075 5505 2226 5561 indi-

582 5569 699 5640 cari
728 5569 1103 5647 singulariter
1149 5573 1403 5647 arbitror
1450 5574 1713 5647 carmina
1761 5581 2085 5647 poetarum,
2132 5578 2229 5647 qui

586 5640 746 5688 inani
777 5640 1029 5717 quadam
1078 5648 1135 5698 et
1167 5644 1389 5717 inﬂata
1417 5640 1833 5713 modulatione,
1866 5648 2022 5704 velut
2062 5640 2229 5705 rana-

586 5718 717 5758 rum
749 5715 911 5764 sonis
940 5718 996 5765 et
1025 5715 1294 5773 cantibus
1325 5718 1547 5773 mundo
1576 5717 1713 5773 huic
1743 5720 1972 5779 fabulas
2019 5722 2228 5779 intule-

581 5781 738 5847 runt,
774 5800 801 5828 «
834 5783 941 5835 etc.
975 5784 1276 5844 Tractator
1305 5789 1365 5845 in
1397 5806 1505 5847 sua
1538 5792 1861 5851 transtulit.

2343 2080 2409 2130 ut
2437 2092 2570 2132 cum
2598 2077 2657 2131 hi
2690 2076 3077 2132 abluebantur
3099 2075 3687 2148 baptismo,diabolus
3706 2093 3839 2133 cum
3862 2077 3991 2132 suis

2343 2166 2694 2222 exercitibus
2722 2172 3100 2238 mergeretur.

2416 2296 2443 2321 ‹‹
2476 2274 2546 2327 Et
2578 2274 2808 2329 induxit
2825 2290 2922 2329 eos
2945 2273 3001 2328 in
3035 2278 3294 2329 montem
3328 2272 3804 2329 sanctificationis
3847 2290 3992 2339 suae,

2345 2361 2400 2415 in
2437 2368 2695 2417 montem
2729 2380 2902 2433 quem
2959 2361 3270 2434 acquisivit
3316 2363 3518 2418 dextra
3562 2364 3710 2434 ejus.
3747 2385 3774 2411 »
3805 2362 3871 2417 In
3903 2362 3988 2435 ip-

2342 2468 2467 2507 sam
2498 2451 2813 2506 Ecclesiam
2848 2468 3026 2523 quam
3055 2452 3267 2507 virtute
3313 2451 3575 2523 gloriose
3616 2452 3992 2509 resurrectio-

2342 2540 2435 2596 nis
2470 2558 2586 2595 suze
2620 2542 2947 2613 acquisivit.

2417 2670 2444 2699 ‹‹
2476 2650 2546 2703 Et
2576 2649 2745 2719 ejecit
2773 2667 2806 2705 a
2838 2649 2981 2704 facie
3011 2666 3213 2705 eorum
3246 2652 3467 2721 gentes,
3498 2652 3558 2704 et
3604 2650 3756 2705 sorte
3789 2647 3994 2704 divisit

2340 2738 2424 2794 eis
2454 2742 2666 2794 terram
2716 2737 2775 2791 in
2831 2738 3092 2793 funiculo
3142 2736 3597 2803 distributionis,
3628 2741 3685 2793 et
3725 2736 3992 2794 habitare

2340 2828 2475 2883 fecit
2508 2828 2565 2881 in
2594 2826 2985 2883 tabernaculis
3015 2844 3217 2884 eorum
3247 2827 3436 2883 tribus
3484 2825 3680 2883 Israel.
3714 2849 3742 2876 »
3773 2827 3991 2897 Ejectis

2340 2917 2592 2988 peccatis
2623 2915 2894 2987 gentibus
2925 2934 2959 2972 a
2987 2917 3262 2975 cordibus
3292 2916 3588 2987 humanis,
3620 2916 3756 2972 data
3786 2921 3879 2972 est
3906 2917 3991 2973 eis

2341 3006 2634 3077 possessio
2670 3009 2834 3060 terra:
2864 3006 3182 3062 viventium
3218 3024 3231 3064 :
3261 3006 3599 3078 factumque
3628 3009 3736 3071 est,
3772 3010 3837 3060 ut
3889 3004 3991 3060 ubi

2342 3095 2637 3166 quondam
2669 3095 2984 3168 sortilegus
3014 3095 3393 3168 hariolusque
3421 3094 3803 3166 habitaverat,
3827 3112 3990 3150 nunc

2341 3189 2535 3240 mente
2563 3184 2767 3241 videns
2795 3185 2980 3241 Deum
3013 3184 3317 3242 inhabitet.

2414 3332 2441 3359 «
2474 3310 2542 3363 Et
2590 3313 2979 3377 tentaverunt,
3029 3313 3085 3367 et
3127 3310 3616 3367 exacerbaverunt
3661 3313 3844 3365 Deum
3893 3326 3990 3366 ex-

2342 3397 2565 3454 celsum
2600 3414 2612 3455 :
2645 3403 2703 3455 et
2747 3398 3084 3456 testimonia
3124 3402 3253 3471 ejus
3295 3416 3411 3455 non
3460 3397 3884 3455 custodierunt.
3929 3399 3996 3454 Et

2343 3492 2676 3543 averterunt
2705 3505 2787 3556 se,
2819 3493 2875 3544 et
2905 3506 3022 3544 non
3053 3494 3428 3545 servaverunt
3480 3492 3747 3560 pactum;
3781 3503 3994 3559 quem—

2342 3578 2660 3632 admodum
2714 3581 2908 3649 patres
2960 3594 3182 3634 eorum.
3219 3599 3247 3628 »
3279 3578 3365 3633 Ad
3392 3577 3626 3633 Judaaos
3678 3592 3835 3632 nunc
3868 3593 3995 3633 ser-

2343 3682 2437 3720 mo
2494 3666 2867 3737 convertitur,
2925 3683 3075 3738 quos
3132 3684 3237 3723 nec
3290 3666 3496 3735 virtus,
3554 3682 3656 3723 nec
3704 3665 3995 3722 beneﬁcia

2344 3754 2681 3811 mollierunt
2705 3755 2901 3812 divina
2925 3774 2938 3812 :
2963 3758 3063 3812 sed
3098 3757 3250 3813 sicut
3277 3760 3501 3829 patrem
3531 3770 3729 3811 eorum
3762 3754 3994 3811 occide-

2340 3850 2481 3899 runt
2508 3845 2840 3917 prophetas,
2872 3844 2952 3901 ita
2982 3851 3039 3901 et
3066 3845 3163 3901 isti
3192 3846 3389 3919 ipsum
3422 3843 3733 3902 Dominum
3783 3860 3994 3916 perse-

2342 3939 2623 4005 quuntur.
2663 3956 2692 3985 «
2721 3935 2996 3991 Conversi
3029 3940 3169 3991 sunt
3197 3936 3257 3991 in
3289 3952 3490 3991 arcum
3521 3950 3784 4007 pravum.
3817 3953 3844 3985 ιι
3891 3940 3997 3990 Ar-

2341 4040 2447 4079 cus
2475 4023 2630 4079 enim
2663 4041 2968 4097 perversus
3000 4030 3108 4094 est,
3134 4024 3237 4097 qui
3267 4026 3411 4081 dum
3457 4028 3659 4080 contra
3710 4022 3995 4080 inimicos

2341 4112 2615 4185 sagittam
2649 4118 2887 4185 putatur
2924 4115 3137 4184 jacere,
3189 4115 3413 4170 sauciat
3457 4117 3772 4171 tenentem.
3804 4112 3909 4168 Sic
3938 4117 3997 4168 et

2338 4201 2544 4268 Judaei,
2577 4203 2677 4274 qui
2709 4203 2768 4257 in
2799 4203 2983 4259 Deum
3015 4202 3385 4260 liberatorem
3414 4218 3610 4271 suum,
3642 4201 3992 4274 iniquasja-

2341 4289 2615 4347 culantur
2642 4292 2948 4347 verborum
2975 4292 3241 4365 sagittas.

2417 4417 2444 4450 α
2472 4397 2535 4452 In
2568 4396 2715 4453 iram
2746 4398 3181 4455 concitaverunt
3206 4414 3341 4454 eum
3388 4397 3449 4453 in
3495 4396 3739 4454 collibus
3793 4397 3926 4453 suis
3980 4414 3999 4455 :

2339 4489 2395 4540 et
2423 4485 2482 4540 in
2516 4485 2889 4557 sculptilibus
2921 4487 3045 4543 suis
3078 4487 3148 4543 ad
3181 4486 3606 4543 aemulationem
3626 4502 3760 4543 eum
3784 4502 3999 4557 provo-

2337 4580 2636 4630 caverunt.
2670 4597 2696 4626 n
2734 4575 2951 4631 Relicto
3004 4576 3161 4632 enim
3192 4591 3280 4643 eo,
3330 4575 3653 4633 servierunt
3696 4573 3864 4631 idolis
3917 4591 3993 4631 ao

2336 4664 2689 4730 simulacris,
2722 4666 3036 4721 adorantes
3062 4665 3237 4721 etiam
3267 4665 3327 4721 in
3359 4665 3675 4722 montibus.

2409 4814 2436 4840 ‹‹
2471 4789 2703 4845 Audivit
2734 4790 3017 4846 Dominus
3043 4794 3099 4847 et
3127 4791 3346 4863 sprevit
3373 4809 3386 4848 :
3418 4794 3476 4847 et
3500 4791 3571 4847 ad
3602 4788 3851 4847 nihilum
3890 4807 3995 4847 re-

2338 4879 2499 4952 degit
2527 4878 2693 4934 valde
2726 4879 2922 4935 Israel.
2958 4902 2986 4929 »
3020 4878 3193 4936 Illum
3226 4881 3328 4953 qui
3358 4884 3589 4937 tantum
3631 4879 3899 4946 nomine,
3934 4885 3998 4937 et

2335 4986 2451 5025 non
2482 4967 2705 5025 visione
2735 4968 2907 5025 Israel
2940 4974 3082 5026 erat.

2414 5098 2435 5124 ι
2481 5077 2552 5131 Et
2593 5074 2809 5148 repulit
2852 5076 3307 5133 tabernaculum
3346 5077 3487 5147 Silo,
3536 5077 3999 5134 tabernacutum

2337 5182 2536 5233 suum,
2569 5165 2629 5221 in
2656 5182 2771 5238 quo
2802 5166 3086 5223 habitavit
3114 5167 3266 5224 inter
3293 5167 3580 5224 homines.
3614 5188 3643 5217 »
3674 5164 3780 5221 Vel
3809 5165 3871 5221 in
3905 5171 4002 5223 ta-

2336 5254 2670 5312 bernaculis
2700 5255 2817 5313 Silo
2845 5257 2955 5312 sub
2980 5256 3089 5327 Eli,
3122 5256 3211 5314 vel
3259 5257 3319 5313 in
3365 5255 3695 5314 Jerusalem
3730 5254 3842 5313 sub
3877 5256 4000 5313 Sa-

2339 5342 2588 5402 lomone.
2622 5346 2732 5402 Sed
2775 5346 2867 5404 his
2911 5347 3181 5420 repulsis,
3232 5346 3406 5420 elegit
3450 5347 3646 5420 potius
3691 5343 4002 5418 templum

2408 5507 2429 5540 ³
2460 5505 2613 5562 Satis
2643 5504 2839 5578 inepte
2869 5508 3131 5580 callidum
3180 5524 3313 5564 cum
3365 5505 3585 5580 duplici
3633 5504 3696 5575 ιι,
3746 5505 4005 5578 penitus

2340 5578 2565 5633 diverso
2619 5594 2816 5651 sensu,
2876 5578 3079 5634 Cbami
3137 5597 3349 5636 nomen
3405 5578 3687 5651 tractator
3724 5580 3999 5651 exponit,

2339 5652 2492 5721 quod
2525 5667 2697 5705 verus
2727 5650 3115 5721 Hieronymus
3142 5652 3425 5722 callidum,
3449 5652 3569 5707 sive
3596 5650 3863 5714 calorem,
3902 5650 4006 5706 in-

2337 5726 2709 5796 terpretatur.
2770 5722 3186 5796 Origenianum
3236 5740 3469 5796 quoque
3516 5723 3782 5793 Lexicon,
3836 5726 4001 5796 χᾶμ,

2339 5791 2511 5868 θέρξλη
2531 5812 2546 5866 ;
2580 5793 2772 5866 Cham,
2807 5791 2987 5855 Calor.
