4256 6580
226 478 369 543 1117

1390 477 1891 545 BREVIARIUM
1933 479 2013 543 IN
2057 481 2445 545 PSALMOS.

3466 470 3623 540 1118

226 613 371 688 regis
409 612 653 687 virginis
701 612 1072 689 incorruptis,
1105 612 1225 671 sive
1253 612 1488 670 Eclecire
1537 620 1751 670 sancta:
1797 632 1867 671 ex
1893 616 1949 684 Α
1977 616 2316 691 polluerunt
2346 615 2630 690 templum
2662 616 2930 672 sanctum
2966 614 3157 668 tuum.
3188 608 3502 683 Apostolus
3531 611 3623 667 diui

227 705 488 777 gentibus
518 709 785 760 avocatae.

300 818 320 844 (ι
355 793 620 849 Tradidit
667 793 727 848 in
776 792 1172 863 captivitatem
1220 793 1493 848 virtutem
1542 811 1765 864 eorum,
1812 798 1869 850 et

227 882 718 955 pulchritudinem
750 899 952 937 eorum
986 883 1044 935 in
1086 899 1295 937 manus
1338 882 1559 937 inimici
1593 900 1605 937 :
1642 887 1697 938 et
1726 900 1866 938 con-

228 971 483 1028 clusitin
516 970 709 1042 gladio
768 970 1050 1042 populum
1108 987 1305 1040 suum,
1357 975 1413 1025 et
1467 971 1865 1026 haereditatem

227 1077 388 1116 suam
445 1060 683 1131 sprevit.
740 1060 992 1114 Juvenes
1052 1076 1272 1129 eorum,
1320 1082 1346 1107 »
1396 1063 1502 1114 etc.
1565 1060 1865 1114 Manifeste

225 1147 340 1203 haec
364 1147 654 1203 excidium
689 1147 834 1202 illud
868 1148 1023 1218 quod
1054 1147 1113 1201 in
1146 1147 1563 1219 Hierosolymis
1598 1148 1708 1203 sub
1740 1148 1865 1202 'l‘ito

223 1236 693 1308 Vespasianoque
749 1224 1119 1301 actum‘est,
1178 1237 1545 1307 prmconavit.
1607 1237 1676 1291 Et
1728 1236 1868 1306 quia

224 1329 499 1396 tanquam
532 1330 662 1381 acta
715 1326 939 1396 agenda
988 1324 1269 1396 praedixit,
1307 1324 1525 1379 noverit
1557 1325 1656 1396 qui
1705 1324 1863 1395 legit,

226 1413 358 1485 quia
388 1414 540 1485 apud
564 1412 745 1469 Deum
773 1415 968 1468 futura
987 1414 1112 1483 jam
1144 1413 1296 1467 facta
1319 1417 1474 1467 sunt.
1495 1413 1605 1467 Sed
1639 1412 1866 1467 utinam

225 1508 277 1557 et
306 1502 362 1557 in
396 1502 563 1557 nobis
604 1502 747 1567 haec,
789 1501 1034 1557 Domino
1066 1507 1434 1573 cooperante,
1472 1502 1590 1571 fiat,
1626 1505 1690 1556 ut
1727 1518 1867 1556 con-

224 1592 577 1663 cupiscentia
634 1592 891 1657 decidat,
952 1596 1145 1645 erecta
1218 1596 1504 1662 potestate
1558 1591 1865 1645 virtutum.

224 1681 428 1735 Forma
460 1680 643 1751 iniqui
680 1679 899 1735 amoris
930 1683 1184 1747 corruat,
1218 1684 1410 1734 erecta
1440 1679 1708 1734 ECOIQSItB
1742 1679 1869 1751 pul-

225 1769 572 1825 chritudine.
623 1769 1005 1824 lnterimatur
1054 1768 1303 1840 populus
1350 1768 1649 1836 vitiorum,
1685 1768 1869 1824 vivifi-

225 1863 349 1914 cata
375 1860 795 1915 numerositate
816 1858 1118 1913 virtutum.
1148 1862 1478 1928 Rcspuatur
1501 1862 1727 1912 terrena
1759 1858 1870 1912 ha:—

223 1948 460 2017 reditas,
521 1947 861 2019 acquiratur
919 1963 1165 2018 regnum
1224 1947 1346 2001 Dci.
1394 1946 1775 2013 Juvenculus,
1811 1947 1866 2001 id

224 2042 327 2104 est,
359 2036 647 2107 incipiens
696 2040 1021 2108 peccatum,
1056 2053 1088 2091 a
1118 2035 1330 2090 virtute
1383 2036 1567 2091 sancti
1618 2036 1869 2108 Spiritus

224 2130 516 2189 exuratur,
550 2129 606 2179 et
634 2125 795 2196 virgo
823 2125 1021 2181 anima
1051 2124 1385 2180 collaatetur.
1420 2126 1754 2179 Incentores
1782 2125 1872 2180 vi--

224 2214 461 2281 tiorum,
492 2214 711 2285 gladio,
766 2214 822 2268 id
872 2218 982 2279 est,
1016 2216 1187 2270 verbo
1240 2214 1337 2268 Dei
1385 2214 1771 2283 trucidentur,
1808 2215 1873 2268 ut

224 2302 515 2359 exsultent
545 2307 775 2359 mentes
808 2304 878 2358 ab
911 2303 1003 2358 his
1034 2303 1278 2359 viduatae
1311 2320 1443 2357 cum
1474 2302 1725 2357 Christo.

296 2414 324 2441 «
355 2394 424 2447 Et
459 2391 743 2447 excitatus
795 2397 883 2447 est
924 2396 1205 2463 tanquam
1237 2392 1534 2447 dormiens
1568 2392 1871 2459 Dominus,

224 2484 504 2551 tanquam
560 2485 767 2552 potens
818 2480 1159 2552 crapulatus
1207 2498 1239 2535 a
1289 2480 1443 2547 vino,
1477 2485 1534 2535 et
1585 2479 1874 2552 percussit

224 2569 493 2624 inimicos
526 2586 663 2624 suos
695 2568 753 2624 in
786 2570 1132 2642 posteriora,
1166 2570 1545 2641 opprobrium
1573 2569 1875 2640 sempiter-

226 2675 367 2714 num
418 2658 577 2713 dedit
616 2658 739 2714 eis.
771 2680 797 2707 ››
848 2658 919 2712 Ut
966 2658 1261 2713 dormiens
1311 2662 1368 2713 et
1426 2658 1591 2729 quasi
1650 2657 1871 2728 ebrius,

224 2746 473 2801 habetur
529 2746 814 2801 Dominus
875 2747 931 2801 in
981 2747 1259 2801 cordibus
1317 2746 1676 2817 iniquorum.
1726 2748 1871 2802 Cum

225 2839 420 2890 autem
470 2834 872 2906 paenitentiam
922 2852 1090 2906 agere
1139 2835 1437 2906 coeperint,
1471 2836 1772 2889 excitatur.
1809 2835 1876 2889 Et

223 2923 518 2994 percussis
568 2922 721 2977 vitiis
784 2940 970 2994 usque
1027 2923 1087 2977 in
1147 2923 1468 2994 posteriora
1516 2927 1871 2994 temporum,

221 3012 569 3083 traditisque
620 3013 676 3066 in
735 3012 1115 3084 opprobrium
1176 3012 1622 3085 sempiternum,
1672 3011 1876 3083 vigilat

228 3101 288 3155 in
318 3102 423 3156 eis.

294 3212 321 3239 «
356 3191 426 3245 Et
484 3188 697 3260 repulit
751 3188 1193 3244 tabernaculum
1247 3190 1489 3260 Joseph,
1532 3195 1588 3244 et
1652 3190 1874 3245 tribum

226 3277 503 3348 Ephraim
537 3294 650 3332 non
684 3276 858 3349 elegit
886 3295 898 3331 :
929 3278 1030 3333 sed
1063 3277 1238 3349 elegit
1266 3278 1483 3333 tribum
1517 3278 1689 3346 Juda,
1714 3296 1876 3334 mon-

1977 707 2055 762 cit
2080 725 2092 761 :
2134 711 2236 762 Vos
2266 709 2395 761 estis
2425 706 2685 777 templum
2716 705 2828 771 Dei,
2850 710 2902 759 et
2929 702 3167 775 Spiritus
3197 702 3296 757 Dei
3324 700 3536 757 habitat
3560 702 3621 756 in

1974 796 2145 851 vobis.
2181 796 2239 850 Si
2267 798 2386 867 quis
2411 796 2671 866 templum
2700 795 2797 848 Dei
2826 792 3130 858 violaverit,
3155 790 3429 861 disperdat
3458 790 3622 845 illum

1974 886 2115 940 Deus
2157 885 2205 953 (Ι
2234 886 2355 940 Cor.
2386 901 2469 951 ιιι,
2506 886 2612 951 16).
2662 884 2809 953 Ergo
2859 881 2906 936 si
2956 878 3415 936 increscentibus
3462 879 3620 935 vitiis

1976 973 2307 1028 succumbit
2338 973 2533 1028 anima
2563 971 2892 1027 Christiana
2923 987 2936 1024 :
2970 974 3109 1025 tunc
3152 968 3458 1024 hereditas
3493 984 3620 1040 quae

1976 1061 2072 1117 Dei
2115 1078 2242 1117 esse
2289 1062 2589 1126 debuerat,
2646 1059 2977 1115 adversario
3034 1058 3329 1125 subditur,
3379 1061 3435 1114 et
3481 1061 3622 1113 tunc

1975 1150 2260 1221 templum
2314 1149 2557 1221 Spiritui
2615 1152 2815 1204 sancto
2873 1148 3227 1215 dedicatum,
3279 1145 3619 1218 coinquina-

1976 1242 2102 1294 tum
2148 1256 2180 1294 a
2227 1239 2488 1309 gentium
2542 1237 2888 1293 criminibus
2937 1236 3311 1307 disperditur.
3353 1258 3372 1285 α
3410 1239 3622 1291 Posue-

1976 1332 2114 1381 runt
2169 1326 2494 1382 Jerusalem
2544 1327 2601 1383 in
2651 1343 2958 1398 pomorum
3017 1325 3424 1381 custodiam.»
3458 1324 3623 1380 Sicut

1976 1416 2132 1471 enim
2170 1433 2341 1488 poma
2378 1433 2511 1471 cum
2547 1421 2935 1471 maturescere
2967 1414 3265 1486 cceperint,
3296 1431 3331 1468 a
3361 1412 3485 1469 suis
3516 1429 3621 1469 cu-

1978 1505 2334 1572 stodiuntur,
2371 1509 2717 1577 maturaque
2765 1503 2993 1559 facilius
3022 1504 3372 1558 devorantur
3406 1520 3418 1558 :
3454 1502 3535 1557 Ita
3566 1505 3625 1557 et

1976 1592 2343 1648 adversarius
2374 1598 2571 1648 noster
2612 1592 2972 1648 irruentibus
3005 1592 3161 1646 vitiis
3209 1590 3468 1647 custodit
3510 1588 3624 1645 sibi

1979 1682 2730 1737 consentientem'animam
2762 1682 2942 1737 donec
2974 1698 3102 1737 eam
3145 1681 3214 1735 ad
3256 1679 3495 1752 plenum
3526 1696 3624 1735 vo-

1978 1769 2224 1825 luntatis
2255 1788 2371 1824 sua:
2396 1788 2746 1826 consensum
2779 1771 3098 1834 adducens,
3122 1768 3312 1824 valeat
3333 1770 3621 1839 devorare.

1978 1859 2266 1924 Quamdiu
2314 1859 2471 1914 enim
2504 1860 2564 1914 in
2604 1876 2671 1915 ea
2723 1858 2980 1914 scintilla
3025 1858 3183 1913 lucet
3229 1857 3393 1924 fidei,
3420 1856 3627 1911 acerba

1980 1952 2068 2004 est
2099 1948 2373 2004 dentibus
2406 1949 2647 2005 inimici.

2056 2059 2082 2087 ‹‹
2115 2042 2443 2093 Posuerunt
2473 2037 2781 2093 morticina
2828 2052 3127 2094 servorum
3176 2039 3413 2091 tuorum
3464 2050 3628 2089 escas

1980 2125 2314 2181 volatilibus
2342 2126 2467 2181 cmli
2498 2142 2511 2181 :
2545 2142 2750 2182 carnes
2786 2131 3122 2182 sanctorum
3152 2128 3391 2179 tuorum
3424 2121 3627 2178 bestiis

1980 2220 2166 2270 terrae.
2222 2215 2562 2270 Etl‘uderunt
2614 2215 2962 2287 sanguinem
3021 2214 3283 2285 ipsorum
3340 2216 3624 2282 tanquam

1981 2320 2194 2375 aquam
2228 2304 2285 2358 in
2317 2303 2565 2359 circuitu
2611 2303 2958 2369 Jerusalem,
2992 2306 3047 2358 et
3086 2319 3199 2357 non
3230 2304 3354 2357 erat
3383 2299 3483 2372 qui
3533 2314 3624 2354 se-

1981 2392 2257 2464 peliret.»
2295 2393 2422 2447 Haec
2473 2392 2707 2464 quidem
2748 2393 2807 2447 in
2855 2390 3179 2449 Jerusalem
3230 2395 3363 2445 ante
3409 2390 3626 2445 adven-

1982 2486 2106 2536 tum
2140 2485 2269 2535 acta
2293 2486 2431 2536 sunt
2455 2480 2769 2536 Salvatoris
2794 2497 2806 2534 :
2837 2482 2937 2536 sed
2965 2479 3298 2552 passionem
3329 2478 3623 2533 infantum

1984 2570 2399 2642 ﬁguraverunt,
2435 2570 2532 2624 ubi
2565 2586 2768 2625 carnes
2799 2586 3001 2624 eorum
3032 2567 3237 2623 bestiis
3267 2570 3441 2637 atque
3469 2564 3629 2622 volu-

1982 2659 2199 2729 cribus,
2246 2658 2303 2712 id
2358 2662 2447 2713 est
2503 2657 2995 2729 persecutoribus,
3044 2656 3314 2728 expositae
3367 2657 3525 2721 sunt,
3569 2657 3627 2709 et

1983 2750 2143 2802 tanta
2165 2746 2478 2802 multitudo
2501 2746 2805 2819 sanguinis
2825 2750 2913 2800 est
2935 2745 3137 2813 effusa,
3161 2747 3226 2799 ut
3247 2743 3341 2799 vix
3361 2741 3626 2798 omnium

1983 2835 2215 2907 sepeliri
2268 2835 2616 2908 corpuscula
2664 2839 2923 2907 possent.
2974 2833 3264 2889 Circuitus
3311 2836 3506 2887 autem
3564 2830 3626 2886 in

1983 2923 2419 2996 Hierosolymis,
2448 2924 2729 2995 plorantis
2754 2923 3017 2980 Ecclesiae
3040 2921 3386 2993 intelligitur
3411 2920 3625 2987 luctus,

1974 3014 2148 3086 juxta
2200 3012 2390 3069 illud:
2432 3013 2623 3069 Rachel
2678 3015 2902 3085 plorans
2958 3014 3100 3083 ﬁlios
3154 3027 3299 3081 suos,
3345 3014 3396 3065 et
3449 3009 3633 3065 noluit

1982 3104 2274 3170 consolari,
2324 3105 2451 3174 quia
2501 3119 2609 3157 non
2657 3111 2789 3158 sunt
2838 3104 3057 3173 (Jerem.
3111 3118 3228 3171 xxx,
3278 3100 3376 3166 15;
3430 3102 3625 3155 Matth.

1981 3209 2045 3261 ιι,
2080 3193 2189 3263 18).

2060 3301 2088 3330 ‹‹
2122 3279 2277 3335 Facti
2310 3296 2518 3335 sumus
2551 3279 2928 3352 opprobrium
2961 3278 3167 3334 vicinis
3198 3276 3435 3344 nostris,
3462 3298 3489 3324 »
3521 3279 3631 3332 etc.

223 3370 344 3421 tem
374 3366 508 3421 Sion
542 3381 716 3436 quem
769 3364 987 3420 dilexit.
1016 3388 1043 3413 ››
1077 3365 1201 3419 Non
1237 3366 1308 3419 ad
1356 3364 1463 3420 hoc
1514 3364 1726 3437 repulit
1771 3366 1877 3420 tri-
1910 3359 1957 3425 C
1992 3367 2380 3440 Opprobrium
2417 3370 2565 3423 fiunt
2597 3368 2782 3424 sancti
2817 3367 2907 3423 his
2938 3366 3035 3439 qui
3077 3366 3241 3438 prius
3272 3365 3479 3420 fratres
3510 3364 3632 3419 fue—

226 3457 370 3511 bum
400 3454 617 3525 Joseph
639 3453 727 3508 vel
752 3452 1049 3524 Ephraim,
1068 3458 1132 3508 ut
1157 3456 1214 3508 in
1239 3458 1519 3509 aeternum
1542 3458 1875 3525 sperneret:

227 3545 329 3601 sed
367 3543 555 3598 noluit
583 3543 653 3598 de
685 3560 751 3597 ea
795 3542 1091 3613 suscipere
1122 3559 1376 3609 carnem,
1410 3542 1630 3614 eligens
1656 3543 1876 3598 tribum

226 3633 400 3702 Juda,
435 3633 504 3687 de
535 3649 651 3702 qua
694 3632 864 3686 beata
912 3631 1092 3685 Maria
1143 3632 1497 3704 procederet,
1532 3648 1599 3685 ex
1628 3648 1744 3702 qua
1774 3648 1876 3685 na-

224 3725 485 3779 sceretur
530 3720 676 3793 ipse,
709 3724 773 3774 ut
825 3719 1151 3775 dilectionis
1201 3737 1319 3776 suae
1373 3725 1656 3789 montem,
1692 3721 1747 3775 id
1790 3724 1879 3775 est

225 3809 563 3879 Ecclesiam,
598 3808 866 3864 elevaret.

296 3922 323 3948 ‹‹
356 3900 427 3953 Et
484 3896 790 3954 aediﬁcavit
846 3898 1000 3952 sicut
1055 3898 1426 3953 unicornium
1486 3897 1876 3954 sanctiﬁcium

222 4004 402 4044 suum
434 3987 491 4041 in
526 3991 702 4056 terra,
747 4003 926 4057 quam
978 3987 1239 4042 fundavit
1268 3988 1325 4042 in
1361 3986 1592 4043 sazcula.
1621 4012 1644 4040 ι
1682 3993 1875 4060 Ipsam

218 4074 540 4131 Ecclesiam
573 4091 743 4129 suam
790 4073 1076 4146 singulari
1108 4076 1319 4130 virtute
1353 4075 1626 4144 firmavit,
1659 4080 1723 4131 ut
1762 4076 1872 4131 im-

217 4164 456 4219 mobilis
489 4164 548 4217 in
578 4162 790 4218 saecula
820 4162 1179 4234 sempiterna
1208 4163 1565 4235 persisteret.

290 4275 318 4301 ‹‹
354 4251 544 4322 Elegit
574 4251 753 4305 David
785 4266 1019 4306 servum
1052 4269 1249 4318 suum,
1273 4256 1331 4307 et
1361 4253 1605 4309 sustulit
1635 4269 1769 4309 eum
1804 4254 1875 4309 de

216 4340 498 4414 gregibus
532 4338 749 4405 ovium,
782 4343 839 4394 et
870 4340 941 4393 de
972 4344 1104 4410 post
1134 4340 1379 4396 fetantes
1410 4342 1631 4415 accepit
1661 4359 1818 4397 eum.
1846 4366 1869 4396 ι

219 4436 482 4499 Pascere,
513 4432 623 4483 etc.
658 4427 869 4482 Omnia
918 4427 1041 4482 haec
1091 4428 1163 4482 ad
1216 4429 1511 4485 Christum
1558 4432 1874 4487 Dominum

218 4517 528 4575 referenda
568 4520 727 4583 sunt,
763 4516 861 4586 qui
895 4532 927 4569 a
960 4518 1198 4587 paterno
1246 4518 1507 4586 consilio,
1543 4520 1613 4574 ad
1647 4521 1872 4575 redem-

215 4609 483 4681 ptionem
514 4610 777 4661 nostram
807 4605 1026 4660 electus
1059 4612 1147 4660 est
1179 4607 1249 4661 de
1280 4623 1453 4679 grege
1483 4609 1817 4664 mortalium
1854 4628 1868 4665 :

1988 3461 2141 3522 rant,
2174 3460 2230 3511 et
2257 3461 2396 3511 tunc
2428 3457 2678 3527 separati
2718 3457 2790 3511 ab
2836 3455 3113 3519 Ecclesia,
3145 3454 3418 3509 timentes
3452 3456 3633 3507 Deum

1986 3550 2420 3617 persequuntur
2451 3561 2464 3600 :
2499 3546 2653 3617 quod
2687 3546 2757 3600 ad
2788 3544 3093 3600 haereticos
3123 3544 3370 3598 refertur
3402 3559 3414 3597 :

2065 3677 2085 3701 α
2120 3652 2453 3723 Usquequo,
2500 3652 2760 3719 Domine,
2793 3650 3058 3707 irasceris
3101 3650 3162 3705 in
3208 3650 3404 3717 ﬁnem,
3436 3664 3635 3703 accen-

1988 3741 2161 3797 detur
2187 3740 2325 3795 velit
2356 3741 2507 3812 ignis
2531 3742 2689 3796 zelus
2710 3745 2848 3796 tuus
2870 3740 2897 3795 ?
2925 3740 3167 3795 Etl‘unde
3198 3738 3345 3794 iram
3377 3742 3542 3793 tuam
3570 3736 3632 3792 in

1987 3834 2189 3904 gentes
2220 3847 2345 3902 qua:
2378 3835 2433 3885 te
2464 3848 2577 3885 non
2631 3833 2936 3896 noverunt,
2967 3832 3025 3885 et
3054 3829 3115 3884 in
3146 3844 3325 3900 regna
3356 3843 3482 3899 quae
3530 3844 3633 3883 no-

1987 3937 2142 3987 men,
2168 3943 2188 3968 n
2220 3925 2328 3974 etc.
2361 3920 2443 3975 Ne
2472 3920 2639 3975 nobis
2671 3918 2942 3976 irascaris
2973 3934 3333 3991 quaesumus,
3364 3916 3630 3986 Domine,

1987 4010 2086 4082 qui
2121 4015 2174 4063 te
2208 4010 2479 4064 novimus
2515 4026 2527 4063 :
2562 4010 2660 4064 sed
2694 4009 2753 4064 in
2785 4008 2915 4064 illos
2945 4007 3140 4079 potius
3174 4011 3446 4076 retorque
3475 4005 3630 4060 furo-

1986 4114 2107 4153 rem
2138 4101 2331 4162 tuum,
2364 4096 2463 4168 qui
2495 4097 2791 4153 Christum
2818 4101 2986 4151 tuum
3019 4095 3309 4167 ignorant.

2063 4204 2090 4236 ¢
2117 4185 2263 4249 Quia
2291 4185 2668 4240 comederunt
2692 4185 2896 4251 Jacob,
2930 4190 2988 4239 et
3025 4182 3217 4238 locum
3250 4183 3378 4253 ejus
3407 4181 3632 4237 desola-

1982 4278 2211 4328 verunt.
2251 4296 2278 4323 ››
2313 4273 2482 4329 Illum
2538 4271 2853 4342 carnalem,
2886 4272 2987 4344 qui
3042 4272 3320 4329 seductus
3359 4274 3450 4326 est
3498 4274 3631 4326 astu

1952 4361 2229 4434 ,inimici.

2056 4474 2082 4500 «
2118 4451 2199 4507 Ne
2232 4451 2571 4507 memineris
2604 4451 2972 4523 iniquitatem
3006 4454 3338 4505 nostrarum
3360 4447 3630 4519 antiqua-

1984 4555 2115 4595 rum
2149 4557 2164 4595 :
2201 4540 2315 4597 cito
2343 4541 2663 4611 anticipent
2694 4557 2799 4595 nos
2831 4539 3241 4595 misericordiae
3273 4542 3405 4605 tum,
3439 4536 3633 4592 Domi-

1984 4645 2076 4699 ne,
2112 4629 2251 4700 quia
2282 4646 2568 4701 pauperes
2597 4628 2731 4684 facti
2764 4645 2974 4685 sumus
3020 4628 3216 4684 nimis.
3254 4650 3280 4677 »
3315 4627 3633 4683 Prazveniat

218 4711 457 4795 οξιτηθω
489 4709 821 4796 δῗευξηξδηεν
852 4710 1099 4796 Pasti-clis
1132 4694 1532 4794 Chrislianum
1567 4697 1873 4796 ᾨΟΡΙξῘξΠΠι
1908 4731 1952 4796 D
1986 4734 2091 4773 nos
2146 4735 2509 4789 quaesumus,
2567 4718 2831 4789 Domine,
2887 4717 3304 4786 misericordia,
3360 4734 3487 4789 qua:
3544 4721 3632 4773 est

219 4785 344 4840 sive
381 4783 886 4855 supplantatorem
932 4783 1228 4853 vitiorum,
1259 4785 1379 4839 sive
1434 4789 1627 4841 mente
1674 4786 1873 4841 viden-

216 4877 353 4939 tem,
375 4876 577 4927 Deum.
601 4872 708 4938 Qui
731 4886 886 4927 nunc
916 4872 1233 4928 Ecclesiam
1262 4891 1432 4930 suam
1464 4875 1588 4930 suis
1612 4874 1872 4930 volunta-

214 4963 383 5018 tibus
414 4960 815 5031 inhaarentem,
850 4961 905 5015 in
955 4962 1213 5017 bonitate
1261 4964 1454 5019 cordis
1487 4964 1575 5019 sui
1613 4982 1868 5036 pascere,

214 5055 276 5106 et
320 5050 379 5104 in
429 5048 650 5104 cmlesti
705 5048 1029 5105 Jerusalem
1085 5050 1364 5107 collocare
1426 5052 1719 5126 dignetur.
1756 5053 1873 5125 Ipsi

213 5140 405 5212 gloria
435 5155 569 5194 cum
602 5141 814 5194 aeterno
865 5138 1030 5194 Patre
1063 5144 1118 5196 et
1148 5142 1367 5213 Spiritu
1419 5146 1643 5212 sancto,
1674 5144 1733 5197 in
1768 5160 1873 5198 sa:-

213 5228 353 5285 cula
378 5226 751 5285 saeculorum.
777 5229 980 5284 Amen.

713 5318 1039 5375 PSALMUS
1088 5319 1375 5375 LXXVIII.

214 5408 476 5461 Psalmus
508 5407 705 5478 Asaph.
744 5408 858 5462 Iste
909 5406 1176 5478 psalmus
1205 5426 1402 5465 vocem
1444 5412 1700 5465 continet
1732 5416 1873 5466 Pro-

296 5479 509 5554 phetas,
562 5479 958 5554 captivitatem
1010 5484 1252 5536 terrente
1300 5482 1633 5554 Jerusalem,
1672 5484 1877 5554 deplo-

298 5550 512 5618 rantis;
547 5550 674 5623 quin
725 5550 1028 5621 captivitas
1062 5569 1176 5607 non
1221 5558 1451 5609 tantum
1481 5555 1547 5609 ad
1601 5550 1763 5608 illam
1794 5556 1872 5610 ci-

300 5623 560 5698 vitalem,
592 5627 888 5698 quantum
914 5623 984 5675 ad
1020 5623 1298 5698 animam,
1333 5644 1460 5698 quae
1492 5643 1641 5697 smpe
1671 5628 1875 5681 civitas

302 5694 597 5763 scribitur,
630 5693 930 5749 referenda
952 5697 1057 5748 est.

304 5805 331 5833 ‹‹
360 5783 534 5850 Deus,
566 5785 849 5840 venerunt
896 5786 1105 5854 gentes
1130 5783 1189 5842 in
1220 5784 1614 5846 hacreditatem
1666 5790 1826 5845 tuam
1861 5805 1873 5846 :

1987 4807 2326 4879 unigenitus
2359 4811 2519 4874 tuus,
2551 4812 2616 4862 ut
2658 4808 2896 4865 veniens
2927 4808 3273 4882 propitietur
3313 4804 3633 4878 iniquitati-

1980 4895 2091 4950 bus
2154 4896 2391 4967 nostris,
2460 4899 2514 4951 et
2553 4900 2720 4952 eruat
2765 4914 2872 4953 nos
2922 4915 2956 4952 a
3003 4897 3275 4969 peccatis,
3330 4899 3630 4966 Pauperes

1983 4984 2141 5039 enim
2170 4984 2303 5039 facti
2344 5001 2551 5040 sumus
2590 4985 2650 5040 in
2682 4987 2901 5041 mundo
2933 4989 3169 5058 prepter
3196 4984 3386 5039 illum.

2055 5095 2083 5123 «
2115 5073 2346 5143 Adjuva
2394 5090 2520 5141 nos,
2554 5077 2725 5138 Deus,
2779 5074 3055 5130 salutaris
3112 5079 3335 5140 noster;
3396 5074 3631 5144 propter

1982 5162 2229 5235 gloriam
2264 5163 2520 5219 nominis
2550 5162 2654 5231 tui,
2690 5163 2951 5230 Domine,
2985 5162 3168 5218 libera
3197 5178 3326 5228 nos,
3357 5164 3415 5215 et
3443 5159 3630 5231 propi-

1987 5253 2104 5307 tius
2147 5257 2270 5307 esto
2323 5253 2573 5324 peccatis
2624 5255 2913 5318 nostris,»
2948 5257 3060 5309 etc.
3088 5252 3250 5307 Tunc
3297 5249 3487 5317 nobis,
3537 5247 3628 5304 vel

1984 5343 2245 5413 adjuvas,
2281 5342 2368 5397 vel
2423 5342 2787 5415 propitiaris;
2835 5342 2883 5398 si
2932 5341 3165 5398 claritas
3216 5338 3469 5396 nominis
3518 5337 3625 5407 tui,

1984 5448 2111 5503 quin
2170 5432 2226 5486 in
2283 5432 2556 5503 gentibus
2614 5431 2992 5502 benedicitur,
3028 5450 3133 5487 nos
3192 5433 3377 5485 morte
3435 5444 3543 5483 sua
3594 5443 3630 5483 a

1985 5525 2171 5576 morte
2200 5520 2427 5592 eripiat.

2058 5633 2086 5660 ‹‹
2120 5611 2439 5682 Nequando
2471 5610 2668 5665 dicunt
2696 5614 2915 5683 gentes,
2953 5611 3048 5665 ubi
3081 5614 3169 5666 est
3200 5613 3348 5664 Deus
3380 5606 3628 5663 eorum?

1985 5703 2041 5755 et
2068 5699 2397 5757 innotescat
2427 5700 2485 5754 in
2526 5700 2859 5756 nationibus
2889 5717 3083 5757 coram
3122 5697 3306 5756 oculis
3335 5696 3569 5753 nostris.
3597 5717 3621 5748 ι

1988 5788 2198 5859 Gentes,
2258 5788 2376 5846 sive
2431 5788 2729 5862 nationes,
2788 5794 3104 5862 potestates
3159 5789 3410 5848 adversae
3462 5788 3623 5857 sunt,
