4256 6592
634 450 788 530 ηιξ)

2120 473 2542 539 APPENDIX.

3883 487 4045 550 M20

633 623 760 679 quae
801 607 1165 666 invalescunt
1193 610 1501 667 adversum
1536 631 1662 680 nos,
1694 613 1950 670 dicentes
1987 629 1998 667 :
2037 612 2140 667 Ubi
2189 617 2277 667 est
2307 610 2362 676 Α
2391 628 2569 684 super
2597 612 2918 670 orationem
2965 615 3112 672 servi
3145 615 3278 672 tui?
3301 640 3328 668 ι»
3361 617 3485 674 Non
3533 618 3692 676 enim
3746 619 4044 694 irascitur,

629 697 784 754 Deus
815 714 986 756 verax
1017 702 1243 757 vester?
1290 702 1451 757 Sicut
1483 705 1693 776 pagani
1727 703 2080 777 martyribus
2129 720 2279 774 saepe

632 787 923 846 dicebant.

705 901 733 926 ‹‹
769 878 918 934 Ultio
960 882 1264 953 sanguinis
1315 901 1612 940 servorum
1646 890 1878 940 tuorum
1911 885 2009 956 qui
2057 886 2278 940 effusus

632 972 741 1022 est.
779 991 805 1018 ››
836 969 1135 1025 Judicium
1180 971 1272 1027 hic
1316 973 1541 1029 invocat
1574 991 1586 1028 :
1623 992 1736 1045 quo
1768 975 2012 1046 sanguis
2063 979 2275 1044 marty-

633 1073 766 1112 rum
799 1059 1140 1129 exquiratur
1170 1079 1202 1115 a
1237 1063 1495 1133 Domino,
1531 1063 1628 1135 qui
1663 1064 1719 1118 in
1766 1063 2109 1135 Apocalypsi
2147 1064 2227 1116 ait
2262 1079 2272 1116 :

635 1147 903 1214 Quiescite
931 1150 1221 1215 modicum,
1252 1152 1418 1207 donec
1447 1155 1744 1223 impleat-ur
1771 1170 2032 1208 numerus
2062 1170 2276 1206 conser-

633 1253 826 1292 vorum
873 1248 1172 1295 vestrorum
1211 1244 1392 1313 (Apoc.
1431 1261 1506 1312 v1,
1541 1246 1646 1314 tl).
1682 1268 1707 1293 ‹‹
1745 1245 1996 1300 Introeat
2026 1245 2083 1299 in
2116 1262 2279 1299 cons-

635 1332 802 1398 pectu
837 1332 935 1382 tuo
966 1330 1220 1399 gemitus
1251 1333 1733 1402 compeditorum.
1765 1358 1790 1381 ››
1813 1335 1916 1397 Qui
1953 1340 2006 1388 te
2030 1349 2130 1404 per
2159 1333 2278 1386 lon-

632 1432 736 1486 gas
776 1415 1060 1488 lacrymas
1112 1421 1496 1491 requirentes,
1528 1422 1747 1477 absolvi
1799 1429 1854 1477 et
1906 1428 2098 1477 tecum
2149 1439 2276 1476 esse

632 1505 990 1561 desiderant.

705 1618 731 1644 ‹‹
767 1596 1102 1652 Secundum
1145 1601 1611 1671 magnitudinem
1655 1603 1877 1658 brachii
1909 1604 2013 1667 tui,
2046 1602 2277 1675 posside

631 1683 783 1739 filios
818 1687 1322 1743 mortificatorum.
1351 1714 1378 1738 »
1403 1692 1510 1746 Eos
1543 1692 1761 1747 scilicet
1794 1693 1891 1765 qui
1924 1711 2025 1765 per
2058 1701 2276 1766 marty-

632 1789 762 1828 rum
794 1775 1060 1846 exempla
1102 1783 1420 1849 currentes,
1468 1781 1880 1838 crucifixerunt
1927 1801 1988 1839 se
2034 1784 2191 1839 vitiis
2222 1789 2277 1839 et

633 1863 1141 1934 concupiscentiis.

709 1973 730 1999 α
768 1952 962 2008 Redde
1006 1955 1212 2011 vicinis
1262 1958 1479 2014 nostris
1511 1961 1848 2033 septuplam
1898 1963 1956 2018 in
2004 1963 2135 2018 sinu
2181 1982 2273 2019 eo-
2308 1985 2354 2050 Β

631 2057 838 2094 rum.»
869 2046 940 2097 Ut
971 2061 1084 2098 non
1110 2045 1317 2115 judicii
1352 2066 1519 2119 poena
1549 2050 1922 2121 damnentur,
1947 2053 2047 2107 sed
2082 2054 2138 2108 in
2170 2053 2277 2108 hoc

629 2130 841 2186 saeculo
890 2133 1219 2206 septuplam
1265 2139 1744 2208 compositionem
1796 2143 2125 2212 pmnitendo
2157 2143 2276 2196 dis-

630 2218 877 2276 solvant.
913 2221 1082 2278 Sinus
1132 2230 1326 2281 autem
1358 2243 1508 2298 saepe
1540 2233 1740 2299 pectus
1773 2229 2030 2286 hominis
2061 2230 2276 2286 intelli-

628 2309 806 2379 gitur,
862 2311 920 2365 in
981 2329 1096 2382 quo
1155 2315 1352 2371 anima
1409 2317 1741 2388 requiescit.
1777 2344 1801 2367 ‹‹
1854 2320 2275 2393 Improperium

632 2396 893 2467 ipsorum
926 2402 1081 2471 quod
1114 2406 1607 2472 exprobravcrunt
1637 2407 1762 2477 tibi,
1796 2409 2112 2465 Domine.»
2146 2411 2273 2466 Tibi

628 2486 783 2544 enim
816 2491 1164 2560 exprobrant
1201 2509 1212 2546 :
1246 2493 1384 2564 quia
1434 2501 1718 2568 martyres
1768 2503 1898 2554 tuos
1949 2500 2006 2554 in
2061 2501 2277 2571 quibus

633 2577 884 2646 habitas,
919 2581 1291 2636 contumeliis
1323 2584 1614 2657 afﬂigunt.

700 2690 726 2715 ‹‹
760 2668 875 2722 Nos
907 2675 1102 2724 autem
1139 2672 1391 2743 populus
1415 2681 1571 2744 tuus,
1597 2683 1652 2732 et
1679 2694 1812 2732 oves
1845 2696 2070 2749 pascua
2105 2685 2273 2734 tum.»

626 2756 867 2829 Propter
923 2759 1316 2817 innocentiam
1367 2769 1584 2833 autem,
1636 2783 1813 2837 quam
1863 2774 2096 2839 gerunt,
2143 2786 2276 2825 oves

626 2852 923 2915 vocantur,
983 2848 1069 2903 vel
1131 2850 1269 2921 quia
1326 2852 1625 2910 Christum
1684 2862 1975 2926 pastorem
2038 2858 2272 2913 habent.

627 2956 654 2983 ‹‹
684 2934 1103 2991 Confitebimur
1133 2936 1236 2991 tibi
1278 2937 1336 2992 in
1379 2940 1607 3010 sacula,
1642 2947 1697 2997 et
1726 2944 1784 2996 in
1819 2945 2190 3015 generatione
2221 2950 2277 2999 et

627 3022 1148 3092 generationem.»
1193 3030 1311 3081 Hoc
1372 3033 1481 3091 est,
1531 3047 1564 3084 a
1617 3031 1916 3102 prophetis
1977 3049 2160 3104 usque
2218 3035 2274 3088 in

632 3111 943 3182 Evangelia
975 3130 1038 3167 :u
1075 3116 1573 3173 Annuntiabimus
1603 3118 1834 3175 laudem
1866 3126 2049 3176 tuam.
2076 3145 2102 3170 n
2132 3124 2277 3189 Quia

628 3197 736 3254 tibi
767 3204 855 3254 est
885 3216 1018 3256 cum
1067 3214 1280 3258 aeterno
1315 3208 1479 3261 Patre
1509 3212 1564 3262 et
1592 3208 1804 3280 Spiritu
1840 3216 2039 3266 sancto
2091 3210 2278 3267 honor

629 3293 686 3344 et
715 3288 916 3362 gloria,
950 3289 1009 3346 in
1040 3293 1250 3348 sazcula
1277 3294 1647 3353 saeculorum.
1686 3305 1891 3353 Amen.

1150 3402 1475 3460 PSALMUS
1523 3405 1754 3462 LXXIX.

628 3489 689 3544 In
733 3489 898 3563 ﬁnem
943 3507 1040 3561 pro
1090 3491 1173 3546 his
1225 3494 1322 3561 qui
1361 3497 1872 3563 com-mutabuntur,
1904 3499 2277 3552 testimonium

700 3561 897 3640 ᾼδαρὴ.
953 3563 1066 3640 Iste
1114 3563 1378 3640 psalmus
1425 3581 1622 3621 vocem
1672 3561 1931 3640 continet
1981 3569 2276 3640 Propheta“:

699 3632 1084 3704 deprecantis,
1115 3632 1529 3708 harrantisque
1563 3639 1858 3710 magnalia
1889 3639 2007 3695 Dei.

709 3758 729 3786 ι
765 3739 872 3802 Qui
920 3740 1069 3811 regis
1113 3741 1313 3805 Israel,
1347 3743 1602 3800 intende.
1632 3768 1658 3794 n
1681 3749 1725 3800 A
1758 3751 1871 3802 Deo
1904 3746 2145 3819 regitur,
2178 3748 2277 3819 qui

629 3833 824 3884 mente
855 3828 1012 3884 videt
1041 3834 1245 3885 Deum.
1276 3832 1421 3904 Ergo
1454 3833 1611 3889 hunc
1656 3835 1940 3907 Propheta
1979 3837 2279 3894 intendere

632 3917 744 3974 sibi
777 3919 1054 3990 deposcit.
1091 3944 1118 3969 ‹‹
1155 3920 1259 3986 Qui
1293 3923 1494 3979 educis
1524 3929 1804 3996 tanquam
1839 3943 1972 3981 oves
2001 3926 2278 3997 Joseph,»

632 4008 755 4063 Non
788 4007 954 4063 illum
981 4008 1220 4081 Joseph,
1255 4012 1424 4082 cujus
1456 4016 1657 4084 typum
1700 4014 1757 4068 in
1790 4012 1901 4068 alio
1939 4013 2165 4086 psalmo
2199 4033 2281 4070 re-

633 4087 784 4160 pulit
817 4104 828 4143 :
865 4089 963 4144 sed
998 4088 1163 4144 illum
1197 4090 1294 4162 qui
1336 4091 1578 4162 triginta
1609 4094 1900 4165 argenteis
1926 4112 1959 4150 a
1989 4094 2279 4167 discipulo

631 4175 922 4244 venditus,
957 4183 1199 4248 paterna
1243 4179 1454 4236 virtute
1502 4199 1570 4237 ex
1616 4182 1842 4238 inferno
1875 4183 2159 4240 deductus
2192 4188 2282 4239 est

633 4281 766 4320 cum
798 4282 970 4338 grege
993 4268 1314 4338 justorum.

705 4379 730 4404 ‹‹
766 4355 873 4421 Qui
905 4358 1072 4413 sedes
1103 4375 1280 4430 super
1308 4358 1640 4414 Cherubim.
1680 4383 1704 4408 ››
1737 4362 1918 4433 Super
1963 4361 2278 4433 plenitudi-

633 4462 767 4502 nem
813 4446 1008 4502 omnis
1051 4447 1327 4504 scientiae.
1363 4449 1594 4520 Appare.
1631 4449 1774 4506 Huic
1823 4453 2043 4506 mundo
2093 4457 2147 4507 te
2196 4451 2279 4506 vi-

633 4536 892 4592 dendum
950 4537 1162 4608 praebe.
1195 4539 1402 4594 Coram
1453 4539 1734 4610 Ephraim,
1785 4545 1836 4596 et
1880 4543 2189 4610 Benjamin,
2232 4550 2281 4596 ct

632 4623 894 4681 Manasse.
933 4625 1102 4680 Illum
1133 4625 1409 4698 Ephraim
1442 4628 1889 4702 Manassemque
1921 4648 2281 4686 commemo-

635 4717 747 4779 rat,
773 4730 923 4784 quos
956 4714 1093 4769 alibi
1125 4715 1527 4774 fortitudinem
1560 4719 1649 4774 sui
1681 4718 1890 4791 capitis
1920 4719 2080 4791 dicit,
2105 4720 2161 4775 id
2193 4724 2282 4775 est
2313 4739 2360 4803 Β

636 4801 952 4859 Ecclesiam
989 4803 1076 4858 vel
1107 4806 1419 4876 apostolos.
1453 4808 1614 4870 Quod
1656 4813 1853 4864 autem
1885 4809 2188 4880 Benjamin
2222 4809 2281 4864 in

636 4892 826 4948 medio
859 4893 1053 4965 posuit
1094 4911 1106 4949 :
1158 4895 1450 4967 significat
1500 4897 1742 4952 Paulum
1793 4898 2144 4970 apostolum,
2178 4898 2280 4970 qui

633 4983 702 5039 de
735 4983 888 5038 tribu
922 4983 1225 5055 Benjamin
1259 4985 1560 5042 descendit
1591 4988 1860 5058 (Philipp.
1895 5005 1978 5054 ιιι,
2011 4988 2087 5059 5),
2113 4993 2281 5042 caete-

634 5073 715 5130 ris
748 5073 1029 5146 apostolis
1060 5075 1425 5131 sociandum.

704 5188 730 5213 ‹‹
767 5165 962 5219 Excita
1022 5164 1279 5236 potentia
1334 5171 1518 5220 tuam.
1565 5187 1591 5214 «
1641 5165 1826 5229 Quam
1875 5165 2158 5237 .Egyptiis
2216 5182 2281 5220 ac

633 5254 770 5311 filiis
801 5254 978 5311 Israel
1028 5254 1359 5310 ostendisti.
1396 5277 1422 5304 ‹‹
1458 5256 1526 5309 Et
1568 5256 1716 5321 veni,
1751 5258 1814 5309 ut
1863 5253 2052 5310 salvos
2102 5254 2282 5310 facias

633 5363 759 5402 nos.
788 5367 815 5394 »
840 5343 910 5399 Ut
941 5343 1096 5399 sicut
1125 5343 1256 5399 illos
1286 5343 1491 5398 eruisti
1524 5345 1594 5398 de
1625 5345 1890 5415 .Egypto,
1926 5342 2007 5397 ita
2037 5360 2141 5398 nos
2174 5342 2283 5398 sal-

628 5452 727 5490 ves
759 5452 793 5490 a
823 5437 1109 5506 potestate
1140 5433 1494 5488 daemonum.

704 5546 731 5572 «
767 5524 940 5592 Deus,
975 5528 1239 5578 converte
1275 5539 1398 5578 nos.
1427 5544 1452 5569 »
1491 5521 1574 5576 Ad
1607 5526 1661 5576 te
1693 5522 2184 5593 cognoscendum.
2219 5523 2283 5576 Et

635 5613 848 5667 ostende
878 5615 1074 5683 [aciem
1097 5617 1269 5682 tuam,
1292 5617 1342 5668 et
1361 5613 1500 5667 salvi
1525 5612 1752 5666 erimus.
1786 5611 2039 5667 Ostende
2070 5611 2280 5668 Filium

635 5703 828 5766 tuum,
862 5705 924 5754 ut
956 5701 1266 5756 salvemur.

637 5809 643 5818 ι
709 5808 735 5841 α
777 5787 1021 5845 Domine
1079 5789 1231 5844 Deus
1285 5790 1589 5858 virtutum,
1647 5806 1954 5863 quousque
2011 5790 2281 5851 irasceris

2391 700 2754 770 sijustitiam
2803 710 3104 775 petamus;
3141 707 3240 762 sed
3283 707 3638 765 conscientia
3688 709 3908 780 delicti,
3944 730 4048 784 pu-

2389 794 2473 844 tat
2505 791 2678 845 etiam
2711 793 2784 847 ab
2816 793 3078 850 oratione
3109 795 3302 851 irasci.

2465 903 2491 927 ‹‹
2523 880 2752 936 Cibabis
2785 899 2890 937 nos
2922 901 3069 954 pane
3102 884 3514 958 lacrymarum,
3547 892 3600 944 et
3629 893 3835 960 potum
3873 891 4044 946 dabis

2390 969 2557 1024 nobis
2592 971 2647 1024 in
2679 970 2948 1043 lacrymis
3002 974 3056 1028 in
3110 992 3406 1032 mensura.
3436 1000 3462 1028 ››
3499 978 3657 1050 Saepe
3686 980 3758 1034 ob
3809 980 4043 1036 deside-

2389 1060 2541 1113 rium
2576 1060 2695 1130 Dei,
2733 1061 2850 1116 sive
2883 1065 3339 1120 recordationem
3375 1068 3614 1138 peccati,
3645 1067 3914 1140 lacryma
3947 1087 4043 1125 no-

2389 1149 2478 1202 bis
2511 1167 2710 1220 panes,
2742 1158 3032 1224 potusque
3064 1154 3232 1208 ﬁunt.
3256 1156 3416 1220 Quod
3449 1161 3642 1212 autem
3675 1157 3774 1222 ait,
3798 1159 3860 1212 in
3886 1176 4040 1213 men-

2385 1255 2541 1304 sura,
2575 1239 2715 1294 illud
2752 1241 2990 1307 indicat,
3027 1247 3089 1296 ut
3120 1244 3178 1297 in
3212 1243 3318 1298 hac
3350 1245 3630 1316 oratione,
3659 1245 3718 1301 in
3753 1263 3871 1318 qua
3903 1265 4032 1319 pec-

2389 1328 2535 1382 catis
2587 1329 2808 1384 absolvi
2843 1331 3138 1401 cupimus,
3172 1331 3256 1386 vel
3291 1333 3471 1388 Deum
3503 1334 3696 1390 videre
3742 1337 4039 1392 desidera-

2389 1435 2522 1472 mus
2548 1436 2560 1473 :
2590 1419 2778 1474 victus
2811 1421 3003 1474 tenuis
3029 1420 3367 1492 accipiatur,
3387 1421 3436 1477 si
3460 1422 3517 1477 in
3540 1424 3892 1496 precatione,
3919 1443 4036 1481 non

2388 1507 2446 1560 in
2481 1506 2748 1579 multiloq
2763 1507 2855 1562 uio
2888 1512 3233 1580 proferatur.

2460 1619 2485 1643 ‹‹
2527 1595 2779 1651 Posuisti
2830 1615 2933 1652 nos
2993 1599 3050 1652 in
3105 1599 3623 1658 contradictionem
3671 1601 3876 1658 vicinis
3935 1620 4039 1658 no-

2388 1683 2546 1751 stris,
2575 1706 2600 1732 »
2636 1689 2743 1750 etc,
2778 1687 2995 1740 Judaeis
3026 1692 3201 1757 atque
3232 1687 3539 1756 haereticis,
3565 1689 3664 1762 qui
3697 1691 3755 1745 in
3789 1692 4035 1747 circuitu

2389 1772 2652 1828 Ecclesiae
2682 1775 3049 1845 obstrepunt,
3081 1793 3305 1847 nosque
3336 1777 3703 1850 impugnant.

2464 1887 2482 1910 ι
2527 1863 2766 1918 Domine
2805 1865 2950 1919 Deus
3000 1864 3304 1935 virtutum,
3337 1873 3604 1923 converte
3634 1885 3738 1924 nos
3767 1869 3837 1924 ad
3873 1874 3948 1939 te,
3983 1876 4039 1926 et

2389 1953 2627 2008 ostende
2670 1953 2875 2008 faciem
2927 1957 3166 2020 tuam,»
3197 1960 3305 2010 etc.
3341 1954 3510 2010 Illum
3556 1957 3654 2028 qui
3705 1958 3850 2013 dixit
3885 1977 3897 2014 :
3933 1960 4039 2026 Qui

2387 2059 2475 2096 me
2505 2043 2661 2111 videt,
2695 2043 2838 2098 videt
2867 2046 2915 2097 et
2944 2043 3162 2098 Patrem
3193 2044 3368 2113 (Joan.
3402 2062 3513 2110 xxv,
3545 2047 3620 2114 9).

2461 2153 2486 2180 ‹‹
2521 2132 2762 2186 Vineam
2813 2131 2882 2185 de
2921 2132 3163 2202 Aigypto
3212 2133 3563 2189 transtulisti
3600 2149 3612 2190 :
3645 2135 3867 2206 ejecisti
3901 2152 4041 2204 gen-

2387 2223 2498 2285 tes,
2531 2225 2587 2276 ct
2628 2220 2905 2292 plantasti
2953 2237 3103 2275 eam.
3137 2225 3261 2276 Dux
3309 2221 3535 2277 itineris
3584 2223 3743 2279 fuisti
3789 2224 3846 2278 in
3899 2241 4040 2280 con-

2388 2316 2588 2382 spectu
2622 2311 2768 2378 ejus,
2799 2333 2825 2357 ››
2858 2313 2964 2364 etc.
3011 2309 3163 2364 Licet
3205 2309 3326 2364 hinc
3366 2327 3720 2384 synagogam
3752 2314 4039 2384 tigurave-

2388 2401 2524 2465 rint,
2554 2401 2624 2454 ad
2657 2398 2973 2453 Ecclesiam
3009 2399 3310 2454 referenda
3351 2405 3508 2464 sunt,
3542 2416 3667 2471 quae
3706 2418 3740 2456 a
3777 2403 4037 2457 tenebris

2388 2488 2584 2546 saeculi
2639 2488 2708 2543 ad
2762 2486 3052 2542 cmlestem
3105 2487 3472 2556 dignitatem,
3513 2488 3712 2560 ejectis
3760 2490 4036 2546 vitiorum

2385 2578 2682 2651 gentibus,
2717 2577 2828 2630 fide
2861 2576 3106 2640 favente,
3133 2578 3420 2632 translata
3449 2582 3557 2633 est.
3581 2578 3684 2634 Cui
3716 2579 3896 2634 etiam
3924 2581 4034 2648 via,

2386 2669 2443 2723 id
2477 2673 2584 2736 est,
2619 2667 2898 2720 mandata
2943 2681 3042 2736 per
3074 2682 3202 2736 qua:
3243 2665 3601 2736 graderetur,
3634 2665 3844 2739 largita
3875 2673 4033 2734 sunt,

2387 2755 2668 2830 plantatis
2702 2755 2757 2808 in
2791 2771 2859 2809 ea
2879 2753 3238 2819 doctoribus,
3267 2771 3368 2825 per
3395 2771 3541 2826 quos
3572 2755 3630 2810 in
3660 2772 3898 2812 omnem
3931 2762 4037 2812 ter-

2387 2863 2510 2901 ram
2544 2842 2988 2914 Evangeliorum
3018 2859 3200 2898 sonus
3231 2843 3621 2899 nuntiaretur.
3651 2846 3781 2916 Ipse
3802 2862 4036 2918 quoque

2387 2933 2694 2990 aDomino
2753 2949 2932 3003 super
2971 2931 3282 2987 Cherubim
3343 2933 3629 2989 residente
3682 2935 4031 3004 custoditur,

2387 3022 2679 3095 dirigitur,
2713 3039 2778 3076 ac
2810 3021 3089 3076 nutritur.

2459 3137 2485 3160 ‹‹
2520 3111 2758 3183 Operuit
2809 3115 3034 3166 montes
3083 3111 3292 3166 umbra
3333 3111 3482 3181 ejus,
3515 3114 3572 3167 et
3618 3113 3860 3168 arbusta
3908 3115 4037 3186 ejus

2387 3202 2591 3257 cedros
2627 3201 2742 3256 Dei.
2771 3224 2792 3252 ι
2832 3200 2973 3256 Cum
3018 3199 3366 3272 patriarchis
3405 3205 3579 3272 atque
3609 3202 3891 3274 apostolis
3922 3203 4038 3258 cla-

2387 3290 2577 3346 ritatis
2615 3307 2752 3345 sum.

2461 3403 2486 3428 ‹‹
2520 3379 2790 3434 Extendit
2821 3377 3094 3450 palmites
3126 3395 3337 3434 suos.»
3361 3379 3477 3435 Nos
3509 3395 3714 3437 sumus
3743 3381 3915 3448 vites,
3939 3381 4041 3454 qui

2389 3486 2458 3524 ex
2487 3468 2657 3523 vinea
2704 3467 2806 3522 illa
2855 3467 3250 3524 fronduimus.
3285 3491 3312 3518 «
3347 3468 3536 3540 Usque
3583 3469 3652 3524 ad
3706 3487 3888 3526 mare.
3917 3493 3946 3519 ››
3977 3472 4041 3525 Id

2391 3562 2499 3622 est,
2524 3574 2710 3628 usque
2743 3557 2814 3612 ad
2849 3557 3215 3628 baptismum
3249 3557 3624 3625 accessimus,
3649 3559 3747 3631 qui
3782 3559 3951 3632 prius
3981 3561 4042 3614 in

2389 3647 2647 3702 vanitate
2705 3645 2900 3702 saculi
2953 3645 3131 3716 hujus
3184 3647 3634 3703 ﬂuctuabamus.
3685 3649 3839 3704 Mare
3888 3650 4047 3707 enim

2390 3735 2770 3808 Apocalypsis
2831 3736 3190 3806 baptismum
3253 3736 3466 3808 signat.
3503 3757 3529 3789 α
3571 3736 3637 3792 Et
3691 3738 3760 3794 ad
3823 3739 4047 3795 ﬂumen

2392 3823 2742 3897 prepagines
2799 3824 3010 3893 ejus.»
3048 3823 3120 3879 Ut
3168 3825 3268 3895 qui
3326 3825 3384 3879 in
3439 3842 3506 3881 ea
3561 3827 4042 3893 renascebautur,

2391 3912 2689 3985 baptisma
2738 3911 3135 3968 abluerentur.
3168 3914 3313 3968 Hinc
3345 3916 3417 3970 ad
3447 3931 3800 3988 synagogam
3849 3933 4044 3972 rever-

2391 4003 2554 4059 titur.

2463 4115 2490 4141 ‹‹
2545 4092 2759 4164 thuid
2821 4091 3160 4147 destruxisti
3218 4091 3528 4148 maceriam
3585 4093 3758 4163 ejus?
3801 4116 3829 4143 ››
3875 4095 4044 4151 Tunc

2391 4181 2549 4238 enim
2585 4182 2832 4236 munitio
2865 4185 3179 4253 Synagogaa
3211 4181 3473 4253 deposita
3495 4186 3601 4246 est,
3635 4198 3767 4238 cum
3797 4185 3849 4239 ei
3876 4188 4044 4242 raeci-

2392 4277 2476 4326 tas
2533 4273 2784 4339 contigit,
2840 4271 3006 4325 donec
3060 4271 3354 4342 plenitudo
3410 4273 3655 4340 gentium
3702 4273 4044 4329 subintraret

2393 4362 2566 4432 (Rom.
2600 4377 2678 4426 xi,
2711 4360 2822 4429 ‘25).
2859 4381 2884 4412 α
2915 4359 2982 4414 Et
3013 4359 3375 4415 vindemiant
3423 4376 3550 4415 eam
3599 4376 3799 4416 omnes
3837 4365 4044 4417 trans-

2395 4455 2600 4505 euntes
2631 4449 2806 4504 viam.
2837 4473 2862 4497 ››
2893 4448 3191 4520 Spoliatur
3221 4451 3292 4504 ab
3324 4449 3416 4505 his
3465 4449 3561 4521 qui
3595 4466 3694 4522 per
3724 4450 3897 4520 hujus
3924 4468 4048 4506 sae-

2392 4539 2508 4596 culi
2542 4538 2690 4593 viam
2721 4539 2791 4593 ad
2838 4538 3021 4594 Deum
3071 4542 3378 4595 transeunt
3411 4555 3423 4593 :
3457 4539 3598 4595 dum
3626 4539 3849 4596 Judaaos
3900 4555 4046 4597 con-

2392 4629 2533 4684 verti
2569 4627 2793 4682 faciunt
2825 4627 3212 4698 prazdicando.

2466 4740 2493 4768 «
2524 4716 2943 4772 Exterminavit
2993 4732 3120 4770 eam
3171 4732 3309 4788 aper
3338 4717 3408 4773 de
3440 4717 3602 4783 silva,
3633 4720 3689 4774 et
3717 4715 4042 4790 singularis

2393 4807 2554 4863 ferus
2586 4807 2866 4877 depastus
2897 4809 2986 4861 est
3017 4821 3165 4862 eam.
3191 4827 3218 4855 »
3256 4807 3318 4860 ln
3362 4817 3501 4879 apro
3533 4812 3705 4879 atque
3753 4806 4039 4879 singulari

2393 4897 2513 4952 fero
2571 4894 2911 4950 immanitas
2958 4894 3172 4950 diaboli
3221 4893 3586 4968 intelligitur,
3626 4913 3660 4951 a
3696 4911 3812 4967 quo
3852 4901 4043 4951 exter-

2395 4985 2616 5041 minata
2647 4989 2736 5039 est
2765 4988 3000 5056 propter
3028 4983 3519 5041 incredulitatem.

2467 5096 2494 5124 «
2525 5073 2768 5130 Domine
2803 5074 2952 5129 Deus
2983 5073 3290 5142 virtutum,
3337 5078 3606 5130 converte
3636 5090 3760 5130 nos.
3784 5095 3812 5125 »
3847 5074 4042 5147 Syna-

2393 5180 2603 5236 gogam
2635 5166 2706 5218 ad
2739 5163 3077 5218 Ecclesiam.

2464 5252 2768 5324 «Respice
2827 5251 2897 5305 de
2955 5249 3117 5320 coelo,
3161 5253 3218 5304 et
3274 5251 3425 5318 vide,
3473 5253 3530 5306 et
3584 5249 3753 5312 visita
3802 5249 4044 5306 vineam

2394 5343 2643 5397 istam.»
2679 5346 2755 5394 De
2795 5357 2912 5412 qua
2961 5339 3234 5412 superius
3282 5357 3415 5396 sum
3459 5339 3704 5396 locutus.
3738 5359 3759 5388 ι
3793 5340 3860 5395 Et
3912 5357 4047 5412 per-

2393 5433 2498 5487 fice
2532 5448 2659 5486 eam
2703 5447 2879 5502 quam
2925 5429 3208 5502 plantavit
3238 5430 3474 5486 dextera
3500 5434 3623 5485 tua:
3646 5451 3675 5479 ››
3705 5431 3891 5496 Quam
3930 5430 4049 5485 vir-

2391 5525 2508 5588 tus,
2540 5520 2597 5575 id
2630 5523 2720 5575 est
2765 5518 2947 5573 Filius
2997 5523 3155 5585 tuus,
3205 5519 3629 5576 resurrectione
3675 5535 3783 5575 sua
3829 5519 4049 5575 funda-

2391 5610 2490 5666 vit.
2527 5631 2552 5662 α
2583 5610 2648 5664 Et
2680 5625 2857 5680 super
2886 5606 3095 5664 Filium
3145 5609 3423 5665 hominis.
3452 5632 3478 5658 ››
3511 5608 3723 5666 Filium
3767 5609 4047 5683 virginis.

2395 5724 2421 5750 «
2458 5701 2638 5764 Quem
2673 5697 3032 5754 confirmasti
3083 5697 3210 5754 tibi.
3245 5721 3267 5747 ν
3301 5701 3504 5767 Quem,
3554 5697 3780 5757 devicta
3827 5703 4053 5767 morte,

2394 5791 2465 5848 ad
2496 5793 2659 5848 tuam
2685 5787 2980 5846 dexteram
3007 5786 3324 5846 collocasti.
