  <div class='ocr_page' id='page_1' title='image "/cluster/home/n/w/nwhite01/storage/ocr_20150623/26/umn.31951002477320a/561.png"; bbox 0 0 4256 6634; ppageno 0'>
   <div class='ocr_carea' id='block_1_1' title="bbox 652 464 808 526">
    <p class='ocr_par' dir='ltr' id='par_1_1' title="bbox 652 464 808 526">
     <span class='ocr_line' id='line_1_1' title="bbox 652 464 808 526; baseline 0 -1"><span class='ocrx_word' id='word_1_1' title='bbox 652 464 808 526; x_wconf 72' lang='grc'>1123</span> 
     </span>
    </p>
   </div>
   <div class='ocr_carea' id='block_1_2' title="bbox 2141 452 2567 517">
    <p class='ocr_par' dir='ltr' id='par_1_2' title="bbox 2141 452 2567 517">
     <span class='ocr_line' id='line_1_2' title="bbox 2141 452 2567 517; baseline 0.005 -2"><span class='ocrx_word' id='word_1_2' title='bbox 2141 452 2536 516; x_wconf 83' lang='lat' dir='ltr'>APPENDIX</span> <span class='ocrx_word' id='word_1_3' title='bbox 2549 496 2567 517; x_wconf 87' lang='lat'>.</span> 
     </span>
    </p>
   </div>
   <div class='ocr_carea' id='block_1_3' title="bbox 3906 438 4053 518">
    <p class='ocr_par' dir='ltr' id='par_1_3' title="bbox 3906 438 4053 518">
     <span class='ocr_line' id='line_1_3' title="bbox 3906 438 4053 518; baseline 0 -1"><span class='ocrx_word' id='word_1_4' title='bbox 3906 438 4053 518; x_wconf 73' lang='lat' dir='ltr'>1I24</span> 
     </span>
    </p>
   </div>
   <div class='ocr_carea' id='block_1_4' title="bbox 649 588 4049 679">
    <p class='ocr_par' dir='ltr' id='par_1_4' title="bbox 649 588 4049 679">
     <span class='ocr_line' id='line_1_4' title="bbox 649 588 4049 679; baseline -0.002 -26"><span class='ocrx_word' id='word_1_5' title='bbox 649 598 784 653; x_wconf 90' lang='lat' dir='ltr'>licet</span> <span class='ocrx_word' id='word_1_6' title='bbox 823 595 983 651; x_wconf 89' lang='lat' dir='ltr'>omni</span> <span class='ocrx_word' id='word_1_7' title='bbox 1030 597 1291 666; x_wconf 90' lang='lat' dir='ltr'>tempore</span> <span class='ocrx_word' id='word_1_8' title='bbox 1342 596 1455 648; x_wconf 94' lang='lat' dir='ltr'>Deo</span> <span class='ocrx_word' id='word_1_9' title='bbox 1514 606 1721 679; x_wconf 66' lang='lat' dir='ltr'>canere</span> <span class='ocrx_word' id='word_1_10' title='bbox 1774 590 2139 645; x_wconf 85' lang='lat' dir='ltr'>debeamus:</span> <span class='ocrx_word' id='word_1_11' title='bbox 2190 588 2289 643; x_wconf 91' lang='lat' dir='ltr'>scd</span> <span class='ocrx_word' id='word_1_12' title='bbox 2319 588 2377 657; x_wconf 81' lang='grc' dir='ltr'><strong>Α</strong></span> <span class='ocrx_word' id='word_1_13' title='bbox 2409 592 2546 645; x_wconf 91' lang='lat' dir='ltr'>tur:</span> <span class='ocrx_word' id='word_1_14' title='bbox 2598 590 2751 660; x_wconf 91' lang='lat' dir='ltr'>quod</span> <span class='ocrx_word' id='word_1_15' title='bbox 2806 589 2877 644; x_wconf 90' lang='lat' dir='ltr'>ad</span> <span class='ocrx_word' id='word_1_16' title='bbox 2938 606 3149 662; x_wconf 88' lang='lat' dir='ltr'>aquam</span> <span class='ocrx_word' id='word_1_17' title='bbox 3190 588 3668 646; x_wconf 89' lang='lat' dir='ltr'>contradictionis</span> <span class='ocrx_word' id='word_1_18' title='bbox 3700 590 4049 647; x_wconf 74' lang='lat' dir='ltr'>offenderint</span> 
     </span>
    </p>
   </div>
   <div class='ocr_carea' id='block_1_5' title="bbox 648 678 2289 759">
    <p class='ocr_par' dir='ltr' id='par_1_5' title="bbox 648 678 2289 759">
     <span class='ocr_line' id='line_1_5' title="bbox 648 678 2289 759; baseline -0.006 -18"><span class='ocrx_word' id='word_1_19' title='bbox 648 684 937 759; x_wconf 82' lang='lat' dir='ltr'>praecipue</span> <span class='ocrx_word' id='word_1_20' title='bbox 994 684 1053 738; x_wconf 90' lang='lat' dir='ltr'>in</span> <span class='ocrx_word' id='word_1_21' title='bbox 1112 682 1556 751; x_wconf 77' lang='lat' dir='ltr'>resurrectione,</span> <span class='ocrx_word' id='word_1_22' title='bbox 1600 680 1659 734; x_wconf 92' lang='lat' dir='ltr'>in</span> <span class='ocrx_word' id='word_1_23' title='bbox 1713 679 2077 749; x_wconf 91' lang='lat' dir='ltr'>remissione,</span> <span class='ocrx_word' id='word_1_24' title='bbox 2126 683 2183 733; x_wconf 91' lang='lat' dir='ltr'>et</span> <span class='ocrx_word' id='word_1_25' title='bbox 2231 678 2289 732; x_wconf 90' lang='lat' dir='ltr'>in</span> 
     </span>
    </p>
   </div>
   <div class='ocr_carea' id='block_1_6' title="bbox 647 767 2289 839">
    <p class='ocr_par' dir='ltr' id='par_1_6' title="bbox 647 767 2289 839">
     <span class='ocr_line' id='line_1_6' title="bbox 647 767 2289 839; baseline -0.006 -9"><span class='ocrx_word' id='word_1_26' title='bbox 647 777 857 831; x_wconf 89' lang='lat' dir='ltr'>domus</span> <span class='ocrx_word' id='word_1_27' title='bbox 906 773 1277 829; x_wconf 81' lang='lat' dir='ltr'>innovatione</span> <span class='ocrx_word' id='word_1_28' title='bbox 1311 789 1323 827; x_wconf 91' lang='lat'>:</span> <span class='ocrx_word' id='word_1_29' title='bbox 1374 771 1483 826; x_wconf 92' lang='lat' dir='ltr'>hoc</span> <span class='ocrx_word' id='word_1_30' title='bbox 1526 774 1632 838; x_wconf 88' lang='lat' dir='ltr'>est,</span> <span class='ocrx_word' id='word_1_31' title='bbox 1666 786 1799 825; x_wconf 92' lang='lat' dir='ltr'>cum</span> <span class='ocrx_word' id='word_1_32' title='bbox 1834 768 2199 839; x_wconf 79' lang='lat' dir='ltr'>resurgimus</span> <span class='ocrx_word' id='word_1_33' title='bbox 2230 767 2289 821; x_wconf 88' lang='lat' dir='ltr'>in</span> 
     </span>
    </p>
   </div>
   <div class='ocr_carea' id='block_1_7' title="bbox 645 854 2291 930">
    <p class='ocr_par' dir='ltr' id='par_1_7' title="bbox 645 854 2291 930">
     <span class='ocr_line' id='line_1_7' title="bbox 645 854 2291 930; baseline -0.007 -9"><span class='ocrx_word' id='word_1_34' title='bbox 645 865 873 921; x_wconf 80' lang='lat' dir='ltr'>Christo</span> <span class='ocrx_word' id='word_1_35' title='bbox 902 881 916 920; x_wconf 87' lang='lat'>:</span> <span class='ocrx_word' id='word_1_36' title='bbox 949 880 1083 918; x_wconf 92' lang='lat' dir='ltr'>cum</span> <span class='ocrx_word' id='word_1_37' title='bbox 1111 861 1516 918; x_wconf 77' lang='lat' dir='ltr'>remissionem</span> <span class='ocrx_word' id='word_1_38' title='bbox 1544 859 1885 930; x_wconf 80' lang='lat' dir='ltr'>accipimus,</span> <span class='ocrx_word' id='word_1_39' title='bbox 1912 854 2043 912; x_wconf 80' lang='lat' dir='ltr'>cu&#39;m</span> <span class='ocrx_word' id='word_1_40' title='bbox 2078 858 2291 911; x_wconf 88' lang='lat' dir='ltr'>domus</span> 
     </span>
    </p>
   </div>
   <div class='ocr_carea' id='block_1_8' title="bbox 645 946 2071 1027">
    <p class='ocr_par' dir='ltr' id='par_1_8' title="bbox 645 946 2071 1027">
     <span class='ocr_line' id='line_1_8' title="bbox 645 946 2071 1027; baseline -0.006 -18"><span class='ocrx_word' id='word_1_41' title='bbox 645 953 896 1027; x_wconf 86' lang='lat' dir='ltr'>pectoris</span> <span class='ocrx_word' id='word_1_42' title='bbox 928 951 1113 1008; x_wconf 84' lang='lat' dir='ltr'>nostri</span> <span class='ocrx_word' id='word_1_43' title='bbox 1145 952 1419 1005; x_wconf 89' lang='lat' dir='ltr'>innovata</span> <span class='ocrx_word' id='word_1_44' title='bbox 1450 948 1619 1003; x_wconf 92' lang='lat' dir='ltr'>fuerit</span> <span class='ocrx_word' id='word_1_45' title='bbox 1650 951 1781 1019; x_wconf 91' lang='lat' dir='ltr'>post</span> <span class='ocrx_word' id='word_1_46' title='bbox 1817 946 2071 1001; x_wconf 87' lang='lat' dir='ltr'>ruinam.</span> 
     </span>
    </p>
   </div>
   <div class='ocr_carea' id='block_1_9' title="bbox 717 1079 2288 1159">
    <p class='ocr_par' dir='ltr' id='par_1_9' title="bbox 717 1079 2288 1159">
     <span class='ocr_line' id='line_1_9' title="bbox 717 1079 2288 1159; baseline -0.004 -20"><span class='ocrx_word' id='word_1_47' title='bbox 717 1111 745 1139; x_wconf 84' lang='lat'><strong><em>«</em></strong></span> <span class='ocrx_word' id='word_1_48' title='bbox 777 1088 922 1151; x_wconf 87' lang='lat' dir='ltr'>Quia</span> <span class='ocrx_word' id='word_1_49' title='bbox 952 1090 1304 1159; x_wconf 66' lang='lat' dir='ltr'>praeceptum</span> <span class='ocrx_word' id='word_1_50' title='bbox 1337 1084 1395 1138; x_wconf 89' lang='lat' dir='ltr'>in</span> <span class='ocrx_word' id='word_1_51' title='bbox 1428 1081 1606 1138; x_wconf 85' lang='lat' dir='ltr'>Israel</span> <span class='ocrx_word' id='word_1_52' title='bbox 1638 1085 1746 1147; x_wconf 89' lang='lat' dir='ltr'>est,</span> <span class='ocrx_word' id='word_1_53' title='bbox 1771 1084 1826 1135; x_wconf 91' lang='lat' dir='ltr'>et</span> <span class='ocrx_word' id='word_1_54' title='bbox 1848 1080 2143 1151; x_wconf 83' lang='lat' dir='ltr'>judicium</span> <span class='ocrx_word' id='word_1_55' title='bbox 2172 1079 2288 1134; x_wconf 88' lang='lat' dir='ltr'>Deo</span> 
     </span>
    </p>
   </div>
   <div class='ocr_carea' id='block_1_10' title="bbox 644 1168 2287 1247">
    <p class='ocr_par' dir='ltr' id='par_1_10' title="bbox 644 1168 2287 1247">
     <span class='ocr_line' id='line_1_10' title="bbox 644 1168 2287 1247; baseline -0.008 -13"><span class='ocrx_word' id='word_1_56' title='bbox 644 1178 845 1234; x_wconf 87' lang='lat' dir='ltr'>Jacob.</span> <span class='ocrx_word' id='word_1_57' title='bbox 866 1198 895 1227; x_wconf 88' lang='lat'>»</span> <span class='ocrx_word' id='word_1_58' title='bbox 917 1176 1104 1247; x_wconf 88' lang='lat' dir='ltr'>Ipsius</span> <span class='ocrx_word' id='word_1_59' title='bbox 1122 1175 1276 1230; x_wconf 91' lang='lat' dir='ltr'>enim</span> <span class='ocrx_word' id='word_1_60' title='bbox 1295 1176 1645 1245; x_wconf 73' lang='lat' dir='ltr'>prmceptum</span> <span class='ocrx_word' id='word_1_61' title='bbox 1665 1174 1773 1235; x_wconf 85' lang='lat' dir='ltr'>est,</span> <span class='ocrx_word' id='word_1_62' title='bbox 1788 1168 2287 1242; x_wconf 88' lang='lat' dir='ltr'>atquejudicium,</span> 
     </span>
    </p>
   </div>
   <div class='ocr_carea' id='block_1_11' title="bbox 644 1260 1823 1339">
    <p class='ocr_par' dir='ltr' id='par_1_11' title="bbox 644 1260 1823 1339">
     <span class='ocr_line' id='line_1_11' title="bbox 644 1260 1823 1339; baseline -0.008 -16"><span class='ocrx_word' id='word_1_63' title='bbox 644 1270 711 1322; x_wconf 89' lang='lat' dir='ltr'>ut</span> <span class='ocrx_word' id='word_1_64' title='bbox 738 1265 925 1339; x_wconf 89' lang='lat' dir='ltr'>gratia</span> <span class='ocrx_word' id='word_1_65' title='bbox 954 1264 1266 1330; x_wconf 88' lang='lat' dir='ltr'>salvemur,</span> <span class='ocrx_word' id='word_1_66' title='bbox 1300 1266 1356 1318; x_wconf 92' lang='lat' dir='ltr'>et</span> <span class='ocrx_word' id='word_1_67' title='bbox 1385 1278 1500 1316; x_wconf 91' lang='lat' dir='ltr'>non</span> <span class='ocrx_word' id='word_1_68' title='bbox 1534 1276 1602 1315; x_wconf 88' lang='lat' dir='ltr'>ex</span> <span class='ocrx_word' id='word_1_69' title='bbox 1632 1260 1823 1315; x_wconf 90' lang='lat' dir='ltr'>nobis.</span> 
     </span>
    </p>
   </div>
   <div class='ocr_carea' id='block_1_12' title="bbox 715 1373 2288 1448">
    <p class='ocr_par' dir='ltr' id='par_1_12' title="bbox 715 1373 2288 1448">
     <span class='ocr_line' id='line_1_12' title="bbox 715 1373 2288 1448; baseline -0.003 -16"><span class='ocrx_word' id='word_1_70' title='bbox 715 1403 744 1432; x_wconf 85' lang='lat'>«</span> <span class='ocrx_word' id='word_1_71' title='bbox 777 1379 1203 1436; x_wconf 87' lang='lat' dir='ltr'>Testimonium</span> <span class='ocrx_word' id='word_1_72' title='bbox 1248 1377 1306 1433; x_wconf 89' lang='lat' dir='ltr'>in</span> <span class='ocrx_word' id='word_1_73' title='bbox 1346 1376 1585 1448; x_wconf 89' lang='lat' dir='ltr'>Joseph.</span> <span class='ocrx_word' id='word_1_74' title='bbox 1621 1398 1649 1425; x_wconf 83' lang='lat'><strong>»</strong></span> <span class='ocrx_word' id='word_1_75' title='bbox 1698 1375 1762 1431; x_wconf 89' lang='lat' dir='ltr'>In</span> <span class='ocrx_word' id='word_1_76' title='bbox 1793 1373 2022 1430; x_wconf 87' lang='lat' dir='ltr'>Christo</span> <span class='ocrx_word' id='word_1_77' title='bbox 2055 1373 2151 1444; x_wconf 87' lang='lat' dir='ltr'>qui</span> <span class='ocrx_word' id='word_1_78' title='bbox 2185 1390 2288 1445; x_wconf 91' lang='lat' dir='ltr'>pro</span> 
     </span>
    </p>
   </div>
   <div class='ocr_carea' id='block_1_13' title="bbox 643 1464 2291 1531">
    <p class='ocr_par' dir='ltr' id='par_1_13' title="bbox 643 1464 2291 1531">
     <span class='ocr_line' id='line_1_13' title="bbox 643 1464 2291 1531; baseline -0.007 -4"><span class='ocrx_word' id='word_1_79' title='bbox 643 1472 812 1527; x_wconf 89' lang='lat' dir='ltr'>nobis</span> <span class='ocrx_word' id='word_1_80' title='bbox 833 1470 1101 1526; x_wconf 90' lang='lat' dir='ltr'>venditus</span> <span class='ocrx_word' id='word_1_81' title='bbox 1125 1472 1231 1523; x_wconf 91' lang='lat' dir='ltr'>est.</span> <span class='ocrx_word' id='word_1_82' title='bbox 1252 1490 1280 1517; x_wconf 85' lang='lat'><strong><em>«</em></strong></span> <span class='ocrx_word' id='word_1_83' title='bbox 1296 1467 1495 1522; x_wconf 88' lang='lat' dir='ltr'>Posuit</span> <span class='ocrx_word' id='word_1_84' title='bbox 1510 1465 1677 1531; x_wconf 91' lang='lat' dir='ltr'>illud,</span> <span class='ocrx_word' id='word_1_85' title='bbox 1694 1481 1827 1520; x_wconf 90' lang='lat' dir='ltr'>cum</span> <span class='ocrx_word' id='word_1_86' title='bbox 1846 1464 2026 1519; x_wconf 90' lang='lat' dir='ltr'>exiret</span> <span class='ocrx_word' id='word_1_87' title='bbox 2045 1464 2115 1519; x_wconf 89' lang='lat' dir='ltr'>de</span> <span class='ocrx_word' id='word_1_88' title='bbox 2137 1468 2291 1517; x_wconf 89' lang='lat' dir='ltr'>terra</span> 
     </span>
    </p>
   </div>
   <div class='ocr_carea' id='block_1_14' title="bbox 642 1553 2291 1634">
    <p class='ocr_par' dir='ltr' id='par_1_14' title="bbox 642 1553 2291 1634">
     <span class='ocr_line' id='line_1_14' title="bbox 642 1553 2291 1634; baseline -0.005 -19"><span class='ocrx_word' id='word_1_89' title='bbox 642 1559 890 1634; x_wconf 62' lang='lat' dir='ltr'>Egypti.</span> <span class='ocrx_word' id='word_1_90' title='bbox 919 1582 946 1608; x_wconf 86' lang='lat'>»</span> <span class='ocrx_word' id='word_1_91' title='bbox 968 1558 1068 1613; x_wconf 90' lang='lat' dir='ltr'>Vel</span> <span class='ocrx_word' id='word_1_92' title='bbox 1090 1557 1148 1612; x_wconf 91' lang='lat' dir='ltr'>in</span> <span class='ocrx_word' id='word_1_93' title='bbox 1172 1558 1339 1623; x_wconf 90' lang='lat' dir='ltr'>rubo,</span> <span class='ocrx_word' id='word_1_94' title='bbox 1359 1555 1446 1611; x_wconf 90' lang='lat' dir='ltr'>vel</span> <span class='ocrx_word' id='word_1_95' title='bbox 1470 1556 1530 1610; x_wconf 93' lang='lat' dir='ltr'>in</span> <span class='ocrx_word' id='word_1_96' title='bbox 1553 1556 1706 1627; x_wconf 86' lang='lat' dir='ltr'>igne,</span> <span class='ocrx_word' id='word_1_97' title='bbox 1731 1553 1817 1608; x_wconf 89' lang='lat' dir='ltr'>vel</span> <span class='ocrx_word' id='word_1_98' title='bbox 1841 1554 1898 1607; x_wconf 89' lang='lat' dir='ltr'>in</span> <span class='ocrx_word' id='word_1_99' title='bbox 1923 1553 2055 1607; x_wconf 90' lang='lat' dir='ltr'>aliis</span> <span class='ocrx_word' id='word_1_100' title='bbox 2082 1556 2291 1624; x_wconf 81' lang='lat' dir='ltr'>myste-</span> 
     </span>
    </p>
   </div>
   <div class='ocr_carea' id='block_1_15' title="bbox 641 1640 2293 1720">
    <p class='ocr_par' dir='ltr' id='par_1_15' title="bbox 641 1640 2293 1720">
     <span class='ocr_line' id='line_1_15' title="bbox 641 1640 2293 1720; baseline -0.006 -14"><span class='ocrx_word' id='word_1_101' title='bbox 641 1650 765 1706; x_wconf 87' lang='lat' dir='ltr'>riis.</span> <span class='ocrx_word' id='word_1_102' title='bbox 806 1672 834 1700; x_wconf 87' lang='grc'>‹‹</span> <span class='ocrx_word' id='word_1_103' title='bbox 872 1648 1154 1720; x_wconf 84' lang='lat' dir='ltr'>Linguam</span> <span class='ocrx_word' id='word_1_104' title='bbox 1187 1661 1364 1717; x_wconf 90' lang='lat' dir='ltr'>quam</span> <span class='ocrx_word' id='word_1_105' title='bbox 1397 1660 1511 1700; x_wconf 90' lang='lat' dir='ltr'>non</span> <span class='ocrx_word' id='word_1_106' title='bbox 1546 1647 1803 1708; x_wconf 86' lang='lat' dir='ltr'>noverat,</span> <span class='ocrx_word' id='word_1_107' title='bbox 1836 1640 2077 1697; x_wconf 84' lang='lat' dir='ltr'>audivit.</span> <span class='ocrx_word' id='word_1_108' title='bbox 2116 1663 2141 1689; x_wconf 79' lang='lat' dir='ltr'>n</span> <span class='ocrx_word' id='word_1_109' title='bbox 2192 1640 2293 1696; x_wconf 92' lang='lat' dir='ltr'>Po-</span> 
     </span>
    </p>
   </div>
   <div class='ocr_carea' id='block_1_16' title="bbox 642 1730 2290 1813">
    <p class='ocr_par' dir='ltr' id='par_1_16' title="bbox 642 1730 2290 1813">
     <span class='ocr_line' id='line_1_16' title="bbox 642 1730 2290 1813; baseline -0.006 -18"><span class='ocrx_word' id='word_1_110' title='bbox 642 1740 817 1813; x_wconf 91' lang='lat' dir='ltr'>pulus</span> <span class='ocrx_word' id='word_1_111' title='bbox 847 1738 945 1793; x_wconf 90' lang='lat' dir='ltr'>ille</span> <span class='ocrx_word' id='word_1_112' title='bbox 967 1736 1251 1809; x_wconf 88' lang='lat' dir='ltr'>gentium,</span> <span class='ocrx_word' id='word_1_113' title='bbox 1275 1734 1333 1788; x_wconf 91' lang='lat' dir='ltr'>in</span> <span class='ocrx_word' id='word_1_114' title='bbox 1358 1733 1615 1788; x_wconf 85' lang='lat' dir='ltr'>Ecclesia</span> <span class='ocrx_word' id='word_1_115' title='bbox 1639 1731 1937 1801; x_wconf 89' lang='lat' dir='ltr'>mandata,</span> <span class='ocrx_word' id='word_1_116' title='bbox 1968 1747 2095 1801; x_wconf 66' lang='lat' dir='ltr'>quae</span> <span class='ocrx_word' id='word_1_117' title='bbox 2127 1730 2290 1801; x_wconf 90' lang='lat' dir='ltr'>prius</span> 
     </span>
    </p>
   </div>
   <div class='ocr_carea' id='block_1_17' title="bbox 640 1823 1254 1901">
    <p class='ocr_par' dir='ltr' id='par_1_17' title="bbox 640 1823 1254 1901">
     <span class='ocr_line' id='line_1_17' title="bbox 640 1823 1254 1901; baseline -0.013 -18"><span class='ocrx_word' id='word_1_118' title='bbox 640 1828 970 1901; x_wconf 80' lang='lat' dir='ltr'>ignorabat,</span> <span class='ocrx_word' id='word_1_119' title='bbox 1015 1823 1254 1893; x_wconf 90' lang='lat' dir='ltr'>accepit.</span> 
     </span>
    </p>
   </div>
   <div class='ocr_carea' id='block_1_18' title="bbox 717 1934 2285 2003">
    <p class='ocr_par' dir='ltr' id='par_1_18' title="bbox 717 1934 2285 2003">
     <span class='ocr_line' id='line_1_18' title="bbox 717 1934 2285 2003; baseline -0.004 -11"><span class='ocrx_word' id='word_1_120' title='bbox 717 1963 739 1992; x_wconf 78' lang='grc' dir='ltr'>ι</span> <span class='ocrx_word' id='word_1_121' title='bbox 776 1938 1012 1995; x_wconf 86' lang='lat' dir='ltr'>Divertit</span> <span class='ocrx_word' id='word_1_122' title='bbox 1040 1939 1111 1993; x_wconf 91' lang='lat' dir='ltr'>ab</span> <span class='ocrx_word' id='word_1_123' title='bbox 1144 1936 1419 1992; x_wconf 88' lang='lat' dir='ltr'>oneribus</span> <span class='ocrx_word' id='word_1_124' title='bbox 1440 1937 1679 1990; x_wconf 89' lang='lat' dir='ltr'>dorsum</span> <span class='ocrx_word' id='word_1_125' title='bbox 1713 1934 1862 2003; x_wconf 87' lang='lat' dir='ltr'>ejus.</span> <span class='ocrx_word' id='word_1_126' title='bbox 1897 1956 1916 1983; x_wconf 71' lang='grc' dir='ltr'><strong>ο</strong></span> <span class='ocrx_word' id='word_1_127' title='bbox 1954 1934 2195 1997; x_wconf 89' lang='lat' dir='ltr'>Quando</span> <span class='ocrx_word' id='word_1_128' title='bbox 2230 1934 2285 1987; x_wconf 87' lang='lat' dir='ltr'>in</span> 
     </span>
    </p>
   </div>
   <div class='ocr_carea' id='block_1_19' title="bbox 640 2023 2287 2103">
    <p class='ocr_par' dir='ltr' id='par_1_19' title="bbox 640 2023 2287 2103">
     <span class='ocr_line' id='line_1_19' title="bbox 640 2023 2287 2103; baseline -0.005 -17"><span class='ocrx_word' id='word_1_129' title='bbox 640 2031 881 2103; x_wconf 63' lang='lat' dir='ltr'>[Egypto</span> <span class='ocrx_word' id='word_1_130' title='bbox 933 2044 1189 2094; x_wconf 89' lang='lat' dir='ltr'>eramus,</span> <span class='ocrx_word' id='word_1_131' title='bbox 1223 2026 1667 2081; x_wconf 82' lang='lat' dir='ltr'>exstruebamus</span> <span class='ocrx_word' id='word_1_132' title='bbox 1722 2023 1987 2078; x_wconf 83' lang='lat' dir='ltr'>civitates</span> <span class='ocrx_word' id='word_1_133' title='bbox 2036 2023 2287 2077; x_wconf 86' lang='lat' dir='ltr'>Pharao-</span> 
     </span>
    </p>
   </div>
   <div class='ocr_carea' id='block_1_20' title="bbox 641 2112 2289 2186">
    <p class='ocr_par' dir='ltr' id='par_1_20' title="bbox 641 2112 2289 2186">
     <span class='ocr_line' id='line_1_20' title="bbox 641 2112 2289 2186; baseline -0.007 -10"><span class='ocrx_word' id='word_1_134' title='bbox 641 2122 754 2186; x_wconf 86' lang='lat' dir='ltr'>nis,</span> <span class='ocrx_word' id='word_1_135' title='bbox 788 2118 976 2174; x_wconf 90' lang='lat' dir='ltr'>lutum</span> <span class='ocrx_word' id='word_1_136' title='bbox 1029 2122 1085 2172; x_wconf 90' lang='lat' dir='ltr'>et</span> <span class='ocrx_word' id='word_1_137' title='bbox 1128 2115 1369 2171; x_wconf 83' lang='lat' dir='ltr'>laterem</span> <span class='ocrx_word' id='word_1_138' title='bbox 1419 2114 1818 2186; x_wconf 85' lang='lat' dir='ltr'>portabamus,</span> <span class='ocrx_word' id='word_1_139' title='bbox 1853 2117 1909 2166; x_wconf 89' lang='lat' dir='ltr'>et</span> <span class='ocrx_word' id='word_1_140' title='bbox 1940 2115 2059 2167; x_wconf 90' lang='lat' dir='ltr'>tota</span> <span class='ocrx_word' id='word_1_141' title='bbox 2091 2112 2289 2166; x_wconf 89' lang='lat' dir='ltr'>anima</span> 
     </span>
    </p>
   </div>
   <div class='ocr_carea' id='block_1_21' title="bbox 640 2202 2291 2279">
    <p class='ocr_par' dir='ltr' id='par_1_21' title="bbox 640 2202 2291 2279">
     <span class='ocr_line' id='line_1_21' title="bbox 640 2202 2291 2279; baseline -0.007 -13"><span class='ocrx_word' id='word_1_142' title='bbox 640 2213 840 2266; x_wconf 90' lang='lat' dir='ltr'>nostra</span> <span class='ocrx_word' id='word_1_143' title='bbox 870 2207 1166 2279; x_wconf 64' lang='lat' dir='ltr'>quaerebat</span> <span class='ocrx_word' id='word_1_144' title='bbox 1195 2203 1410 2277; x_wconf 88' lang='lat' dir='ltr'>paleas.</span> <span class='ocrx_word' id='word_1_145' title='bbox 1444 2203 1569 2258; x_wconf 90' lang='lat' dir='ltr'>Non</span> <span class='ocrx_word' id='word_1_146' title='bbox 1613 2202 1978 2257; x_wconf 77' lang='lat' dir='ltr'>habebamus</span> <span class='ocrx_word' id='word_1_147' title='bbox 2036 2202 2291 2255; x_wconf 90' lang='lat' dir='ltr'>frumcn-</span> 
     </span>
    </p>
   </div>
   <div class='ocr_carea' id='block_1_22' title="bbox 641 2290 2289 2364">
    <p class='ocr_par' dir='ltr' id='par_1_22' title="bbox 641 2290 2289 2364">
     <span class='ocr_line' id='line_1_22' title="bbox 641 2290 2289 2364; baseline -0.005 -10"><span class='ocrx_word' id='word_1_148' title='bbox 641 2304 790 2364; x_wconf 87' lang='lat' dir='ltr'>tum,</span> <span class='ocrx_word' id='word_1_149' title='bbox 838 2314 954 2352; x_wconf 91' lang='lat' dir='ltr'>non</span> <span class='ocrx_word' id='word_1_150' title='bbox 1010 2295 1377 2350; x_wconf 75' lang='lat' dir='ltr'>habebamus</span> <span class='ocrx_word' id='word_1_151' title='bbox 1437 2292 1725 2348; x_wconf 80' lang='lat' dir='ltr'>caelestem</span> <span class='ocrx_word' id='word_1_152' title='bbox 1790 2308 1996 2362; x_wconf 36' lang='lat' dir='ltr'>lennem</span> <span class='ocrx_word' id='word_1_153' title='bbox 2060 2293 2157 2361; x_wconf 89' lang='lat' dir='ltr'>qui</span> <span class='ocrx_word' id='word_1_154' title='bbox 2218 2290 2289 2345; x_wconf 90' lang='lat' dir='ltr'>de</span> 
     </span>
    </p>
   </div>
   <div class='ocr_carea' id='block_1_23' title="bbox 641 2378 2286 2453">
    <p class='ocr_par' dir='ltr' id='par_1_23' title="bbox 641 2378 2286 2453">
     <span class='ocr_line' id='line_1_23' title="bbox 641 2378 2286 2453; baseline -0.005 -12"><span class='ocrx_word' id='word_1_155' title='bbox 641 2385 783 2441; x_wconf 79' lang='lat' dir='ltr'>cmlo</span> <span class='ocrx_word' id='word_1_156' title='bbox 815 2385 972 2441; x_wconf 87' lang='lat' dir='ltr'>venit</span> <span class='ocrx_word' id='word_1_157' title='bbox 1000 2401 1012 2437; x_wconf 88' lang='lat'>:</span> <span class='ocrx_word' id='word_1_158' title='bbox 1048 2383 1299 2438; x_wconf 89' lang='lat' dir='ltr'>necdum</span> <span class='ocrx_word' id='word_1_159' title='bbox 1332 2396 1743 2453; x_wconf 90' lang='lat' dir='ltr'>acceperamus</span> <span class='ocrx_word' id='word_1_160' title='bbox 1776 2396 1994 2435; x_wconf 87' lang='lat' dir='ltr'>manna</span> <span class='ocrx_word' id='word_1_161' title='bbox 2022 2379 2093 2433; x_wconf 91' lang='lat' dir='ltr'>de</span> <span class='ocrx_word' id='word_1_162' title='bbox 2122 2378 2286 2450; x_wconf 79' lang='lat' dir='ltr'>cmlo,</span> 
     </span>
    </p>
   </div>
   <div class='ocr_carea' id='block_1_24' title="bbox 640 2470 2283 2543">
    <p class='ocr_par' dir='ltr' id='par_1_24' title="bbox 640 2470 2283 2543">
     <span class='ocr_line' id='line_1_24' title="bbox 640 2470 2283 2543; baseline -0.006 -12"><span class='ocrx_word' id='word_1_163' title='bbox 640 2475 891 2531; x_wconf 89' lang='lat' dir='ltr'>necdum</span> <span class='ocrx_word' id='word_1_164' title='bbox 917 2472 1085 2528; x_wconf 91' lang='lat' dir='ltr'>nobis</span> <span class='ocrx_word' id='word_1_165' title='bbox 1111 2487 1352 2543; x_wconf 89' lang='lat' dir='ltr'>serpens</span> <span class='ocrx_word' id='word_1_166' title='bbox 1385 2471 1573 2525; x_wconf 86' lang='lat' dir='ltr'>fuerat</span> <span class='ocrx_word' id='word_1_167' title='bbox 1601 2470 1659 2524; x_wconf 93' lang='lat' dir='ltr'>in</span> <span class='ocrx_word' id='word_1_168' title='bbox 1696 2485 1885 2525; x_wconf 88' lang='lat' dir='ltr'>eremo</span> <span class='ocrx_word' id='word_1_169' title='bbox 1918 2485 2241 2540; x_wconf 88' lang='lat' dir='ltr'>suspensus</span> <span class='ocrx_word' id='word_1_170' title='bbox 2271 2485 2283 2521; x_wconf 87' lang='lat'><strong>:</strong></span> 
     </span>
    </p>
   </div>
   <div class='ocr_carea' id='block_1_25' title="bbox 642 2558 2289 2635">
    <p class='ocr_par' dir='ltr' id='par_1_25' title="bbox 642 2558 2289 2635">
     <span class='ocr_line' id='line_1_25' title="bbox 642 2558 2289 2635; baseline -0.005 -15"><span class='ocrx_word' id='word_1_171' title='bbox 642 2564 890 2620; x_wconf 89' lang='lat' dir='ltr'>necdum</span> <span class='ocrx_word' id='word_1_172' title='bbox 914 2566 1077 2635; x_wconf 85' lang='lat' dir='ltr'>petra</span> <span class='ocrx_word' id='word_1_173' title='bbox 1097 2578 1309 2632; x_wconf 90' lang='lat' dir='ltr'>aquam</span> <span class='ocrx_word' id='word_1_174' title='bbox 1333 2560 1499 2614; x_wconf 91' lang='lat' dir='ltr'>nobis</span> <span class='ocrx_word' id='word_1_175' title='bbox 1525 2559 1763 2614; x_wconf 89' lang='lat' dir='ltr'>miserat</span> <span class='ocrx_word' id='word_1_176' title='bbox 1788 2575 1800 2612; x_wconf 92' lang='lat'><strong>:</strong></span> <span class='ocrx_word' id='word_1_177' title='bbox 1825 2558 2073 2612; x_wconf 89' lang='lat' dir='ltr'>necdum</span> <span class='ocrx_word' id='word_1_178' title='bbox 2098 2563 2289 2612; x_wconf 77' lang='lat' dir='ltr'>exten-</span> 
     </span>
    </p>
   </div>
   <div class='ocr_carea' id='block_1_26' title="bbox 641 2647 2286 2717">
    <p class='ocr_par' dir='ltr' id='par_1_26' title="bbox 641 2647 2286 2717">
     <span class='ocr_line' id='line_1_26' title="bbox 641 2647 2286 2717; baseline -0.005 -8"><span class='ocrx_word' id='word_1_179' title='bbox 641 2654 925 2709; x_wconf 90' lang='lat' dir='ltr'>debamus</span> <span class='ocrx_word' id='word_1_180' title='bbox 959 2667 1191 2717; x_wconf 90' lang='lat' dir='ltr'>manus,</span> <span class='ocrx_word' id='word_1_181' title='bbox 1212 2655 1269 2705; x_wconf 92' lang='lat' dir='ltr'>et</span> <span class='ocrx_word' id='word_1_182' title='bbox 1298 2650 1541 2704; x_wconf 86' lang='lat' dir='ltr'>cadebat</span> <span class='ocrx_word' id='word_1_183' title='bbox 1568 2647 1821 2703; x_wconf 86' lang='lat' dir='ltr'>Amalec.</span> <span class='ocrx_word' id='word_1_184' title='bbox 1846 2648 2205 2702; x_wconf 80' lang='lat' dir='ltr'>Sedebamus</span> <span class='ocrx_word' id='word_1_185' title='bbox 2230 2647 2286 2700; x_wconf 92' lang='lat' dir='ltr'>in</span> 
     </span>
    </p>
   </div>
   <div class='ocr_carea' id='block_1_27' title="bbox 640 2736 2289 2815">
    <p class='ocr_par' dir='ltr' id='par_1_27' title="bbox 640 2736 2289 2815">
     <span class='ocr_line' id='line_1_27' title="bbox 640 2736 2289 2815; baseline -0.005 -17"><span class='ocrx_word' id='word_1_186' title='bbox 640 2743 783 2815; x_wconf 85' lang='lat' dir='ltr'>luto,</span> <span class='ocrx_word' id='word_1_187' title='bbox 798 2746 854 2798; x_wconf 91' lang='lat' dir='ltr'>et</span> <span class='ocrx_word' id='word_1_188' title='bbox 873 2741 1230 2796; x_wconf 80' lang='lat' dir='ltr'>faciebamus</span> <span class='ocrx_word' id='word_1_189' title='bbox 1248 2755 1423 2810; x_wconf 91' lang='lat' dir='ltr'>opera</span> <span class='ocrx_word' id='word_1_190' title='bbox 1436 2736 1953 2809; x_wconf 66' lang='lat' dir='ltr'>1Egypti,civitatcs</span> <span class='ocrx_word' id='word_1_191' title='bbox 1972 2736 2289 2791; x_wconf 84' lang='lat' dir='ltr'>Pharaonis</span> 
     </span>
    </p>
   </div>
   <div class='ocr_carea' id='block_1_28' title="bbox 640 2822 2286 2895">
    <p class='ocr_par' dir='ltr' id='par_1_28' title="bbox 640 2822 2286 2895">
     <span class='ocr_line' id='line_1_28' title="bbox 640 2822 2286 2895; baseline -0.008 -7"><span class='ocrx_word' id='word_1_192' title='bbox 640 2833 1074 2889; x_wconf 87' lang='lat' dir='ltr'>extruebamus.</span> <span class='ocrx_word' id='word_1_193' title='bbox 1100 2853 1126 2879; x_wconf 84' lang='lat'><strong>«</strong></span> <span class='ocrx_word' id='word_1_194' title='bbox 1155 2828 1395 2885; x_wconf 89' lang='lat' dir='ltr'>Divertit</span> <span class='ocrx_word' id='word_1_195' title='bbox 1420 2829 1490 2883; x_wconf 92' lang='lat' dir='ltr'>ab</span> <span class='ocrx_word' id='word_1_196' title='bbox 1519 2826 1794 2882; x_wconf 86' lang='lat' dir='ltr'>oneribus</span> <span class='ocrx_word' id='word_1_197' title='bbox 1817 2826 2058 2880; x_wconf 90' lang='lat' dir='ltr'>dorsum</span> <span class='ocrx_word' id='word_1_198' title='bbox 2081 2822 2229 2895; x_wconf 53' lang='lat' dir='ltr'>ejus‘.</span> <span class='ocrx_word' id='word_1_199' title='bbox 2258 2846 2286 2874; x_wconf 88' lang='lat'>»</span> 
     </span>
    </p>
   </div>
   <div class='ocr_carea' id='block_1_29' title="bbox 642 2914 2289 2993">
    <p class='ocr_par' dir='ltr' id='par_1_29' title="bbox 642 2914 2289 2993">
     <span class='ocr_line' id='line_1_29' title="bbox 642 2914 2289 2993; baseline -0.006 -16"><span class='ocrx_word' id='word_1_200' title='bbox 642 2924 825 2988; x_wconf 89' lang='lat' dir='ltr'>Quam</span> <span class='ocrx_word' id='word_1_201' title='bbox 857 2920 1103 2993; x_wconf 86' lang='lat' dir='ltr'>grandia</span> <span class='ocrx_word' id='word_1_202' title='bbox 1151 2922 1284 2974; x_wconf 84' lang='lat' dir='ltr'>ante</span> <span class='ocrx_word' id='word_1_203' title='bbox 1332 2916 1695 2972; x_wconf 87' lang='lat' dir='ltr'>habebamus</span> <span class='ocrx_word' id='word_1_204' title='bbox 1728 2914 1941 2970; x_wconf 87' lang='lat' dir='ltr'>onera!</span> <span class='ocrx_word' id='word_1_205' title='bbox 1981 2914 2289 2985; x_wconf 87' lang='lat' dir='ltr'>Propterea</span> 
     </span>
    </p>
   </div>
   <div class='ocr_carea' id='block_1_30' title="bbox 641 3004 2290 3081">
    <p class='ocr_par' dir='ltr' id='par_1_30' title="bbox 641 3004 2290 3081">
     <span class='ocr_line' id='line_1_30' title="bbox 641 3004 2290 3081; baseline -0.005 -15"><span class='ocrx_word' id='word_1_206' title='bbox 641 3010 870 3081; x_wconf 88' lang='lat' dir='ltr'>Moyses</span> <span class='ocrx_word' id='word_1_207' title='bbox 925 3012 1124 3063; x_wconf 90' lang='lat' dir='ltr'>noster</span> <span class='ocrx_word' id='word_1_208' title='bbox 1178 3005 1365 3061; x_wconf 88' lang='lat' dir='ltr'>dicit:</span> <span class='ocrx_word' id='word_1_209' title='bbox 1423 3007 1607 3060; x_wconf 83' lang='lat' dir='ltr'>Venite</span> <span class='ocrx_word' id='word_1_210' title='bbox 1663 3004 1733 3058; x_wconf 84' lang='lat' dir='ltr'>ad</span> <span class='ocrx_word' id='word_1_211' title='bbox 1788 3019 1894 3070; x_wconf 87' lang='lat' dir='ltr'>me,</span> <span class='ocrx_word' id='word_1_212' title='bbox 1952 3019 2137 3057; x_wconf 77' lang='lat' dir='ltr'>omnes</span> <span class='ocrx_word' id='word_1_213' title='bbox 2192 3004 2290 3073; x_wconf 77' lang='lat' dir='ltr'>qui</span> 
     </span>
    </p>
   </div>
   <div class='ocr_carea' id='block_1_31' title="bbox 643 3092 2283 3165">
    <p class='ocr_par' dir='ltr' id='par_1_31' title="bbox 643 3092 2283 3165">
     <span class='ocr_line' id='line_1_31' title="bbox 643 3092 2283 3165; baseline -0.004 -13"><span class='ocrx_word' id='word_1_214' title='bbox 643 3099 860 3153; x_wconf 78' lang='lat' dir='ltr'>onerati</span> <span class='ocrx_word' id='word_1_215' title='bbox 912 3097 1040 3151; x_wconf 72' lang='lat' dir='ltr'>estis</span> <span class='ocrx_word' id='word_1_216' title='bbox 1096 3094 1371 3165; x_wconf 81' lang='lat' dir='ltr'>peccatis,</span> <span class='ocrx_word' id='word_1_217' title='bbox 1402 3097 1452 3148; x_wconf 82' lang='lat' dir='ltr'>et</span> <span class='ocrx_word' id='word_1_218' title='bbox 1507 3109 1607 3161; x_wconf 80' lang='lat' dir='ltr'>ego</span> <span class='ocrx_word' id='word_1_219' title='bbox 1662 3092 1909 3161; x_wconf 77' lang='lat' dir='ltr'>reﬁciam</span> <span class='ocrx_word' id='word_1_220' title='bbox 1961 3108 2049 3146; x_wconf 82' lang='lat' dir='ltr'>vos</span> <span class='ocrx_word' id='word_1_221' title='bbox 2080 3092 2283 3163; x_wconf 75' lang='lat' dir='ltr'>(Matth.</span> 
     </span>
    </p>
   </div>
   <div class='ocr_carea' id='block_1_32' title="bbox 644 3181 2287 3256">
    <p class='ocr_par' dir='ltr' id='par_1_32' title="bbox 644 3181 2287 3256">
     <span class='ocr_line' id='line_1_32' title="bbox 644 3181 2287 3256; baseline -0.003 -16"><span class='ocrx_word' id='word_1_222' title='bbox 644 3202 724 3256; x_wconf 79' lang='lat' dir='ltr'>x1,</span> <span class='ocrx_word' id='word_1_223' title='bbox 756 3184 869 3255; x_wconf 80' lang='lat'>28).</span> <span class='ocrx_word' id='word_1_224' title='bbox 909 3206 928 3233; x_wconf 77' lang='grc' dir='ltr'><strong><em>α</em></strong></span> <span class='ocrx_word' id='word_1_225' title='bbox 964 3183 1171 3237; x_wconf 89' lang='lat' dir='ltr'>Manus</span> <span class='ocrx_word' id='word_1_226' title='bbox 1202 3183 1330 3253; x_wconf 85' lang='lat' dir='ltr'>ejus</span> <span class='ocrx_word' id='word_1_227' title='bbox 1361 3181 1420 3236; x_wconf 92' lang='lat' dir='ltr'>in</span> <span class='ocrx_word' id='word_1_228' title='bbox 1452 3182 1699 3251; x_wconf 89' lang='lat' dir='ltr'>cophino</span> <span class='ocrx_word' id='word_1_229' title='bbox 1730 3182 2073 3235; x_wconf 90' lang='lat' dir='ltr'>servierunt.</span> <span class='ocrx_word' id='word_1_230' title='bbox 2111 3202 2139 3229; x_wconf 86' lang='lat'>»</span> <span class='ocrx_word' id='word_1_231' title='bbox 2173 3182 2287 3235; x_wconf 87' lang='lat' dir='ltr'>Cu-</span> 
     </span>
    </p>
   </div>
   <div class='ocr_carea' id='block_1_33' title="bbox 638 3269 2283 3345">
    <p class='ocr_par' dir='ltr' id='par_1_33' title="bbox 638 3269 2283 3345">
     <span class='ocr_line' id='line_1_33' title="bbox 638 3269 2283 3345; baseline -0.003 -16"><span class='ocrx_word' id='word_1_232' title='bbox 638 3274 741 3345; x_wconf 91' lang='lat' dir='ltr'>jus</span> <span class='ocrx_word' id='word_1_233' title='bbox 760 3274 788 3327; x_wconf 81' lang='lat'><strong>?</strong></span> <span class='ocrx_word' id='word_1_234' title='bbox 811 3271 1063 3330; x_wconf 90' lang='lat' dir='ltr'>Israelis.</span> <span class='ocrx_word' id='word_1_235' title='bbox 1087 3270 1197 3325; x_wconf 89' lang='lat' dir='ltr'>Alii</span> <span class='ocrx_word' id='word_1_236' title='bbox 1229 3275 1366 3326; x_wconf 91' lang='lat' dir='ltr'>sunt</span> <span class='ocrx_word' id='word_1_237' title='bbox 1398 3269 1631 3341; x_wconf 89' lang='lat' dir='ltr'>cophini</span> <span class='ocrx_word' id='word_1_238' title='bbox 1652 3270 1901 3342; x_wconf 72' lang='lat' dir='ltr'>lEgypti,</span> <span class='ocrx_word' id='word_1_239' title='bbox 1925 3274 1982 3325; x_wconf 89' lang='lat' dir='ltr'>et</span> <span class='ocrx_word' id='word_1_240' title='bbox 2003 3269 2098 3324; x_wconf 90' lang='lat' dir='ltr'>alii</span> <span class='ocrx_word' id='word_1_241' title='bbox 2119 3271 2283 3324; x_wconf 87' lang='lat' dir='ltr'>Jesu.</span> 
     </span>
    </p>
   </div>
   <div class='ocr_carea' id='block_1_34' title="bbox 644 3359 2282 3433">
    <p class='ocr_par' dir='ltr' id='par_1_34' title="bbox 644 3359 2282 3433">
     <span class='ocr_line' id='line_1_34' title="bbox 644 3359 2282 3433; baseline -0.004 -14"><span class='ocrx_word' id='word_1_242' title='bbox 644 3363 829 3419; x_wconf 86' lang='lat' dir='ltr'>Habet</span> <span class='ocrx_word' id='word_1_243' title='bbox 855 3367 912 3417; x_wconf 88' lang='lat' dir='ltr'>et</span> <span class='ocrx_word' id='word_1_244' title='bbox 939 3364 1109 3418; x_wconf 85' lang='lat' dir='ltr'>Jesus</span> <span class='ocrx_word' id='word_1_245' title='bbox 1138 3360 1418 3433; x_wconf 87' lang='lat' dir='ltr'>c0phinos</span> <span class='ocrx_word' id='word_1_246' title='bbox 1460 3376 1620 3424; x_wconf 91' lang='lat' dir='ltr'>suos,</span> <span class='ocrx_word' id='word_1_247' title='bbox 1654 3365 1711 3414; x_wconf 88' lang='lat' dir='ltr'>et</span> <span class='ocrx_word' id='word_1_248' title='bbox 1741 3359 2051 3415; x_wconf 90' lang='lat' dir='ltr'>duodecim</span> <span class='ocrx_word' id='word_1_249' title='bbox 2084 3359 2282 3430; x_wconf 88' lang='lat' dir='ltr'>cophi-</span> 
     </span>
    </p>
   </div>
   <div class='ocr_carea' id='block_1_35' title="bbox 641 3448 2281 3523">
    <p class='ocr_par' dir='ltr' id='par_1_35' title="bbox 641 3448 2281 3523">
     <span class='ocr_line' id='line_1_35' title="bbox 641 3448 2281 3523; baseline -0.004 -14"><span class='ocrx_word' id='word_1_250' title='bbox 641 3469 747 3509; x_wconf 88' lang='lat' dir='ltr'>nos</span> <span class='ocrx_word' id='word_1_251' title='bbox 796 3452 867 3507; x_wconf 91' lang='lat' dir='ltr'>de</span> <span class='ocrx_word' id='word_1_252' title='bbox 919 3451 1260 3523; x_wconf 83' lang='lat' dir='ltr'>fragmentis</span> <span class='ocrx_word' id='word_1_253' title='bbox 1308 3448 1571 3522; x_wconf 87' lang='lat' dir='ltr'>implevit</span> <span class='ocrx_word' id='word_1_254' title='bbox 1598 3448 1860 3503; x_wconf 88' lang='lat' dir='ltr'>Salvator</span> <span class='ocrx_word' id='word_1_255' title='bbox 1903 3452 2101 3504; x_wconf 90' lang='lat' dir='ltr'>noster</span> <span class='ocrx_word' id='word_1_256' title='bbox 2131 3451 2281 3520; x_wconf 84' lang='lat' dir='ltr'>(Luc.</span> 
     </span>
    </p>
   </div>
   <div class='ocr_carea' id='block_1_36' title="bbox 638 3537 2363 3613">
    <p class='ocr_par' dir='ltr' id='par_1_36' title="bbox 638 3537 2363 3613">
     <span class='ocr_line' id='line_1_36' title="bbox 638 3537 2363 3613; baseline -0.003 -17"><span class='ocrx_word' id='word_1_257' title='bbox 638 3558 715 3610; x_wconf 86' lang='lat' dir='ltr'>1x,</span> <span class='ocrx_word' id='word_1_258' title='bbox 751 3542 859 3613; x_wconf 83' lang='grc'>17).</span> <span class='ocrx_word' id='word_1_259' title='bbox 912 3541 956 3596; x_wconf 92' lang='grc' dir='ltr'>Ο</span> <span class='ocrx_word' id='word_1_260' title='bbox 999 3558 1117 3595; x_wconf 91' lang='lat' dir='ltr'>rem</span> <span class='ocrx_word' id='word_1_261' title='bbox 1152 3540 1384 3606; x_wconf 89' lang='lat' dir='ltr'>miram,</span> <span class='ocrx_word' id='word_1_262' title='bbox 1419 3543 1475 3593; x_wconf 91' lang='lat' dir='ltr'>et</span> <span class='ocrx_word' id='word_1_263' title='bbox 1506 3538 1765 3610; x_wconf 88' lang='lat' dir='ltr'>ingentia</span> <span class='ocrx_word' id='word_1_264' title='bbox 1797 3537 2072 3609; x_wconf 72' lang='lat' dir='ltr'>mysteria</span> <span class='ocrx_word' id='word_1_265' title='bbox 2103 3538 2283 3609; x_wconf 85' lang='lat' dir='ltr'>signi-</span> <span class='ocrx_word' id='word_1_266' title='bbox 2356 3556 2363 3565; x_wconf 49' lang='grc' dir='ltr'><strong><em>κ</em></strong></span> 
     </span>
    </p>
   </div>
   <div class='ocr_carea' id='block_1_37' title="bbox 637 3625 2282 3700">
    <p class='ocr_par' dir='ltr' id='par_1_37' title="bbox 637 3625 2282 3700">
     <span class='ocr_line' id='line_1_37' title="bbox 637 3625 2282 3700; baseline -0.003 -14"><span class='ocrx_word' id='word_1_267' title='bbox 637 3629 959 3686; x_wconf 81' lang='lat' dir='ltr'>ﬁcantem?</span> <span class='ocrx_word' id='word_1_268' title='bbox 1012 3629 1281 3700; x_wconf 89' lang='lat' dir='ltr'>Quinque</span> <span class='ocrx_word' id='word_1_269' title='bbox 1330 3627 1516 3682; x_wconf 86' lang='lat' dir='ltr'>millia</span> <span class='ocrx_word' id='word_1_270' title='bbox 1562 3626 1760 3699; x_wconf 89' lang='lat' dir='ltr'>populi</span> <span class='ocrx_word' id='word_1_271' title='bbox 1808 3628 2193 3682; x_wconf 87' lang='lat' dir='ltr'>vescebantur</span> <span class='ocrx_word' id='word_1_272' title='bbox 2222 3625 2282 3681; x_wconf 92' lang='lat' dir='ltr'>in</span> 
     </span>
    </p>
   </div>
   <div class='ocr_carea' id='block_1_38' title="bbox 638 3715 2281 3787">
    <p class='ocr_par' dir='ltr' id='par_1_38' title="bbox 638 3715 2281 3787">
     <span class='ocr_line' id='line_1_38' title="bbox 638 3715 2281 3787; baseline -0.002 -14"><span class='ocrx_word' id='word_1_273' title='bbox 638 3733 854 3786; x_wconf 89' lang='lat' dir='ltr'>eremo,</span> <span class='ocrx_word' id='word_1_274' title='bbox 889 3719 1014 3774; x_wconf 87' lang='lat' dir='ltr'>sine</span> <span class='ocrx_word' id='word_1_275' title='bbox 1045 3716 1323 3787; x_wconf 89' lang='lat' dir='ltr'>parvulis,</span> <span class='ocrx_word' id='word_1_276' title='bbox 1356 3721 1412 3771; x_wconf 89' lang='lat' dir='ltr'>et</span> <span class='ocrx_word' id='word_1_277' title='bbox 1456 3715 1801 3771; x_wconf 89' lang='lat' dir='ltr'>mulieribus</span> <span class='ocrx_word' id='word_1_278' title='bbox 1836 3732 1846 3771; x_wconf 90' lang='lat'>:</span> <span class='ocrx_word' id='word_1_279' title='bbox 1904 3716 1959 3769; x_wconf 92' lang='lat' dir='ltr'>in</span> <span class='ocrx_word' id='word_1_280' title='bbox 2007 3715 2130 3771; x_wconf 91' lang='lat' dir='ltr'>loco</span> <span class='ocrx_word' id='word_1_281' title='bbox 2185 3716 2281 3769; x_wconf 92' lang='lat' dir='ltr'>de-</span> 
     </span>
    </p>
   </div>
   <div class='ocr_carea' id='block_1_39' title="bbox 641 3804 2278 3880">
    <p class='ocr_par' dir='ltr' id='par_1_39' title="bbox 641 3804 2278 3880">
     <span class='ocr_line' id='line_1_39' title="bbox 641 3804 2278 3880; baseline -0.001 -18"><span class='ocrx_word' id='word_1_282' title='bbox 641 3812 795 3863; x_wconf 85' lang='lat' dir='ltr'>serto</span> <span class='ocrx_word' id='word_1_283' title='bbox 826 3823 941 3862; x_wconf 86' lang='lat' dir='ltr'>non</span> <span class='ocrx_word' id='word_1_284' title='bbox 974 3805 1350 3880; x_wconf 80' lang='lat' dir='ltr'>inveniuntur</span> <span class='ocrx_word' id='word_1_285' title='bbox 1380 3804 1491 3860; x_wconf 90' lang='lat' dir='ltr'>nisi</span> <span class='ocrx_word' id='word_1_286' title='bbox 1524 3808 1750 3859; x_wconf 87' lang='lat' dir='ltr'>tantum</span> <span class='ocrx_word' id='word_1_287' title='bbox 1774 3804 2032 3875; x_wconf 87' lang='lat' dir='ltr'>quinque</span> <span class='ocrx_word' id='word_1_288' title='bbox 2066 3820 2278 3875; x_wconf 88' lang='lat' dir='ltr'>panes:</span> 
     </span>
    </p>
   </div>
   <div class='ocr_carea' id='block_1_40' title="bbox 606 3892 2279 3965">
    <p class='ocr_par' dir='ltr' id='par_1_40' title="bbox 606 3892 2279 3965">
     <span class='ocr_line' id='line_1_40' title="bbox 606 3892 2279 3965; baseline -0.002 -14"><span class='ocrx_word' id='word_1_289' title='bbox 606 3910 609 3915; x_wconf 84' lang='lat'>&#39;</span> <span class='ocrx_word' id='word_1_290' title='bbox 638 3895 802 3951; x_wconf 89' lang='lat' dir='ltr'>locus</span> <span class='ocrx_word' id='word_1_291' title='bbox 853 3894 1008 3951; x_wconf 90' lang='lat' dir='ltr'>enim</span> <span class='ocrx_word' id='word_1_292' title='bbox 1059 3895 1325 3949; x_wconf 89' lang='lat' dir='ltr'>desertus</span> <span class='ocrx_word' id='word_1_293' title='bbox 1373 3897 1515 3948; x_wconf 82' lang='lat' dir='ltr'>erat.</span> <span class='ocrx_word' id='word_1_294' title='bbox 1550 3892 1801 3964; x_wconf 86' lang='lat' dir='ltr'>Requiro</span> <span class='ocrx_word' id='word_1_295' title='bbox 1830 3897 1886 3948; x_wconf 88' lang='lat' dir='ltr'>te</span> <span class='ocrx_word' id='word_1_296' title='bbox 1918 3893 2016 3965; x_wconf 86' lang='lat' dir='ltr'>qui</span> <span class='ocrx_word' id='word_1_297' title='bbox 2048 3898 2279 3948; x_wconf 88' lang='lat' dir='ltr'>tantum</span> 
     </span>
    </p>
   </div>
   <div class='ocr_carea' id='block_1_41' title="bbox 636 3981 2284 4055">
    <p class='ocr_par' dir='ltr' id='par_1_41' title="bbox 636 3981 2284 4055">
     <span class='ocr_line' id='line_1_41' title="bbox 636 3981 2284 4055; baseline 0 -18"><span class='ocrx_word' id='word_1_298' title='bbox 636 3982 891 4040; x_wconf 90' lang='lat' dir='ltr'>litteram</span> <span class='ocrx_word' id='word_1_299' title='bbox 925 3982 1206 4055; x_wconf 89' lang='lat' dir='ltr'>sequeris.</span> <span class='ocrx_word' id='word_1_300' title='bbox 1242 3983 1303 4037; x_wconf 90' lang='lat' dir='ltr'>In</span> <span class='ocrx_word' id='word_1_301' title='bbox 1350 3983 1578 4038; x_wconf 88' lang='lat' dir='ltr'>deserto</span> <span class='ocrx_word' id='word_1_302' title='bbox 1609 3981 1734 4037; x_wconf 91' lang='lat' dir='ltr'>loco</span> <span class='ocrx_word' id='word_1_303' title='bbox 1766 4000 1872 4037; x_wconf 89' lang='lat' dir='ltr'>non</span> <span class='ocrx_word' id='word_1_304' title='bbox 1906 3981 2284 4039; x_wconf 89' lang='lat' dir='ltr'>inveniuntur</span> 
     </span>
    </p>
   </div>
   <div class='ocr_carea' id='block_1_42' title="bbox 636 4070 2280 4146">
    <p class='ocr_par' dir='ltr' id='par_1_42' title="bbox 636 4070 2280 4146">
     <span class='ocr_line' id='line_1_42' title="bbox 636 4070 2280 4146; baseline -0.001 -17"><span class='ocrx_word' id='word_1_305' title='bbox 636 4073 749 4130; x_wconf 91' lang='lat' dir='ltr'>nisi</span> <span class='ocrx_word' id='word_1_306' title='bbox 781 4072 1041 4146; x_wconf 89' lang='lat' dir='ltr'>quinque</span> <span class='ocrx_word' id='word_1_307' title='bbox 1072 4089 1274 4145; x_wconf 89' lang='lat' dir='ltr'>panes,</span> <span class='ocrx_word' id='word_1_308' title='bbox 1302 4076 1359 4126; x_wconf 88' lang='lat' dir='ltr'>et</span> <span class='ocrx_word' id='word_1_309' title='bbox 1388 4070 1691 4127; x_wconf 82' lang='lat' dir='ltr'>duodecim</span> <span class='ocrx_word' id='word_1_310' title='bbox 1725 4070 1958 4142; x_wconf 87' lang='lat' dir='ltr'>cophini</span> <span class='ocrx_word' id='word_1_311' title='bbox 1989 4073 2280 4143; x_wconf 91' lang='lat' dir='ltr'>quomodo</span> 
     </span>
    </p>
   </div>
   <div class='ocr_carea' id='block_1_43' title="bbox 634 4160 2277 4232">
    <p class='ocr_par' dir='ltr' id='par_1_43' title="bbox 634 4160 2277 4232">
     <span class='ocr_line' id='line_1_43' title="bbox 634 4160 2277 4232; baseline 0.001 -16"><span class='ocrx_word' id='word_1_312' title='bbox 634 4162 1061 4218; x_wconf 82' lang='lat' dir='ltr'>inveniuntur?</span> <span class='ocrx_word' id='word_1_313' title='bbox 1110 4161 1169 4217; x_wconf 90' lang='lat' dir='ltr'>Si</span> <span class='ocrx_word' id='word_1_314' title='bbox 1219 4162 1484 4217; x_wconf 88' lang='lat' dir='ltr'>desertus</span> <span class='ocrx_word' id='word_1_315' title='bbox 1532 4164 1654 4216; x_wconf 89' lang='lat' dir='ltr'>erat</span> <span class='ocrx_word' id='word_1_316' title='bbox 1686 4160 1869 4229; x_wconf 91' lang='lat' dir='ltr'>locus,</span> <span class='ocrx_word' id='word_1_317' title='bbox 1902 4161 2103 4232; x_wconf 89' lang='lat' dir='ltr'>utique</span> <span class='ocrx_word' id='word_1_318' title='bbox 2135 4162 2277 4217; x_wconf 92' lang='lat' dir='ltr'>duo-</span> 
     </span>
    </p>
   </div>
   <div class='ocr_carea' id='block_1_44' title="bbox 634 4250 2279 4323">
    <p class='ocr_par' dir='ltr' id='par_1_44' title="bbox 634 4250 2279 4323">
     <span class='ocr_line' id='line_1_44' title="bbox 634 4250 2279 4323; baseline 0.001 -18"><span class='ocrx_word' id='word_1_319' title='bbox 634 4251 822 4307; x_wconf 91' lang='lat' dir='ltr'>decim</span> <span class='ocrx_word' id='word_1_320' title='bbox 851 4251 1130 4323; x_wconf 91' lang='lat' dir='ltr'>cophinos</span> <span class='ocrx_word' id='word_1_321' title='bbox 1153 4250 1367 4306; x_wconf 88' lang='lat' dir='ltr'>habere</span> <span class='ocrx_word' id='word_1_322' title='bbox 1394 4268 1506 4305; x_wconf 91' lang='lat' dir='ltr'>non</span> <span class='ocrx_word' id='word_1_323' title='bbox 1540 4254 1794 4320; x_wconf 83' lang='lat' dir='ltr'>poterat;</span> <span class='ocrx_word' id='word_1_324' title='bbox 1820 4251 1919 4304; x_wconf 91' lang='lat' dir='ltr'>sed</span> <span class='ocrx_word' id='word_1_325' title='bbox 1951 4250 2059 4305; x_wconf 94' lang='lat' dir='ltr'>hoc</span> <span class='ocrx_word' id='word_1_326' title='bbox 2089 4255 2279 4306; x_wconf 89' lang='lat' dir='ltr'>totum</span> 
     </span>
    </p>
   </div>
   <div class='ocr_carea' id='block_1_45' title="bbox 632 4338 2276 4413">
    <p class='ocr_par' dir='ltr' id='par_1_45' title="bbox 632 4338 2276 4413">
     <span class='ocr_line' id='line_1_45' title="bbox 632 4338 2276 4413; baseline 0 -17"><span class='ocrx_word' id='word_1_327' title='bbox 632 4340 1017 4413; x_wconf 83' lang='lat' dir='ltr'>significatur,</span> <span class='ocrx_word' id='word_1_328' title='bbox 1063 4340 1217 4412; x_wconf 87' lang='lat' dir='ltr'>quod</span> <span class='ocrx_word' id='word_1_329' title='bbox 1250 4338 1532 4411; x_wconf 89' lang='lat' dir='ltr'>populum</span> <span class='ocrx_word' id='word_1_330' title='bbox 1564 4356 1739 4393; x_wconf 90' lang='lat' dir='ltr'>suum</span> <span class='ocrx_word' id='word_1_331' title='bbox 1772 4339 2057 4393; x_wconf 91' lang='lat' dir='ltr'>Dominus</span> <span class='ocrx_word' id='word_1_332' title='bbox 2090 4340 2146 4394; x_wconf 90' lang='lat' dir='ltr'>in</span> <span class='ocrx_word' id='word_1_333' title='bbox 2180 4341 2276 4397; x_wconf 89' lang='lat' dir='ltr'>de-</span> 
     </span>
    </p>
   </div>
   <div class='ocr_carea' id='block_1_46' title="bbox 632 4428 2277 4501">
    <p class='ocr_par' dir='ltr' id='par_1_46' title="bbox 632 4428 2277 4501">
     <span class='ocr_line' id='line_1_46' title="bbox 632 4428 2277 4501; baseline -0.001 -16"><span class='ocrx_word' id='word_1_334' title='bbox 632 4436 785 4486; x_wconf 88' lang='lat' dir='ltr'>serto</span> <span class='ocrx_word' id='word_1_335' title='bbox 817 4431 990 4487; x_wconf 91' lang='lat' dir='ltr'>istius</span> <span class='ocrx_word' id='word_1_336' title='bbox 1021 4428 1216 4485; x_wconf 61' lang='lat' dir='ltr'>seaculi</span> <span class='ocrx_word' id='word_1_337' title='bbox 1250 4428 1448 4483; x_wconf 85' lang='lat' dir='ltr'>eduxit</span> <span class='ocrx_word' id='word_1_338' title='bbox 1480 4429 1549 4482; x_wconf 89' lang='lat' dir='ltr'>de</span> <span class='ocrx_word' id='word_1_339' title='bbox 1580 4429 1821 4499; x_wconf 59' lang='lat' dir='ltr'>{Egypto</span> <span class='ocrx_word' id='word_1_340' title='bbox 1857 4445 1868 4481; x_wconf 90' lang='lat'>:</span> <span class='ocrx_word' id='word_1_341' title='bbox 1927 4429 2080 4499; x_wconf 85' lang='lat' dir='ltr'>pavit</span> <span class='ocrx_word' id='word_1_342' title='bbox 2113 4430 2277 4501; x_wconf 84' lang='lat' dir='ltr'>pani-</span> 
     </span>
    </p>
   </div>
   <div class='ocr_carea' id='block_1_47' title="bbox 631 4516 2276 4590">
    <p class='ocr_par' dir='ltr' id='par_1_47' title="bbox 631 4516 2276 4590">
     <span class='ocr_line' id='line_1_47' title="bbox 631 4516 2276 4590; baseline -0.001 -15"><span class='ocrx_word' id='word_1_343' title='bbox 631 4521 742 4576; x_wconf 91' lang='lat' dir='ltr'>bus</span> <span class='ocrx_word' id='word_1_344' title='bbox 791 4520 935 4588; x_wconf 90' lang='lat' dir='ltr'>suis,</span> <span class='ocrx_word' id='word_1_345' title='bbox 970 4524 1029 4574; x_wconf 91' lang='lat' dir='ltr'>et</span> <span class='ocrx_word' id='word_1_346' title='bbox 1081 4518 1472 4590; x_wconf 88' lang='lat' dir='ltr'>quodcunque</span> <span class='ocrx_word' id='word_1_347' title='bbox 1522 4520 1844 4588; x_wconf 88' lang='lat' dir='ltr'>supererat,</span> <span class='ocrx_word' id='word_1_348' title='bbox 1877 4516 1934 4570; x_wconf 90' lang='lat' dir='ltr'>in</span> <span class='ocrx_word' id='word_1_349' title='bbox 1968 4518 2276 4574; x_wconf 90' lang='lat' dir='ltr'>duodecim</span> 
     </span>
    </p>
   </div>
   <div class='ocr_carea' id='block_1_48' title="bbox 630 4605 2274 4681">
    <p class='ocr_par' dir='ltr' id='par_1_48' title="bbox 630 4605 2274 4681">
     <span class='ocr_line' id='line_1_48' title="bbox 630 4605 2274 4681; baseline 0.001 -18"><span class='ocrx_word' id='word_1_350' title='bbox 630 4608 898 4681; x_wconf 89' lang='lat' dir='ltr'>cophinis</span> <span class='ocrx_word' id='word_1_351' title='bbox 930 4607 1209 4678; x_wconf 83' lang='lat' dir='ltr'>condidit,</span> <span class='ocrx_word' id='word_1_352' title='bbox 1241 4605 1350 4661; x_wconf 91' lang='lat' dir='ltr'>hoc</span> <span class='ocrx_word' id='word_1_353' title='bbox 1394 4611 1483 4662; x_wconf 90' lang='lat' dir='ltr'>est</span> <span class='ocrx_word' id='word_1_354' title='bbox 1532 4606 1591 4660; x_wconf 91' lang='lat' dir='ltr'>in</span> <span class='ocrx_word' id='word_1_355' title='bbox 1632 4606 1937 4662; x_wconf 89' lang='lat' dir='ltr'>duodecim</span> <span class='ocrx_word' id='word_1_356' title='bbox 1972 4608 2274 4679; x_wconf 88' lang='lat' dir='ltr'>apostolis,</span> 
     </span>
    </p>
   </div>
   <div class='ocr_carea' id='block_1_49' title="bbox 2400 677 4046 753">
    <p class='ocr_par' dir='ltr' id='par_1_49' title="bbox 2400 677 4046 753">
     <span class='ocr_line' id='line_1_49' title="bbox 2400 677 4046 753; baseline 0.002 -21"><span class='ocrx_word' id='word_1_357' title='bbox 2400 677 2583 733; x_wconf 89' lang='lat' dir='ltr'>Deum</span> <span class='ocrx_word' id='word_1_358' title='bbox 2633 679 2827 747; x_wconf 65' lang='lat' dir='ltr'>(Exod.</span> <span class='ocrx_word' id='word_1_359' title='bbox 2862 696 3001 747; x_wconf 81' lang='lat' dir='ltr'>xvn,</span> <span class='ocrx_word' id='word_1_360' title='bbox 3052 682 3087 733; x_wconf 91' lang='lat'><strong>2</strong></span> <span class='ocrx_word' id='word_1_361' title='bbox 3117 696 3129 733; x_wconf 90' lang='lat'>:</span> <span class='ocrx_word' id='word_1_362' title='bbox 3178 682 3347 734; x_wconf 85' lang='lat' dir='ltr'>Num.</span> <span class='ocrx_word' id='word_1_363' title='bbox 3380 697 3472 747; x_wconf 80' lang='lat' dir='ltr'>xx,</span> <span class='ocrx_word' id='word_1_364' title='bbox 3507 680 3581 751; x_wconf 82' lang='grc'>4).</span> <span class='ocrx_word' id='word_1_365' title='bbox 3625 680 3892 753; x_wconf 88' lang='lat' dir='ltr'>Denique</span> <span class='ocrx_word' id='word_1_366' title='bbox 3920 680 4046 736; x_wconf 90' lang='lat' dir='ltr'>ideo</span> 
     </span>
    </p>
   </div>
   <div class='ocr_carea' id='block_1_50' title="bbox 2401 768 4044 840">
    <p class='ocr_par' dir='ltr' id='par_1_50' title="bbox 2401 768 4044 840">
     <span class='ocr_line' id='line_1_50' title="bbox 2401 768 4044 840; baseline 0.004 -20"><span class='ocrx_word' id='word_1_367' title='bbox 2401 783 2515 821; x_wconf 93' lang='lat' dir='ltr'>non</span> <span class='ocrx_word' id='word_1_368' title='bbox 2566 774 2703 822; x_wconf 91' lang='lat' dir='ltr'>sunt</span> <span class='ocrx_word' id='word_1_369' title='bbox 2749 768 2996 836; x_wconf 80' lang='lat' dir='ltr'>ingressi</span> <span class='ocrx_word' id='word_1_370' title='bbox 3045 772 3255 827; x_wconf 87' lang='lat' dir='ltr'>terram</span> <span class='ocrx_word' id='word_1_371' title='bbox 3318 768 3817 840; x_wconf 85' lang='lat' dir='ltr'>repromissionis.</span> <span class='ocrx_word' id='word_1_372' title='bbox 3870 769 4044 826; x_wconf 87' lang='lat' dir='ltr'>Nobis</span> 
     </span>
    </p>
   </div>
   <div class='ocr_carea' id='block_1_51' title="bbox 2401 857 4045 930">
    <p class='ocr_par' dir='ltr' id='par_1_51' title="bbox 2401 857 4045 930">
     <span class='ocr_line' id='line_1_51' title="bbox 2401 857 4045 930; baseline 0.004 -21"><span class='ocrx_word' id='word_1_373' title='bbox 2401 860 2595 911; x_wconf 84' lang='lat' dir='ltr'>autem</span> <span class='ocrx_word' id='word_1_374' title='bbox 2628 857 2767 911; x_wconf 83' lang='lat' dir='ltr'>dicit</span> <span class='ocrx_word' id='word_1_375' title='bbox 2800 861 2949 912; x_wconf 90' lang='lat' dir='ltr'>Deus</span> <span class='ocrx_word' id='word_1_376' title='bbox 2985 874 2997 912; x_wconf 92' lang='lat'>:</span> <span class='ocrx_word' id='word_1_377' title='bbox 3049 879 3076 906; x_wconf 84' lang='lat'><strong><em>«</em></strong></span> <span class='ocrx_word' id='word_1_378' title='bbox 3111 858 3352 913; x_wconf 88' lang='lat' dir='ltr'>Probavi</span> <span class='ocrx_word' id='word_1_379' title='bbox 3386 862 3442 913; x_wconf 87' lang='lat' dir='ltr'>te</span> <span class='ocrx_word' id='word_1_380' title='bbox 3473 859 3629 930; x_wconf 91' lang='lat' dir='ltr'>apud</span> <span class='ocrx_word' id='word_1_381' title='bbox 3661 875 3877 930; x_wconf 89' lang='lat' dir='ltr'>aquam</span> <span class='ocrx_word' id='word_1_382' title='bbox 3909 875 4045 915; x_wconf 89' lang='lat' dir='ltr'>con-</span> 
     </span>
    </p>
   </div>
   <div class='ocr_carea' id='block_1_52' title="bbox 2403 946 4041 1019">
    <p class='ocr_par' dir='ltr' id='par_1_52' title="bbox 2403 946 4041 1019">
     <span class='ocr_line' id='line_1_52' title="bbox 2403 946 4041 1019; baseline 0.002 -20"><span class='ocrx_word' id='word_1_383' title='bbox 2403 946 2785 1000; x_wconf 87' lang='lat' dir='ltr'>tradictionis.</span> <span class='ocrx_word' id='word_1_384' title='bbox 2817 966 2842 997; x_wconf 74' lang='grc' dir='ltr'><strong>ιο</strong></span> <span class='ocrx_word' id='word_1_385' title='bbox 2890 946 3087 1001; x_wconf 88' lang='lat' dir='ltr'>Simon</span> <span class='ocrx_word' id='word_1_386' title='bbox 3125 948 3402 1018; x_wconf 85' lang='lat' dir='ltr'>probatus</span> <span class='ocrx_word' id='word_1_387' title='bbox 3434 953 3521 1002; x_wconf 91' lang='lat' dir='ltr'>est</span> <span class='ocrx_word' id='word_1_388' title='bbox 3552 948 3623 1002; x_wconf 88' lang='lat' dir='ltr'>ad</span> <span class='ocrx_word' id='word_1_389' title='bbox 3659 965 3871 1019; x_wconf 89' lang='lat' dir='ltr'>aquam</span> <span class='ocrx_word' id='word_1_390' title='bbox 3903 966 4041 1003; x_wconf 88' lang='lat' dir='ltr'>con-</span> 
     </span>
    </p>
   </div>
   <div class='ocr_carea' id='block_1_53' title="bbox 2399 1035 4038 1110">
    <p class='ocr_par' dir='ltr' id='par_1_53' title="bbox 2399 1035 4038 1110">
     <span class='ocr_line' id='line_1_53' title="bbox 2399 1035 4038 1110; baseline 0.003 -22"><span class='ocrx_word' id='word_1_391' title='bbox 2399 1035 2763 1090; x_wconf 89' lang='lat' dir='ltr'>tradictionis</span> <span class='ocrx_word' id='word_1_392' title='bbox 2798 1052 2810 1091; x_wconf 93' lang='lat'>:</span> <span class='ocrx_word' id='word_1_393' title='bbox 2865 1036 2961 1107; x_wconf 90' lang='lat' dir='ltr'>qui</span> <span class='ocrx_word' id='word_1_394' title='bbox 2995 1036 3053 1089; x_wconf 92' lang='lat' dir='ltr'>in</span> <span class='ocrx_word' id='word_1_395' title='bbox 3088 1036 3378 1108; x_wconf 79' lang='lat' dir='ltr'>hypocrisi</span> <span class='ocrx_word' id='word_1_396' title='bbox 3412 1038 3635 1109; x_wconf 91' lang='lat' dir='ltr'>accepit</span> <span class='ocrx_word' id='word_1_397' title='bbox 3684 1038 4038 1110; x_wconf 75' lang='lat' dir='ltr'>baptismum</span> 
     </span>
    </p>
   </div>
   <div class='ocr_carea' id='block_1_54' title="bbox 2400 1124 4041 1198">
    <p class='ocr_par' dir='ltr' id='par_1_54' title="bbox 2400 1124 4041 1198">
     <span class='ocr_line' id='line_1_54' title="bbox 2400 1124 4041 1198; baseline 0.003 -21"><span class='ocrx_word' id='word_1_398' title='bbox 2400 1124 2531 1195; x_wconf 80' lang='lat' dir='ltr'>(Act.</span> <span class='ocrx_word' id='word_1_399' title='bbox 2564 1142 2685 1192; x_wconf 79' lang='lat' dir='ltr'>VIII,</span> <span class='ocrx_word' id='word_1_400' title='bbox 2724 1126 2829 1193; x_wconf 81' lang='grc'>15).</span> <span class='ocrx_word' id='word_1_401' title='bbox 2893 1126 3236 1196; x_wconf 88' lang='lat' dir='ltr'>Quicunque</span> <span class='ocrx_word' id='word_1_402' title='bbox 3291 1142 3426 1198; x_wconf 87' lang='lat' dir='ltr'>ergo</span> <span class='ocrx_word' id='word_1_403' title='bbox 3484 1125 3543 1181; x_wconf 90' lang='lat' dir='ltr'>in</span> <span class='ocrx_word' id='word_1_404' title='bbox 3604 1125 3897 1198; x_wconf 83' lang='lat' dir='ltr'>hypocrisi</span> <span class='ocrx_word' id='word_1_405' title='bbox 3944 1144 4041 1182; x_wconf 83' lang='lat' dir='ltr'>ac-</span> 
     </span>
    </p>
   </div>
   <div class='ocr_carea' id='block_1_55' title="bbox 2399 1214 4037 1287">
    <p class='ocr_par' dir='ltr' id='par_1_55' title="bbox 2399 1214 4037 1287">
     <span class='ocr_line' id='line_1_55' title="bbox 2399 1214 4037 1287; baseline 0.004 -21"><span class='ocrx_word' id='word_1_406' title='bbox 2399 1214 2551 1284; x_wconf 90' lang='lat' dir='ltr'>cepit</span> <span class='ocrx_word' id='word_1_407' title='bbox 2596 1214 2977 1285; x_wconf 88' lang='lat' dir='ltr'>baptismum,</span> <span class='ocrx_word' id='word_1_408' title='bbox 3014 1215 3123 1269; x_wconf 89' lang='lat' dir='ltr'>iste</span> <span class='ocrx_word' id='word_1_409' title='bbox 3156 1216 3438 1286; x_wconf 90' lang='lat' dir='ltr'>probatur</span> <span class='ocrx_word' id='word_1_410' title='bbox 3467 1216 3538 1271; x_wconf 90' lang='lat' dir='ltr'>ad</span> <span class='ocrx_word' id='word_1_411' title='bbox 3570 1231 3787 1287; x_wconf 90' lang='lat' dir='ltr'>aquam</span> <span class='ocrx_word' id='word_1_412' title='bbox 3818 1220 4037 1272; x_wconf 85' lang='lat' dir='ltr'>contra-</span> 
     </span>
    </p>
   </div>
   <div class='ocr_carea' id='block_1_56' title="bbox 2400 1301 2693 1357">
    <p class='ocr_par' dir='ltr' id='par_1_56' title="bbox 2400 1301 2693 1357">
     <span class='ocr_line' id='line_1_56' title="bbox 2400 1301 2693 1357; baseline -0.01 -1"><span class='ocrx_word' id='word_1_413' title='bbox 2400 1301 2693 1357; x_wconf 88' lang='lat' dir='ltr'>dictionis.</span> 
     </span>
    </p>
   </div>
   <div class='ocr_carea' id='block_1_57' title="bbox 2472 1410 4033 1483">
    <p class='ocr_par' dir='ltr' id='par_1_57' title="bbox 2472 1410 4033 1483">
     <span class='ocr_line' id='line_1_57' title="bbox 2472 1410 4033 1483; baseline 0.004 -20"><span class='ocrx_word' id='word_1_414' title='bbox 2472 1431 2499 1458; x_wconf 88' lang='grc'>‹‹</span> <span class='ocrx_word' id='word_1_415' title='bbox 2533 1410 2705 1476; x_wconf 89' lang='lat' dir='ltr'>Audi,</span> <span class='ocrx_word' id='word_1_416' title='bbox 2768 1410 3018 1483; x_wconf 91' lang='lat' dir='ltr'>populus</span> <span class='ocrx_word' id='word_1_417' title='bbox 3079 1428 3272 1478; x_wconf 83' lang='lat' dir='ltr'>meus,</span> <span class='ocrx_word' id='word_1_418' title='bbox 3330 1414 3385 1466; x_wconf 89' lang='lat' dir='ltr'>et</span> <span class='ocrx_word' id='word_1_419' title='bbox 3440 1412 3799 1468; x_wconf 79' lang='lat' dir='ltr'>testificabor</span> <span class='ocrx_word' id='word_1_420' title='bbox 3852 1412 4033 1469; x_wconf 78' lang='lat' dir='ltr'>tibi.»</span> 
     </span>
    </p>
   </div>
   <div class='ocr_carea' id='block_1_58' title="bbox 2399 1498 4035 1574">
    <p class='ocr_par' dir='ltr' id='par_1_58' title="bbox 2399 1498 4035 1574">
     <span class='ocr_line' id='line_1_58' title="bbox 2399 1498 4035 1574; baseline 0.004 -22"><span class='ocrx_word' id='word_1_421' title='bbox 2399 1498 2577 1554; x_wconf 92' lang='lat' dir='ltr'>Nobis</span> <span class='ocrx_word' id='word_1_422' title='bbox 2634 1498 2896 1571; x_wconf 91' lang='lat' dir='ltr'>loquitur</span> <span class='ocrx_word' id='word_1_423' title='bbox 2953 1500 3128 1556; x_wconf 90' lang='lat' dir='ltr'>Deus.</span> <span class='ocrx_word' id='word_1_424' title='bbox 3161 1500 3559 1572; x_wconf 86' lang='lat' dir='ltr'>Quodcunque</span> <span class='ocrx_word' id='word_1_425' title='bbox 3609 1502 3823 1574; x_wconf 90' lang='lat' dir='ltr'>populo</span> <span class='ocrx_word' id='word_1_426' title='bbox 3876 1502 4035 1573; x_wconf 86' lang='lat' dir='ltr'>dixit,</span> 
     </span>
    </p>
   </div>
   <div class='ocr_carea' id='block_1_59' title="bbox 2400 1588 4037 1661">
    <p class='ocr_par' dir='ltr' id='par_1_59' title="bbox 2400 1588 4037 1661">
     <span class='ocr_line' id='line_1_59' title="bbox 2400 1588 4037 1661; baseline 0.002 -18"><span class='ocrx_word' id='word_1_427' title='bbox 2400 1588 2575 1643; x_wconf 89' lang='lat' dir='ltr'>etiam</span> <span class='ocrx_word' id='word_1_428' title='bbox 2622 1589 2788 1643; x_wconf 86' lang='lat' dir='ltr'>nobis</span> <span class='ocrx_word' id='word_1_429' title='bbox 2836 1588 3118 1661; x_wconf 89' lang='lat' dir='ltr'>loquitur.</span> <span class='ocrx_word' id='word_1_430' title='bbox 3175 1614 3195 1638; x_wconf 77' lang='grc' dir='ltr'>ι</span> <span class='ocrx_word' id='word_1_431' title='bbox 3232 1589 3431 1656; x_wconf 87' lang='lat' dir='ltr'>Israel,</span> <span class='ocrx_word' id='word_1_432' title='bbox 3465 1590 3515 1644; x_wconf 86' lang='lat' dir='ltr'>si</span> <span class='ocrx_word' id='word_1_433' title='bbox 3560 1591 3815 1646; x_wconf 85' lang='lat' dir='ltr'>audieris</span> <span class='ocrx_word' id='word_1_434' title='bbox 3865 1609 3976 1648; x_wconf 89' lang='lat' dir='ltr'>me.</span> <span class='ocrx_word' id='word_1_435' title='bbox 4012 1617 4037 1642; x_wconf 83' lang='lat'><em>»</em></span> 
     </span>
    </p>
   </div>
   <div class='ocr_carea' id='block_1_60' title="bbox 2399 1677 4038 1753">
    <p class='ocr_par' dir='ltr' id='par_1_60' title="bbox 2399 1677 4038 1753">
     <span class='ocr_line' id='line_1_60' title="bbox 2399 1677 4038 1753; baseline 0.004 -22"><span class='ocrx_word' id='word_1_436' title='bbox 2399 1677 2543 1742; x_wconf 89' lang='lat' dir='ltr'>Quid</span> <span class='ocrx_word' id='word_1_437' title='bbox 2581 1678 2811 1749; x_wconf 73' lang='lat' dir='ltr'>qumris,</span> <span class='ocrx_word' id='word_1_438' title='bbox 2847 1683 2909 1733; x_wconf 91' lang='lat' dir='ltr'>ut</span> <span class='ocrx_word' id='word_1_439' title='bbox 2939 1680 3225 1734; x_wconf 80' lang='lat' dir='ltr'>audiant?</span> <span class='ocrx_word' id='word_1_440' title='bbox 3282 1680 3601 1736; x_wconf 86' lang='lat' dir='ltr'>Videamus</span> <span class='ocrx_word' id='word_1_441' title='bbox 3651 1681 3791 1751; x_wconf 88' lang='lat' dir='ltr'>quid</span> <span class='ocrx_word' id='word_1_442' title='bbox 3844 1684 4038 1753; x_wconf 67' lang='lat' dir='ltr'>pracci-</span> 
     </span>
    </p>
   </div>
   <div class='ocr_carea' id='block_1_61' title="bbox 2400 1767 4041 1839">
    <p class='ocr_par' dir='ltr' id='par_1_61' title="bbox 2400 1767 4041 1839">
     <span class='ocr_line' id='line_1_61' title="bbox 2400 1767 4041 1839; baseline 0.004 -19"><span class='ocrx_word' id='word_1_443' title='bbox 2400 1768 2538 1839; x_wconf 85' lang='lat' dir='ltr'>piat.</span> <span class='ocrx_word' id='word_1_444' title='bbox 2575 1791 2599 1817; x_wconf 89' lang='grc'>‹‹</span> <span class='ocrx_word' id='word_1_445' title='bbox 2626 1768 2749 1822; x_wconf 80' lang='lat' dir='ltr'>Non</span> <span class='ocrx_word' id='word_1_446' title='bbox 2775 1767 2885 1822; x_wconf 89' lang='lat' dir='ltr'>erit</span> <span class='ocrx_word' id='word_1_447' title='bbox 2906 1769 2962 1821; x_wconf 92' lang='lat' dir='ltr'>in</span> <span class='ocrx_word' id='word_1_448' title='bbox 2986 1772 3041 1822; x_wconf 91' lang='lat' dir='ltr'>te</span> <span class='ocrx_word' id='word_1_449' title='bbox 3063 1768 3215 1823; x_wconf 90' lang='lat' dir='ltr'>Deus</span> <span class='ocrx_word' id='word_1_450' title='bbox 3239 1784 3459 1824; x_wconf 89' lang='lat' dir='ltr'>recens.</span> <span class='ocrx_word' id='word_1_451' title='bbox 3486 1791 3512 1817; x_wconf 85' lang='grc'><strong>››</strong></span> <span class='ocrx_word' id='word_1_452' title='bbox 3542 1769 3641 1825; x_wconf 89' lang='lat' dir='ltr'>Cui</span> <span class='ocrx_word' id='word_1_453' title='bbox 3667 1774 3815 1825; x_wconf 90' lang='lat' dir='ltr'>Deus</span> <span class='ocrx_word' id='word_1_454' title='bbox 3846 1775 4041 1827; x_wconf 88' lang='lat' dir='ltr'>venter</span> 
     </span>
    </p>
   </div>
   <div class='ocr_carea' id='block_1_62' title="bbox 2399 1855 4041 1929">
    <p class='ocr_par' dir='ltr' id='par_1_62' title="bbox 2399 1855 4041 1929">
     <span class='ocr_line' id='line_1_62' title="bbox 2399 1855 4041 1929; baseline 0.004 -19"><span class='ocrx_word' id='word_1_455' title='bbox 2399 1862 2506 1926; x_wconf 89' lang='lat' dir='ltr'>est,</span> <span class='ocrx_word' id='word_1_456' title='bbox 2540 1856 2694 1911; x_wconf 88' lang='lat' dir='ltr'>Deus</span> <span class='ocrx_word' id='word_1_457' title='bbox 2752 1855 2802 1911; x_wconf 93' lang='lat' dir='ltr'>ei</span> <span class='ocrx_word' id='word_1_458' title='bbox 2856 1873 3054 1912; x_wconf 89' lang='lat' dir='ltr'>recens</span> <span class='ocrx_word' id='word_1_459' title='bbox 3101 1862 3206 1912; x_wconf 85' lang='lat' dir='ltr'>est.</span> <span class='ocrx_word' id='word_1_460' title='bbox 3260 1860 3641 1929; x_wconf 88' lang='lat' dir='ltr'>Quotcunque</span> <span class='ocrx_word' id='word_1_461' title='bbox 3690 1858 3831 1914; x_wconf 84' lang='lat' dir='ltr'>vitia</span> <span class='ocrx_word' id='word_1_462' title='bbox 3873 1859 4041 1916; x_wconf 87' lang='lat' dir='ltr'>hahe-</span> 
     </span>
    </p>
   </div>
   <div class='ocr_carea' id='block_1_63' title="bbox 2317 1947 4038 2022">
    <p class='ocr_par' dir='ltr' id='par_1_63' title="bbox 2317 1947 4038 2022">
     <span class='ocr_line' id='line_1_63' title="bbox 2317 1947 4038 2022; baseline 0.003 -23"><span class='ocrx_word' id='word_1_463' title='bbox 2317 1958 2365 2022; x_wconf 81' lang='grc' dir='ltr'><strong>Β</strong></span> <span class='ocrx_word' id='word_1_464' title='bbox 2398 1961 2551 2011; x_wconf 91' lang='lat' dir='ltr'>mus,</span> <span class='ocrx_word' id='word_1_465' title='bbox 2585 1949 2961 2016; x_wconf 90' lang='lat' dir='ltr'>quotcunque</span> <span class='ocrx_word' id='word_1_466' title='bbox 3009 1951 3264 2018; x_wconf 87' lang='lat' dir='ltr'>peccata,</span> <span class='ocrx_word' id='word_1_467' title='bbox 3311 1950 3396 2001; x_wconf 90' lang='lat' dir='ltr'>tot</span> <span class='ocrx_word' id='word_1_468' title='bbox 3450 1951 3708 2003; x_wconf 90' lang='lat' dir='ltr'>recentes</span> <span class='ocrx_word' id='word_1_469' title='bbox 3758 1947 4038 2006; x_wconf 85' lang='lat' dir='ltr'>habemus</span> 
     </span>
    </p>
   </div>
   <div class='ocr_carea' id='block_1_64' title="bbox 2398 2034 4037 2103">
    <p class='ocr_par' dir='ltr' id='par_1_64' title="bbox 2398 2034 4037 2103">
     <span class='ocr_line' id='line_1_64' title="bbox 2398 2034 4037 2103; baseline 0.004 -15"><span class='ocrx_word' id='word_1_470' title='bbox 2398 2034 2557 2089; x_wconf 92' lang='lat' dir='ltr'>deos.</span> <span class='ocrx_word' id='word_1_471' title='bbox 2595 2035 2778 2089; x_wconf 90' lang='lat' dir='ltr'>Iratus</span> <span class='ocrx_word' id='word_1_472' title='bbox 2830 2052 2960 2089; x_wconf 90' lang='lat' dir='ltr'>sum</span> <span class='ocrx_word' id='word_1_473' title='bbox 2988 2056 3001 2103; x_wconf 69' lang='grc' dir='ltr'>ς</span> <span class='ocrx_word' id='word_1_474' title='bbox 3053 2035 3139 2089; x_wconf 90' lang='lat' dir='ltr'>ira</span> <span class='ocrx_word' id='word_1_475' title='bbox 3171 2035 3314 2091; x_wconf 88' lang='lat' dir='ltr'>mihi</span> <span class='ocrx_word' id='word_1_476' title='bbox 3346 2036 3499 2091; x_wconf 90' lang='lat' dir='ltr'>Deus</span> <span class='ocrx_word' id='word_1_477' title='bbox 3531 2040 3637 2092; x_wconf 89' lang='lat' dir='ltr'>est.</span> <span class='ocrx_word' id='word_1_478' title='bbox 3670 2036 3801 2092; x_wconf 88' lang='lat' dir='ltr'>Vidi</span> <span class='ocrx_word' id='word_1_479' title='bbox 3834 2037 4037 2094; x_wconf 89' lang='lat' dir='ltr'>mulie-</span> 
     </span>
    </p>
   </div>
   <div class='ocr_carea' id='block_1_65' title="bbox 2400 2123 4042 2195">
    <p class='ocr_par' dir='ltr' id='par_1_65' title="bbox 2400 2123 4042 2195">
     <span class='ocr_line' id='line_1_65' title="bbox 2400 2123 4042 2195; baseline 0.005 -19"><span class='ocrx_word' id='word_1_480' title='bbox 2400 2140 2519 2177; x_wconf 89' lang='lat' dir='ltr'>rem</span> <span class='ocrx_word' id='word_1_481' title='bbox 2570 2128 2626 2178; x_wconf 90' lang='lat' dir='ltr'>ct</span> <span class='ocrx_word' id='word_1_482' title='bbox 2672 2124 3010 2195; x_wconf 82' lang='lat' dir='ltr'>concupivi;</span> <span class='ocrx_word' id='word_1_483' title='bbox 3062 2123 3242 2180; x_wconf 88' lang='lat' dir='ltr'>libido</span> <span class='ocrx_word' id='word_1_484' title='bbox 3294 2125 3439 2181; x_wconf 89' lang='lat' dir='ltr'>mihi</span> <span class='ocrx_word' id='word_1_485' title='bbox 3497 2130 3647 2182; x_wconf 85' lang='lat' dir='ltr'>Deus</span> <span class='ocrx_word' id='word_1_486' title='bbox 3700 2132 3805 2183; x_wconf 89' lang='lat' dir='ltr'>est.</span> <span class='ocrx_word' id='word_1_487' title='bbox 3859 2127 4042 2184; x_wconf 66' lang='lat' dir='ltr'>L&#39;nus-</span> 
     </span>
    </p>
   </div>
   <div class='ocr_carea' id='block_1_66' title="bbox 2400 2211 4041 2286">
    <p class='ocr_par' dir='ltr' id='par_1_66' title="bbox 2400 2211 4041 2286">
     <span class='ocr_line' id='line_1_66' title="bbox 2400 2211 4041 2286; baseline 0.005 -22"><span class='ocrx_word' id='word_1_488' title='bbox 2400 2211 2649 2283; x_wconf 89' lang='lat' dir='ltr'>quisque</span> <span class='ocrx_word' id='word_1_489' title='bbox 2698 2213 2852 2267; x_wconf 90' lang='lat' dir='ltr'>enim</span> <span class='ocrx_word' id='word_1_490' title='bbox 2903 2214 3057 2283; x_wconf 89' lang='lat' dir='ltr'>quod</span> <span class='ocrx_word' id='word_1_491' title='bbox 3119 2214 3280 2286; x_wconf 91' lang='lat' dir='ltr'>cupit</span> <span class='ocrx_word' id='word_1_492' title='bbox 3336 2220 3393 2269; x_wconf 90' lang='lat' dir='ltr'>et</span> <span class='ocrx_word' id='word_1_493' title='bbox 3440 2221 3772 2283; x_wconf 83' lang='lat' dir='ltr'>veneratur,</span> <span class='ocrx_word' id='word_1_494' title='bbox 3804 2217 3909 2272; x_wconf 93' lang='lat' dir='ltr'>hoc</span> <span class='ocrx_word' id='word_1_495' title='bbox 3946 2216 4041 2272; x_wconf 89' lang='lat' dir='ltr'>‘illi</span> 
     </span>
    </p>
   </div>
   <div class='ocr_carea' id='block_1_67' title="bbox 2401 2303 4038 2363">
    <p class='ocr_par' dir='ltr' id='par_1_67' title="bbox 2401 2303 4038 2363">
     <span class='ocr_line' id='line_1_67' title="bbox 2401 2303 4038 2363; baseline 0.004 -8"><span class='ocrx_word' id='word_1_496' title='bbox 2401 2305 2549 2355; x_wconf 87' lang='lat' dir='ltr'>Deus</span> <span class='ocrx_word' id='word_1_497' title='bbox 2579 2306 2684 2356; x_wconf 90' lang='lat' dir='ltr'>est.</span> <span class='ocrx_word' id='word_1_498' title='bbox 2718 2303 2936 2357; x_wconf 87' lang='lat' dir='ltr'>Avarus</span> <span class='ocrx_word' id='word_1_499' title='bbox 2969 2319 3177 2357; x_wconf 87' lang='lat' dir='ltr'>aurum</span> <span class='ocrx_word' id='word_1_500' title='bbox 3212 2303 3385 2359; x_wconf 89' lang='lat' dir='ltr'>deum</span> <span class='ocrx_word' id='word_1_501' title='bbox 3432 2303 3623 2359; x_wconf 86' lang='lat' dir='ltr'>habet.</span> <span class='ocrx_word' id='word_1_502' title='bbox 3678 2327 3707 2355; x_wconf 88' lang='lat'><strong><em>«</em></strong></span> <span class='ocrx_word' id='word_1_503' title='bbox 3738 2305 3855 2363; x_wconf 76' lang='lat' dir='ltr'>Nec</span> <span class='ocrx_word' id='word_1_504' title='bbox 3898 2307 4038 2362; x_wconf 89' lang='lat' dir='ltr'>ado-</span> 
     </span>
    </p>
   </div>
   <div class='ocr_carea' id='block_1_68' title="bbox 2401 2390 4037 2460">
    <p class='ocr_par' dir='ltr' id='par_1_68' title="bbox 2401 2390 4037 2460">
     <span class='ocr_line' id='line_1_68' title="bbox 2401 2390 4037 2460; baseline 0.006 -17"><span class='ocrx_word' id='word_1_505' title='bbox 2401 2390 2556 2445; x_wconf 89' lang='lat' dir='ltr'>rabis</span> <span class='ocrx_word' id='word_1_506' title='bbox 2588 2391 2771 2445; x_wconf 90' lang='lat' dir='ltr'>Deum</span> <span class='ocrx_word' id='word_1_507' title='bbox 2804 2390 3075 2446; x_wconf 89' lang='lat' dir='ltr'>alienum.</span> <span class='ocrx_word' id='word_1_508' title='bbox 3116 2415 3142 2441; x_wconf 90' lang='grc'><strong>››</strong></span> <span class='ocrx_word' id='word_1_509' title='bbox 3196 2392 3402 2449; x_wconf 82' lang='lat' dir='ltr'>Noster</span> <span class='ocrx_word' id='word_1_510' title='bbox 3448 2392 3620 2460; x_wconf 91' lang='lat' dir='ltr'>Deus,</span> <span class='ocrx_word' id='word_1_511' title='bbox 3672 2393 3858 2451; x_wconf 89' lang='lat' dir='ltr'>virtus</span> <span class='ocrx_word' id='word_1_512' title='bbox 3911 2402 4037 2455; x_wconf 87' lang='lat' dir='ltr'>est:</span> 
     </span>
    </p>
   </div>
   <div class='ocr_carea' id='block_1_69' title="bbox 2399 2480 2857 2550">
    <p class='ocr_par' dir='ltr' id='par_1_69' title="bbox 2399 2480 2857 2550">
     <span class='ocr_line' id='line_1_69' title="bbox 2399 2480 2857 2550; baseline 0.004 -17"><span class='ocrx_word' id='word_1_513' title='bbox 2399 2480 2668 2550; x_wconf 85' lang='lat' dir='ltr'>aliorum,</span> <span class='ocrx_word' id='word_1_514' title='bbox 2700 2480 2857 2535; x_wconf 84' lang='lat' dir='ltr'>vitia.</span> 
     </span>
    </p>
   </div>
   <div class='ocr_carea' id='block_1_70' title="bbox 2471 2587 4041 2661">
    <p class='ocr_par' dir='ltr' id='par_1_70' title="bbox 2471 2587 4041 2661">
     <span class='ocr_line' id='line_1_70' title="bbox 2471 2587 4041 2661; baseline 0.006 -23"><span class='ocrx_word' id='word_1_515' title='bbox 2471 2609 2498 2637; x_wconf 89' lang='grc'><em>‹‹</em></span> <span class='ocrx_word' id='word_1_516' title='bbox 2534 2588 2647 2659; x_wconf 88' lang='lat' dir='ltr'>Ego</span> <span class='ocrx_word' id='word_1_517' title='bbox 2680 2604 2811 2642; x_wconf 89' lang='lat' dir='ltr'>sum</span> <span class='ocrx_word' id='word_1_518' title='bbox 2844 2587 3127 2643; x_wconf 89' lang='lat' dir='ltr'>Dominus</span> <span class='ocrx_word' id='word_1_519' title='bbox 3163 2589 3310 2644; x_wconf 89' lang='lat' dir='ltr'>Deus</span> <span class='ocrx_word' id='word_1_520' title='bbox 3342 2592 3479 2644; x_wconf 91' lang='lat' dir='ltr'>tuus</span> <span class='ocrx_word' id='word_1_521' title='bbox 3527 2589 3625 2661; x_wconf 91' lang='lat' dir='ltr'>qui</span> <span class='ocrx_word' id='word_1_522' title='bbox 3670 2590 3845 2646; x_wconf 85' lang='lat' dir='ltr'>eduxi</span> <span class='ocrx_word' id='word_1_523' title='bbox 3887 2597 3942 2648; x_wconf 86' lang='lat' dir='ltr'>te</span> <span class='ocrx_word' id='word_1_524' title='bbox 3974 2593 4041 2647; x_wconf 89' lang='lat' dir='ltr'>de</span> 
     </span>
    </p>
   </div>
   <div class='ocr_carea' id='block_1_71' title="bbox 2399 2676 4038 2750">
    <p class='ocr_par' dir='ltr' id='par_1_71' title="bbox 2399 2676 4038 2750">
     <span class='ocr_line' id='line_1_71' title="bbox 2399 2676 4038 2750; baseline 0.004 -20"><span class='ocrx_word' id='word_1_525' title='bbox 2399 2680 2551 2731; x_wconf 88' lang='lat' dir='ltr'>terra</span> <span class='ocrx_word' id='word_1_526' title='bbox 2580 2676 2827 2747; x_wconf 70' lang='lat' dir='ltr'>AEgypti.</span> <span class='ocrx_word' id='word_1_527' title='bbox 2866 2699 2891 2724; x_wconf 83' lang='lat'>»</span> <span class='ocrx_word' id='word_1_528' title='bbox 2946 2677 3059 2733; x_wconf 85' lang='lat' dir='ltr'>Nos</span> <span class='ocrx_word' id='word_1_529' title='bbox 3110 2694 3317 2733; x_wconf 90' lang='lat' dir='ltr'>sumus</span> <span class='ocrx_word' id='word_1_530' title='bbox 3361 2678 3461 2750; x_wconf 90' lang='lat' dir='ltr'>qui</span> <span class='ocrx_word' id='word_1_531' title='bbox 3492 2680 3685 2734; x_wconf 91' lang='lat' dir='ltr'>educti</span> <span class='ocrx_word' id='word_1_532' title='bbox 3716 2696 3926 2737; x_wconf 88' lang='lat' dir='ltr'>sumus</span> <span class='ocrx_word' id='word_1_533' title='bbox 3972 2682 4038 2736; x_wconf 88' lang='lat' dir='ltr'>de</span> 
     </span>
    </p>
   </div>
   <div class='ocr_carea' id='block_1_72' title="bbox 2399 2766 4037 2837">
    <p class='ocr_par' dir='ltr' id='par_1_72' title="bbox 2399 2766 4037 2837">
     <span class='ocr_line' id='line_1_72' title="bbox 2399 2766 4037 2837; baseline 0.004 -18"><span class='ocrx_word' id='word_1_534' title='bbox 2399 2771 2551 2820; x_wconf 87' lang='lat' dir='ltr'>terra</span> <span class='ocrx_word' id='word_1_535' title='bbox 2580 2767 2803 2837; x_wconf 67' lang='lat' dir='ltr'>zEgpri</span> <span class='ocrx_word' id='word_1_536' title='bbox 2839 2782 2851 2821; x_wconf 94' lang='lat'>:</span> <span class='ocrx_word' id='word_1_537' title='bbox 2907 2766 2956 2821; x_wconf 93' lang='lat' dir='ltr'>si</span> <span class='ocrx_word' id='word_1_538' title='bbox 2985 2770 3180 2821; x_wconf 89' lang='lat' dir='ltr'>tamen</span> <span class='ocrx_word' id='word_1_539' title='bbox 3212 2768 3516 2833; x_wconf 84' lang='lat' dir='ltr'>exivimus,</span> <span class='ocrx_word' id='word_1_540' title='bbox 3544 2769 3591 2823; x_wconf 92' lang='lat' dir='ltr'>si</span> <span class='ocrx_word' id='word_1_541' title='bbox 3625 2768 3683 2823; x_wconf 90' lang='lat' dir='ltr'>in</span> <span class='ocrx_word' id='word_1_542' title='bbox 3717 2785 3914 2826; x_wconf 90' lang='lat' dir='ltr'>eremo</span> <span class='ocrx_word' id='word_1_543' title='bbox 3945 2788 4037 2826; x_wconf 89' lang='lat' dir='ltr'>su-</span> 
     </span>
    </p>
   </div>
   <div class='ocr_carea' id='block_1_73' title="bbox 2399 2855 4040 2929">
    <p class='ocr_par' dir='ltr' id='par_1_73' title="bbox 2399 2855 4040 2929">
     <span class='ocr_line' id='line_1_73' title="bbox 2399 2855 4040 2929; baseline 0.004 -20"><span class='ocrx_word' id='word_1_544' title='bbox 2399 2872 2552 2924; x_wconf 89' lang='lat' dir='ltr'>mus,</span> <span class='ocrx_word' id='word_1_545' title='bbox 2583 2855 2631 2910; x_wconf 93' lang='lat' dir='ltr'>si</span> <span class='ocrx_word' id='word_1_546' title='bbox 2664 2860 2874 2910; x_wconf 87' lang='lat' dir='ltr'>terram</span> <span class='ocrx_word' id='word_1_547' title='bbox 2907 2856 3380 2927; x_wconf 90' lang='lat' dir='ltr'>repromissionis</span> <span class='ocrx_word' id='word_1_548' title='bbox 3435 2858 3707 2929; x_wconf 90' lang='lat' dir='ltr'>cupimus</span> <span class='ocrx_word' id='word_1_549' title='bbox 3736 2858 3953 2915; x_wconf 88' lang='lat' dir='ltr'>videre.</span> <span class='ocrx_word' id='word_1_550' title='bbox 3986 2862 4040 2914; x_wconf 85' lang='lat' dir='ltr'>Si</span> 
     </span>
    </p>
   </div>
   <div class='ocr_carea' id='block_1_74' title="bbox 2397 2942 4040 3016">
    <p class='ocr_par' dir='ltr' id='par_1_74' title="bbox 2397 2942 4040 3016">
     <span class='ocr_line' id='line_1_74' title="bbox 2397 2942 4040 3016; baseline 0.004 -19"><span class='ocrx_word' id='word_1_551' title='bbox 2397 2942 2741 3015; x_wconf 88' lang='lat' dir='ltr'>reliquimus</span> <span class='ocrx_word' id='word_1_552' title='bbox 2754 2945 3208 3011; x_wconf 86' lang='lat' dir='ltr'>Sodomam,non</span> <span class='ocrx_word' id='word_1_553' title='bbox 3227 2945 3606 3016; x_wconf 88' lang='lat' dir='ltr'>respiciamus</span> <span class='ocrx_word' id='word_1_554' title='bbox 3620 2947 3690 3003; x_wconf 89' lang='lat' dir='ltr'>ad</span> <span class='ocrx_word' id='word_1_555' title='bbox 3703 2948 4040 3015; x_wconf 90' lang='lat' dir='ltr'>Sodomam,</span> 
     </span>
    </p>
   </div>
   <div class='ocr_carea' id='block_1_75' title="bbox 2396 3033 4044 3109">
    <p class='ocr_par' dir='ltr' id='par_1_75' title="bbox 2396 3033 4044 3109">
     <span class='ocr_line' id='line_1_75' title="bbox 2396 3033 4044 3109; baseline 0.005 -23"><span class='ocrx_word' id='word_1_556' title='bbox 2396 3033 2605 3087; x_wconf 84' lang='lat' dir='ltr'>Salvati</span> <span class='ocrx_word' id='word_1_557' title='bbox 2631 3050 2838 3088; x_wconf 88' lang='lat' dir='ltr'>sumus</span> <span class='ocrx_word' id='word_1_558' title='bbox 2861 3034 2919 3087; x_wconf 91' lang='lat' dir='ltr'>in</span> <span class='ocrx_word' id='word_1_559' title='bbox 2945 3040 3161 3099; x_wconf 89' lang='lat' dir='ltr'>monte,</span> <span class='ocrx_word' id='word_1_560' title='bbox 3186 3051 3301 3089; x_wconf 92' lang='lat' dir='ltr'>non</span> <span class='ocrx_word' id='word_1_561' title='bbox 3325 3035 3724 3093; x_wconf 84' lang='lat' dir='ltr'>desideremus</span> <span class='ocrx_word' id='word_1_562' title='bbox 3748 3038 4044 3109; x_wconf 60' lang='lat' dir='ltr'>rEgyptias</span> 
     </span>
    </p>
   </div>
   <div class='ocr_carea' id='block_1_76' title="bbox 2397 3122 4047 3197">
    <p class='ocr_par' dir='ltr' id='par_1_76' title="bbox 2397 3122 4047 3197">
     <span class='ocr_line' id='line_1_76' title="bbox 2397 3122 4047 3197; baseline 0.003 -21"><span class='ocrx_word' id='word_1_563' title='bbox 2397 3138 2622 3191; x_wconf 89' lang='lat' dir='ltr'>carnes,</span> <span class='ocrx_word' id='word_1_564' title='bbox 2651 3139 2763 3176; x_wconf 90' lang='lat' dir='ltr'>non</span> <span class='ocrx_word' id='word_1_565' title='bbox 2790 3122 3051 3177; x_wconf 85' lang='lat' dir='ltr'>dicamus</span> <span class='ocrx_word' id='word_1_566' title='bbox 3078 3140 3091 3178; x_wconf 91' lang='lat'><strong>:</strong></span> <span class='ocrx_word' id='word_1_567' title='bbox 3127 3124 3297 3191; x_wconf 82' lang='lat' dir='ltr'>Quam</span> <span class='ocrx_word' id='word_1_568' title='bbox 3322 3124 3450 3179; x_wconf 82' lang='lat' dir='ltr'>bene</span> <span class='ocrx_word' id='word_1_569' title='bbox 3468 3125 3623 3179; x_wconf 80' lang='lat' dir='ltr'>nobis</span> <span class='ocrx_word' id='word_1_570' title='bbox 3648 3135 3767 3180; x_wconf 78' lang='lat' dir='ltr'>erat</span> <span class='ocrx_word' id='word_1_571' title='bbox 3800 3129 3861 3181; x_wconf 76' lang='lat' dir='ltr'>in</span> <span class='ocrx_word' id='word_1_572' title='bbox 3884 3128 4047 3197; x_wconf 54' lang='grc' dir='ltr'>λείῃ)-</span> 
     </span>
    </p>
   </div>
   <div class='ocr_carea' id='block_1_77' title="bbox 2391 3212 4047 3283">
    <p class='ocr_par' dir='ltr' id='par_1_77' title="bbox 2391 3212 4047 3283">
     <span class='ocr_line' id='line_1_77' title="bbox 2391 3212 4047 3283; baseline 0.003 -17"><span class='ocrx_word' id='word_1_573' title='bbox 2391 3217 2505 3283; x_wconf 71' lang='lat' dir='ltr'>pio,</span> <span class='ocrx_word' id='word_1_574' title='bbox 2539 3229 2665 3266; x_wconf 84' lang='lat' dir='ltr'>cum</span> <span class='ocrx_word' id='word_1_575' title='bbox 2709 3212 3184 3267; x_wconf 72' lang='lat' dir='ltr'>manducabamus</span> <span class='ocrx_word' id='word_1_576' title='bbox 3235 3230 3425 3268; x_wconf 83' lang='lat' dir='ltr'>carnes</span> <span class='ocrx_word' id='word_1_577' title='bbox 3456 3216 3515 3268; x_wconf 79' lang='lat' dir='ltr'>in</span> <span class='ocrx_word' id='word_1_578' title='bbox 3546 3214 3689 3282; x_wconf 83' lang='lat' dir='ltr'>ollzs,</span> <span class='ocrx_word' id='word_1_579' title='bbox 3720 3224 3774 3269; x_wconf 77' lang='grc' dir='ltr'>ει</span> <span class='ocrx_word' id='word_1_580' title='bbox 3804 3216 3968 3282; x_wconf 76' lang='lat' dir='ltr'>allia,</span> <span class='ocrx_word' id='word_1_581' title='bbox 3999 3222 4047 3271; x_wconf 76' lang='lat' dir='ltr'>et</span> 
     </span>
    </p>
   </div>
   <div class='ocr_carea' id='block_1_78' title="bbox 2317 3302 4048 3393">
    <p class='ocr_par' dir='ltr' id='par_1_78' title="bbox 2317 3302 4048 3393">
     <span class='ocr_line' id='line_1_78' title="bbox 2317 3302 4048 3393; baseline 0.003 -38"><span class='ocrx_word' id='word_1_582' title='bbox 2317 3327 2359 3393; x_wconf 68' lang='grc' dir='ltr'><strong>ρ</strong></span> <span class='ocrx_word' id='word_1_583' title='bbox 2397 3318 2705 3357; x_wconf 79' lang='lat' dir='ltr'>cucumeres</span> <span class='ocrx_word' id='word_1_584' title='bbox 2737 3302 2918 3379; x_wconf 64' lang='lat' dir='ltr'>(Num.</span> <span class='ocrx_word' id='word_1_585' title='bbox 2946 3320 3019 3369; x_wconf 66' lang='grc' dir='ltr'>λι,</span> <span class='ocrx_word' id='word_1_586' title='bbox 3042 3303 3096 3372; x_wconf 87' lang='grc'>5)</span> <span class='ocrx_word' id='word_1_587' title='bbox 3123 3302 3134 3355; x_wconf 83' lang='lat' dir='ltr'>l</span> <span class='ocrx_word' id='word_1_588' title='bbox 3172 3302 3268 3356; x_wconf 91' lang='lat' dir='ltr'>Vis</span> <span class='ocrx_word' id='word_1_589' title='bbox 3300 3303 3557 3375; x_wconf 87' lang='lat' dir='ltr'>accipere</span> <span class='ocrx_word' id='word_1_590' title='bbox 3583 3304 3813 3359; x_wconf 90' lang='lat' dir='ltr'>Domini</span> <span class='ocrx_word' id='word_1_591' title='bbox 3842 3306 4009 3362; x_wconf 90' lang='lat' dir='ltr'>cibos</span> <span class='ocrx_word' id='word_1_592' title='bbox 4023 3307 4048 3360; x_wconf 70' lang='lat'>‘2</span> 
     </span>
    </p>
   </div>
   <div class='ocr_carea' id='block_1_79' title="bbox 2398 3391 4051 3463">
    <p class='ocr_par' dir='ltr' id='par_1_79' title="bbox 2398 3391 4051 3463">
     <span class='ocr_line' id='line_1_79' title="bbox 2398 3391 4051 3463; baseline 0.003 -18"><span class='ocrx_word' id='word_1_593' title='bbox 2398 3392 2497 3447; x_wconf 77' lang='lat' dir='ltr'>Vis</span> <span class='ocrx_word' id='word_1_594' title='bbox 2529 3392 2830 3447; x_wconf 86' lang='lat' dir='ltr'>comedere</span> <span class='ocrx_word' id='word_1_595' title='bbox 2862 3392 3056 3463; x_wconf 89' lang='lat' dir='ltr'>ipsum</span> <span class='ocrx_word' id='word_1_596' title='bbox 3092 3391 3397 3445; x_wconf 89' lang='lat' dir='ltr'>Dominum</span> <span class='ocrx_word' id='word_1_597' title='bbox 3429 3392 3612 3447; x_wconf 90' lang='lat' dir='ltr'>Deum</span> <span class='ocrx_word' id='word_1_598' title='bbox 3642 3397 3812 3448; x_wconf 91' lang='lat' dir='ltr'>tuum</span> <span class='ocrx_word' id='word_1_599' title='bbox 3842 3400 3904 3449; x_wconf 86' lang='lat' dir='ltr'>et</span> <span class='ocrx_word' id='word_1_600' title='bbox 3927 3394 4051 3450; x_wconf 86' lang='lat' dir='ltr'>Sal-</span> 
     </span>
    </p>
   </div>
   <div class='ocr_carea' id='block_1_80' title="bbox 2393 3480 4050 3552">
    <p class='ocr_par' dir='ltr' id='par_1_80' title="bbox 2393 3480 4050 3552">
     <span class='ocr_line' id='line_1_80' title="bbox 2393 3480 4050 3552; baseline 0.002 -17"><span class='ocrx_word' id='word_1_601' title='bbox 2393 3487 2649 3536; x_wconf 89' lang='lat' dir='ltr'>vatorem</span> <span class='ocrx_word' id='word_1_602' title='bbox 2674 3481 2700 3535; x_wconf 87' lang='lat'><strong><em>?</em></strong></span> <span class='ocrx_word' id='word_1_603' title='bbox 2731 3482 2882 3535; x_wconf 87' lang='lat' dir='ltr'>Audi</span> <span class='ocrx_word' id='word_1_604' title='bbox 2915 3481 3054 3552; x_wconf 87' lang='lat' dir='ltr'>quid</span> <span class='ocrx_word' id='word_1_605' title='bbox 3088 3481 3244 3536; x_wconf 89' lang='lat' dir='ltr'>dicat</span> <span class='ocrx_word' id='word_1_606' title='bbox 3275 3496 3287 3535; x_wconf 93' lang='lat'>:</span> <span class='ocrx_word' id='word_1_607' title='bbox 3343 3503 3369 3531; x_wconf 86' lang='grc'>‹‹</span> <span class='ocrx_word' id='word_1_608' title='bbox 3406 3480 3594 3536; x_wconf 89' lang='lat' dir='ltr'>Dilata</span> <span class='ocrx_word' id='word_1_609' title='bbox 3643 3500 3707 3537; x_wconf 90' lang='lat' dir='ltr'>os</span> <span class='ocrx_word' id='word_1_610' title='bbox 3760 3487 3959 3549; x_wconf 88' lang='lat' dir='ltr'>tuum,</span> <span class='ocrx_word' id='word_1_611' title='bbox 3993 3490 4050 3539; x_wconf 89' lang='lat' dir='ltr'>et</span> 
     </span>
    </p>
   </div>
   <div class='ocr_carea' id='block_1_81' title="bbox 2394 3569 4053 3642">
    <p class='ocr_par' dir='ltr' id='par_1_81' title="bbox 2394 3569 4053 3642">
     <span class='ocr_line' id='line_1_81' title="bbox 2394 3569 4053 3642; baseline 0.002 -18"><span class='ocrx_word' id='word_1_612' title='bbox 2394 3570 2648 3642; x_wconf 89' lang='lat' dir='ltr'>implebo</span> <span class='ocrx_word' id='word_1_613' title='bbox 2703 3569 2868 3624; x_wconf 85' lang='lat' dir='ltr'>illud.</span> <span class='ocrx_word' id='word_1_614' title='bbox 2901 3590 2927 3621; x_wconf 74' lang='grc' dir='ltr'><strong>η</strong></span> <span class='ocrx_word' id='word_1_615' title='bbox 2980 3570 3225 3625; x_wconf 87' lang='lat' dir='ltr'>Dilatate</span> <span class='ocrx_word' id='word_1_616' title='bbox 3272 3587 3371 3625; x_wconf 89' lang='lat' dir='ltr'>ora</span> <span class='ocrx_word' id='word_1_617' title='bbox 3415 3576 3628 3637; x_wconf 84' lang='lat' dir='ltr'>vestra,</span> <span class='ocrx_word' id='word_1_618' title='bbox 3662 3571 3786 3642; x_wconf 91' lang='lat' dir='ltr'>ipse</span> <span class='ocrx_word' id='word_1_619' title='bbox 3815 3577 3911 3628; x_wconf 87' lang='lat' dir='ltr'>est</span> <span class='ocrx_word' id='word_1_620' title='bbox 3942 3573 4053 3629; x_wconf 85' lang='lat' dir='ltr'>Do-</span> 
     </span>
    </p>
   </div>
   <div class='ocr_carea' id='block_1_82' title="bbox 2397 3659 4045 3730">
    <p class='ocr_par' dir='ltr' id='par_1_82' title="bbox 2397 3659 4045 3730">
     <span class='ocr_line' id='line_1_82' title="bbox 2397 3659 4045 3730; baseline 0.002 -16"><span class='ocrx_word' id='word_1_621' title='bbox 2397 3661 2612 3730; x_wconf 90' lang='lat' dir='ltr'>minus,</span> <span class='ocrx_word' id='word_1_622' title='bbox 2642 3664 2697 3714; x_wconf 91' lang='lat' dir='ltr'>et</span> <span class='ocrx_word' id='word_1_623' title='bbox 2727 3660 2915 3730; x_wconf 87' lang='lat' dir='ltr'>panis.</span> <span class='ocrx_word' id='word_1_624' title='bbox 2952 3660 3078 3730; x_wconf 87' lang='lat' dir='ltr'>Ipse</span> <span class='ocrx_word' id='word_1_625' title='bbox 3112 3659 3376 3714; x_wconf 85' lang='lat' dir='ltr'>hortatur</span> <span class='ocrx_word' id='word_1_626' title='bbox 3405 3676 3510 3715; x_wconf 92' lang='lat' dir='ltr'>nos</span> <span class='ocrx_word' id='word_1_627' title='bbox 3545 3665 3605 3714; x_wconf 91' lang='lat' dir='ltr'>ut</span> <span class='ocrx_word' id='word_1_628' title='bbox 3631 3661 4045 3727; x_wconf 84' lang='lat' dir='ltr'>comedamus,</span> 
     </span>
    </p>
   </div>
   <div class='ocr_carea' id='block_1_83' title="bbox 2392 3749 4048 3821">
    <p class='ocr_par' dir='ltr' id='par_1_83' title="bbox 2392 3749 4048 3821">
     <span class='ocr_line' id='line_1_83' title="bbox 2392 3749 4048 3821; baseline 0.002 -18"><span class='ocrx_word' id='word_1_629' title='bbox 2392 3756 2448 3804; x_wconf 89' lang='lat' dir='ltr'>et</span> <span class='ocrx_word' id='word_1_630' title='bbox 2480 3750 2600 3821; x_wconf 90' lang='lat' dir='ltr'>ipse</span> <span class='ocrx_word' id='word_1_631' title='bbox 2631 3754 2828 3804; x_wconf 85' lang='lat' dir='ltr'>noster</span> <span class='ocrx_word' id='word_1_632' title='bbox 2857 3749 3024 3804; x_wconf 91' lang='lat' dir='ltr'>cibus</span> <span class='ocrx_word' id='word_1_633' title='bbox 3055 3754 3159 3803; x_wconf 90' lang='lat' dir='ltr'>est.</span> <span class='ocrx_word' id='word_1_634' title='bbox 3197 3750 3722 3820; x_wconf 88' lang='lat' dir='ltr'>Quantumcunque</span> <span class='ocrx_word' id='word_1_635' title='bbox 3754 3749 4048 3806; x_wconf 85' lang='lat' dir='ltr'>dilatave-</span> 
     </span>
    </p>
   </div>
   <div class='ocr_carea' id='block_1_84' title="bbox 2393 3837 4045 3912">
    <p class='ocr_par' dir='ltr' id='par_1_84' title="bbox 2393 3837 4045 3912">
     <span class='ocr_line' id='line_1_84' title="bbox 2393 3837 4045 3912; baseline 0.002 -20"><span class='ocrx_word' id='word_1_636' title='bbox 2393 3839 2493 3904; x_wconf 88' lang='lat' dir='ltr'>ris,</span> <span class='ocrx_word' id='word_1_637' title='bbox 2528 3843 2757 3893; x_wconf 89' lang='lat' dir='ltr'>tantum</span> <span class='ocrx_word' id='word_1_638' title='bbox 2791 3837 3059 3909; x_wconf 90' lang='lat' dir='ltr'>accipies.</span> <span class='ocrx_word' id='word_1_639' title='bbox 3094 3838 3214 3892; x_wconf 86' lang='lat' dir='ltr'>Non</span> <span class='ocrx_word' id='word_1_640' title='bbox 3274 3843 3363 3894; x_wconf 91' lang='lat' dir='ltr'>est</span> <span class='ocrx_word' id='word_1_641' title='bbox 3406 3837 3585 3910; x_wconf 87' lang='lat' dir='ltr'>igitur</span> <span class='ocrx_word' id='word_1_642' title='bbox 3616 3839 3837 3894; x_wconf 79' lang='lat' dir='ltr'>in&#39;mea</span> <span class='ocrx_word' id='word_1_643' title='bbox 3875 3845 4045 3912; x_wconf 87' lang='lat' dir='ltr'>pote-</span> 
     </span>
    </p>
   </div>
   <div class='ocr_carea' id='block_1_85' title="bbox 2393 3926 4046 3993">
    <p class='ocr_par' dir='ltr' id='par_1_85' title="bbox 2393 3926 4046 3993">
     <span class='ocr_line' id='line_1_85' title="bbox 2393 3926 4046 3993; baseline 0.001 -12"><span class='ocrx_word' id='word_1_644' title='bbox 2393 3932 2560 3993; x_wconf 89' lang='lat' dir='ltr'>state,</span> <span class='ocrx_word' id='word_1_645' title='bbox 2593 3929 2693 3982; x_wconf 92' lang='lat' dir='ltr'>sed</span> <span class='ocrx_word' id='word_1_646' title='bbox 2727 3927 2785 3981; x_wconf 91' lang='lat' dir='ltr'>in</span> <span class='ocrx_word' id='word_1_647' title='bbox 2815 3931 2916 3981; x_wconf 90' lang='lat' dir='ltr'>tua</span> <span class='ocrx_word' id='word_1_648' title='bbox 2947 3931 3053 3981; x_wconf 83' lang='lat' dir='ltr'>est.</span> <span class='ocrx_word' id='word_1_649' title='bbox 3088 3927 3147 3981; x_wconf 91' lang='lat' dir='ltr'>Si</span> <span class='ocrx_word' id='word_1_650' title='bbox 3188 3926 3459 3993; x_wconf 88' lang='lat' dir='ltr'>volueris,</span> <span class='ocrx_word' id='word_1_651' title='bbox 3505 3932 3691 3983; x_wconf 89' lang='lat' dir='ltr'>totum</span> <span class='ocrx_word' id='word_1_652' title='bbox 3738 3945 3831 3985; x_wconf 88' lang='lat' dir='ltr'>me</span> <span class='ocrx_word' id='word_1_653' title='bbox 3884 3929 4046 3985; x_wconf 82' lang='lat' dir='ltr'>acci-</span> 
     </span>
    </p>
   </div>
   <div class='ocr_carea' id='block_1_86' title="bbox 2392 4015 3711 4089">
    <p class='ocr_par' dir='ltr' id='par_1_86' title="bbox 2392 4015 3711 4089">
     <span class='ocr_line' id='line_1_86' title="bbox 2392 4015 3711 4089; baseline 0.002 -20"><span class='ocrx_word' id='word_1_654' title='bbox 2392 4016 2517 4088; x_wconf 90' lang='lat' dir='ltr'>pies</span> <span class='ocrx_word' id='word_1_655' title='bbox 2551 4032 2563 4071; x_wconf 92' lang='lat'>:</span> <span class='ocrx_word' id='word_1_656' title='bbox 2610 4015 2660 4071; x_wconf 91' lang='lat' dir='ltr'>si</span> <span class='ocrx_word' id='word_1_657' title='bbox 2692 4015 2969 4086; x_wconf 87' lang='lat' dir='ltr'>nolueris,</span> <span class='ocrx_word' id='word_1_658' title='bbox 2999 4017 3195 4087; x_wconf 89' lang='lat' dir='ltr'>accipe</span> <span class='ocrx_word' id='word_1_659' title='bbox 3228 4016 3433 4071; x_wconf 88' lang='lat' dir='ltr'>saltem</span> <span class='ocrx_word' id='word_1_660' title='bbox 3466 4024 3711 4089; x_wconf 86' lang='lat' dir='ltr'>partem.</span> 
     </span>
    </p>
   </div>
   <div class='ocr_carea' id='block_1_87' title="bbox 2464 4131 4044 4204">
    <p class='ocr_par' dir='ltr' id='par_1_87' title="bbox 2464 4131 4044 4204">
     <span class='ocr_line' id='line_1_87' title="bbox 2464 4131 4044 4204; baseline 0 -21"><span class='ocrx_word' id='word_1_661' title='bbox 2464 4155 2491 4183; x_wconf 89' lang='grc'><strong>‹‹</strong></span> <span class='ocrx_word' id='word_1_662' title='bbox 2524 4133 2591 4187; x_wconf 86' lang='lat' dir='ltr'>Et</span> <span class='ocrx_word' id='word_1_663' title='bbox 2622 4149 2735 4187; x_wconf 90' lang='lat' dir='ltr'>non</span> <span class='ocrx_word' id='word_1_664' title='bbox 2769 4132 2991 4188; x_wconf 89' lang='lat' dir='ltr'>audivit</span> <span class='ocrx_word' id='word_1_665' title='bbox 3022 4131 3274 4204; x_wconf 87' lang='lat' dir='ltr'>pepulus</span> <span class='ocrx_word' id='word_1_666' title='bbox 3308 4149 3474 4188; x_wconf 90' lang='lat' dir='ltr'>meus</span> <span class='ocrx_word' id='word_1_667' title='bbox 3502 4149 3701 4189; x_wconf 90' lang='lat' dir='ltr'>vocem</span> <span class='ocrx_word' id='word_1_668' title='bbox 3751 4150 3977 4190; x_wconf 88' lang='lat' dir='ltr'>meam.</span> <span class='ocrx_word' id='word_1_669' title='bbox 4016 4159 4044 4184; x_wconf 72' lang='grc' dir='ltr'><strong>υ</strong></span> 
     </span>
    </p>
   </div>
   <div class='ocr_carea' id='block_1_88' title="bbox 2388 4222 4049 4294">
    <p class='ocr_par' dir='ltr' id='par_1_88' title="bbox 2388 4222 4049 4294">
     <span class='ocr_line' id='line_1_88' title="bbox 2388 4222 4049 4294; baseline 0.002 -18"><span class='ocrx_word' id='word_1_670' title='bbox 2388 4224 2495 4292; x_wconf 84' lang='lat' dir='ltr'>Ego</span> <span class='ocrx_word' id='word_1_671' title='bbox 2524 4230 2602 4276; x_wconf 80' lang='lat' dir='ltr'>sto</span> <span class='ocrx_word' id='word_1_672' title='bbox 2634 4227 2759 4277; x_wconf 86' lang='lat' dir='ltr'>ante</span> <span class='ocrx_word' id='word_1_673' title='bbox 2797 4224 3016 4288; x_wconf 69' lang='lat' dir='ltr'>ostium,</span> <span class='ocrx_word' id='word_1_674' title='bbox 3051 4229 3104 4277; x_wconf 77' lang='lat' dir='ltr'>et</span> <span class='ocrx_word' id='word_1_675' title='bbox 3131 4222 3288 4289; x_wconf 72' lang='lat' dir='ltr'>pulso</span> <span class='ocrx_word' id='word_1_676' title='bbox 3320 4222 3503 4293; x_wconf 84' lang='lat' dir='ltr'>(Apoc.</span> <span class='ocrx_word' id='word_1_677' title='bbox 3537 4239 3619 4291; x_wconf 76' lang='grc' dir='ltr'>ιιι,</span> <span class='ocrx_word' id='word_1_678' title='bbox 3651 4222 3763 4294; x_wconf 83' lang='lat'>20).</span> <span class='ocrx_word' id='word_1_679' title='bbox 3797 4222 3948 4279; x_wconf 90' lang='lat' dir='ltr'>Volo</span> <span class='ocrx_word' id='word_1_680' title='bbox 3980 4229 4049 4279; x_wconf 90' lang='lat' dir='ltr'>ut</span> 
     </span>
    </p>
   </div>
   <div class='ocr_carea' id='block_1_89' title="bbox 2389 4310 4045 4383">
    <p class='ocr_par' dir='ltr' id='par_1_89' title="bbox 2389 4310 4045 4383">
     <span class='ocr_line' id='line_1_89' title="bbox 2389 4310 4045 4383; baseline 0.001 -17"><span class='ocrx_word' id='word_1_681' title='bbox 2389 4312 2618 4383; x_wconf 87' lang='lat' dir='ltr'>aperias</span> <span class='ocrx_word' id='word_1_682' title='bbox 2647 4315 2704 4366; x_wconf 90' lang='lat' dir='ltr'>et</span> <span class='ocrx_word' id='word_1_683' title='bbox 2733 4311 3049 4383; x_wconf 88' lang='lat' dir='ltr'>ingrediar,</span> <span class='ocrx_word' id='word_1_684' title='bbox 3075 4315 3131 4365; x_wconf 90' lang='lat' dir='ltr'>et</span> <span class='ocrx_word' id='word_1_685' title='bbox 3159 4328 3274 4366; x_wconf 90' lang='lat' dir='ltr'>non</span> <span class='ocrx_word' id='word_1_686' title='bbox 3308 4310 3394 4366; x_wconf 81' lang='lat' dir='ltr'>vis</span> <span class='ocrx_word' id='word_1_687' title='bbox 3425 4311 3647 4383; x_wconf 85' lang='lat' dir='ltr'>aperire</span> <span class='ocrx_word' id='word_1_688' title='bbox 3676 4314 3859 4383; x_wconf 78' lang='lat' dir='ltr'>(Apoc.</span> <span class='ocrx_word' id='word_1_689' title='bbox 3889 4315 4045 4383; x_wconf 71' lang='lat' dir='ltr'>vni}.</span> 
     </span>
    </p>
   </div>
   <div class='ocr_carea' id='block_1_90' title="bbox 2461 4418 4048 4475">
    <p class='ocr_par' dir='ltr' id='par_1_90' title="bbox 2461 4418 4048 4475">
     <span class='ocr_line' id='line_1_90' title="bbox 2461 4418 4048 4475; baseline 0.001 -1"><span class='ocrx_word' id='word_1_690' title='bbox 2461 4442 2489 4467; x_wconf 90' lang='lat'><strong><em>«</em></strong></span> <span class='ocrx_word' id='word_1_691' title='bbox 2525 4420 2592 4474; x_wconf 87' lang='lat' dir='ltr'>Et</span> <span class='ocrx_word' id='word_1_692' title='bbox 2624 4418 2798 4474; x_wconf 87' lang='lat' dir='ltr'>Israel</span> <span class='ocrx_word' id='word_1_693' title='bbox 2830 4436 2943 4473; x_wconf 91' lang='lat' dir='ltr'>non</span> <span class='ocrx_word' id='word_1_694' title='bbox 2978 4418 3228 4473; x_wconf 87' lang='lat' dir='ltr'>intendit</span> <span class='ocrx_word' id='word_1_695' title='bbox 3260 4418 3403 4473; x_wconf 90' lang='lat' dir='ltr'>mihi</span> <span class='ocrx_word' id='word_1_696' title='bbox 3438 4434 3452 4473; x_wconf 87' lang='lat'><strong>:</strong></span> <span class='ocrx_word' id='word_1_697' title='bbox 3500 4423 3555 4474; x_wconf 91' lang='lat' dir='ltr'>et</span> <span class='ocrx_word' id='word_1_698' title='bbox 3584 4418 3781 4474; x_wconf 90' lang='lat' dir='ltr'>dimisi</span> <span class='ocrx_word' id='word_1_699' title='bbox 3812 4436 3919 4475; x_wconf 90' lang='lat' dir='ltr'>eos</span> <span class='ocrx_word' id='word_1_700' title='bbox 3951 4437 4048 4475; x_wconf 82' lang='lat' dir='ltr'>se-</span> 
     </span>
    </p>
   </div>
   <div class='ocr_carea' id='block_1_91' title="bbox 2378 4502 4047 4579">
    <p class='ocr_par' dir='ltr' id='par_1_91' title="bbox 2378 4502 4047 4579">
     <span class='ocr_line' id='line_1_91' title="bbox 2378 4502 4047 4579; baseline 0.002 -16"><span class='ocrx_word' id='word_1_701' title='bbox 2378 4502 2646 4563; x_wconf 70' lang='lat' dir='ltr'>cundum</span> <span class='ocrx_word' id='word_1_702' title='bbox 2677 4508 2967 4563; x_wconf 90' lang='lat' dir='ltr'>desideria</span> <span class='ocrx_word' id='word_1_703' title='bbox 2996 4508 3188 4563; x_wconf 90' lang='lat' dir='ltr'>cordis</span> <span class='ocrx_word' id='word_1_704' title='bbox 3228 4524 3451 4579; x_wconf 86' lang='lat' dir='ltr'>eorum,</span> <span class='ocrx_word' id='word_1_705' title='bbox 3490 4530 3516 4557; x_wconf 74' lang='lat'>»</span> <span class='ocrx_word' id='word_1_706' title='bbox 3570 4512 3677 4564; x_wconf 90' lang='lat' dir='ltr'>etc.</span> <span class='ocrx_word' id='word_1_707' title='bbox 3710 4507 3917 4563; x_wconf 82' lang='lat' dir='ltr'>Infelix</span> <span class='ocrx_word' id='word_1_708' title='bbox 3950 4515 4047 4565; x_wconf 86' lang='lat' dir='ltr'>est</span> 
     </span>
    </p>
   </div>
   <div class='ocr_carea' id='block_1_92' title="bbox 2389 4597 4042 4670">
    <p class='ocr_par' dir='ltr' id='par_1_92' title="bbox 2389 4597 4042 4670">
     <span class='ocr_line' id='line_1_92' title="bbox 2389 4597 4042 4670; baseline 0.001 -17"><span class='ocrx_word' id='word_1_709' title='bbox 2389 4598 2488 4670; x_wconf 89' lang='lat' dir='ltr'>qui</span> <span class='ocrx_word' id='word_1_710' title='bbox 2519 4615 2551 4652; x_wconf 91' lang='lat' dir='ltr'>a</span> <span class='ocrx_word' id='word_1_711' title='bbox 2582 4604 2693 4653; x_wconf 91' lang='lat' dir='ltr'>Deo</span> <span class='ocrx_word' id='word_1_712' title='bbox 2724 4615 2837 4653; x_wconf 92' lang='lat' dir='ltr'>non</span> <span class='ocrx_word' id='word_1_713' title='bbox 2866 4597 3193 4669; x_wconf 86' lang='lat' dir='ltr'>corripitur.</span> <span class='ocrx_word' id='word_1_714' title='bbox 3227 4598 3282 4652; x_wconf 89' lang='lat' dir='ltr'>Si</span> <span class='ocrx_word' id='word_1_715' title='bbox 3315 4597 3448 4668; x_wconf 91' lang='lat' dir='ltr'>quis</span> <span class='ocrx_word' id='word_1_716' title='bbox 3479 4614 3721 4669; x_wconf 87' lang='lat' dir='ltr'>peccans</span> <span class='ocrx_word' id='word_1_717' title='bbox 3748 4614 3864 4652; x_wconf 89' lang='lat' dir='ltr'>non</span> <span class='ocrx_word' id='word_1_718' title='bbox 3901 4615 4042 4670; x_wconf 85' lang='lat' dir='ltr'>per-</span> 
     </span>
    </p>
   </div>
   <div class='ocr_carea' id='block_1_93' title="bbox 633 4685 4044 4769">
    <p class='ocr_par' dir='ltr' id='par_1_93' title="bbox 633 4685 4044 4769">
     <span class='ocr_line' id='line_1_93' title="bbox 633 4685 4044 4769; baseline 0.001 -28"><span class='ocrx_word' id='word_1_719' title='bbox 633 4702 697 4752; x_wconf 71' lang='lat' dir='ltr'>ut,</span> <span class='ocrx_word' id='word_1_720' title='bbox 726 4698 881 4769; x_wconf 78' lang='lat' dir='ltr'>quod</span> <span class='ocrx_word' id='word_1_721' title='bbox 915 4696 1165 4768; x_wconf 74' lang='lat' dir='ltr'>perierat</span> <span class='ocrx_word' id='word_1_722' title='bbox 1194 4696 1253 4749; x_wconf 82' lang='lat' dir='ltr'>in</span> <span class='ocrx_word' id='word_1_723' title='bbox 1284 4694 1590 4751; x_wconf 83' lang='lat' dir='ltr'>duodecim</span> <span class='ocrx_word' id='word_1_724' title='bbox 1624 4696 1916 4767; x_wconf 61' lang='lat' dir='ltr'>tribubus,</span> <span class='ocrx_word' id='word_1_725' title='bbox 1947 4697 2272 4753; x_wconf 67' lang='lat' dir='ltr'>salvaretur</span> <span class='ocrx_word' id='word_1_726' title='bbox 2306 4700 2352 4765; x_wconf 88' lang='lat' dir='ltr'>D</span> <span class='ocrx_word' id='word_1_727' title='bbox 2384 4688 2621 4755; x_wconf 89' lang='lat' dir='ltr'>cutitur,</span> <span class='ocrx_word' id='word_1_728' title='bbox 2647 4687 2755 4743; x_wconf 86' lang='lat' dir='ltr'>iste</span> <span class='ocrx_word' id='word_1_729' title='bbox 2786 4688 2966 4741; x_wconf 90' lang='lat' dir='ltr'>miser</span> <span class='ocrx_word' id='word_1_730' title='bbox 2993 4691 3101 4741; x_wconf 90' lang='lat' dir='ltr'>est.</span> <span class='ocrx_word' id='word_1_731' title='bbox 3131 4687 3262 4742; x_wconf 80' lang='lat' dir='ltr'>Ideo</span> <span class='ocrx_word' id='word_1_732' title='bbox 3295 4686 3437 4741; x_wconf 89' lang='lat' dir='ltr'>dicit</span> <span class='ocrx_word' id='word_1_733' title='bbox 3464 4703 3475 4740; x_wconf 76' lang='grc' dir='ltr'><strong>Ζ</strong></span> <span class='ocrx_word' id='word_1_734' title='bbox 3516 4709 3536 4735; x_wconf 74' lang='grc' dir='ltr'><strong><em>α</em></strong></span> <span class='ocrx_word' id='word_1_735' title='bbox 3574 4685 3783 4741; x_wconf 88' lang='lat' dir='ltr'>Dimisi</span> <span class='ocrx_word' id='word_1_736' title='bbox 3812 4703 3919 4743; x_wconf 79' lang='lat'>808</span> <span class='ocrx_word' id='word_1_737' title='bbox 3950 4703 4044 4743; x_wconf 64' lang='lat' dir='ltr'>se«</span> 
     </span>
    </p>
   </div>
   <div class='ocr_carea' id='block_1_94' title="bbox 631 4784 1361 4856">
    <p class='ocr_par' dir='ltr' id='par_1_94' title="bbox 631 4784 1361 4856">
     <span class='ocr_line' id='line_1_94' title="bbox 631 4784 1361 4856; baseline -0.003 -16"><span class='ocrx_word' id='word_1_738' title='bbox 631 4788 690 4840; x_wconf 90' lang='lat' dir='ltr'>in</span> <span class='ocrx_word' id='word_1_739' title='bbox 724 4785 1030 4840; x_wconf 90' lang='lat' dir='ltr'>duodecim</span> <span class='ocrx_word' id='word_1_740' title='bbox 1062 4784 1361 4856; x_wconf 90' lang='lat' dir='ltr'>apostolis.</span> 
     </span>
    </p>
   </div>
   <div class='ocr_carea' id='block_1_95' title="bbox 704 4899 2272 4970">
    <p class='ocr_par' dir='ltr' id='par_1_95' title="bbox 704 4899 2272 4970">
     <span class='ocr_line' id='line_1_95' title="bbox 704 4899 2272 4970; baseline 0.001 -14"><span class='ocrx_word' id='word_1_741' title='bbox 704 4924 731 4952; x_wconf 86' lang='lat'><strong>«</strong></span> <span class='ocrx_word' id='word_1_742' title='bbox 767 4901 832 4956; x_wconf 90' lang='lat' dir='ltr'>In</span> <span class='ocrx_word' id='word_1_743' title='bbox 862 4899 1238 4957; x_wconf 89' lang='lat' dir='ltr'>tribulatione</span> <span class='ocrx_word' id='word_1_744' title='bbox 1285 4901 1566 4957; x_wconf 89' lang='lat' dir='ltr'>invocasti</span> <span class='ocrx_word' id='word_1_745' title='bbox 1616 4918 1729 4970; x_wconf 90' lang='lat' dir='ltr'>me,</span> <span class='ocrx_word' id='word_1_746' title='bbox 1762 4906 1817 4957; x_wconf 87' lang='lat' dir='ltr'>et</span> <span class='ocrx_word' id='word_1_747' title='bbox 1864 4901 2100 4959; x_wconf 91' lang='lat' dir='ltr'>liberavi</span> <span class='ocrx_word' id='word_1_748' title='bbox 2133 4910 2208 4961; x_wconf 89' lang='lat' dir='ltr'>te.</span> <span class='ocrx_word' id='word_1_749' title='bbox 2244 4929 2272 4958; x_wconf 82' lang='lat'>»</span> 
     </span>
    </p>
   </div>
   <div class='ocr_carea' id='block_1_96' title="bbox 628 4988 2274 5065">
    <p class='ocr_par' dir='ltr' id='par_1_96' title="bbox 628 4988 2274 5065">
     <span class='ocr_line' id='line_1_96' title="bbox 628 4988 2274 5065; baseline 0.002 -18"><span class='ocrx_word' id='word_1_750' title='bbox 628 4991 930 5063; x_wconf 70' lang='lat' dir='ltr'>Prophetas</span> <span class='ocrx_word' id='word_1_751' title='bbox 959 4996 1015 5047; x_wconf 90' lang='lat' dir='ltr'>et</span> <span class='ocrx_word' id='word_1_752' title='bbox 1044 4988 1260 5064; x_wconf 91' lang='lat' dir='ltr'>psalmi</span> <span class='ocrx_word' id='word_1_753' title='bbox 1291 4990 1420 5047; x_wconf 92' lang='lat' dir='ltr'>ideo</span> <span class='ocrx_word' id='word_1_754' title='bbox 1472 4991 1705 5048; x_wconf 88' lang='lat' dir='ltr'>obscuri</span> <span class='ocrx_word' id='word_1_755' title='bbox 1757 4996 1896 5047; x_wconf 90' lang='lat' dir='ltr'>sunt</span> <span class='ocrx_word' id='word_1_756' title='bbox 1930 5011 1943 5048; x_wconf 88' lang='lat'><strong>:</strong></span> <span class='ocrx_word' id='word_1_757' title='bbox 1996 4996 2274 5065; x_wconf 90' lang='lat' dir='ltr'>quoniam</span> 
     </span>
    </p>
   </div>
   <div class='ocr_carea' id='block_1_97' title="bbox 628 5080 2276 5155">
    <p class='ocr_par' dir='ltr' id='par_1_97' title="bbox 628 5080 2276 5155">
     <span class='ocr_line' id='line_1_97' title="bbox 628 5080 2276 5155; baseline 0.002 -18"><span class='ocrx_word' id='word_1_758' title='bbox 628 5082 824 5138; x_wconf 88' lang='lat' dir='ltr'>subito</span> <span class='ocrx_word' id='word_1_759' title='bbox 857 5097 990 5136; x_wconf 90' lang='lat' dir='ltr'>cum</span> <span class='ocrx_word' id='word_1_760' title='bbox 1024 5080 1234 5149; x_wconf 90' lang='lat' dir='ltr'>nescis,</span> <span class='ocrx_word' id='word_1_761' title='bbox 1260 5097 1509 5152; x_wconf 88' lang='lat' dir='ltr'>persona</span> <span class='ocrx_word' id='word_1_762' title='bbox 1538 5084 1818 5135; x_wconf 87' lang='lat' dir='ltr'>mutatur.</span> <span class='ocrx_word' id='word_1_763' title='bbox 1846 5081 2105 5155; x_wconf 89' lang='lat' dir='ltr'>Denique</span> <span class='ocrx_word' id='word_1_764' title='bbox 2136 5084 2276 5140; x_wconf 91' lang='lat' dir='ltr'>huc-</span> 
     </span>
    </p>
   </div>
   <div class='ocr_carea' id='block_1_98' title="bbox 628 5169 2274 5243">
    <p class='ocr_par' dir='ltr' id='par_1_98' title="bbox 628 5169 2274 5243">
     <span class='ocr_line' id='line_1_98' title="bbox 628 5169 2274 5243; baseline 0.001 -17"><span class='ocrx_word' id='word_1_765' title='bbox 628 5187 815 5243; x_wconf 91' lang='lat' dir='ltr'>usque</span> <span class='ocrx_word' id='word_1_766' title='bbox 844 5170 1074 5226; x_wconf 89' lang='lat' dir='ltr'>locutus</span> <span class='ocrx_word' id='word_1_767' title='bbox 1105 5174 1195 5225; x_wconf 88' lang='lat' dir='ltr'>est</span> <span class='ocrx_word' id='word_1_768' title='bbox 1227 5169 1509 5242; x_wconf 86' lang='lat' dir='ltr'>propheta</span> <span class='ocrx_word' id='word_1_769' title='bbox 1542 5188 1554 5225; x_wconf 89' lang='lat'>:</span> <span class='ocrx_word' id='word_1_770' title='bbox 1608 5186 1764 5225; x_wconf 90' lang='lat' dir='ltr'>nunc</span> <span class='ocrx_word' id='word_1_771' title='bbox 1817 5171 2009 5227; x_wconf 91' lang='lat' dir='ltr'>subito</span> <span class='ocrx_word' id='word_1_772' title='bbox 2042 5173 2274 5230; x_wconf 91' lang='lat' dir='ltr'>induci-</span> 
     </span>
    </p>
   </div>
   <div class='ocr_carea' id='block_1_99' title="bbox 626 5258 2271 5333">
    <p class='ocr_par' dir='ltr' id='par_1_99' title="bbox 626 5258 2271 5333">
     <span class='ocr_line' id='line_1_99' title="bbox 626 5258 2271 5333; baseline 0.002 -18"><span class='ocrx_word' id='word_1_773' title='bbox 626 5265 724 5316; x_wconf 89' lang='lat' dir='ltr'>tur</span> <span class='ocrx_word' id='word_1_774' title='bbox 752 5276 1003 5333; x_wconf 89' lang='lat' dir='ltr'>persona</span> <span class='ocrx_word' id='word_1_775' title='bbox 1024 5259 1117 5314; x_wconf 90' lang='lat' dir='ltr'>Dei</span> <span class='ocrx_word' id='word_1_776' title='bbox 1152 5258 1444 5330; x_wconf 91' lang='lat' dir='ltr'>loquentis</span> <span class='ocrx_word' id='word_1_777' title='bbox 1475 5259 1547 5314; x_wconf 90' lang='lat' dir='ltr'>ad</span> <span class='ocrx_word' id='word_1_778' title='bbox 1580 5259 1881 5331; x_wconf 90' lang='lat' dir='ltr'>populum.</span> <span class='ocrx_word' id='word_1_779' title='bbox 1935 5283 1956 5310; x_wconf 79' lang='grc' dir='ltr'><strong><em>α</em></strong></span> <span class='ocrx_word' id='word_1_780' title='bbox 1993 5261 2055 5315; x_wconf 92' lang='lat' dir='ltr'>In</span> <span class='ocrx_word' id='word_1_781' title='bbox 2086 5263 2271 5318; x_wconf 89' lang='lat' dir='ltr'>tribu-</span> 
     </span>
    </p>
   </div>
   <div class='ocr_carea' id='block_1_100' title="bbox 2385 4776 4039 4832">
    <p class='ocr_par' dir='ltr' id='par_1_100' title="bbox 2385 4776 4039 4832">
     <span class='ocr_line' id='line_1_100' title="bbox 2385 4776 4039 4832; baseline -0.001 0"><span class='ocrx_word' id='word_1_782' title='bbox 2385 4778 2641 4832; x_wconf 90' lang='lat' dir='ltr'>cundum</span> <span class='ocrx_word' id='word_1_783' title='bbox 2673 4776 2963 4832; x_wconf 87' lang='lat' dir='ltr'>desideria</span> <span class='ocrx_word' id='word_1_784' title='bbox 2985 4776 3177 4832; x_wconf 91' lang='lat' dir='ltr'>cordis</span> <span class='ocrx_word' id='word_1_785' title='bbox 3207 4792 3430 4832; x_wconf 91' lang='lat' dir='ltr'>eorum.</span> <span class='ocrx_word' id='word_1_786' title='bbox 3461 4799 3482 4826; x_wconf 73' lang='grc' dir='ltr'>ι</span> <span class='ocrx_word' id='word_1_787' title='bbox 3520 4776 3651 4832; x_wconf 89' lang='lat' dir='ltr'>Ideo</span> <span class='ocrx_word' id='word_1_788' title='bbox 3673 4793 3769 4832; x_wconf 90' lang='lat' dir='ltr'>eos</span> <span class='ocrx_word' id='word_1_789' title='bbox 3790 4776 3998 4832; x_wconf 85' lang='lat' dir='ltr'>dimisi</span> <span class='ocrx_word' id='word_1_790' title='bbox 4023 4795 4039 4831; x_wconf 83' lang='lat'><strong>:</strong></span> 
     </span>
    </p>
   </div>
   <div class='ocr_carea' id='block_1_101' title="bbox 2388 4864 4039 4938">
    <p class='ocr_par' dir='ltr' id='par_1_101' title="bbox 2388 4864 4039 4938">
     <span class='ocr_line' id='line_1_101' title="bbox 2388 4864 4039 4938; baseline -0.001 -16"><span class='ocrx_word' id='word_1_791' title='bbox 2388 4866 2663 4938; x_wconf 89' lang='lat' dir='ltr'>quoniam</span> <span class='ocrx_word' id='word_1_792' title='bbox 2699 4882 2849 4937; x_wconf 64' lang='lat' dir='ltr'>saepe</span> <span class='ocrx_word' id='word_1_793' title='bbox 2882 4866 3165 4937; x_wconf 90' lang='lat' dir='ltr'>percussi,</span> <span class='ocrx_word' id='word_1_794' title='bbox 3200 4869 3255 4921; x_wconf 90' lang='lat' dir='ltr'>et</span> <span class='ocrx_word' id='word_1_795' title='bbox 3299 4864 3666 4938; x_wconf 87' lang='lat' dir='ltr'>disciplinam</span> <span class='ocrx_word' id='word_1_796' title='bbox 3708 4882 3820 4920; x_wconf 90' lang='lat' dir='ltr'>non</span> <span class='ocrx_word' id='word_1_797' title='bbox 3874 4881 4039 4921; x_wconf 87' lang='lat' dir='ltr'>rece-</span> 
     </span>
    </p>
   </div>
   <div class='ocr_carea' id='block_1_102' title="bbox 2386 4952 4041 5026">
    <p class='ocr_par' dir='ltr' id='par_1_102' title="bbox 2386 4952 4041 5026">
     <span class='ocr_line' id='line_1_102' title="bbox 2386 4952 4041 5026; baseline 0 -18"><span class='ocrx_word' id='word_1_798' title='bbox 2386 4957 2615 5025; x_wconf 88' lang='lat' dir='ltr'>perunt.</span> <span class='ocrx_word' id='word_1_799' title='bbox 2650 4952 2887 5024; x_wconf 80' lang='lat' dir='ltr'>Rogavi,</span> <span class='ocrx_word' id='word_1_800' title='bbox 2914 4970 3026 5008; x_wconf 91' lang='lat' dir='ltr'>non</span> <span class='ocrx_word' id='word_1_801' title='bbox 3060 4954 3410 5011; x_wconf 87' lang='lat' dir='ltr'>audierunt:</span> <span class='ocrx_word' id='word_1_802' title='bbox 3444 4954 3725 5026; x_wconf 86' lang='lat' dir='ltr'>percussi,</span> <span class='ocrx_word' id='word_1_803' title='bbox 3749 4970 3866 5008; x_wconf 92' lang='lat' dir='ltr'>non</span> <span class='ocrx_word' id='word_1_804' title='bbox 3901 4969 4041 5009; x_wconf 84' lang='lat' dir='ltr'>sen-</span> 
     </span>
    </p>
   </div>
   <div class='ocr_carea' id='block_1_103' title="bbox 2384 5041 4038 5110">
    <p class='ocr_par' dir='ltr' id='par_1_103' title="bbox 2384 5041 4038 5110">
     <span class='ocr_line' id='line_1_103' title="bbox 2384 5041 4038 5110; baseline 0.001 -14"><span class='ocrx_word' id='word_1_805' title='bbox 2384 5046 2589 5097; x_wconf 90' lang='lat' dir='ltr'>serunt</span> <span class='ocrx_word' id='word_1_806' title='bbox 2629 5041 2909 5097; x_wconf 88' lang='lat' dir='ltr'>dolorem.</span> <span class='ocrx_word' id='word_1_807' title='bbox 2946 5042 3186 5098; x_wconf 86' lang='lat' dir='ltr'>Dimitte</span> <span class='ocrx_word' id='word_1_808' title='bbox 3218 5060 3316 5099; x_wconf 93' lang='lat' dir='ltr'>eos</span> <span class='ocrx_word' id='word_1_809' title='bbox 3346 5044 3406 5098; x_wconf 83' lang='lat' dir='ltr'>in</span> <span class='ocrx_word' id='word_1_810' title='bbox 3451 5043 3848 5099; x_wconf 87' lang='lat' dir='ltr'>voluntatibus</span> <span class='ocrx_word' id='word_1_811' title='bbox 3884 5042 4038 5110; x_wconf 88' lang='lat' dir='ltr'>suis,</span> 
     </span>
    </p>
   </div>
   <div class='ocr_carea' id='block_1_104' title="bbox 2387 5132 4039 5206">
    <p class='ocr_par' dir='ltr' id='par_1_104' title="bbox 2387 5132 4039 5206">
     <span class='ocr_line' id='line_1_104' title="bbox 2387 5132 4039 5206; baseline 0 -20"><span class='ocrx_word' id='word_1_812' title='bbox 2387 5136 2450 5186; x_wconf 91' lang='lat' dir='ltr'>ut</span> <span class='ocrx_word' id='word_1_813' title='bbox 2494 5133 2736 5187; x_wconf 90' lang='lat' dir='ltr'>saturati</span> <span class='ocrx_word' id='word_1_814' title='bbox 2784 5132 2940 5188; x_wconf 90' lang='lat' dir='ltr'>vitiis</span> <span class='ocrx_word' id='word_1_815' title='bbox 2988 5132 3133 5201; x_wconf 91' lang='lat' dir='ltr'>suis,</span> <span class='ocrx_word' id='word_1_816' title='bbox 3164 5133 3253 5188; x_wconf 90' lang='lat' dir='ltr'>vel</span> <span class='ocrx_word' id='word_1_817' title='bbox 3284 5133 3368 5190; x_wconf 90' lang='lat' dir='ltr'>sic</span> <span class='ocrx_word' id='word_1_818' title='bbox 3399 5139 3575 5206; x_wconf 87' lang='lat' dir='ltr'>agant</span> <span class='ocrx_word' id='word_1_819' title='bbox 3603 5132 4039 5205; x_wconf 78' lang='lat' dir='ltr'>pmnitentiam.</span> 
     </span>
    </p>
   </div>
   <div class='ocr_carea' id='block_1_105' title="bbox 2458 5257 4050 5330">
    <p class='ocr_par' dir='ltr' id='par_1_105' title="bbox 2458 5257 4050 5330">
     <span class='ocr_line' id='line_1_105' title="bbox 2458 5257 4050 5330; baseline 0 -17"><span class='ocrx_word' id='word_1_820' title='bbox 2458 5280 2485 5307; x_wconf 93' lang='grc'>‹‹</span> <span class='ocrx_word' id='word_1_821' title='bbox 2517 5257 2575 5313; x_wconf 90' lang='lat' dir='ltr'>Si</span> <span class='ocrx_word' id='word_1_822' title='bbox 2608 5257 2858 5330; x_wconf 91' lang='lat' dir='ltr'>populus</span> <span class='ocrx_word' id='word_1_823' title='bbox 2893 5274 3058 5314; x_wconf 91' lang='lat' dir='ltr'>meus</span> <span class='ocrx_word' id='word_1_824' title='bbox 3089 5259 3352 5313; x_wconf 88' lang='lat' dir='ltr'>audisset</span> <span class='ocrx_word' id='word_1_825' title='bbox 3385 5275 3493 5313; x_wconf 90' lang='lat' dir='ltr'>me.</span> <span class='ocrx_word' id='word_1_826' title='bbox 3532 5280 3559 5308; x_wconf 86' lang='grc'><strong>››</strong></span> <span class='ocrx_word' id='word_1_827' title='bbox 3615 5257 3657 5311; x_wconf 93' lang='grc' dir='ltr'>Ο</span> <span class='ocrx_word' id='word_1_828' title='bbox 3705 5257 4050 5313; x_wconf 85' lang='lat' dir='ltr'>clementis-</span> 
     </span>
    </p>
   </div>
   <div class='ocr_carea' id='block_1_106' title="bbox 2382 5347 4047 5420">
    <p class='ocr_par' dir='ltr' id='par_1_106' title="bbox 2382 5347 4047 5420">
     <span class='ocr_line' id='line_1_106' title="bbox 2382 5347 4047 5420; baseline 0 -18"><span class='ocrx_word' id='word_1_829' title='bbox 2382 5347 2528 5403; x_wconf 90' lang='lat' dir='ltr'>sime</span> <span class='ocrx_word' id='word_1_830' title='bbox 2562 5348 2745 5415; x_wconf 85' lang='lat' dir='ltr'>Pater,</span> <span class='ocrx_word' id='word_1_831' title='bbox 2771 5364 2801 5401; x_wconf 93' lang='grc' dir='ltr'>ο</span> <span class='ocrx_word' id='word_1_832' title='bbox 2836 5348 3168 5403; x_wconf 85' lang='lat' dir='ltr'>misericors</span> <span class='ocrx_word' id='word_1_833' title='bbox 3194 5348 3383 5403; x_wconf 85' lang='lat' dir='ltr'>Deus!</span> <span class='ocrx_word' id='word_1_834' title='bbox 3422 5347 3680 5420; x_wconf 80' lang='lat' dir='ltr'>Rogavit,</span> <span class='ocrx_word' id='word_1_835' title='bbox 3705 5351 3761 5402; x_wconf 89' lang='lat' dir='ltr'>et</span> <span class='ocrx_word' id='word_1_836' title='bbox 3795 5364 3918 5402; x_wconf 91' lang='lat' dir='ltr'>non</span> <span class='ocrx_word' id='word_1_837' title='bbox 3950 5352 4047 5403; x_wconf 81' lang='lat' dir='ltr'>est</span> 
     </span>
    </p>
   </div>
   <div class='ocr_carea' id='block_1_107' title="bbox 2381 5435 4044 5508">
    <p class='ocr_par' dir='ltr' id='par_1_107' title="bbox 2381 5435 4044 5508">
     <span class='ocr_line' id='line_1_107' title="bbox 2381 5435 4044 5508; baseline -0.001 -16"><span class='ocrx_word' id='word_1_838' title='bbox 2381 5437 2654 5493; x_wconf 89' lang='lat' dir='ltr'>auditus:</span> <span class='ocrx_word' id='word_1_839' title='bbox 2690 5436 2859 5508; x_wconf 90' lang='lat' dir='ltr'>quasi</span> <span class='ocrx_word' id='word_1_840' title='bbox 2890 5436 3075 5492; x_wconf 88' lang='lat' dir='ltr'>iratus</span> <span class='ocrx_word' id='word_1_841' title='bbox 3106 5437 3353 5492; x_wconf 89' lang='lat' dir='ltr'>dimittit</span> <span class='ocrx_word' id='word_1_842' title='bbox 3384 5437 3568 5492; x_wconf 81' lang='lat' dir='ltr'>tilium</span> <span class='ocrx_word' id='word_1_843' title='bbox 3603 5435 4044 5492; x_wconf 87' lang='lat' dir='ltr'>lascivientem.</span> 
     </span>
    </p>
   </div>
   <div class='ocr_carea' id='block_1_108' title="bbox 2380 5524 4048 5599">
    <p class='ocr_par' dir='ltr' id='par_1_108' title="bbox 2380 5524 4048 5599">
     <span class='ocr_line' id='line_1_108' title="bbox 2380 5524 4048 5599; baseline 0 -18"><span class='ocrx_word' id='word_1_844' title='bbox 2380 5527 2595 5581; x_wconf 89' lang='lat' dir='ltr'>Iterum</span> <span class='ocrx_word' id='word_1_845' title='bbox 2650 5527 2807 5581; x_wconf 86' lang='lat' dir='ltr'>videt</span> <span class='ocrx_word' id='word_1_846' title='bbox 2855 5526 3062 5597; x_wconf 86' lang='lat' dir='ltr'>perire,</span> <span class='ocrx_word' id='word_1_847' title='bbox 3096 5532 3153 5581; x_wconf 91' lang='lat' dir='ltr'>et</span> <span class='ocrx_word' id='word_1_848' title='bbox 3200 5527 3376 5595; x_wconf 89' lang='lat' dir='ltr'>dolet,</span> <span class='ocrx_word' id='word_1_849' title='bbox 3419 5527 3557 5598; x_wconf 89' lang='lat' dir='ltr'>quia</span> <span class='ocrx_word' id='word_1_850' title='bbox 3588 5526 3752 5598; x_wconf 88' lang='lat' dir='ltr'>perit.</span> <span class='ocrx_word' id='word_1_851' title='bbox 3788 5530 3856 5580; x_wconf 81' lang='lat' dir='ltr'>Et</span> <span class='ocrx_word' id='word_1_852' title='bbox 3892 5524 4048 5599; x_wconf 87' lang='lat' dir='ltr'>quid</span> 
     </span>
    </p>
   </div>
   <div class='ocr_carea' id='block_1_109' title="bbox 628 5613 4048 5690">
    <p class='ocr_par' dir='ltr' id='par_1_109' title="bbox 628 5613 4048 5690">
     <span class='ocr_line' id='line_1_109' title="bbox 628 5613 4048 5690; baseline 0 -21"><span class='ocrx_word' id='word_1_853' title='bbox 628 5617 725 5671; x_wconf 91' lang='lat' dir='ltr'>tis.</span> <span class='ocrx_word' id='word_1_854' title='bbox 755 5640 782 5666; x_wconf 89' lang='grc'>››</span> <span class='ocrx_word' id='word_1_855' title='bbox 812 5622 1150 5689; x_wconf 87' lang='lat' dir='ltr'>Tempestas</span> <span class='ocrx_word' id='word_1_856' title='bbox 1182 5616 1281 5672; x_wconf 91' lang='lat' dir='ltr'>illa</span> <span class='ocrx_word' id='word_1_857' title='bbox 1311 5616 1544 5687; x_wconf 90' lang='lat' dir='ltr'>quando</span> <span class='ocrx_word' id='word_1_858' title='bbox 1575 5620 1628 5670; x_wconf 88' lang='lat' dir='ltr'>te</span> <span class='ocrx_word' id='word_1_859' title='bbox 1661 5616 1980 5687; x_wconf 89' lang='lat' dir='ltr'>premebat,</span> <span class='ocrx_word' id='word_1_860' title='bbox 2013 5622 2067 5672; x_wconf 91' lang='lat' dir='ltr'>et</span> <span class='ocrx_word' id='word_1_861' title='bbox 2100 5621 2269 5690; x_wconf 90' lang='lat' dir='ltr'>quasi</span> <span class='ocrx_word' id='word_1_862' title='bbox 2379 5615 2519 5671; x_wconf 91' lang='lat' dir='ltr'>dicit</span> <span class='ocrx_word' id='word_1_863' title='bbox 2550 5634 2561 5671; x_wconf 90' lang='lat'><strong>:</strong></span> <span class='ocrx_word' id='word_1_864' title='bbox 2618 5638 2644 5665; x_wconf 83' lang='lat'><strong><em>«</em></strong></span> <span class='ocrx_word' id='word_1_865' title='bbox 2680 5613 2857 5670; x_wconf 83' lang='lat' dir='ltr'>Israel</span> <span class='ocrx_word' id='word_1_866' title='bbox 2906 5615 2953 5669; x_wconf 91' lang='lat' dir='ltr'>si</span> <span class='ocrx_word' id='word_1_867' title='bbox 3007 5616 3064 5670; x_wconf 91' lang='lat' dir='ltr'>in</span> <span class='ocrx_word' id='word_1_868' title='bbox 3122 5616 3231 5671; x_wconf 88' lang='lat' dir='ltr'>viis</span> <span class='ocrx_word' id='word_1_869' title='bbox 3290 5617 3435 5673; x_wconf 75' lang='lat' dir='ltr'>meis</span> <span class='ocrx_word' id='word_1_870' title='bbox 3497 5614 3881 5682; x_wconf 87' lang='lat' dir='ltr'>ambulasset,</span> <span class='ocrx_word' id='word_1_871' title='bbox 3932 5630 4048 5687; x_wconf 81' lang='lat' dir='ltr'>pro</span> 
     </span>
    </p>
   </div>
   <div class='ocr_carea' id='block_1_110' title="bbox 628 5702 4052 5778">
    <p class='ocr_par' dir='ltr' id='par_1_110' title="bbox 628 5702 4052 5778">
     <span class='ocr_line' id='line_1_110' title="bbox 628 5702 4052 5778; baseline 0.001 -22"><span class='ocrx_word' id='word_1_872' title='bbox 628 5702 906 5761; x_wconf 87' lang='lat' dir='ltr'>ﬂuctibus</span> <span class='ocrx_word' id='word_1_873' title='bbox 928 5706 1042 5761; x_wconf 91' lang='lat' dir='ltr'>huc</span> <span class='ocrx_word' id='word_1_874' title='bbox 1062 5706 1316 5776; x_wconf 89' lang='lat' dir='ltr'>illucque</span> <span class='ocrx_word' id='word_1_875' title='bbox 1341 5703 1640 5759; x_wconf 80' lang='lat' dir='ltr'>trahebat:</span> <span class='ocrx_word' id='word_1_876' title='bbox 1674 5719 1779 5772; x_wconf 79' lang='lat' dir='ltr'>ego</span> <span class='ocrx_word' id='word_1_877' title='bbox 1801 5720 1959 5759; x_wconf 90' lang='lat' dir='ltr'>eram</span> <span class='ocrx_word' id='word_1_878' title='bbox 1990 5706 2047 5761; x_wconf 92' lang='lat' dir='ltr'>in</span> <span class='ocrx_word' id='word_1_879' title='bbox 2078 5709 2270 5765; x_wconf 89' lang='lat' dir='ltr'>media</span> <span class='ocrx_word' id='word_1_880' title='bbox 2381 5706 2629 5773; x_wconf 73' lang='lat' dir='ltr'>nihilo,»</span> <span class='ocrx_word' id='word_1_881' title='bbox 2664 5710 2772 5759; x_wconf 87' lang='lat' dir='ltr'>etc.</span> <span class='ocrx_word' id='word_1_882' title='bbox 2797 5704 3094 5776; x_wconf 88' lang='lat' dir='ltr'>Numquid</span> <span class='ocrx_word' id='word_1_883' title='bbox 3120 5708 3340 5778; x_wconf 88' lang='lat' dir='ltr'>grande</span> <span class='ocrx_word' id='word_1_884' title='bbox 3374 5706 3515 5761; x_wconf 90' lang='lat' dir='ltr'>mihi</span> <span class='ocrx_word' id='word_1_885' title='bbox 3544 5703 3955 5761; x_wconf 64' lang='lat' dir='ltr'>eraPliberare</span> <span class='ocrx_word' id='word_1_886' title='bbox 3986 5709 4052 5760; x_wconf 78' lang='lat' dir='ltr'>te</span> 
     </span>
    </p>
   </div>
   <div class='ocr_carea' id='block_1_111' title="bbox 628 5793 4053 5870">
    <p class='ocr_par' dir='ltr' id='par_1_111' title="bbox 628 5793 4053 5870">
     <span class='ocr_line' id='line_1_111' title="bbox 628 5793 4053 5870; baseline 0.002 -25"><span class='ocrx_word' id='word_1_887' title='bbox 628 5794 994 5863; x_wconf 88' lang='lat' dir='ltr'>tempestate.</span> <span class='ocrx_word' id='word_1_888' title='bbox 1031 5815 1059 5844; x_wconf 89' lang='grc'>‹‹</span> <span class='ocrx_word' id='word_1_889' title='bbox 1090 5794 1332 5851; x_wconf 90' lang='lat' dir='ltr'>Probavi</span> <span class='ocrx_word' id='word_1_890' title='bbox 1365 5797 1422 5850; x_wconf 89' lang='lat' dir='ltr'>te</span> <span class='ocrx_word' id='word_1_891' title='bbox 1453 5793 1607 5867; x_wconf 91' lang='lat' dir='ltr'>apud</span> <span class='ocrx_word' id='word_1_892' title='bbox 1630 5808 1841 5862; x_wconf 86' lang='lat' dir='ltr'>aquam</span> <span class='ocrx_word' id='word_1_893' title='bbox 1864 5798 2268 5858; x_wconf 86' lang='lat' dir='ltr'>contradictio—</span> <span class='ocrx_word' id='word_1_894' title='bbox 2376 5798 2447 5854; x_wconf 90' lang='lat' dir='ltr'>de</span> <span class='ocrx_word' id='word_1_895' title='bbox 2472 5793 2889 5854; x_wconf 84' lang='lat' dir='ltr'>tribulatione?</span> <span class='ocrx_word' id='word_1_896' title='bbox 2915 5795 3211 5870; x_wconf 89' lang='lat' dir='ltr'>Numquid</span> <span class='ocrx_word' id='word_1_897' title='bbox 3236 5813 3350 5854; x_wconf 91' lang='lat' dir='ltr'>non</span> <span class='ocrx_word' id='word_1_898' title='bbox 3375 5800 3634 5870; x_wconf 89' lang='lat' dir='ltr'>poteram</span> <span class='ocrx_word' id='word_1_899' title='bbox 3657 5794 4053 5866; x_wconf 70' lang='lat' dir='ltr'>maiestatem</span> 
     </span>
    </p>
   </div>
   <div class='ocr_carea' id='block_1_112' title="bbox 626 5878 4063 5968">
    <p class='ocr_par' dir='ltr' id='par_1_112' title="bbox 626 5878 4063 5968">
     <span class='ocr_line' id='line_1_112' title="bbox 626 5878 4063 5968; baseline 0.003 -28"><span class='ocrx_word' id='word_1_900' title='bbox 626 5878 742 5962; x_wconf 71' lang='lat' dir='ltr'>pie.</span> <span class='ocrx_word' id='word_1_901' title='bbox 776 5902 806 5960; x_wconf 63' lang='grc' dir='ltr'><strong><em>υ</em></strong></span> <span class='ocrx_word' id='word_1_902' title='bbox 838 5881 1175 5945; x_wconf 82' lang='lat' dir='ltr'>Secundum</span> <span class='ocrx_word' id='word_1_903' title='bbox 1204 5882 1459 5952; x_wconf 81' lang='lat' dir='ltr'>litteram</span> <span class='ocrx_word' id='word_1_904' title='bbox 1489 5882 1561 5942; x_wconf 91' lang='lat' dir='ltr'>de</span> <span class='ocrx_word' id='word_1_905' title='bbox 1587 5884 1782 5961; x_wconf 79' lang='lat' dir='ltr'>Moyse</span> <span class='ocrx_word' id='word_1_906' title='bbox 1809 5885 1867 5943; x_wconf 87' lang='lat' dir='ltr'>et</span> <span class='ocrx_word' id='word_1_907' title='bbox 1897 5887 2091 5948; x_wconf 85' lang='lat' dir='ltr'>Aaron</span> <span class='ocrx_word' id='word_1_908' title='bbox 2122 5890 2264 5948; x_wconf 86' lang='lat' dir='ltr'>dici-</span> <span class='ocrx_word' id='word_1_909' title='bbox 2378 5906 2569 5950; x_wconf 87' lang='lat' dir='ltr'>meam</span> <span class='ocrx_word' id='word_1_910' title='bbox 2602 5888 2856 5962; x_wconf 88' lang='lat' dir='ltr'>mittere,</span> <span class='ocrx_word' id='word_1_911' title='bbox 2888 5892 2946 5949; x_wconf 90' lang='lat' dir='ltr'>et</span> <span class='ocrx_word' id='word_1_912' title='bbox 2973 5904 3175 5947; x_wconf 87' lang='lat' dir='ltr'>eruere</span> <span class='ocrx_word' id='word_1_913' title='bbox 3205 5892 3261 5948; x_wconf 85' lang='lat' dir='ltr'>te</span> <span class='ocrx_word' id='word_1_914' title='bbox 3291 5889 3362 5947; x_wconf 90' lang='lat' dir='ltr'>de</span> <span class='ocrx_word' id='word_1_915' title='bbox 3391 5883 3701 5964; x_wconf 79' lang='lat' dir='ltr'>periculo?</span> <span class='ocrx_word' id='word_1_916' title='bbox 3744 5883 3859 5944; x_wconf 87' lang='lat' dir='ltr'>Sed</span> <span class='ocrx_word' id='word_1_917' title='bbox 3899 5884 4063 5968; x_wconf 62' lang='lat' dir='ltr'>quia</span> 
     </span>
    </p>
   </div>
   <div class='ocr_carea' id='block_1_113' title="bbox 626 5347 2272 5422">
    <p class='ocr_par' dir='ltr' id='par_1_113' title="bbox 626 5347 2272 5422">
     <span class='ocr_line' id='line_1_113' title="bbox 626 5347 2272 5422; baseline 0.002 -17"><span class='ocrx_word' id='word_1_918' title='bbox 626 5349 842 5406; x_wconf 88' lang='lat' dir='ltr'>latione</span> <span class='ocrx_word' id='word_1_919' title='bbox 872 5349 1154 5405; x_wconf 89' lang='lat' dir='ltr'>invocasti</span> <span class='ocrx_word' id='word_1_920' title='bbox 1204 5365 1316 5418; x_wconf 87' lang='lat' dir='ltr'>me,</span> <span class='ocrx_word' id='word_1_921' title='bbox 1350 5353 1405 5403; x_wconf 91' lang='lat' dir='ltr'>et</span> <span class='ocrx_word' id='word_1_922' title='bbox 1455 5347 1693 5404; x_wconf 87' lang='lat' dir='ltr'>liberavi</span> <span class='ocrx_word' id='word_1_923' title='bbox 1743 5354 1818 5404; x_wconf 92' lang='lat' dir='ltr'>te.</span> <span class='ocrx_word' id='word_1_924' title='bbox 1858 5372 1895 5407; x_wconf 86' lang='grc'>››,</span> <span class='ocrx_word' id='word_1_925' title='bbox 1930 5350 2272 5422; x_wconf 89' lang='lat' dir='ltr'>Quicunque</span> 
     </span>
    </p>
   </div>
   <div class='ocr_carea' id='block_1_114' title="bbox 627 5437 2274 5508">
    <p class='ocr_par' dir='ltr' id='par_1_114' title="bbox 627 5437 2274 5508">
     <span class='ocr_line' id='line_1_114' title="bbox 627 5437 2274 5508; baseline 0.002 -14"><span class='ocrx_word' id='word_1_926' title='bbox 627 5440 688 5494; x_wconf 93' lang='lat' dir='ltr'>in</span> <span class='ocrx_word' id='word_1_927' title='bbox 746 5438 1123 5495; x_wconf 89' lang='lat' dir='ltr'>tribulatione</span> <span class='ocrx_word' id='word_1_928' title='bbox 1181 5455 1263 5507; x_wconf 89' lang='lat' dir='ltr'>es,</span> <span class='ocrx_word' id='word_1_929' title='bbox 1315 5454 1556 5493; x_wconf 90' lang='lat' dir='ltr'>securus</span> <span class='ocrx_word' id='word_1_930' title='bbox 1614 5441 1758 5501; x_wconf 92' lang='lat' dir='ltr'>esto,</span> <span class='ocrx_word' id='word_1_931' title='bbox 1819 5437 2020 5493; x_wconf 83' lang='lat' dir='ltr'>invoca</span> <span class='ocrx_word' id='word_1_932' title='bbox 2071 5456 2181 5508; x_wconf 92' lang='lat' dir='ltr'>me,</span> <span class='ocrx_word' id='word_1_933' title='bbox 2217 5446 2274 5497; x_wconf 90' lang='lat' dir='ltr'>et</span> 
     </span>
    </p>
   </div>
   <div class='ocr_carea' id='block_1_115' title="bbox 627 5526 2270 5601">
    <p class='ocr_par' dir='ltr' id='par_1_115' title="bbox 627 5526 2270 5601">
     <span class='ocr_line' id='line_1_115' title="bbox 627 5526 2270 5601; baseline 0.001 -17"><span class='ocrx_word' id='word_1_934' title='bbox 627 5529 975 5584; x_wconf 85' lang='lat' dir='ltr'>exaudieris.</span> <span class='ocrx_word' id='word_1_935' title='bbox 1034 5550 1062 5577; x_wconf 91' lang='grc'>‹‹</span> <span class='ocrx_word' id='word_1_936' title='bbox 1094 5526 1370 5583; x_wconf 83' lang='lat' dir='ltr'>Exaudivi</span> <span class='ocrx_word' id='word_1_937' title='bbox 1404 5531 1459 5582; x_wconf 90' lang='lat' dir='ltr'>te</span> <span class='ocrx_word' id='word_1_938' title='bbox 1490 5526 1549 5581; x_wconf 92' lang='lat' dir='ltr'>in</span> <span class='ocrx_word' id='word_1_939' title='bbox 1582 5526 1922 5582; x_wconf 87' lang='lat' dir='ltr'>abscondito</span> <span class='ocrx_word' id='word_1_940' title='bbox 1954 5533 2270 5601; x_wconf 89' lang='lat' dir='ltr'>tempesta-</span> 
     </span>
    </p>
   </div>
  </div>
