4256 6602
297 424 450 485 1125

1452 415 1738 478 BREVIA
1752 412 1952 478 RIUM
1997 416 2077 478 IN
2122 413 2515 479 PSALMOS.

3545 420 3704 484 1126

297 555 498 613 dimisi
526 558 582 611 te
609 552 792 611 libero
816 551 1077 618 arbitrio,
1110 553 1167 607 et
1199 549 1456 605 stadium
1486 550 1593 605 tibi
1638 549 1936 622 proposui,
1971 560 2024 626 Α
2054 549 2227 606 citur.
2256 549 2315 606 Si
2346 548 2531 605 sancti
2581 563 2810 613 sumus,
2836 554 2893 606 et
2939 566 3148 607 sumus
3206 551 3431 609 similes
3488 555 3692 627 Moysi,

298 650 357 703 et
387 662 503 702 non
532 647 862 712 coronatur,
896 640 1011 696 nisi
1041 639 1138 713 qui
1171 640 1511 712 pugnaverit
1542 639 1615 711 (II
1644 640 1938 711 Tim.n,5);

299 739 605 808 propterea
631 730 934 789 victoriam
964 732 1064 785 tuo
1097 728 1337 784 arbitrio
1361 726 1723 800 derelinquo.

379 847 400 877 σ
433 823 658 880 Inimici
683 819 911 878 Domini
943 818 1170 875 mentiti
1193 821 1333 873 sunt
1353 817 1425 873 ei.
1458 838 1487 866 ν)
1541 816 1605 871 In
1664 816 1942 873 Hebraico

302 913 514 970 melius
535 912 729 969 habet.
768 932 797 962 «
822 907 1045 965 Inimici
1067 906 1298 962 Domini
1320 907 1619 978 negabunt
1634 922 1789 973 eum,
1805 906 1943 961 uhoc

299 1005 389 1059 est
414 998 851 1057 Judaeizinimiei
882 997 1041 1054 enim
1074 996 1261 1068 ipsius
1281 998 1640 1070 negaverunt
1669 996 1940 1051 eum.Sed

299 1091 399 1148 isti
419 1089 644 1146 inimici
670 1088 770 1161 qui
785 1086 1054 1160 negaturi
1076 1088 1216 1141 sunt
1237 1100 1536 1161 eum,ergo
1551 1083 1944 1156 perient?ergo

306 1179 567 1251 reliquiae
601 1158 715 1234 non
747 1158 920 1234 erunt
943 1175 971 1231 ?
998 1176 1069 1230 Et
1116 1173 1409 1247 quomodo
1430 1158 1646 1244 jurasti
1677 1172 1942 1241 Abrahae,

301 1269 544 1337 Isaac,et
570 1267 751 1323 Jacob
785 1281 799 1320 :
832 1263 1108 1337 quoniam
1139 1278 1338 1318 semen
1371 1261 1636 1333 ipsorum
1667 1260 1748 1316 sit
1777 1260 1946 1332 quasi

301 1356 483 1413 stellas
514 1354 640 1412 coeli
666 1359 722 1411 et
752 1355 906 1411 sicut
933 1369 1110 1410 arena
1138 1351 1319 1407 maris
1348 1351 1375 1405 ‘I
1402 1352 1590 1416 Quare
1620 1348 1943 1422 promisisti

300 1446 587 1519 patribus,
621 1448 678 1500 et
707 1460 821 1500 non
873 1441 1070 1498 reddis
1132 1438 1316 1494 ﬁliis?
1349 1460 1375 1487 »
1426 1437 1653 1492 Inimici
1711 1438 1943 1493 Domini

302 1535 604 1607 negabunt
634 1532 789 1589 eum.
824 1553 852 1581 »
884 1530 996 1586 Sed
1031 1529 1171 1601 quid
1204 1526 1346 1583 dicit
1376 1530 1434 1581 ?»
1472 1526 1539 1581 Et
1570 1527 1681 1581 erit
1710 1530 1946 1597 tempus

302 1639 505 1680 eorum
538 1622 597 1677 in
638 1619 941 1677 saeculum.
978 1641 1006 1669 »
1039 1617 1174 1672 Cum
1202 1617 1480 1671 introierit
1506 1614 1787 1686 plenitudo
1819 1630 1951 1684 gen-

300 1712 464 1776 tium,
488 1713 619 1765 tunc
647 1709 825 1764 omnis
852 1706 1021 1763 Israel
1051 1706 1233 1761 salvus
1262 1703 1354 1774 ﬁet
1397 1704 1574 1773 (Rom.
1608 1720 1686 1769 x1,
1709 1704 1800 1773 25,
1832 1702 1944 1774 26).

300 1800 366 1855 In
393 1800 588 1855 futuro
611 1797 867 1867 credent,
928 1796 1102 1851 modo
1159 1810 1276 1850 non
1336 1792 1730 1848 crediderunt.
1783 1791 1947 1847 Nunc

300 1888 493 1945 dicam
524 1887 598 1943 ad
626 1887 882 1943 Judasos.
915 1883 1115 1939 Solent
1148 1882 1259 1939 sibi
1318 1880 1692 1953 applaudere,
1754 1884 1810 1935 et
1860 1880 1947 1935 di-

303 1994 430 2035 cere
461 1994 473 2033 :
514 1998 535 2027 ι
570 1979 634 2030 Et
667 1975 777 2031 erit
806 1978 1039 2046 tempus
1061 1987 1261 2028 eorum
1300 1971 1361 2025 in
1409 1975 1710 2025 zeternum.
1747 1990 1776 2020 »
1834 1969 1951 2025 Nos

304 2065 800 2134 dicamus,verum
832 2067 920 2118 est
943 2060 1238 2118 :credituri
1270 2059 1425 2115 enim
1450 2062 1590 2115 sunt
1618 2059 1688 2114 de
1710 2058 1950 2114 Judaeis.

304 2155 567 2227 Denique
591 2152 840 2224 legimus
874 2152 933 2206 in
956 2149 1304 2224 Apocalypsi
1348 2149 1610 2219 Joannis,
1644 2148 1952 2204 duodecim

307 2242 494 2299 millia
523 2243 594 2298 de
625 2240 875 2313 singulis
904 2239 1311 2308 tribubus,hoc
1365 2242 1473 2309 est,
1516 2242 1748 2293 centum
1812 2254 1953 2309 qua-

306 2332 572 2404 draginta
607 2334 862 2403 quatuor
891 2327 1077 2384 millia
1107 2328 1399 2384 creditura
1454 2327 1632 2399 (Apoc.
1674 2344 1776 2395 vn,
1812 2327 1952 2397 4-8),

309 2426 367 2477 et
400 2421 506 2477 hoc
536 2420 749 2476 dicitur
769 2418 1062 2491 virginum
1093 2433 1221 2473 esse
1249 2416 1432 2488 (Apoc.
1476 2433 1590 2484 xxv,
1652 2417 1791 2484 1-4).
1847 2415 1955 2470 Ubi

311 2513 508 2567 autem
535 2509 829 2582 virginum
859 2510 1064 2563 tantus
1094 2521 1377 2561 numerus
1399 2503 1957 2577 erit,nonvirginum

315 2602 575 2671 quantus
597 2597 752 2654 erit?
780 2597 928 2669 Ergo
961 2599 1016 2652 et
1037 2612 1143 2651 nos
1174 2593 1442 2650 dicamus
1482 2593 1722 2661 Judaais,
1751 2596 1811 2648 et
1841 2609 1956 2648 non

311 2688 422 2744 erit
450 2693 683 2759 tempus
709 2690 968 2743 vestrum
991 2685 1051 2739 in
1083 2681 1500 2753 aeternum,hoc
1531 2687 1621 2737 est
1650 2681 1710 2736 in
1761 2681 1957 2736 futuro

311 2775 666 2832 saeculo.Sed
699 2775 770 2831 ad
802 2780 858 2830 te
888 2772 989 2845 qui
1011 2773 1183 2828 hodie
1214 2788 1332 2828 non
1379 2771 1590 2837 credis,
1644 2770 1784 2842 quid
1834 2786 1961 2841 per-

311 2866 461 2922 tinet
490 2866 518 2920 ?
553 2866 668 2920 «Et
696 2863 807 2920 erit
837 2868 1071 2934 tempus
1101 2878 1302 2917 eorum
1332 2860 1392 2915 in
1428 2859 1728 2916 saeculum.
1764 2883 1786 2912 ι)
1844 2859 1957 2914 Ini-

315 2954 601 3010 micorum
637 2952 733 3008 Dei
766 2951 942 3024 quale
970 2956 1204 3022 tempus
1233 2949 1362 3005 erit.

389 3065 419 3093 «
452 3044 520 3099 Et
547 3041 760 3099 cibavit
790 3058 889 3096 eos
918 3057 987 3096 ex
1017 3039 1186 3111 adipe
1215 3038 1513 3094 frumenti.
1549 3059 1576 3087 »
1602 3038 1835 3093 lnduxit
1864 3053 1962 3093 eos

321 3132 380 3187 in
412 3138 628 3188 terram
660 3127 1408 3202 repromissionis:cihavit
1462 3144 1578 3182 non
1635 3143 1854 3183 manna
1900 3131 1965 3181 ut

320 3220 380 3275 in
409 3221 659 3285 deserto,
693 3218 795 3274 sed
828 3219 1121 3273 frumento
1161 3216 1313 3287 quod
1345 3216 1570 3283 cecidit,
1619 3216 1774 3288 quod
1833 3233 1963 3271 sur-

1980 1926 2027 1990 B

2053 640 2270 694 dicitur
2324 639 2396 694 ad
2455 655 2608 694 nos:
2671 640 2745 694 Tu
2802 655 2922 695 vero
2970 639 3062 696 hic
3107 645 3193 697 sta
3246 658 3457 698 mecum
3502 644 3699 711 (Exod.

2051 745 2240 796 xxxiv,
2262 729 2335 798 2).
2370 727 2485 782 Hoc
2513 728 2670 782 enim
2699 727 2846 783 dixit
2877 729 3029 785 Deus
3060 730 3129 783 ad
3185 730 3446 803 Moysen.
3496 733 3703 788 Stabat

2054 818 2208 873 enim
2244 818 2469 889 Moyses
2499 834 2675 888 super
2703 821 2953 888 petram,
2984 822 3288 889 propterea
3325 825 3383 875 et
3415 821 3700 877 Dominus

2055 908 2246 962 stabat
2276 905 2378 960 illi.
2411 905 2470 960 Si
2500 922 2631 960 vero
2664 906 2827 977 prius
2850 907 3036 962 sancti
3069 908 3378 979 fuerimus,
3413 913 3468 965 et
3498 914 3701 981 postea

2054 1001 2384 1067 peccatores
2418 995 2582 1065 :jam
2616 1011 2729 1049 non
2752 996 2919 1051 nobis
2941 1000 3059 1052 stat
3096 997 3269 1064 Deus,
3330 999 3431 1053 sed
3490 1000 3698 1055 ambu-

2057 1083 2139 1139 lat
2170 1102 2183 1140 :
2210 1084 2317 1139 hac
2345 1088 2454 1151 est,
2486 1088 2751 1138 movetur
2779 1084 2850 1138 de
2878 1083 3002 1140 loco
3033 1101 3161 1152 suo,
3194 1085 3295 1157 qui
3340 1087 3509 1142 nobis
3567 1093 3700 1144 ante

2059 1177 2317 1232 steterat.
2352 1164 2672 1244 Postquam
2704 1190 2811 1228 nos
2844 1173 2986 1228 moti
3018 1174 3323 1241 fuerimus,
3355 1180 3412 1232 et
3439 1176 3564 1251 ipse
3594 1195 3704 1234 no-

2058 1262 2286 1317 biscum
2320 1261 2536 1332 pariter
2564 1260 3113 1333 movetur.Denique
3135 1267 3193 1317 et
3221 1264 3408 1319 Adam
3443 1266 3705 1336 quandiu

2056 1351 2115 1405 in
2149 1350 2417 1423 paradiso
2452 1350 2578 1416 fuit,
2612 1354 2668 1404 et
2698 1351 3038 1405 mandatum
3071 1352 3338 1421 servavit,
3399 1356 3595 1410 stabat
3650 1355 3703 1411 ei

2059 1441 2231 1496 Deus.
2284 1440 2573 1511 Posquam
2618 1456 2750 1494 vero
2806 1444 3212 1512 transgressus
3282 1447 3390 1513 est,
3478 1444 3702 1500 audivit

2057 1546 2253 1585 vocem
2290 1528 2385 1583 Dei
2416 1526 2851 1583 ambulantisin
2886 1530 3156 1599 paradiso
3188 1529 3342 1601 (Gen.
3376 1548 3461 1603 IlI,
3485 1534 3562 1604 8).
3595 1534 3700 1589 Vis

2058 1618 2205 1673 scire
2236 1617 2372 1688 quia
2401 1616 2738 1672 ambulabat
2767 1617 2817 1671 ei
2855 1622 3002 1672 Deus
3030 1618 3058 1672 ‘?
3091 1618 3238 1682 Quid
3269 1620 3319 1675 ei
3353 1620 3699 1678 dixit‘l'rldam

2058 1707 2155 1761 ubi
2182 1722 2237 1762 es
2268 1704 2424 1777 (Ibid.
2456 1705 2510 1775 9)
2542 1705 2567 1759 ?
2594 1703 2700 1770 Qui
2722 1709 2853 1759 ante
2884 1709 3135 1761 stantem
3169 1712 3349 1763 Deum
3372 1726 3486 1764 non
3546 1712 3702 1783 fuge-

2057 1799 2165 1865 rat,
2200 1798 2401 1866 postea
2429 1792 2827 1848 ambulantem
2852 1793 3019 1865 fugit.
3045 1794 3310 1851 Diximus
3370 1797 3439 1852 de
3486 1804 3699 1871 stante,

2059 1884 2315 1939 diximus
2346 1883 2417 1937 de
2448 1880 2804 1949 ambulante,
2837 1882 3103 1938 dicamus
3132 1884 3203 1939 de
3233 1885 3490 1941 sedente.
3519 1888 3709 1951 Quan-

2061 1972 2370 2043 docunque
2395 1971 2605 2026 sedens
2637 1970 2936 2025 inducitur
2966 1970 3140 2039 Deus,
3175 1972 3485 2043 dupliciter
3542 1976 3709 2032 indu-

2062 2061 2234 2116 citur.
2265 2062 2378 2114 Aut
2403 2058 2570 2131 quasi
2597 2062 2821 2126 rex,aut
2850 2058 3019 2129 quasi
3052 2060 3242 2127 iudex.
3275 2062 3334 2116 Si
3358 2064 3526 2134 quasi
3586 2081 3705 2137 rex,

2062 2150 2290 2204 videtur
2310 2147 2463 2203 sicut
2492 2147 2672 2203 Isaias
2707 2165 2720 2215 ;
2759 2147 2879 2204 Vidi
2907 2149 3197 2204 Dominum
3222 2149 3490 2207 sedentem
3544 2169 3710 2226 super

2062 2240 2320 2294 thronum
2348 2238 2621 2293 excelsum
2647 2241 2699 2292 et
2727 2237 2998 2292 eleuatum
3026 2237 3154 2309 (Isa.
3186 2256 3261 2306 v1,
3298 2240 3371 2312 1).
3406 2241 3487 2296 Ibi
3537 2242 3709 2313 quasi

2064 2344 2161 2384 rex
2190 2342 2442 2397 regnans
2472 2324 2788 2380 inducitur.
2822 2325 3062 2389 Quando
3120 2343 3252 2382 vero
3313 2329 3482 2399 quasi
3524 2331 3709 2401 judex

2064 2415 2365 2471 inducitur
2397 2413 2631 2470 :throni
2663 2414 2834 2486 positi
2868 2419 3028 2482 sunt,
3060 2420 3118 2470 et
3148 2416 3282 2471 libri
3317 2419 3501 2490 aperti
3545 2423 3706 2490 sunt,

2066 2509 2133 2559 ut
2153 2505 2211 2559 in
2241 2502 2479 2559 Dauiele
2508 2503 2795 2574 scriptum
2828 2508 2916 2558 est
2936 2521 2955 2557 :
2986 2503 3134 2569 Quid
3195 2504 3410 2562 dicitur
3430 2506 3458 2561 ‘I
3511 2508 3711 2565 Throni

2061 2595 2233 2665 positi
2253 2596 2398 2658 sunt,
2425 2600 2472 2646 et
2502 2593 2645 2647 libri
2672 2594 2853 2663 aperti
2895 2599 3030 2647 sunt
3080 2593 3246 2665 (Dan.
3308 2612 3405 2666 vn,
3462 2597 3517 2662 9,
3571 2598 3705 2669 10):

2064 2682 2173 2737 hoc
2205 2681 2606 2749 est,Dominus
2629 2679 2797 2751 quasi
2820 2680 3004 2751 judex
3034 2696 3330 2753 sessurus,
3353 2688 3412 2739 et
3440 2687 3708 2743 omnium

2066 2787 2241 2842 opera
2270 2769 2611 2826 relecturus.
2644 2768 2799 2823 Libri
2831 2769 2933 2840 qui
2964 2770 3135 2825 modo
3186 2772 3515 2845 complicati
3573 2780 3714 2831 sunt

2066 2864 2207 2914 tunc
2237 2858 2587 2930 aperientur.
2621 2857 2804 2913 Omne
2835 2858 2989 2930 quod
3017 2858 3286 2928 facimus,
3318 2863 3474 2933 quod
3522 2862 3713 2936 loqui-

2068 2965 2221 3015 mur,
2256 2948 2409 3019 quod
2441 2947 2787 3019 cogitamus,
2812 2948 2987 3003 etiam
3012 2948 3083 3003 de
3112 2949 3295 3005 otioso
3326 2952 3499 3008 verbo
3521 2953 3715 3008 reddi-

2070 3037 2188 3093 turi
2223 3053 2431 3092 sumus
2464 3036 2768 3092 rationem.
2790 3036 3085 3109 Scriptum
3130 3043 3218 3093 est
3248 3038 3307 3093 in
3362 3037 3529 3096 libris
3585 3042 3709 3099 Dei.

2075 3129 2243 3183 Putat
2272 3125 2486 3199 aliquis
2518 3126 2698 3181 libros
2730 3143 2859 3183 esse
2892 3126 2953 3181 in
3008 3126 3173 3195 caelo,
3232 3128 3331 3184 ubi
3376 3131 3715 3188 scribuntur

2074 3220 2312 3288 peccata
2342 3220 2579 3271 nostra:
2616 3215 2729 3287 Ego
2774 3215 2956 3271 libros
3014 3222 3156 3288 puto
3187 3218 3572 3276 conscientias
3612 3238 3715 3277 no-

322 3308 485 3364 rexit.
522 3328 551 3358 ‹‹
580 3308 649 3362 Et
672 3305 887 3361 cibavit
915 3304 1045 3359 illos
1076 3319 1145 3359 ex
1170 3303 1337 3374 adipe
1404 3287 1703 3359 frumenti.
1763 3303 1963 3359 Videte
1995 3287 2037 3354 C
2077 3287 2249 3369 stras,
2283 3321 2408 3374 quae
2439 3307 2579 3358 tunc
2608 3303 2962 3375 aperientur,
2994 3287 3050 3359 et
3073 3305 3290 3362 videbit
3311 3310 3721 3382 unusquisque

322 3395 663 3468 mysterium
691 3393 1122 3466 Scripturarum
1152 3408 1165 3446 :
1202 3414 1229 3441 «
1262 3392 1343 3445 Ex
1373 3392 1541 3462 adipe
1596 3391 1899 3447 frumenti.
1932 3413 1961 3441 π

322 3485 706 3540 Frumentum
737 3483 939 3554 adipes
970 3480 1144 3536 habet
1175 3495 1189 3535 :
1228 3480 1519 3552 numquid
1569 3484 1627 3534 et
1684 3479 1967 3535 intestina

318 3572 581 3629 habuit?
648 3572 761 3628 Sed
817 3569 1001 3627 voluit
1050 3568 1382 3641 largitatem
1432 3572 1488 3623 et
1545 3568 1963 3640 pinguedinem

319 3662 517 3735 gratia:
549 3659 873 3734 spiritualis
904 3659 1231 3727 ostendere,
1261 3661 1319 3713 et
1352 3657 1479 3713 ideo
1521 3656 1722 3728 adipes
1774 3655 1962 3711 nomi-

320 3751 500 3807 navit.
537 3751 655 3805 «Et
683 3751 754 3805 de
785 3754 946 3820 petra
999 3746 1170 3803 melle
1228 3737 1511 3802 saturavit
1567 3762 1683 3801 eos.
1746 3767 1773 3794 »
1837 3746 1966 3816 Ipse

321 3841 683 3896 frumentum
716 3844 836 3905 est;
871 3839 995 3910 ipse
1016 3841 1179 3909 petra
1204 3840 1311 3906 est,
1347 3835 1447 3907 qui
1470 3835 1753 3907 populum
1786 3832 1965 3890 Israel

322 3930 555 3986 satiavit
580 3945 734 4001 aqua
785 3927 843 3982 in
902 3928 1150 3992 deserto,
1209 3923 1601 3997 Spiritualiter
1657 3922 1849 3991 melle,
1909 3927 1967 3979 et

323 4036 440 4074 non
466 4035 617 4091 aqua
648 4016 932 4073 saturavit
959 4032 1114 4082 eum,
1148 4019 1213 4069 ut
1241 4013 1572 4084 quicunque
1593 4012 1970 4069 crediderunt

324 4113 381 4164 et
400 4112 748 4179 acceperunt
777 4103 1117 4176 cibum,mel
1148 4102 1407 4159 sentiant
1437 4101 1497 4156 in
1528 4119 1625 4157 ore
1655 4103 1967 4169 suo.Quam

323 4195 516 4251 dulcia
543 4196 799 4266 faucibus
819 4195 954 4249 meis
977 4193 1193 4263 eloquia
1221 4194 1340 4262 tua,
1370 4207 1537 4262 super
1554 4192 1661 4246 mel
1690 4196 1744 4246 et
1773 4191 1969 4265 favum

322 4286 410 4341 ori
439 4299 552 4339 meo
585 4282 977 4357 (Psal.cxvm)l
1015 4280 1271 4352 Denique
1311 4284 1367 4336 et
1422 4280 1707 4336 Dominus
1771 4285 1969 4336 noster

322 4377 456 4445 post
512 4371 997 4428 resurrectionem
1074 4373 1374 4441 propterea
1436 4369 1631 4424 favum
1717 4369 1970 4426 comedit

323 4464 472 4535 (Luc.
505 4478 655 4529 xxxv,
690 4460 802 4531 43),
836 4462 892 4514 et
922 4458 993 4513 de
1038 4463 1204 4529 petra
1258 4456 1430 4513 melle
1488 4462 1790 4514 saturatus
1857 4463 1965 4514 est.

320 4552 470 4624 Ergo
501 4566 623 4607 rem
654 4549 782 4604 dico
815 4564 1021 4603 novam
1056 4563 1068 4603 :
1103 4551 1237 4618 Ipsa
1265 4552 1429 4617 petra
1460 4546 1574 4602 mel
1601 4548 1873 4616 comedit,
1902 4552 1968 4602 ut

322 4641 494 4696 nobis
520 4638 635 4695 mel
664 4638 1051 4726 tribueret,et
1080 4635 1539 4726 dulcedinem,ut
1569 4637 1669 4707 qui
1699 4635 1759 4691 in
1819 4637 1968 4709 Lege
1998 4662 2044 4726 Β

320 4728 591 4784 biberant
620 4726 940 4800 myrrham,
974 4725 1081 4781 hoc
1111 4730 1201 4781 est
1228 4724 1682 4780 amaritudinem
1718 4741 1731 4781 :
1765 4730 1968 4797 postea

320 4816 380 4871 in
411 4814 722 4888 Evangelia
754 4814 1067 4871 comedent
1088 4812 1201 4869 mel
1233 4812 1545 4885 Evangelii,
1578 4813 1671 4869 cui
1696 4818 1785 4869 est
1842 4813 1964 4886 glo-

322 4904 411 4961 ria
432 4904 490 4959 in
520 4903 736 4960 secula
764 4904 1135 4970 saeculorum,
1168 4904 1365 4959 Amen.

834 5028 1156 5085 PSALMUS
1216 5027 1452 5083 LXXXI.

322 5117 581 5174 Psalmus
606 5118 805 5189 Asaph.
831 5119 943 5174 Iste
964 5117 1230 5189 psalmus
1248 5117 1539 5189 hortatur,
1597 5123 1664 5172 ut
1718 5117 1769 5174 si
1800 5118 1962 5174 volu-

395 5187 881 5263 musDominum
938 5187 1200 5263 habitare
1245 5187 1571 5257 nobiscum,
1613 5206 1680 5245 ea
1735 5207 1967 5263 semper

395 5277 522 5333 qum
549 5260 633 5316 illi
664 5270 804 5318 sunt
825 5260 1058 5334 placita,
1084 5260 1389 5316 faciamus.

395 5371 425 5400 «
458 5350 612 5406 Deus
645 5350 806 5407 stetit
833 5349 892 5405 in
925 5364 1223 5423 synagoga
1253 5349 1519 5404 deorum.
1557 5370 1584 5397 »
1618 5348 1799 5405 Multa
1828 5355 1968 5407 sunt

322 5439 642 5497 schemata.
694 5440 1049 5512 Frequenter
1107 5438 1262 5493 enim
1315 5438 1607 5505 sedemus,
1669 5437 1963 5496 interdum

322 5515 873 5596 stamus,interdum
898 5527 1487 5601 jacemus,interdum
1523 5527 1839 5596 currimus,
1872 5529 1965 5585 in-

319 5618 554 5675 terdum
577 5617 1060 5689 ambulamus,ita
1088 5620 1145 5672 et
1172 5617 1326 5672 Deus
1357 5617 1706 5674 describitur
1736 5635 1838 5690 pro
1868 5636 1964 5675 va-

319 5705 524 5773 rietate
553 5706 882 5783 hominum,
908 5710 966 5765 et
992 5711 1183 5765 status
1232 5705 1423 5780 ipsius
1462 5707 1731 5766 diversus
1792 5708 1963 5768 indu-

2076 3393 2228 3462 quod
2263 3392 2416 3447 fecit.
2452 3391 2543 3448 Nil
2575 3391 2863 3446 occultum
2892 3393 3045 3463 quod
3070 3410 3185 3448 non
3209 3394 3719 3455 revelabitur.Pro-

2076 3484 2273 3551 pterea
2303 3479 2497 3534 throni
2522 3480 2694 3551 positi
2718 3480 3085 3551 sunt,etlibri
3109 3484 3293 3554 aperti
3326 3488 3721 3551 sunt.Quanta

2076 3569 2294 3640 scripta
2323 3572 2463 3623 sunt
2490 3568 2550 3623 in
2579 3566 2727 3624 libro
2750 3584 2898 3637 meo,
2930 3574 2986 3626 et
3001 3587 3069 3626 ne
3099 3571 3262 3627 fratri
3295 3574 3531 3645 quidem
3565 3592 3718 3644 meo,

2075 3673 2263 3728 neque
2288 3656 2474 3712 amico
2493 3673 2618 3712 meo
2637 3658 2821 3713 audeo
2843 3659 3339 3717 conﬁteri.Sciunt
3355 3662 3546 3735 angeli
3577 3665 3718 3737 quid

2076 3744 2534 3811 fecerim,sciunt
2562 3746 3008 3813 Throni,sciunt
3028 3742 3335 3822 Sera'phim
3365 3752 3498 3819 ;seit
3529 3753 3716 3826 Pater,

2075 3839 2131 3889 et
2152 3833 2417 3901 Filius,et
2446 3833 2699 3906 Spiritus
2719 3840 2980 3893 sanctus.
3008 3836 3272 3894 Diximus
3303 3840 3374 3895 de
3395 3844 3530 3909 Deo,
3563 3843 3719 3913 quod

2076 3922 2207 3978 aliis
2238 3923 2509 3992 stet,aliis
2531 3923 2947 3991 ambulet,aliis
2974 3942 3106 3981 vero
3155 3928 3381 3983 sedeat:
3408 3935 3510 3986 aut
3546 3932 3718 4002 quasi

2077 4029 2194 4080 rex,
2229 4017 2329 4067 aut
2357 4012 2528 4083 quasi
2548 4013 2732 4083 judex
2760 4031 2773 4081 ;
2806 4013 2936 4068 aliis
2966 4030 3100 4070 vero
3130 4016 3362 4072 dormit.
3397 4018 3450 4071 Si
3485 4020 3719 4089 quando

2078 4118 2183 4156 nos
2214 4100 2567 4173 derelinquit
2597 4102 3039 4169 tentationibus,
3069 4102 3204 4159 licet
3232 4105 3420 4160 simus
3478 4109 3663 4163 sancti
3699 4124 3714 4164 :

2076 4195 2273 4247 tamen
2306 4189 2694 4261 relinquimur
2722 4191 3144 4247 tentationibus
3168 4198 3231 4249 ut
3261 4194 3575 4265 probemur
3602 4213 3614 4250 :
3650 4213 3717 4253 eo

2075 4285 2336 4352 tempore
2367 4279 2538 4336 nobis
2559 4280 2775 4335 dormit
2795 4280 3097 4337 Dominus.
3132 4282 3395 4355 Denique
3425 4285 3720 4357 quiddicit

2077 4369 2425 4425 Psalmista:
2457 4371 2722 4438 Exsurge,
2757 4370 2947 4443 utquid
2974 4370 3255 4441 dormites,
3289 4375 3514 4429 Domine
3544 4376 3716 4447 (Psal.

2076 4477 2233 4530 xmn,
2265 4460 2356 4529 23)
2386 4459 2413 4513 ‘2
2443 4460 2509 4514 Et
2541 4458 2814 4531 apostoli,
2844 4462 3078 4530 quando
3111 4465 3276 4517 erant
3329 4460 3389 4517 in
3449 4465 3604 4535 navi,
3661 4469 3720 4520 et

2079 4548 2245 4603 navis
2277 4548 2553 4604 ﬂuctibus
2586 4549 2965 4619 tundebatur,
2999 4550 3329 4607 dormiebat
3369 4550 3456 4607 eis
3515 4552 3719 4608 Domi-

2079 4654 2211 4692 nus.
2251 4636 2555 4709 Propterea
2581 4638 2737 4692 enim
2796 4637 2959 4692 navis
3006 4638 3282 4695 ﬂuctibus
3324 4641 3707 4699 tundebatur.

2076 4725 2339 4796 Denique
2369 4727 2625 4781 excitant
2652 4742 2808 4795 eum,
2841 4730 2898 4783 et
2926 4727 3179 4801 evigilat,
3209 4734 3267 4785 et
3322 4730 3521 4787 statim
3569 4737 3715 4789 tem-

2076 4818 2270 4887 pestas
2301 4815 2552 4886 quiescit
2581 4817 2773 4886 (Marc.
2810 4833 2885 4884 1v,
2917 4818 3126 4887 57-39).
3158 4818 3423 4877 Diximus
3452 4821 3523 4876 de
3581 4839 3721 4893 qua-

2074 4907 2208 4958 tuor
2238 4902 2639 4959 schematibus
2672 4907 2764 4959 Dei
2803 4905 2982 4977 :quia
3006 4906 3135 4963 aliis
3166 4913 3300 4978 stet,
3337 4909 3468 4966 aliis
3515 4913 3719 4966 ambu-

2074 4991 2176 5060 let,
2206 4991 2337 5047 aliis
2369 4992 2650 5060 sedeat,et
2679 4993 2809 5050 aliis
2840 4995 3009 5066 quasi
3034 4996 3290 5052 dormiat
3328 5016 3341 5054 :
3393 4997 3524 5053 aliis
3581 5015 3715 5056 vero

2074 5080 2307 5151 evigilat
2337 5085 2393 5135 et
2420 5082 2738 5154 consurgit.
2773 5107 2799 5133 «
2829 5085 2978 5140 Deus
2998 5085 3158 5140 stetit
3184 5086 3244 5141 in
3273 5102 3568 5160 synagoga
3587 5088 3719 5144 deo-

2076 5188 2229 5226 rum.
2263 5192 2290 5221 ››
2324 5170 2471 5238 Quia
2500 5171 2578 5226 dii
2608 5176 3107 5245 erant,propterea
3134 5175 3328 5230 stabat
3356 5176 3408 5231 ei
3438 5176 3612 5232 Deus.
3648 5177 3713 5235 In

2076 5276 2512 5347 quasynagoga
2542 5265 2759 5332 nostra,
2792 5262 3018 5319 diversa
3039 5263 3192 5319 Deus
3221 5263 3395 5321 habet
3414 5264 3716 5324 schemata

2077 5350 2205 5406 aliis
2236 5354 2373 5418 stat,
2407 5349 2539 5405 aliis
2565 5351 2747 5421 sedet,
2789 5351 2918 5408 aliis
2974 5352 3261 5421 ambulat,
3293 5353 3424 5410 aliis
3470 5354 3709 5414 dormit.

2076 5441 2219 5495 Cum
2253 5440 2377 5511 ipse
2408 5440 2485 5494 sit
2516 5439 3032 5513 immutabilis,pro
3066 5447 3265 5498 nostra
3285 5442 3559 5499 varietate
3583 5460 3712 5501 mu-

2074 5532 2257 5586 tatur.
2297 5528 2439 5584 Vide
2467 5528 2725 5585 hominis
2763 5530 3129 5602 dignitatem.
3168 5554 3196 5581 ‹‹
3225 5532 3379 5589 Deus
3439 5534 3598 5589 stetit
3654 5534 3716 5594 in

2076 5634 2370 5691 synagoga
2400 5619 2660 5675 deorum.
2699 5642 2718 5668 ιι
2752 5620 3017 5693 Largitur
3046 5622 3217 5678 nobis
3251 5638 3480 5695 nomen,
3507 5628 3570 5679 ut
3598 5622 3715 5682 lar-

2075 5707 2271 5781 giatur
2299 5713 2356 5767 et
2384 5708 2682 5767 meritum.
2716 5732 2744 5762 ‹‹
2780 5710 2842 5766 In
2874 5709 3064 5769 medio
3094 5715 3290 5770 autem
3312 5712 3453 5772 deos
3492 5711 3714 5793 dijudis
