4256 6584
646 373 800 432 112³7

2144 350 2568 416 APPENDIX.

3910 359 4065 419 H28

637 506 751 560 cat.
786 526 807 554 ι
846 499 1018 563 Quasi
1044 498 1361 568 imperator
1380 494 1441 548 in
1464 491 1654 551 medio
1675 489 1960 546 exercitus
1985 487 2290 560 dijudicat.
2325 500 2378 566 Α
2408 491 2714 546 concussio
2744 495 2979 563 propter
3011 489 3195 547 malos
3225 487 3516 564 principes
3546 491 3728 547 venit.
3779 490 4062 549 Dicamus

639 593 793 659 Deus
815 590 954 644 deos
985 586 1290 659 dijudicat.
1326 583 1438 638 Res
1489 577 1896 644 lormidabilis,
1932 594 2022 633 res
2056 577 2296 632 terroris

640 657 906 753 plena.8i
938 657 1077 732 deos
1108 672 1413 744 dijudicat,
1444 672 1515 726 de
1566 672 1864 742 peccatore
1910 666 2052 739 quid
2105 666 2241 721 facit
2270 665 2297 719 ‘.’

642 775 795 824 Duos
826 769 972 823 istos
999 762 1319 821 versiculos
1364 759 1531 833 quasi
1590 757 1873 831 propheta
1934 754 2125 821 dixit;
2188 754 2297 809 hoc

641 874 775 912 vero
806 855 961 928 quod
993 851 1262 925 sequitur
1285 868 1297 905 :

719 964 742 995 ι
776 939 1395 1015 Usquequojudicatis
1426 935 1796 1008 iniquitatem
1828 934 1855 988 ?
1892 956 1911 982 ι
1946 933 2078 1005 Ipse
2139 932 2299 987 Deus

641 1035 905 1106 loquitur
935 1032 1006 1087 ad
1033 1030 1282 1101 judices,
1324 1027 1432 1082 hoc
1462 1030 1550 1081 est
1591 1024 1660 1078 ad
1711 1022 2003 1095 principes
2061 1018 2288 1093 populi.

642 1122 981 1196 Specialiter
1004 1120 1102 1175 isti
1132 1115 1403 1173 versiculi
1434 1113 1535 1186 qui
1566 1117 1917 1185 sequuntur,
1951 1110 2021 1166 ad
2068 1110 2300 1181 judices

642 1214 938 1268 dicuntur.
970 1209 1030 1265 Si
1078 1206 1273 1264 saeculi
1324 1205 1579 1277 judices,
1639 1201 2017 1257 manifestum
2078 1203 2184 1255 est.
2238 1199 2295 1253 Si

641 1317 774 1357 vero
807 1298 1073 1355 Ecclesiae
1105 1297 1356 1367 judices,
1417 1293 1488 1348 de
1544 1290 1835 1364 episcopis
1891 1288 2299 1360 intelligamus

640 1396 815 1463 atque
846 1384 1222 1461 presbyteris.
1259 1405 1279 1433 α
1319 1382 1634 1454 Usquequo
1684 1378 1969 1450 judicatis
2015 1375 2297 1448 iniquita-

640 1485 759 1534 tem
781 1478 809 1533 ?
840 1499 870 1528 ››
900 1475 1006 1540 Qui
1032 1474 1261 1547 judicat
1289 1470 1686 1543 iniquitatem,
1733 1468 1915 1537 judex
1971 1465 2301 1536 iniquitatis

640 1573 747 1625 est.
773 1566 883 1631 ille
906 1569 1029 1621 erat
1051 1563 1233 1634 judex
1270 1558 1629 1631 iniquitatis,
1686 1557 1756 1611 de
1813 1572 1929 1627 quo
1987 1554 2203 1609 dicitur
2240 1553 2300 1609 in

637 1655 952 1725 Evangelio
987 1654 1130 1723 τεᾳαί
1160 1651 1449 1706 Dominum
1480 1663 1591 1703 non
1612 1648 1861 1711 timebat,
1921 1654 1972 1699 et
2028 1645 2302 1698 hominem

637 1762 747 1803 non
777 1743 1126 1799 reverebalur
1182 1740 1331 1810 (Luc.
1367 1754 1529 1803 xvm,
1572 1735 1651 1806 2).
1695 1757 1721 1784 ‹‹
1787 1733 2103 1804 Usquequo
2141 1731 2301 1802 judi-

648 1834 795 1890 catis
824 1831 1198 1903 iniquitatem
1228 1827 1257 1882 ‘I
1292 1825 1463 1881 uDedi
1489 1825 1652 1879 vobis
1685 1826 2030 1894 potestatem
2064 1821 2122 1876 in
2170 1837 2298 1892 gre-

651 1938 782 1995 gem
818 1936 1036 1989 meum,
1070 1923 1127 1973 et
1164 1920 1222 1971 in
1267 1914 1549 1988 populum
1605 1913 1698 1967 Dei
1735 1928 1747 1966 :
1800 1911 2023 1966 debetis
2074 1910 2304 1981 judices

642 2027 790 2077 esse,
823 2015 883 2066 et
908 2025 1023 2064 non
1057 2007 1200 2079 lupi.
1235 2030 1261 2055 «
1290 2005 1357 2059 Et
1400 2003 1577 2059 facies
1610 2006 1980 2073 peccatorum
2043 1998 2299 2054 sumitis.

640 2099 907 2155 Judicate
933 2112 1113 2169 egeuo
1145 2100 1202 2151 et
1234 2092 1480 2166 pupillo,
1532 2090 1817 2147 humilem
1868 2094 1925 2144 et
1984 2105 2302 2161 pauperem

631 2189 971 2261 justiﬁcate.
1007 2184 1221 2257 Eripite
1252 2197 1589 2255 pauperem,
1638 2185 1696 2235 et
1761 2195 2037 2245 egenum,
2108 2202 2127 2226 η
2193 2182 2300 2238 etc.

640 2278 883 2344 Quando
906 2275 1129 2331 venerit
1158 2274 1228 2328 ad
1262 2289 1363 2328 vos
1386 2270 1704 2342 judicium,
1753 2286 1868 2325 non
1915 2267 2305 2324 consideratis

640 2383 903 2433 causam,
937 2382 1051 2421 non
1085 2359 1470 2420 consideratis
1495 2358 1812 2431 judicium,
1866 2358 1966 2412 sed
2022 2374 2305 2429 personas

640 2472 842 2512 eorum
876 2456 974 2528 qui
999 2454 1220 2509 l‘abent
1251 2468 1479 2507 causas.
1507 2457 1586 2502 Ac
1616 2448 1664 2503 si
1715 2447 1870 2502 dicat
1901 2463 1913 2500 :
1968 2446 2024 2500 Si
2085 2446 2307 2501 venerit

643 2562 886 2617 pauper,
918 2544 1140 2599 habens
1163 2542 1398 2613 justum
1434 2538 1755 2610 negotium,
1780 2541 1839 2592 et
1860 2536 2076 2591 venerit
2122 2535 2305 2615 dives,

644 2633 869 2691 habens
900 2632 1118 2688 malum
1154 2630 1452 2703 negotium
1488 2644 1628 2683 :vos
1661 2642 1971 2699 personam
2020 2623 2303 2697 aspicitis,

638 2741 758 2779 non
792 2722 1112 2795 negotium.
1146 2721 1264 2775 Hoc
1297 2718 1531 2774 interim
1592 2716 1917 2772 secundum
1980 2731 2159 2769 unam
2211 2714 2307 2768 in-

638 2810 1141 2885 terpretationem.
1176 2808 1459 2864 Caeterum
1492 2810 1581 2862 est
1628 2813 1683 2860 et
1733 2803 1848 2859 alia
1901 2802 2304 2875 interpretatio

643 2902 943 2959 sacratior.
978 2898 1135 2967 Solet
1162 2898 1221 2952 in
1254 2896 1497 2952 theatris
1559 2910 1713 2949 unus
1762 2893 1934 2947 homo
1975 2893 2307 2963 frequenter

642 2992 903 3047 diversas
935 2988 1150 3044 habere
1183 3002 1463 3059 personas
1497 3000 1509 3038 :
1545 2999 1703 3038 nunc
1732 2981 2060 3053 ingreditur
2090 2981 2148 3035 in
2183 2997 2307 3035 mu-

634 3065 869 3149 lierem,
901 3093 1057 3133 nunc
1086 3075 1145 3130 in
1176 3074 1386 3141 virum,
1421 3088 1577 3128 nunc
1608 3072 1667 3125 in
1719 3085 1933 3141 regem,
1979 3074 2036 3124 et
2093 3069 2193 3141 qui
2245 3069 2303 3124 in

646 3185 841 3241 regem
875 3168 1260 3239 processerat,
1292 3178 1525 3218 rursum
1559 3159 1617 3215 in
1651 3176 1814 3215 servo
1848 3158 2127 3230 procedit.
2180 3158 2303 3213 Dixi

2334 1869 2380 1934 Β

2405 582 2598 633 autem
2634 584 2691 634 et
2720 579 2889 635 aliter
2923 598 2934 636 :
2966 604 2995 629 «
3030 580 3416 637 Movebuntur
3442 581 3643 637 omnia
3674 581 4067 639 fundamenta

2406 671 2588 723 terrae.
2626 690 2653 717 η
2688 670 2805 742 Ego
2834 669 3020 726 malos
3042 669 3399 742 judices,qui
3434 670 3827 727 fundamenta
3858 674 4066 744 posue-

2408 761 2546 811 runt
2572 756 2628 811 in
2662 762 2897 830 terram,
2931 763 2987 814 et
3015 775 3130 814 non
3163 759 3221 814 in
3253 757 3485 829 coelum,
3518 761 3868 816 subvertam
3905 777 3920 815 :
3970 762 4068 835 qui

2408 845 2737 901 debuerunt
2768 848 3216 904 fundamentum
3247 848 3460 904 habere
3496 848 3831 917 Christum,
3896 867 4066 923 quem

2406 934 2603 1005 posuit
2634 936 2987 993 architectus
3014 936 3231 992 Paulus
3263 941 3355 994 :et
3380 935 3719 1005 noluerunt,
3741 937 3851 995 sed
3885 938 3945 993 in
3966 942 4069 996 ter-

2408 1040 2531 1077 ram
2567 1031 2888 1095 posuerunt
2919 1026 3300 1081 fundamenta
3330 1043 3456 1082 sua.

2482 1134 2510 1163 «
2540 1114 2656 1185 Ego
2680 1114 2819 1183 dixi,
2855 1115 2932 1169 dii
2965 1115 3192 1182 estis,et
3220 1114 3324 1169 lilii
3358 1113 3575 1170 Excelsi
3608 1131 3848 1171 omnes.
3891 1137 3922 1166 ι)
3963 1121 4066 1172 Au-

2408 1200 2531 1255 diat
2562 1202 2904 1270 Eunomius,
2940 1205 3138 1259 audiat
3161 1203 3353 1269 Arius,
3378 1204 3479 1275 qui
3500 1204 3706 1260 dicunt
3737 1204 3959 1261 Filium
3976 1208 4066 1262 Dei

2411 1288 2683 1345 similiter
2710 1308 2839 1347 esse
2871 1292 3081 1361 tilium,
3113 1298 3178 1348 ut
3204 1310 3309 1348 nos
3365 1310 3592 1349 sumus.
3626 1295 3793 1360 Quod
3826 1294 3918 1350 dii
3973 1312 4064 1352 su-

2410 1395 2565 1446 mus,
2597 1396 2710 1434 non
2743 1386 2831 1435 est
2878 1386 3117 1449 natura),
3169 1382 3267 1437 sed
3327 1382 3545 1455 gratim.
3607 1384 3881 1455 Quotquot
3924 1387 4063 1440 enim

2408 1484 2536 1522 eum
2568 1480 2912 1539 receperunt,
2943 1470 3089 1526 dedit
3118 1474 3195 1526 eis
3250 1474 3564 1542 potestatem
3608 1473 3755 1543 ﬁlios
3786 1473 3895 1529 Dei
3948 1475 4066 1545 ﬁeri

2408 1560 2598 1623 (Joan.
2634 1576 2673 1621 ι,
2712 1560 2815 1629 12).
2854 1559 3161 1631 Propterea
3191 1560 3297 1615 feci
3327 1560 3648 1631 hominem,
3682 1566 3748 1616 ut
3768 1562 3845 1617 de
3878 1562 4063 1618 homi-

2411 1646 2585 1700 nibus
2619 1647 2696 1700 dii
2730 1648 2891 1702 fiant.
2932 1669 2953 1696 α
2982 1650 3098 1721 Ego
3131 1649 3271 1716 dixi,
3306 1649 3386 1704 dii
3417 1649 3579 1718 estis,
3613 1654 3671 1703 et
3698 1649 3810 1705 ﬁlii
3844 1650 4066 1708 Excelsi

2410 1751 2634 1790 omnes.
2676 1759 2695 1784 α
2723 1738 2923 1793 Videte
2945 1743 3166 1810 quanta
3193 1739 3269 1793 sit
3288 1738 3569 1811 dignitas,
3601 1744 3658 1794 et
3681 1739 3764 1795 dii
3788 1757 4067 1797 vocamur

2411 1829 2467 1878 et
2498 1823 2746 1897 ﬁlii.Ego
2781 1826 2882 1880 feci
2918 1843 3019 1883 vos
3059 1828 3217 1893 deos,
3253 1827 3402 1883 sicut
3461 1827 3566 1884 feci
3626 1828 3867 1901 Moysen
3923 1830 4065 1886 Pha-

2413 1914 2609 1969 raonis
2640 1914 2813 1969 deum
2848 1916 3142 1986 (Excivit.
3182 1916 3230 1988 1)
3268 1933 3280 1971 :
3313 1920 3377 1971 ut
3428 1921 3743 1989 postquam
3800 1918 3890 1973 dii
3946 1920 4064 1975 fue-

2414 2002 2561 2069 ritis,
2595 2002 2759 2075 digni
2790 2004 3127 2060 efﬁciamini
3159 2004 3413 2061 filiimei.
3446 2005 3826 2063 Considerate
3873 2007 4063 2082 Scrip-

2413 2097 2645 2162 pturam
2680 2092 2935 2148 divinam
2964 2110 2975 2148 :
3009 2095 3125 2150 Non
3154 2100 3232 2149 est
3258 2112 3620 2167 personarum
3646 2099 3892 2168 acceptio
3921 2096 4065 2170 apud

2416 2181 2858 2252 Deum(liom.n,
2920 2182 3028 2254 ll).
3082 2187 3205 2239 Non
3266 2183 3454 2239 dixit:
3520 2207 3546 2234 ‹‹
3598 2185 3716 2257 Ego
3776 2185 3924 2253 dixi,
3987 2187 4063 2243 dii

2417 2269 2579 2334 estis,
2616 2293 2642 2319 »
2675 2287 2837 2342 reges
2868 2276 2924 2327 et
2953 2272 3371 2344 principes,sed
3394 2289 3597 2330 omnes
3619 2273 3839 2347 quibus
3869 2260 4061 2349 equa-

2416 2358 2548 2413 liter
2577 2376 2787 2432 corpus
2804 2360 2956 2427 dedi,
2990 2366 3047 2416 et
3097 2361 3376 2431 animam,
3408 2367 3464 2418 et
3492 2363 3766 2435 spiritum
3790 2382 3808 2417 :
3870 2381 4063 2437 aequa-

2416 2447 2549 2503 liter
2594 2448 2801 2504 donavi
2847 2454 2905 2504 et
2964 2451 3238 2506 deitatem
3288 2456 3346 2507 et
3402 2452 3793 2525 adoptionem.
3855 2458 4065 2527 Equa-

2416 2535 2549 2591 liter
2587 2553 2791 2594 omnes
2823 2539 3141 2611 nascimur,
3172 2544 3229 2595 et
3266 2540 3667 2613 imperatores,
3730 2547 3789 2598 et
3845 2560 4064 2617 paupe-

2418 2627 2871 2699 reszzequaliter
2900 2634 2955 2683 et
2987 2629 3292 2685 morimur.
3338 2629 3598 2702 IEqualis
3658 2630 3811 2688 enim
3862 2633 4061 2689 condi-

2416 2715 2495 2769 tio
2529 2720 2634 2770 est.

2489 2826 2516 2853 «
2551 2807 2665 2860 Vos
2696 2810 2889 2860 autem
2923 2805 3075 2861 sicut
3091 2806 3358 2863 homines
3393 2807 3743 2864 moriemini.
3780 2830 3807 2858 »
3844 2809 4062 2866 Videtis

2413 2909 2549 2965 ergo
2584 2893 2859 2964 quoniam
2888 2895 2987 2966 qui
3020 2894 3193 2951 homo
3219 2902 3328 2963 est,
3384 2898 3650 2953 moritur.
3702 2898 3858 2955 Deus
3906 2899 4063 2955 enim

2414 2998 2526 3036 non
2558 2983 2820 3037 moritur.
2869 2989 2933 3038 Et
2977 2985 3160 3040 Adam
3221 2986 3480 3057 quandiu
3533 2986 3801 3043 servabat
3850 3004 4062 3060 praece-

2414 3074 2602 3141 ptum,
2626 3077 2682 3126 et
2702 3072 2846 3128 deus
2876 3072 3127 3144 fuit,non
3161 3080 3430 3130 mortuus
3459 3078 3567 3131 est.
3591 3075 3909 3149 Postquam
3932 3093 4064 3133 vero

2413 3163 2671 3233 gustavit
2699 3164 2770 3218 de
2801 3164 3005 3219 arbore
3035 3164 3258 3231 illicita,
3292 3165 3490 3220 statim
3511 3169 3780 3221 mortuus
3806 3171 3922 3222 est.
3958 3167 4063 3222 De-

641 3239 995 3329 exemplum,
1028 3260 1090 3311 ut
1119 3254 1191 3309 de
1222 3251 1440 3308 carnali
1464 3250 1659 3306 venire
1691 3249 1987 3321 possimus
2014 3249 2085 3303 ad
2126 3247 2299 3320 spiri-
2331 3239 2374 3307 C
2414 3251 2590 3323 nique
2620 3252 2761 3307 dicit
2781 3252 2830 3307 ei
2867 3258 3015 3308 Deus
3048 3270 3062 3309 :
3092 3255 3151 3309 In
3193 3271 3517 3327 quacunque
3569 3254 3660 3310 die
3713 3258 4058 3326 gustaveris,

639 3345 817 3403 tuale.
862 3347 931 3401 Et
962 3360 1066 3400 nos
1098 3343 1358 3398 diversas
1382 3355 1660 3412 personas
1691 3336 2031 3409 accipimus.
2058 3337 2299 3403 Quando

640 3436 798 3493 enim
833 3434 1390 3504 irascor,personam
1424 3427 1608 3482 leonis
1630 3442 1890 3482 assumo.
1935 3426 2175 3490 Quando
2207 3442 2298 3480 res

614 3508 863 3580 ‘alienas
898 3519 1222 3594 rapio,lupi
1254 3534 1564 3590 personam
1587 3532 1847 3571 assumo.
1881 3515 2121 3578 Quando
2162 3530 2296 3570 vero

640 3610 896 3667 crudelis
927 3626 1060 3665 sum
1091 3613 1148 3663 et
1179 3606 1486 3670 interﬁcio,
1532 3620 1770 3661 assumo
1801 3619 2112 3676 personam
2160 3620 2297 3658 cru-

642 3698 811 3755 delis.
844 3698 954 3753 Sed
985 3696 1281 3769 quomodo
1315 3696 1411 3768 qui
1447 3699 1586 3750 sunt
1618 3698 1973 3765 peccatores,
2010 3692 2068 3747 in
2105 3710 2298 3764 pecca-

641 3788 720 3843 tis
748 3786 967 3843 habent
1014 3786 1275 3841 diversas
1325 3800 1628 3856 personas,
1677 3782 1760 3837 sic
1813 3782 2135 3837 econtrario
2194 3783 2294 3853 qui

644 3876 829 3932 sancti
853 3879 1011 3947 sunt,
1045 3875 1263 3931 habent
1294 3880 1351 3931 et
1382 3872 1494 3946 ipsi
1525 3872 1785 3927 diversas
1829 3888 2129 3944 personas,
2190 3873 2291 3926 sed

642 3966 699 4021 in
729 3967 905 4022 bono.
946 3965 1187 4032 Quando
1219 3964 1645 4035 eleemosynam
1703 3961 1868 4028 facio,
1924 3960 2105 4015 habeo
2164 3978 2292 4033 per-

642 4071 847 4111 sonam
879 4056 1045 4127 quasi
1078 4052 1402 4109 clementis.
1427 4052 1668 4116 Quando
1700 4068 1830 4105 vero
1872 4050 2016 4106 bene
2067 4051 2290 4121 judico,

641 4142 826 4199 habeo
857 4160 1164 4216 personam
1191 4142 1325 4199 boni
1352 4142 1593 4215 judicis.
1659 4140 1901 4205 Quando
1952 4157 2081 4195 vero
2139 4140 2293 4212 inju-

642 4231 788 4288 riam
847 4232 1053 4304 patior,
1114 4238 1171 4288 et
1228 4231 1470 4287 humilis
1518 4247 1672 4301 sum,
1730 4230 1914 4285 habeo
1985 4246 2293 4301 personam

640 4320 903 4377 humilis.
938 4322 1143 4378 Infelix
1169 4326 1275 4386 est,
1309 4319 1411 4391 qui
1444 4317 1641 4390 plures
1672 4320 1729 4372 in
1760 4319 1914 4373 malo
1948 4318 2123 4374 habet
2166 4337 2294 4392 per-

640 4427 835 4467 sonas.
869 4410 1027 4466 Felix
1054 4415 1167 4479 est,
1199 4407 1600 4497 quiOdiversas
1664 4423 1942 4477 personas
2002 4406 2177 4462 habet
2235 4408 2294 4463 in

641 4501 819 4556 bono.

722 4610 749 4641 α
779 4588 1125 4645 Nescierunt
1179 4603 1368 4660 neque
1419 4585 1850 4654 intellexerunt,
1909 4586 1967 4641 in
2036 4566 2293 4642 tenebris
2329 4612 2373 4677 Β

641 4675 965 4732 ambulant.
1001 4699 1028 4727 »
1062 4676 1172 4740 Qui
1205 4676 1230 4732 '?
1261 4676 1662 4748 Malijudices.
1696 4675 1851 4739 Quos
1874 4691 1978 4747 ego
2008 4675 2148 4731 deos
2192 4692 2295 4730 vo-

643 4765 876 4830 cabam,
905 4765 1043 4820 vitio
1066 4781 1171 4821 suo
1218 4765 1355 4819 mali
1406 4764 1681 4837 appellati
1744 4769 1902 4819 sunt.
1956 4762 2297 4819 Ncscierunt

642 4870 756 4919 me,
792 4871 981 4926 neque
1012 4854 1737 4927 intellexeruntjudicium
1771 4870 2002 4910 meum:
2036 4854 2096 4909 in
2129 4858 2295 4909 tene-

640 4944 765 5000 bris
811 4943 1136 5000 ambulant.
1200 4943 1307 5008 Qui
1357 4942 1795 5013 dereliquerunt
1851 4942 2087 4998 lucem:
2156 4958 2295 5014 pro-

638 5039 838 5107 pterea
862 5032 918 5088 in
939 5033 1195 5089 tenebris
1217 5032 1539 5088 ambulant.
1578 5033 1691 5104 Ego
1722 5031 1839 5086 dixi
1872 5049 1883 5085 :
1925 5036 2025 5086 Vos
2047 5033 2175 5086 catis
2196 5031 2295 5085 lux

639 5124 844 5179 mundi
869 5124 1076 5195 (Matth.
1108 5140 1162 5194 v,
1194 5124 1302 5194 14),
1328 5128 1386 5177 et
1423 5139 1523 5177 vos
1572 5120 1908 5177 declinastis
1940 5138 1972 5175 a
2027 5119 2173 5188 luce,
2236 5126 2295 5176 et

641 5214 812 5269 factis
839 5212 980 5268 estis
1013 5212 1283 5267 tenebrae.
1310 5211 1457 5277 Quia
1485 5226 1621 5282 ergo
1653 5210 1761 5265 hoc
1793 5213 2072 5275 fecerunt,
2098 5209 2290 5265 videa-

640 5319 774 5358 mus
803 5301 943 5374 quid
997 5301 1281 5373 sequitur.
1318 5323 1346 5349 ‹‹
1400 5301 1786 5356 Mevebuntur
1836 5298 2034 5353 omnia
2082 5299 2289 5354 funda-

642 5396 838 5447 menta
867 5394 1055 5445 terra}.
1091 5411 1119 5440 »
1153 5390 1378 5458 Videte,
1409 5389 1705 5461 principes
1737 5387 1875 5443 mali
1906 5386 2136 5459 qualem
2188 5387 2289 5443 ha-

641 5480 781 5536 bent
810 5478 1275 5535 retributionem.
1312 5478 1552 5550 Propter
1583 5477 1768 5533 malos
1818 5477 2071 5547 judices,
2125 5482 2290 5532 terras

644 5567 1026 5623 fundamenta
1056 5568 1384 5641 patiuntur.
1435 5566 1554 5623 Hoc
1602 5566 1837 5621 interim
1889 5565 2144 5622 diximus
2173 5566 2290 5640 pri-

647 5670 809 5714 mum
841 5656 1165 5715 secundum
1223 5657 1522 5716 litteram:
1556 5655 1837 5731 quoniam
1894 5655 2075 5715 totius
2132 5657 2289 5717 orbis

2408 3345 2580 3396 morte
2610 3344 2862 3397 morieris
2894 3342 3045 3415 (Gen.
3078 3360 3137 3408 η,
3167 3346 3220 3409 6,
3256 3345 3363 3415 17).
3401 3342 3608 3399 Melius
3648 3343 3823 3399 habet
3864 3345 3928 3401 in
3950 3344 4061 3400 He-

2406 3430 2590 3485 braeo:
2629 3452 2657 3480 ‹‹
2687 3429 2803 3486 Vos
2833 3436 3031 3486 autem
3063 3432 3217 3486 sicut
3248 3433 3432 3487 Adam
3467 3432 3857 3487 moriemini.»
3903 3432 4066 3488 Sicut

2408 3518 2503 3574 ille
2530 3520 2758 3590 ejectus
2780 3524 2870 3574 est
2899 3521 2966 3575 de
2994 3521 3286 3593 paradiso,
3321 3521 3405 3576 sic
3464 3525 3522 3577 et
3577 3537 3681 3577 nos
3736 3521 3911 3592 ejecti
3964 3538 4063 3577 su-

2409 3625 2564 3662 mus.
2604 3632 2623 3658 c
2676 3609 2741 3664 Et
2794 3610 2946 3664 sicut
2996 3628 3149 3665 unus
3208 3611 3277 3666 de
3329 3609 3692 3683 principibus
3749 3610 4001 3667 cadetis.
4036 3634 4063 3660 ιι

2408 3698 2692 3765 Quoniam
2732 3697 2997 3753 dixerat:
3051 3723 3077 3749 ‹‹
3138 3698 3266 3754 Filii
3327 3698 3545 3755 Excelsi
3595 3715 3818 3767 omnes,
3854 3722 3886 3749 ιι
3948 3717 4062 3756 non

2408 3792 2598 3858 potest
2630 3786 2785 3842 ﬁlius
2806 3803 2931 3843 esse
2965 3788 3206 3854 Excelsi,
3240 3788 3353 3861 nisi
3385 3789 3583 3860 etipse
3613 3786 3879 3845 excelsus
3941 3789 4061 3844 fne-

2407 3876 2501 3931 rit.
2538 3876 2650 3948 Ego
2674 3876 2814 3945 dixi,
2847 3881 2911 3931 ut
2962 3894 3165 3933 omnes
3212 3895 3315 3933 vos
3373 3876 3581 3933 excelsi
3638 3877 3789 3943 sitis,
3839 3881 3911 3933 ut
3958 3893 4063 3950 ego

2407 3964 2667 4021 excelsus
2696 3982 2848 4021 sum.
2882 3988 2909 4015 «
2945 3966 3057 4021 Vos
3087 3983 3220 4021 vero
3243 3966 3395 4022 sicut
3426 3983 3578 4022 unus
3600 3967 3669 4022 de
3693 3966 4064 4038 principibus

2406 4054 2646 4109 cadetis.
2684 4073 2710 4103 ››
2744 4055 3026 4121 Quoniam
3057 4054 3267 4111 excelsi
3298 4072 3552 4123 eramus,
3597 4058 3907 4128 propterea
3972 4071 4063 4111 ce-

2405 4142 2617 4197 cidisse
2648 4142 2916 4198 dicimur.
2952 4143 3056 4199 Ubi
3091 4150 3230 4200 sunt
3260 4144 3360 4217 qui
3381 4145 3584 4200 dicunt
3603 4142 4065 4213 diabolum,dia-

2405 4231 2605 4286 bolum
2637 4248 2764 4287 esse
2796 4232 3013 4287 factum
3040 4231 3068 4287 ‘I
3103 4232 3210 4288 Ubi
3244 4236 3385 4288 sunt
3416 4232 3514 4305 qui
3572 4232 3775 4288 dicunt
3829 4231 4063 4287 malam

2406 4324 2675 4375 naturam
2706 4337 2740 4376 a
2768 4320 2882 4376 Deo
2915 4326 3169 4377 creatam
3204 4326 3226 4377 Ρ
3252 4322 3587 4378 Secundum
3618 4321 3927 4377 Hebreum
3960 4320 4063 4376 hic

2404 4409 2518 4464 duo
2550 4409 2868 4465 dicuntur:
2906 4432 2933 4459 «
2964 4414 3082 4466 Vos
3140 4416 3336 4466 autem
3391 4411 3542 4466 sicut
3597 4411 3780 4466 Adam
3830 4410 4063 4466 morie-

2405 4498 2569 4553 mini.
2598 4520 2625 4547 »
2656 4499 2816 4553 Sicut
2844 4499 3013 4555 Pater
3034 4486 3223 4554 vester
3244 4498 3434 4555 noluit
3458 4498 3659 4555 audire
3688 4501 4063 4571 preceptum

2406 4586 2658 4657 Domini,
2682 4592 2738 4643 et
2768 4589 3023 4644 cecidit:
3084 4588 3164 4644 ita
3222 4593 3280 4644 et
3333 4605 3436 4645 vos
3492 4586 3835 4644 moriemini.
3896 4586 4062 4661 Ergo

2404 4676 2548 4732 illud
2581 4677 2650 4732 de
2678 4677 2863 4733 Adam
2896 4678 3119 4733 dictum
3152 4682 3261 4734 est.
3288 4677 3406 4733 Hoc
3464 4694 3597 4734 vero
3654 4677 3808 4749 quod
3863 4677 4071 4748 sequi-

2406 4771 2538 4822 tur:
2569 4787 2594 4819 a
2625 4767 2689 4821 Et
2719 4766 2871 4822 sicut
2893 4784 3046 4823 unus
3077 4768 3146 4822 de
3174 4766 3539 4839 principibus
3577 4766 3814 4830 cadetis,
3852 4788 3883 4815 ι)
3918 4765 4061 4838 quis

2405 4860 2490 4911 est
2524 4855 2632 4910 iste
2663 4872 2816 4911 unus
2851 4856 2921 4911 de
2951 4855 3316 4928 principibus
3346 4855 3446 4928 qui
3478 4854 3729 4911 cecidit?
3752 4854 3811 4911 Si
3854 4854 4069 4911 volue-

2406 4944 2488 4999 ris
2510 4943 2699 4999 dicere
2748 4945 2949 5014 Adam,
2999 4944 3125 5015 jam
3184 4944 3242 4999 in
3302 4943 3699 5017 superioribus
3750 4942 4071 4999 versiculis

2405 5033 2626 5087 dictum
2658 5037 2781 5087 est:
2809 5055 2835 5083 «
2868 5032 2982 5088 Vos
3015 5038 3210 5088 autem
3244 5033 3399 5089 sicut
3428 5026 3609 5089 Adam
3635 5031 4001 5088 moriemini.
4039 5055 4067 5081 η

2404 5120 2713 5193 Simulque
2733 5121 2919 5177 videte
2942 5122 3396 5194 significantiam
3421 5122 3576 5177 verbi
3613 5138 3625 5177 :
3660 5145 3681 5171 ι
3715 5120 3831 5177 Vos
3853 5126 4073 5177 autem

2404 5211 2557 5266 sicut
2586 5212 2767 5266 Adam
2802 5212 3157 5267 moriemini.
3190 5234 3217 5261 ››
3249 5211 3537 5275 Quoniam
3568 5212 3750 5267 Adam
3783 5215 4071 5266 mortuus

2403 5307 2510 5369 est,
2541 5306 2599 5355 et
2620 5318 2726 5356 nos
2760 5302 3066 5363 morimur.
3122 5300 3397 5357 Diabolus
3444 5317 3576 5356 vero
3632 5300 3733 5371 qui
3775 5300 4072 5384 pripceps

2402 5389 2513 5445 fuit
2533 5394 2589 5446 et
2618 5390 2849 5459 cecidit,
2881 5407 2996 5446 non
3020 5394 3288 5446 mortuus
3322 5395 3429 5446 est.
3490 5390 3684 5462 Neque
3742 5390 3907 5445 enim
3962 5405 4074 5462 po-

2400 5483 2513 5534 test
2540 5478 2805 5552 angelica
2825 5479 3081 5551 dignitas
3106 5483 3357 5535 mortem
3391 5479 3665 5551 recipere,
3695 5479 3797 5534 sed
3820 5482 4075 5534 tantum

2402 5569 2652 5625 ruinam.
2689 5568 2906 5624 Idcirco
2932 5568 3077 5623 dixit
3109 5586 3123 5625 :
3159 5591 3186 5619 «
3220 5566 3383 5625 Sicut
3404 5584 3558 5624 unus
3586 5568 3657 5623 de
3684 5567 4077 5640 principibus

2398 5657 2638 5717 cadetis.
2675 5680 2703 5709 »
2736 5657 3037 5729 Quomodo
3068 5658 3277 5717 cecidit
3304 5657 3533 5718 Lucifer
3563 5656 3663 5735 qui
3685 5673 3860 5717 mane
3912 5657 4077 5717 orie.
