4256 6624
285 545 437 608 1129

1456 546 1946 610 BREVIARIUM
1991 546 2069 608 IN
2117 547 2502 608 PSALMOS.

3529 547 3690 605 1130

284 677 454 734 batur
499 679 624 749 (Isa.
658 693 770 745 XIX,
804 675 940 745 12)?
986 676 1052 732 Et
1092 692 1242 746 ecce,
1276 680 1333 733 et
1360 677 1454 733 hic
1485 677 1713 746 cecidit,
1746 682 1802 734 et
1840 679 1918 734 ibi
1947 687 2003 746 Α
2032 695 2099 734 ne
2140 696 2263 734 cum
2310 680 2535 733 zizania
2576 679 2640 732 de
2685 680 2961 749 frumento
2992 676 3246 745 evellitis,
3279 676 3577 732 eradicetis
3608 679 3686 732 si-

283 766 506 822 cecidit.
542 767 849 838 Propterea
877 765 1106 836 cecidit,
1150 765 1290 838 quia
1319 783 1551 838 semper
1591 767 1650 822 in
1682 767 1923 823 coelesti-

277 857 388 911 bus
417 856 775 912 versabatur.
812 855 924 910 lste
967 859 1057 910 est
1100 855 1195 910 cui
1246 854 1460 910 dicitur
1510 856 1569 910 in
1618 855 1877 912 Ezechiel
1912 873 1923 910 :

281 945 355 1000 Tu
383 960 440 1000 es
479 945 889 1014 resignaculum
915 943 1304 999 similitudinis
1334 944 1546 1015 (Ezech.
1581 962 1780 1016 XXVIII,
1822 945 1924 1016 12).

279 1032 481 1089 Videte
511 1032 650 1104 quid
684 1033 840 1089 dicat
869 1049 881 1088 :
916 1029 1338 1101 Res‘ignaculum
1365 1033 1776 1088 similitudinis.
1801 1033 1926 1088 Non

283 1121 468 1178 dixit:
521 1122 606 1177 Tu
656 1138 717 1178 es
767 1122 1134 1193 signaculum
1183 1121 1638 1177 similitudinis:
1691 1123 1791 1177 sed
1837 1138 1930 1177 rc-

281 1211 629 1280 signaculum
655 1209 1072 1266 similitudinis.
1107 1209 1446 1283 Signaverat
1475 1214 1551 1280 te,
1576 1215 1747 1278 Deus,
1771 1214 1828 1265 et
1857 1210 1932 1265 si-

283 1299 481 1355 milem
532 1299 642 1356 sibi
692 1300 922 1355 fecerat.
957 1300 1044 1354 Tu
1093 1315 1225 1354 vero
1273 1303 1474 1371 postea
1522 1299 1833 1372 resignasti
1872 1303 1930 1354 te

281 1389 351 1443 ad
385 1388 832 1443 similitudinem
863 1392 920 1443 et
949 1388 1266 1460 imaginem
1303 1388 1420 1455 Dei,
1452 1391 1509 1443 et
1546 1391 1609 1443 tu
1657 1387 1930 1443 conditus

282 1493 362 1532 es.
397 1477 657 1549 Denique
707 1477 919 1531 dicitur
963 1477 1022 1531 in
1073 1476 1204 1548 ipsa
1232 1475 1584 1548 prophetia:
1639 1481 1700 1531 In
1747 1476 1926 1531 medio

284 1565 573 1621 Cherubim
599 1567 841 1621 nutritus
870 1581 925 1620 es
950 1584 973 1630 ,ο
1024 1567 1173 1621 inter
1205 1565 1411 1636 lapides
1433 1565 1678 1636 jaspidis
1725 1571 1776 1619 et
1807 1581 1931 1619 car-

283 1656 505 1711 bunculi
549 1654 711 1725 fuisti
752 1656 811 1709 in
853 1653 1112 1726 paradiso
1169 1655 1286 1724 Dei,
1319 1657 1371 1708 et
1415 1654 1683 1719 cecidisti,
1714 1654 1927 1725 inquit,

279 1753 329 1800 et
357 1761 391 1800 a
418 1747 600 1799 monte
629 1744 723 1798 Dei
754 1743 1067 1798 vulneratus
1099 1759 1151 1798 es
1198 1742 1358 1814 (Ibid.
1394 1743 1480 1813 13,
1519 1743 1626 1815 14).
1679 1743 1796 1797 Iste
1843 1746 1932 1798 est

282 1833 552 1905 princeps
606 1833 741 1904 Tyri
785 1848 855 1887 ex
905 1848 971 1887 eo
1015 1836 1275 1903 tempore
1308 1848 1423 1902 quo
1454 1831 1696 1899 cecidit;
1747 1831 1929 1902 siqui-

283 1923 413 1979 dem
445 1922 633 1994 Tyrus
663 1920 866 1993 lingua
902 1921 1138 1976 Hebraea
1186 1919 1404 1975 dicitur
1454 1920 1553 1975 Sor
1599 1919 1720 1992 (11:)
1756 1936 1768 1974 :
1822 1919 1931 1975 hoc

283 2016 371 2068 est
419 2011 724 2067 tribulatio.
781 2010 929 2082 Ergo
978 2013 1035 2064 et
1087 2008 1198 2064 iste
1252 2008 1524 2080 princeps
1583 2008 1683 2080 qui
1743 2007 1931 2080 primo

283 2103 407 2156 erat
447 2101 508 2154 in
549 2097 712 2170 cmlo,
748 2115 903 2154 nunc
953 2097 1140 2153 factus
1187 2101 1275 2153 est
1333 2098 1604 2170 princeps
1633 2096 1786 2169 Tyri,
1821 2096 1931 2152 hoc

284 2192 373 2244 est
423 2187 820 2243 tribulationis
867 2186 1038 2242 istius
1096 2185 1314 2240 saeculi.
1371 2185 1591 2240 «Sicut
1648 2201 1803 2240 unus
1860 2186 1931 2240 de

285 2275 648 2349 principibus
671 2274 914 2330 cadetis.
940 2295 968 2324 »
1002 2274 1244 2338 Quando
1275 2274 1436 2345 dicit,
1474 2297 1495 2322 α
1521 2274 1671 2328 sicut
1700 2291 1875 2341 unus,
1903 2296 1930 2324 »

287 2364 543 2423 ostendit
566 2381 694 2420 esse
717 2369 774 2419 et
799 2363 964 2419 alios.
991 2363 1185 2436 Legite
1203 2362 1610 2435 Apocalypsim
1641 2361 1885 2418 Joannis
1913 2381 1928 2429 ;

286 2455 468 2510 Draco
491 2454 725 2526 quando
757 2453 827 2508 de
849 2451 997 2507 'ccelo
1028 2451 1254 2521 cecidit,
1278 2451 1512 2507 tertiam
1540 2455 1765 2523 partem
1789 2450 1930 2506 stel-

284 2543 475 2599 larum
506 2558 703 2599 secum
738 2540 904 2596 duxit
934 2541 1113 2612 (Apoc.
1144 2557 1270 2610 vm,
1303 2540 1412 2608 12).
1441 2544 1756 2612 Hucusque
1777 2540 1930 2595 Deus

284 2631 516 2688 locutus
546 2635 634 2688 est
663 2631 734 2686 ad
767 2629 1056 2694 homines,
1092 2633 1148 2685 et
1175 2645 1413 2684 rursum
1448 2644 1551 2700 per
1580 2628 1927 2700 Prophetam

284 2720 564 2793 loquitur.

357 2832 385 2858 «
419 2807 626 2880 Surge,
657 2806 835 2874 Deus,
859 2806 1064 2877 judica
1092 2809 1327 2861 terram.
1367 2827 1395 2855 »
1428 2806 1620 2874 Surge,
1655 2805 1796 2878 quia
1825 2822 1927 2860 na-

282 2897 371 2953 vis
416 2901 620 2952 nostra
666 2895 942 2950 fluctibus
980 2895 1269 2950 tunditur.
1325 2917 1353 2944 «
1387 2895 1590 2967 Surge,
1624 2895 1799 2960 Deus,
1826 2895 1931 2966 ju-

284 2987 415 3042 dica
444 2989 701 3052 terram;
754 2984 1033 3055 quoniam
1075 2983 1214 3038 mali
1236 2983 1469 3053 judices
1501 2999 1612 3038 non
1639 2982 1930 3053 judicant,

287 3076 389 3131 sed
433 3077 700 3130 evertunt
744 3072 934 3145 legem
984 3076 1171 3142 tuam,
1203 3075 1259 3127 et
1287 3087 1496 3143 pecora
1527 3075 1626 3126 tua
1655 3070 1931 3127 lacerant.

289 3166 379 3222 Tu
428 3179 620 3235 surge,
654 3162 751 3233 qui
799 3178 970 3217 verus
1001 3161 1185 3232 judex
1214 3177 1295 3216 es.
1330 3161 1476 3227 Quia
1501 3176 1636 3233 ergo
1668 3160 1807 3217 mali
1830 3162 1934 3232 ju-

292 3253 452 3308 dices
483 3250 697 3307 mortui
729 3254 869 3305 sunt
897 3250 1050 3305 sicut
1086 3250 1271 3304 Adam
1320 3253 1376 3304 et
1417 3249 1756 3304 ceciderunt
1785 3249 1936 3304 sicut

287 3357 444 3396 unus
467 3340 540 3394 de
569 3337 967 3411 principibus;
993 3341 1297 3408 propterea
1318 3341 1379 3392 tu
1408 3352 1604 3408 surge,
1624 3340 1687 3391 tu
1707 3337 1933 3407 judica,

285 3434 348 3485 tu
399 3428 558 3484 salva
605 3431 931 3482 creaturam
971 3431 1155 3481 tuam.
1189 3424 1581 3480 Mercenarius
1610 3425 1768 3480 enim
1799 3441 1933 3480 cum
1965 3411 2006 3477 C

284 3517 492 3589 lupum
521 3514 748 3584 viderit,
784 3514 954 3586 fugit,
987 3512 1267 3584 relinquit
1314 3529 1448 3570 oves
1496 3512 1672 3585 (Joan.
1707 3531 1760 3580 x,
1798 3514 1884 3582 12)
1920 3531 1932 3568 :

287 3623 404 3663 non
437 3608 628 3678 potest
679 3604 762 3659 ita
809 3602 1002 3658 dolere
1032 3601 1242 3668 alieno,
1275 3601 1568 3673 quomodo
1600 3600 1756 3657 dolet
1785 3598 1938 3673 patri

287 3701 346 3752 et
373 3693 567 3750 matri.
602 3693 876 3747 Dicamus
907 3697 964 3747 et
1005 3689 1174 3745 aliter
1207 3706 1219 3744 :
1271 3689 1464 3760 Surge,
1499 3690 1599 3762 qui
1631 3707 1734 3762 pro
1767 3688 1937 3745 nobis

290 3801 503 3858 passus
533 3799 616 3853 es,
650 3797 753 3854 pro
783 3780 952 3836 nobis
991 3783 1260 3835 mortuus
1303 3794 1364 3835 es
1398 3795 1410 3833 :
1467 3795 1661 3851 surge,
1693 3783 1750 3834 et
1779 3777 1940 3835 salva

290 3891 419 3931 nos.
456 3873 725 3927 Dicamus
776 3869 945 3925 aliter
977 3885 990 3923 :
1043 3867 1153 3932 Qui
1201 3867 1409 3924 venisti
1441 3866 1686 3924 humilis
1719 3871 1776 3923 et
1803 3884 1937 3923 con-

291 3965 575 4035 temptus,
605 3959 736 4016 veni
768 3959 936 4031 quasi
963 3958 1146 4029 judex
1174 3960 1232 4013 et
1257 3957 1490 4013 vindica
1521 3973 1646 4013 nos.
1687 3978 1708 4006 «
1733 3958 1937 4029 Surge,

292 4057 466 4123 Deus,
492 4050 698 4122 judica
725 4052 960 4106 terram.
998 4071 1026 4097 »
1075 4047 1278 4103 Videte
1322 4046 1778 4118 signiﬁcantiam
1810 4062 1940 4118 pro-

294 4141 691 4212 prietatesque
721 4153 1083 4193 sermonum.
1107 4139 1233 4191 Non
1265 4135 1447 4189 dixit:
1473 4135 1678 4205 judica
1708 4133 1942 4200 coelum,

295 4231 399 4284 sed
447 4233 683 4283 terram.
719 4226 868 4296 Ergo
915 4229 1074 4279 terra
1111 4222 1440 4293 judicatur,
1470 4240 1584 4278 non
1618 4221 1849 4278 caalum.
1884 4222 1944 4277 Si

294 4332 431 4389 ergo
461 4321 617 4371 terra
642 4315 964 4384 judicatur,
995 4317 1054 4368 et
1100 4329 1214 4368 non
1267 4311 1498 4378 coelum,
1532 4328 1667 4384 ergo
1701 4311 1759 4366 in
1803 4309 1945 4366 coelo

296 4410 535 4478 peccata
583 4418 697 4458 non
749 4402 898 4456 fiunt
927 4425 940 4469 ;
991 4401 1041 4455 si
1089 4404 1283 4456 autem
1318 4401 1520 4456 fierent
1550 4401 1609 4455 in
1641 4399 1784 4456 coelo
1816 4416 1946 4471 pec-

298 4499 448 4560 cata,
497 4493 713 4548 diceret
745 4507 758 4545 :
813 4513 840 4539 ‹‹
870 4493 1074 4561 Surge,
1111 4494 1280 4558 Deus,
1317 4489 1524 4559 judica
1563 4494 1778 4545 terram
1812 4512 1839 4538 ››
1892 4493 1949 4544 et

299 4583 532 4640 caelum.
555 4581 625 4635 Et
653 4579 838 4635 videte
864 4578 1234 4634 clementiam
1261 4576 1598 4648 prophetiae.
1628 4577 1752 4632 Non
1781 4577 1946 4648 dixit,

298 4672 558 4728 interﬁce
599 4675 818 4726 terram
853 4685 865 4724 :
919 4669 1021 4724 sed
1066 4667 1291 4738 judica,
1326 4671 1383 4720 et
1413 4665 1591 4722 salva.
1625 4666 1750 4721 Non
1782 4666 1946 4735 dixit,

2034 769 2225 823 mutet
2255 769 2501 823 triticum
2549 767 2761 838 (Matth.
2797 783 2919 835 xm,
2951 767 3062 836 29).
3114 765 3400 829 Quoniam
3450 769 3511 819 tu
3561 765 3686 820 ha-

2038 857 2317 911 reditabis
2349 857 2406 910 in
2440 856 2715 911 omnibus
2739 854 3033 926 gentibus.
3063 879 3088 904 ι)
3126 855 3435 926 Propterea
3457 859 3510 908 te
3532 854 3687 925 judi-

2039 962 2161 1001 cem
2195 947 2598 1017 deprecamur,
2630 945 2767 1014 quia
2796 944 3071 998 omnibus
3101 943 3374 1014 gentibus
3406 942 3684 999 misertus

2039 1050 2120 1090 es.
2155 1035 2342 1097 Quare
2374 1051 2488 1089 non
2520 1032 2684 1099 dixit,
2717 1038 2781 1087 tu
2815 1031 3144 1104 possidebis
3184 1048 3388 1087 omnes
3431 1037 3633 1104 gentes
3667 1049 3680 1086 :

2038 1122 2159 1178 sed.
2188 1143 2215 1172 ‹‹
2237 1123 2322 1176 Tu
2346 1120 2718 1176 haereditahis
2735 1121 2762 1174 ?
2783 1142 2810 1169 »
2837 1121 3180 1192 Ubicunque
3200 1121 3507 1177 haereditas
3528 1120 3688 1192 poni-

2039 1215 2153 1277 tur,
2184 1210 2263 1265 ibi
2297 1226 2456 1265 mors
2489 1213 2621 1266 ante
2653 1209 2966 1282 praecessit.
3002 1209 3311 1281 Propterea
3343 1210 3601 1266 heeredes
3633 1214 3691 1265 et

2040 1299 2368 1355 cohazredes
2395 1299 2666 1354 dicimur.
2692 1299 2957 1354 Haeredes
2992 1298 3137 1353 dixit
3156 1299 3392 1365 Christi,
3418 1299 3558 1370 quia
3585 1315 3688 1371 pro
3768 1313 3776 1318 ‘

2040 1387 2210 1443 nobis
2242 1391 2511 1443 mortuus
2555 1393 2665 1443 est.
2698 1387 3055 1458 Cohaeredes,
3090 1387 3226 1458 quia
3257 1388 3564 1443 nobiscum
3595 1402 3690 1442 re-

2040 1481 2327 1548 gnaturus
2378 1481 2487 1531 est.
2541 1498 2568 1525 «
2603 1477 2690 1531 Tu
2737 1476 3110 1531 haereditabis
3145 1492 3158 1529 ε
3196 1499 3217 1528 ι)
3272 1475 3484 1532 Misisti
3532 1475 3689 1531 enim

2041 1582 2237 1621 servos
2270 1569 2420 1634 tuos,
2445 1570 2805 1621 revertamur
2837 1566 2910 1621 ad
2939 1565 3254 1637 apostolos,
3280 1565 3459 1621 alium
3495 1565 3554 1619 in
3578 1563 3689 1619 cir-

2042 1653 2479 1721 cumsisionem,
2514 1653 2694 1709 alium
2745 1655 2804 1708 in
2855 1659 3077 1725 gentes.
3130 1654 3398 1717 Quandiu
3451 1654 3689 1726 Moysen

2042 1742 2586 1814 miscras,quandiu
2614 1743 3481 1814 lsaiam,quandichremiam;
3507 1760 3690 1814 quan-

2043 1831 2142 1886 diu
2176 1830 2321 1886 alios
2367 1831 2681 1902 prophetas
2714 1847 2729 1887 :
2782 1833 2948 1886 Notus
2978 1840 3093 1887 erat
3126 1834 3184 1886 in
3212 1832 3406 1888 Judaza
3436 1831 3594 1897 Deus,
3629 1834 3689 1886 in

2042 1920 2211 1974 Israel
2255 1936 2522 1988 magnum
2566 1936 2764 1975 nomen
2805 1921 2939 1992 ejus.
2991 1921 3054 1975 In
3107 1920 3336 1976 modica
3382 1924 3536 1976 terra
3579 1936 3687 1975 no-

2044 2008 2220 2064 minis
2250 2008 2352 2063 Dei
2396 2008 2605 2064 notitia
2637 2009 2948 2077 ferebatur,
2983 2009 3196 2064 misisti
3231 2013 3466 2064 Petrum
3498 2009 3685 2081 pisca-

2038 2102 2244 2166 torem,
2278 2097 2375 2168 qui
2425 2097 2731 2152 dimiserat
2783 2102 2921 2165 rete,
2956 2098 3054 2168 qui
3096 2101 3166 2154 ab
3208 2115 3378 2170 opere
3409 2097 3688 2154 callosum

2039 2185 2291 2241 habebat
2339 2202 2578 2240 manum
2639 2186 2844 2256 (Matth.
2899 2203 2972 2253 Iv,
3036 2186 3245 2257 18-20).
3297 2186 3420 2241 Non
3470 2186 3689 2241 misisti

2040 2278 2347 2344 oratorem,
2373 2291 2487 2329 non
2525 2273 2740 2329 misisti
2773 2274 3231 2346 philosophum:
3271 2274 3481 2330 Misisti
3505 2274 3691 2330 homi-

2040 2379 2173 2418 nem
2226 2363 2616 2428 rusticanum,
2664 2363 2964 2420 hominem
3016 2363 3386 2435 piscatorem.
3438 2367 3551 2419 Iste
3602 2363 3688 2435 pi-

2041 2456 2251 2519 scator,
2307 2452 2416 2507 iste
2464 2452 2803 2508 rusticanus
2861 2453 2931 2508 de
2981 2453 3692 2525 Hierosolyma‘perrexit

2041 2541 2302 2606 Romam,
2326 2545 2382 2595 et
2408 2541 2743 2596 rusticanus
2764 2540 2917 2612 cepit
2940 2541 3186 2596 Romam
3213 2558 3390 2612 quam
3413 2540 3688 2613 eloquen-

2039 2632 2128 2684 tes
2181 2645 2384 2700 capere
2434 2645 2547 2684 non
2605 2633 2938 2700 potuerunt.
2991 2630 3247 2685 Rursum
3309 2630 3412 2684 ivit
3474 2629 3690 2685 Paulus

2041 2717 2360 2789 apostolus,
2393 2721 2450 2774 et
2495 2719 2565 2773 de
2611 2717 3013 2790 Hierosolyma
3043 2718 3377 2790 praedicavit
3408 2735 3596 2789 usque
3627 2717 3688 2774 in

2040 2806 2359 2878 Illyricum,
2402 2812 2458 2860 et
2489 2806 2842 2877 praedicavit,
2877 2807 2975 2861 ubi
3008 2824 3122 2863 non
3155 2811 3278 2863 erat
3308 2807 3686 2879 praedicatum

2041 2895 2442 2967 Evangelium,
2474 2912 2545 2950 ne
2575 2912 2751 2967 super
2793 2895 3049 2951 alienum
3093 2897 3543 2952 fundamentum
3585 2913 3687 2967 po-

2043 2990 2206 3040 neret
2254 2984 2564 3039 aediﬁcium
2620 2985 2792 3056 (Rom.
2839 3003 2931 3055 xv,
2973 2987 3058 3052 19,
3098 2986 3209 3057 20).
3261 2985 3478 3041 Deinde
3526 2983 3684 3052 dicit,

2044 3073 2199 3144 quod
2234 3073 2306 3128 de
2338 3073 2479 3128 urbe
2511 3074 2695 3128 Roma
2738 3073 2847 3128 iret
2885 3074 2954 3128 ad
2988 3073 3329 3146 Hispaniam
3381 3073 3537 3141 (Ibid.
3570 3073 3684 3144 24).

2042 3163 2248 3218 Videte
2278 3161 2522 3217 Paulum
2564 3165 3016 3234 persecutorem,
3051 3163 3149 3234 qui
3179 3162 3239 3218 in
3268 3163 3468 3218 Judaea
3500 3162 3692 3218 fuerat

2043 3255 2383 3323 persecutor
2439 3251 2572 3322 (Act.
2627 3269 2703 3318 Ix,
2759 3253 2781 3304 1
2838 3251 3006 3322 seq.),
3059 3252 3334 3323 praedicat
3391 3251 3686 3324 gentibus.

2045 3339 2152 3394 Ubi
2186 3345 2324 3395 sunt
2356 3339 2453 3411 qui
2487 3340 2806 3410 praedicant
2835 3339 3227 3395 Alexandrum
3259 3341 3536 3412 Magnum
3570 3345 3694 3395 Ma-

2047 3428 2334 3483 cedonum
2366 3428 2798 3498 imperatorem,
2823 3429 2976 3498 quod
3010 3429 3069 3482 in
3102 3428 3258 3484 brevi
3286 3430 3474 3500 spatio
3496 3429 3699 3485 vicerit

2044 3520 2238 3571 tantas
2269 3520 2472 3587 gentes
2497 3515 2524 3569 ?
2554 3515 2767 3570 Habuit
2796 3516 3134 3582 exercitum,
3167 3517 3375 3573 habuit
3404 3523 3462 3572 et
3491 3517 3690 3590 ingen-

2045 3609 2132 3660 tes
2166 3604 2404 3674 tturbas,
2439 3608 2493 3659 et
2543 3621 2660 3659 non
2706 3604 2823 3660 tale
2870 3604 3090 3676 aliquid
3131 3607 3340 3678 potuit,
3373 3606 3474 3662 sed
3507 3606 3692 3662 modi-

2047 3710 2180 3749 cum
2213 3692 2514 3764 quiddam.
2540 3694 2655 3748 Iste
2685 3709 2816 3748 vero
2851 3693 3065 3749 Paulus
3099 3695 3394 3766 quondam
3427 3711 3693 3768 persecu—

2047 3787 2138 3837 tor
2168 3781 2295 3850 fuit,
2328 3781 2427 3853 qui
2461 3782 2690 3836 dicebat
2722 3799 2734 3836 :
2789 3787 2851 3838 Et
2879 3785 2930 3838 si
2962 3785 3250 3854 imperitus
3280 3802 3403 3840 sum
3428 3801 3704 3861 sermone,

2048 3887 2154 3926 non
2204 3877 2398 3927 tamen
2444 3873 2673 3926 scientia
2718 3873 2790 3941 (II
2819 3872 2941 3928 Cor.
2974 3890 3051 3940 XI,
3083 3875 3160 3944 6).
3195 3874 3302 3940 Qui
3331 3875 3701 3932 solmcismos

2051 3961 2188 4016 facit
2240 3959 2298 4014 in
2339 3959 2653 4031 loquendo,
2690 3976 2920 4016 crucem
2953 3959 3167 4017 Christi
3202 3967 3408 4033 portat,
3442 3969 3498 4018 et
3530 3965 3701 4035 quasi
3803 3996 3814 4006 ι

2052 4048 2424 4120 triumphans
2457 4063 2660 4102 omnes
2690 4047 2864 4118 capit.
2891 4049 3100 4103 Totum
3133 4050 3331 4104 orbem
3365 4051 3595 4122 subegit
3627 4051 3698 4105 ab

2053 4137 2277 4192 Oceano
2332 4151 2518 4205 usque
2570 4135 2630 4189 in
2681 4152 2841 4190 mare
2883 4136 3168 4191 Rubrum.
3221 4137 3383 4193 Dicat
3431 4137 3694 4210 aliquis:

2054 4225 2162 4281 hoc
2211 4228 2399 4278 totum
2446 4221 2594 4278 lucri
2646 4239 2824 4278 causa
2872 4223 3152 4280 fecerunt.
3185 4229 3305 4281 Hoc
3352 4227 3509 4282 enim
3559 4228 3702 4284 dicit

2057 4312 2409 4386 Porphyrius
2442 4329 2454 4366 :
2507 4312 2782 4368 Homines
2814 4313 3092 4369 rusticani
3124 4319 3181 4370 et
3209 4332 3513 4387 pauperes,
3549 4318 3700 4388 quo-

2057 4401 2215 4457 niam
2248 4400 2396 4456 nihil
2441 4400 2752 4470 habebant,
2787 4402 3028 4473 magicis
3058 4404 3283 4459 artibus
3314 4405 3534 4476 operati
3565 4410 3704 4461 sunt

2057 4491 2324 4562 quaedam
2348 4490 2537 4562 signa.
2566 4490 2689 4546 Non
2713 4495 2800 4546 est
2827 4495 3021 4547 autem
3054 4493 3272 4564 grande
3293 4495 3478 4549 facere
3511 4494 3703 4566 signa.

2057 4579 2204 4634 Nam
2236 4580 2418 4635 feccrc
2457 4579 2624 4650 signa
2674 4579 2731 4632 in
2774 4579 3015 4651 Egypto
3047 4581 3203 4654 magi
3236 4587 3435 4638 contra
3469 4582 3708 4656 Moysen

2059 4667 2251 4738 (Exod.
2284 4684 2381 4736 vn,
2414 4669 2524 4738 22).
2576 4667 2732 4721 Fecit
2782 4671 2838 4721 et
2885 4667 3246 4740 Apollonius,
3280 4671 3413 4726 fecit
3456 4676 3513 4727 et
3548 4675 3706 4745 Apu-

292 4760 503 4833 judica
545 4774 648 4830 per
694 4756 1184 4829 angelos,judica
1211 4772 1315 4828 per
1343 4753 1644 4844 ministros
1672 4758 1826 4844 tuos.
1860 4753 1950 4844 Illi
1983 4780 2029 4844 D
2058 4755 2227 4812 leius.
2263 4753 2478 4844 Infiniti
2533 4755 2701 4826 signa
2749 4756 3027 4814 fecerunt.
3079 4759 3338 4815 Concedo
3385 4759 3511 4832 tibi,
3562 4766 3701 4817 Por-

299 4849 460 4905 enim
510 4848 560 4903 si
602 4845 1016 4918 judicaverint,
1049 4862 1165 4901 non
1210 4848 1459 4917 possunt
1491 4843 1778 4913 misereri,
1812 4843 1953 4915 quia
1984 4843 2013 4844 ﬁ
2061 4844 2250 4917 phyri,
2284 4843 2528 4914 magicis
2579 4844 2805 4900 artibus
2854 4847 3019 4917 signa
3066 4848 3345 4917 fecerunt,
3383 4855 3446 4906 ut
3475 4850 3707 4907 divitias

300 4941 672 4994 exsecutores
719 4939 858 4991 sunt
905 4934 1202 4991 sententias
1250 4939 1384 4989 tuae.
1417 4933 1503 4988 Tu
1535 4950 1667 4989 vero
1699 4933 1746 4988 si
1790 4933 1952 5003 judi-

303 5025 546 5096 caveris,
579 5025 796 5098 poteris
849 5025 975 5097 ipse
1022 5023 1309 5080 misereri.
1349 5023 1545 5094 Surge,
1579 5025 1740 5089 Deus,
1765 5023 1957 5094 judico

302 5123 534 5173 terram.
565 5117 888 5186 Imperator
907 5117 1100 5185 potest
1121 5129 1289 5167 suam
1315 5115 1540 5167 mutare
1565 5112 1917 5168 sententiam
1941 5129 1954 5168 :

304 5205 616 5278 praefectus
647 5219 763 5258 non
794 5206 1006 5274 potest.
1039 5202 1349 5273 Propterea
1378 5205 1433 5256 te
1456 5199 1718 5271 judicem
1752 5201 1956 5273 depre-

306 5311 532 5362 camur,
559 5309 673 5348 non
705 5295 1169 5360 contemnentes,
1201 5290 1299 5346 sed
1335 5292 1657 5362 precantes.
1686 5289 1962 5346 Homines

308 5385 526 5441 etenim
580 5385 638 5438 et
684 5380 875 5454 angeli
925 5381 996 5436 ad
1041 5381 1538 5451 comparationem
1572 5377 1657 5432 tui
1692 5378 1960 5436 crudeles

320 5476 481 5530 sunt.
515 5473 606 5528 Tu
657 5470 821 5527 solus
852 5468 1208 5536 mitissimus
1251 5469 1432 5540 judex
1460 5483 1542 5523 es.
1573 5465 1762 5522 Vultis
1815 5468 1963 5524 scire

318 5561 598 5636 quoniam
629 5560 784 5616 Deus
823 5559 1079 5616 clemens
1122 5562 1212 5613 est
1250 5557 1451 5629 judex,
1485 5561 1538 5611 et
1568 5556 1758 5612 omnis
1787 5557 1962 5613 homo

316 5651 573 5709 crudelis
598 5649 734 5706 est?
755 5648 1088 5704 Dormiente
1114 5645 1534 5719 patrefamilias
1555 5644 1832 5701 inimicus
1862 5646 1961 5703 ho-

317 5759 412 5797 mo
461 5737 681 5794 zizania
732 5735 1240 5809 superseminavit.
1273 5734 1431 5791 Servi
1471 5734 1674 5790 volunt
1703 5735 1963 5806 evellere,

311 5834 370 5894 et
399 5829 541 5888 dicit
570 5825 1036 5900 paterfamilias:
1088 5825 1350 5883 Dimittite
1378 5832 1437 5882 ut
1463 5825 1630 5884 simul
1665 5834 1912 5884 crescant
1942 5842 1960 5883 :

595 5953 859 6044 Panos.
908 5951 1123 6020 XXVI.

2064 4935 2392 5007 acciperent
2441 4951 2473 4988 a
2522 4934 2799 4990 divitibus
2844 4937 3224 5006 mulierculis,
3271 4956 3418 5010 quas
3464 4938 3708 4994 induxe-

2067 5029 2243 5080 rant:
2294 5023 2403 5079 hoc
2462 5023 2617 5078 enim
2674 5027 2735 5078 tu
2790 5024 2957 5080 dicis.
3008 5027 3194 5090 Quare
3253 5029 3465 5083 mortui
3525 5029 3710 5083 sunt?

2066 5115 2252 5177 Quare
2282 5111 2589 5167 cruciﬁxi?
2621 5113 2901 5168 Fecerunt
2929 5118 2986 5168 et
3016 5115 3113 5168 alii
3145 5116 3313 5187 signa
3343 5115 3586 5187 magicis
3618 5134 3708 5172 ar-

2066 5203 2245 5270 tibus,
2281 5201 2380 5256 sed
2432 5217 2534 5273 pro
2582 5198 2818 5254 homine
2864 5207 3093 5258 mortuo
3145 5220 3259 5257 non
3304 5209 3440 5259 sunt
3473 5207 3710 5274 mortui,

2067 5307 2171 5363 pro
2223 5290 2458 5345 homine
2507 5289 2779 5345 cruciﬁxo
2832 5306 2947 5345 non
2998 5296 3136 5346 sunt
3182 5293 3463 5348 crucifixi.
3509 5296 3715 5351 Sciunt

2070 5380 2181 5436 iste
2228 5378 2527 5434 hominem
2576 5395 2702 5434 esse
2751 5383 3069 5446 mortuum,
3104 5385 3160 5435 et
3212 5383 3545 5438 moriuntur
3584 5385 3712 5442 sine

2072 5468 2295 5525 causa?
2344 5467 2500 5523 Felix
2546 5484 2681 5539 ergo
2733 5472 2931 5524 nostra
2976 5469 3237 5537 victoria,
3289 5489 3414 5544 quae
3465 5473 3525 5529 in
3583 5493 3718 5534 san-

2073 5558 2248 5631 guine
2288 5556 2682 5628 apostolorum
2730 5557 2993 5613 dedicata
3023 5563 3129 5615 est.
3166 5560 3334 5616 Fides
3366 5569 3564 5622 nostra
3595 5585 3714 5627 non

2074 5647 2373 5720 probatur,
2406 5644 2516 5700 nisi
2569 5662 2670 5717 per
2716 5645 2949 5702 illorum
2983 5647 3352 5720 sanguinem.
3400 5655 3720 5713 Benedica-

2076 5751 2208 5791 mus
2255 5750 2391 5806 ergo
2436 5733 2640 5807 Deum,
2675 5735 2764 5790 cui
2807 5741 2894 5791 est
2923 5735 3109 5808 gloria
3137 5739 3196 5794 in
3227 5740 3440 5798 saecula
3470 5745 3724 5803 saeculo.

2075 5842 2230 5886 rum.
2261 5826 2466 5883 Amen.
3701 5821 3711 5832 '

3362 5967 3440 6029 36
