4256 6588
576 470 727 561 usi

1068 599 1386 657 PSALMUS
1444 599 1711 657 LXXXII.

576 692 860 763 Canticum
902 690 1122 763 psalmi,
1148 691 1439 763 Asaphﬁ_(v.
1477 692 1549 763 1).
1584 691 1695 747 Iste
1726 690 1991 763 psalmus
2020 705 2219 745 vocem

645 761 944 836 PrOphetée
975 762 1234 818 continet
1260 761 1647 818 Collaudantis
1681 761 1883 818 Deum.
1918 762 2015 816 Ait
2042 777 2178 833 ergo
2204 776 2216 814 :

651 890 679 920 ‹‹
710 869 887 939 Deus,
920 868 1055 941 quis
1088 869 1299 925 similis
1338 870 1447 925 erit
1490 869 1643 924 tibi?
1692 869 1839 933 Quia
1885 867 2085 947 nullus
2136 871 2225 923 est

575 957 791 1016 similis
822 958 907 1014 tui
933 975 945 1014 :
980 957 1209 1014 nullum
1232 957 1412 1013 alium
1445 962 1764 1025 auctorem,
1793 958 1906 1013 nisi
1941 962 1998 1013 te
2020 955 2225 1029 quaeri-

578 1063 734 1104 mus.
767 1069 795 1098 ‹‹
831 1047 913 1106 Ne
942 1052 1157 1118 taceas,
1181 1064 1368 1117 neque
1397 1047 1809 1119 compescaris,
1833 1048 2008 1102 Deus.
2046 1069 2068 1101 ι
2106 1046 2224 1101 Nos

2069 462 2487 529 APPENDIX.

2257 604 2311 669 Α
2342 604 2445 655 aut
2491 599 2821 670 sanguinea,
2852 599 2969 660 aut,
3002 603 3248 663 terrena.
3277 592 3480 649 Videte
3537 605 3676 664 ergo
3723 589 3825 663 qui
3872 606 3987 662 pu-

3822 456 3990 524 H32

2330 694 2513 760 gnant
2560 688 2840 743 adversus
2885 687 3139 741 sanctos.
3196 705 3224 733 ‹‹
3256 679 3655 738 Tabernacula
3688 679 3982 735 Idumaeo-

2330 794 2485 845 rum,
2516 797 2542 829 υ
2580 775 2793 832 terreni
2822 779 2879 831 et
2936 772 3241 831 Ismaelitse
3272 770 3751 843 interpretantur,
3792 790 3819 822 α
3840 768 3984 823 ohe-

2332 865 2556 921 dientes
2607 864 2739 931 sibi,
2771 886 2799 915 »
2851 863 2959 919 hoc
2999 866 3108 933 est,
3140 860 3529 933 quodcunque
3556 875 3655 915 cor
3684 857 3983 929 habuerit,

2333 959 2390 1009 et
2419 954 2575 1010 mala
2602 953 2895 1026 cogitatio,
2924 951 3122 1009 statim
3156 949 3396 1006 faciunt.
3429 949 3736 1021 PrOpterea
3765 946 3988 1002 dicitur

2333 1042 2393 1097 in
2442 1042 2779 1099 Ezechiele:
2831 1042 2939 1096 Fili
2986 1041 3245 1110 hominis,
3278 1039 3496 1111 loquere
3540 1036 3806 1093 adversus
3844 1051 3983 1107 pro-

576 1140 864 1206 tacemus,
894 1139 957 1191 tu
987 1153 1092 1207 pro
1123 1135 1290 1191 nobis
1320 1134 1576 1207 loquere.
1608 1136 1763 1191 Justi
1806 1153 1915 1192 vox
1958 1140 2047 1191 est
2096 1150 2227 1206 quae
2330 1134 2540 1206 phetas,
2608 1132 2702 1204 qui
2754 1135 3056 1203 sequuntur
3109 1145 3202 1185 cor
3264 1145 3448 1193 suum,
3506 1136 3559 1182 et
3625 1125 3984 1198 quodcunque

579 1223 769 1281 dicit:
821 1246 851 1275 «
880 1224 1079 1296 Neque
1125 1224 1537 1295 compescaris,
1586 1225 1759 1281 Deus.
1797 1247 1825 1274 ››
1876 1229 1954 1280 De
1994 1222 2230 1295 justitia

582 1304 695 1371 sua
723 1329 966 1371 securus
995 1316 1102 1369 est.

657 1402 1002 1467 «Quoniam
1038 1418 1184 1482 ecce
1232 1401 1453 1458 inimici
1498 1402 1583 1457 tui
1628 1406 1973 1458 sonuerunt.
2009 1425 2031 1455 ι
2088 1402 2229 1456 Pos-

581 1507 791 1550 sumus
838 1490 1165 1547 secundum
1212 1489 1598 1564 tropologiam
1648 1491 1720 1545 de
1749 1490 2005 1547 Ecclesia
2046 1489 2231 1544 inter-

582 1581 799 1654 pretari
844 1584 902 1636 et
945 1579 1287 1635 hzeresihus.
1322 1579 1644 1636 Possumus
1676 1585 1871 1635 autem
1905 1579 2230 1634 secundum

584 1669 841 1725 litteram
888 1662 1258 1739 intei'pretari
1306 1668 1377 1722 de
1423 1667 1639 1739 populo
1681 1668 2043 1734 Judaaorum,
2076 1670 2134 1722 et
2163 1666 2234 1720 de

586 1758 813 1815 caeteris
857 1757 1153 1829 gentibus,
1187 1772 1313 1826 qua:
1361 1755 1420 1809 in
1474 1755 1719 1811 circuitu
1764 1759 2101 1828 expugnant
2127 1754 2231 1810 Ju-

587 1847 794 1901 daam.
858 1866 884 1899 α
914 1845 1198 1911 Quoniam
1250 1860 1381 1899 ecce
1418 1843 1639 1899 inimici
1691 1844 1778 1899 tui
1825 1848 2169 1900 sonuerunt.
2204 1864 2233 1894 »

585 1934 798 1991 Vocem
829 1938 887 1989 et
915 1932 1332 1990 detractionem
1355 1933 1821 1989 adversariorum
1847 1934 2105 1989 sonitum
2136 1949 2234 1988 vo-
2264 1976 2312 2042 B

590 2023 606 2042 .
757 2021 1038 2042 ww..-“
1178 2021 1454 2042 huc”-
1655 2021 1888 2042 :__-__g-g

590 2023 701 2079 luit
750 2021 1063 2095 appellare.
1114 2045 1141 2072 «
1176 2021 1461 2088 Quoniam
1495 2038 1625 2078 ecce
1655 2021 1893 2076 inimici
1925 2023 2010 2078 tui
2049 2038 2231 2078 sonue

590 2116 750 2170 runt.
785 2133 815 2162 »
864 2110 1072 2166 Videte
1131 2110 1272 2184 quid
1332 2110 1533 2167 dicat:
1585 2112 1930 2179 Sonuerunt,
1982 2111 2092 2167 hoc
2150 2115 2240 2167 est

591 2201 761 2275 quasi
810 2200 1144 2274 cymbalum
1192 2200 1473 2272 tinniens,
1509 2201 1593 2256 sic
1638 2204 1966 2257 sonuerunt
1996 2200 2239 2257 auribus

592 2291 761 2349 meis.
794 2290 987 2347 Sonus
1016 2288 1246 2362 proprie
1274 2289 1508 2361 dicitur,
1543 2307 1677 2365 cum
1709 2290 1948 2346 auditur
1977 2293 2238 2345 tantum-

593 2377 769 2434 modo
816 2392 1017 2446 sonus,
1049 2380 1106 2431 et
1152 2391 1259 2431 vox
1309 2393 1427 2431 non
1478 2375 1842 2448 intelligitur.
1886 2378 2032 2449 Ergo
2083 2377 2237 2448 quod

588 2466 758 2545 dicit,
788 2465 898 2521 hoc
945 2470 1036 2520 est
1066 2482 1083 2517 :
1138 2463 1225 2520 Illi
1267 2465 1507 2537 quidem
1537 2464 1948 2538 loquebantur,
1982 2470 2038 2521 et
2068 2465 2238 2538 quasi

592 2554 867 2612 volebant
896 2571 988 2609 me
1019 2570 1262 2627 arguere
1296 2570 1307 2609 :
1362 2558 1633 2610 caeterum
1665 2570 1769 2626 ego
1801 2570 1917 2611 non
1948 2555 2117 2627 quasi
2147 2571 2240 2609 vo-

592 2661 738 2713 cem,
772 2643 874 2700 sed
922 2643 1090 2715 quasi
1143 2660 1355 2699 sonum
1405 2643 1739 2699 audiebam.
1772 2645 1835 2699 Et
1877 2645 1975 2715 qui
2010 2643 2241 2700 oderunt

587 2738 664 2803 te,
696 2733 1014 2790 extulerunt
1042 2742 1225 2805 caput.
1260 2732 1461 2789 Videte
1510 2733 1647 2805 quid
1703 2733 1860 2788 dicat
1892 2750 1904 2787 :
1957 2734 2106 2805 Ergo
2139 2731 2239 2805 qui

586 2823 778 2901 elevat
820 2827 1015 2895 caput,
1047 2823 1171 2877 odit
1212 2822 1419 2878 Deum.
1452 2822 1715 2893 Superbis
1763 2824 1913 2877 enim
1964 2823 2239 2891 Dominus

589 2914 795 2971 resistit
823 2929 842 2966 :
891 2912 1191 2967 humilibus
1236 2922 1418 2966 autem
1447 2910 1541 2967 dat
1569 2914 1809 2982 gratiam
1839 2913 2038 2983 (Iacob.
2074 2928 2150 2978 ιν,
2180 2911 2235 2979 6,

593 3011 646 3058 et
674 3002 702 3057 I
726 3002 875 3058 Petr.
906 3017 962 3069 v,
993 3001 1069 3069 5).
1104 3022 1131 3048 «
1166 3000 1233 3054 Et
1263 2999 1361 3070 qui
1394 3000 1643 3055 oderunt
1671 3004 1751 3065 te,
1781 2998 2112 3055 extulerunt
2141 3015 2235 3054 ca-

593 3094 719 3163 put.
748 3112 771 3141 »
807 3088 868 3145 Si
900 3104 1137 3145 causam
1168 3088 1351 3144 habes
1379 3091 1579 3145 cmtra
1607 3087 1860 3158 aliquem
1887 3105 1901 3157 ;
1934 3088 1986 3144 si
2018 3087 2122 3144 tibi
2144 3088 2241 3144 de-

596 3177 779 3235 trahit
805 3176 984 3232 frater
1019 3181 1177 3246 tuus,
1210 3182 1266 3232 et
1294 3180 1358 3231 tu
1391 3193 1454 3231 es
1484 3175 1727 3232 humilis
1761 3193 1864 3248 pro
1895 3175 2147 3243 Christo,
2180 3181 2239 3233 et

594 3266 692 3324 ille
744 3267 1035 3340 superbus
1082 3270 1317 3339 propter
1353 3265 1674 3337 diabolum,
1707 3270 1770 3321 tu
1802 3265 2052 3321 imitaris
2100 3282 2235 3322 eum

2338 1223 2572 1294 impellit
2618 1222 2898 1291 cogitatio,
2940 1222 3153 1291 faciunt
3203 1218 3415 1290 (Ezech.
3446 1232 3571 1283 xm,
3604 1215 3682 1286 3).
3729 1215 3846 1271 Nos
3876 1231 3983 1270 au-

2337 1318 2455 1367 tem
2504 1328 2619 1366 non
2672 1310 2954 1365 debemus
3012 1307 3180 1379 sequi
3228 1305 3640 1379 cogitationem
3698 1309 3983 1374 nostram,

2340 1417 2445 1457 nec
2497 1399 2614 1455 dici
2662 1397 2988 1465 Ismaelitae,
3035 1397 3144 1453 hoc
3191 1401 3283 1452 est
3333 1395 3668 1452 ohedientes
3714 1393 3845 1462 sibi,
3879 1393 3983 1450 sed

2341 1487 2572 1553 Ismael,
2613 1488 2722 1543 hoc
2773 1490 2880 1553 est,
2914 1485 3249 1542 obedientes
3278 1489 3413 1542 Deo.
3477 1505 3503 1538 α
3537 1483 3728 1556 Moab,
3768 1497 3833 1539 ex
3881 1499 3986 1555 pa-

2341 1583 2448 1648 tre,
2480 1600 2507 1627 »
2542 1577 2649 1633 hoc
2681 1581 2769 1632 est
2800 1577 3135 1632 recedentes
3182 1592 3216 1630 a
3254 1579 3369 1630 Deo
3420 1574 3601 1631 Patre.
3651 1595 3681 1623 «
3712 1574 3985 1645 Agareni,

2342 1666 2642 1741 proselyti.
2679 1688 2705 1715 n
2754 1666 2863 1733 Qui
2921 1681 3056 1721 cum
3113 1664 3391 1720 deberent
3446 1679 3575 1719 esse
3630 1659 3986 1719 habitatores

2346 1756 2466 1824 Dei,
2498 1753 2771 1828 proselyti
2819 1753 2957 1810 facti
3010 1757 3168 1809 sunt.
3203 1752 3365 1809 Gebal
3413 1752 3825 1829 interpretatur
3864 1749 3985 1806 val-

2343 1848 2413 1902 lis
2442 1862 2604 1901 vana.
2637 1846 2730 1909 Ge,
2762 1843 2981 1899 dicitur
3015 1843 3199 1899 vallis.
3245 1842 3350 1897 Bal
3393 1857 3529 1898 vero
3575 1839 3987 1912 interpretatur

2343 1948 2503 1988 vana.
2540 1930 2640 1987 Isti
2672 1946 2809 2003 ergo
2842 1931 2943 2002 qui
2974 1934 3175 1985 contra
3204 1930 3302 1985 Dei
3352 1927 3634 2001 populum
3676 1931 3835 1993 sunt,
3867 1942 3984 1983 non

2347 2025 2487 2077 sunt
2534 2022 2603 2076 de
2649 2024 2866 2086 monte,
2898 2019 3000 2076 sed
3042 2018 3111 2075 de
3148 2017 3296 2075 valle
3324 2034 3490 2074 vana.
3524 2018 3594 2074 Et
3620 2022 3870 2074 Ammon
3900 2017 3990 2072 in-

2347 2113 2733 2181 terpretatur,
2812 2109 3052 2181 populus
3140 2107 3435 2172 turbidus,-
3507 2107 3617 2164 hoc
3689 2112 3809 2172 est,
3884 2105 3988 2178 qui

2348 2198 2649 2255 conﬁdunt
2695 2199 2754 2253 in
2804 2197 3202 2264 multitudine,
3232 2202 3290 2253 et
3336 2214 3451 2253 non
3483 2196 3544 2252 in
3587 2195 3985 2268 simplicitate.

2346 2289 2564 2344 Amalec
2634 2286 3055 2360 interpretatur
3128 2288 3339 2359 lingens
3425 2295 3651 2342 terram.
3728 2285 3989 2348 Quicun-

2349 2393 2462 2450 que
2494 2376 2649 2433 enim
2682 2381 2948 2449 pugnant
2976 2377 3255 2433 adversus
3284 2375 3567 2449 populum
3600 2376 3722 2444 Dei,
3746 2390 3861 2431 non
3892 2390 3993 2430 co-

2348 2466 2592 2521 medunt
2632 2465 2925 2521 cmlestem
2967 2480 3202 2538 panem,
3236 2465 3337 2521 sed
3368 2463 3601 2536 lingunt
3630 2468 3842 2520 terram
3875 2463 3988 2519 sic-

2348 2560 2412 2609 ut
2467 2570 2727 2626 serpens.
2775 2554 3143 2626 Alienigenae.
3197 2553 3307 2611 Ubi
3364 2553 3579 2609 dicitur
3632 2553 3987 2622 alienigene,

2346 2642 2405 2698 in
2465 2644 2700 2700 Hebrmo
2756 2642 2931 2698 habet
2975 2644 3305 2699 Philisliim.
3355 2642 3668 2699 Philistiim
3714 2654 3843 2699 vero
3894 2643 3984 2699 in-

2346 2736 2739 2805 terpretantur
2793 2731 3043 2788 cadentes
3098 2732 3314 2803 potione
3342 2749 3361 2785 :
3410 2730 3519 2787 hoc
3574 2735 3681 2801 est,
3740 2731 3840 2804 qui
3897 2732 3984 2787 in-

2345 2820 2552 2878 ebriati
2582 2825 2722 2876 sunt
2773 2821 2843 2876 de
2891 2820 3069 2876 calice
3107 2819 3350 2888 diaboli,
3379 2824 3437 2876 et
3467 2818 3736 2879 inebriati
3764 2820 3983 2876 cecide-

2344 2910 2576 2983 derunt.
2603 2931 2630 2960 «
2654 2909 2799 2965 Cum
2819 2908 3224 2966 habitantibus
3249 2909 3487 2981 Tyrum.
3515 2931 3542 2959 »
3579 2911 3757 2982 Tyrus
3780 2907 3986 2981 lingua

2342 2999 2582 3074 Hebraea
2634 2997 2848 3054 dicitur
2877 2998 2996 3065 Sor,
3027 2999 3181 3070 quod
3224 2998 3665 3071 interpretatur,
3696 2999 3981 3055 tribulatio

2344 3093 2403 3146 et
2429 3090 2711 3160 angustia.
2745 3088 2853 3154 Qui
2895 3088 3220 3145 debuerant
3271 3103 3399 3144 esse
3453 3086 3739 3161 peregrini
3780 3086 3841 3143 in
3870 3087 3979 3143 isto

2345 3177 2578 3246 saeculo,
2611 3176 2746 3232 facti
2795 3180 2934 3232 sunt
2972 3176 3352 3234 habitatores.
3388 3177 3489 3233 lsti
3518 3193 3653 3250 ergo
3683 3177 3783 3249 qui
3813 3194 3987 3250 expu-

2348 3270 2532 3340 gnant
2577 3265 2860 3339 populum
2910 3266 3034 3334 Dei,
3067 3266 3335 3323 habitant
3384 3267 3446 3322 in
3487 3267 3613 3337 Sor,
3644 3266 3752 3323 hoc
3783 3272 3892 3334 est,
3922 3267 3984 3323 in

596 3357 695 3431 qui
725 3357 868 3413 dicit
900 3376 913 3409 :
966 3356 1169 3411 Discite
1214 3373 1255 3413 α
1298 3371 1384 3411 me
1420 3358 1552 3427 quia
1593 3357 1743 3412 mitis
1770 3372 1895 3411 sum
1926 3363 1977 3411 et
2008 3355 2243 3412 humilis
2271 3346 2313 3413 C
2351 3356 2626 3429 angustia
2647 3360 2705 3412 et
2731 3354 3107 3412 tribulatione
3131 3356 3338 3412 animae
3369 3373 3511 3413 suis.
3545 3357 3671 3414 Istae
3700 3372 3833 3429 ergo
3862 3361 3986 3412 tan-

592 3447 749 3504 corde
775 3445 985 3519 (Matth.
1017 3463 1096 3517 x1,
1126 3444 1239 3515 29).
1273 3444 1374 3501 Ille
1404 3451 1601 3501 autem
1635 3445 1737 3517 qui
1774 3445 2036 3518 erigitur,
2070 3444 2238 3501 illum

586 3522 862 3592 imitatur
903 3535 1000 3607 qui
1051 3533 1195 3589 dicit
1226 3550 1239 3588 :
1291 3535 1355 3589 In
1393 3535 1597 3590 caelum
1626 3534 1940 3607 ascendam,
1970 3550 2135 3606 super
2161 3534 2241 3590 si-

591 3625 724 3682 dera
767 3626 891 3680 caeli
934 3640 1136 3696 ponam
1183 3624 1442 3678 thronum
1477 3640 1679 3691 meum,
1712 3640 1802 3680 ero
1844 3624 2045 3679 similis
2074 3624 2239 3679 Altis-

593 3716 733 3771 simo
763 3714 888 3785 (Isa.
921 3729 1036 3779 xw,
1070 3713 1180 3784 13).
1233 3736 1253 3761 α
1291 3712 1359 3766 Et
1389 3713 1490 3784 qui
1521 3713 1772 3768 oderunt
1800 3717 1876 3785 te,
1909 3712 2241 3770 extulerunt

599 3807 797 3878 caput.
828 3824 857 3851 ››
2124 3854 2127 3857 .

673 3892 920 3963 «Super
966 3889 1251 3962 populum
1302 3894 1475 3945 tuum
1532 3888 2000 3963 malignaverunt
2050 3891 2240 3947 consi-

597 3981 766 4037 lium.
806 4002 834 4029 ››
889 3979 1118 4035 Sufﬁcit
1159 3978 1357 4047 alicui,
1388 3980 1438 4035 si
1485 3980 1739 4051 populus
1779 3980 1875 4035 Dei
1921 3980 2019 4036 sit.
2076 3999 2098 4028 ι
2130 3983 2242 4037 Co-

595 4071 929 4144 gitaverunt
958 4069 1238 4126 adversus
1268 4074 1504 4126 sanctos
1534 4074 1685 4125 tuos.
1718 4089 1745 4121 η
1804 4071 1917 4126 Hoc
1957 4069 2241 4142 interpre-

597 4159 820 4216 tatione
849 4174 963 4214 non
995 4156 1236 4230 indiget.
1271 4158 1524 4230 Legisse,
1557 4158 1913 4215 intellexisse
1952 4164 2062 4216 est.

676 4272 697 4298 (ι
732 4248 1029 4317 Dixerunt,
1060 4247 1254 4303 venite
1303 4252 1360 4303 et
1407 4247 1817 4320 disperdamus
1849 4264 1947 4304 eos
1986 4249 2057 4304 de
2102 4265 2241 4322 gen-

595 4343 673 4396 te.
710 4360 732 4388 ι
787 4338 854 4392 Et
892 4353 1008 4393 non
1051 4336 1129 4393 sit
1170 4352 1335 4408 gens,
1369 4335 1509 4407 quia
1536 4336 1791 4408 populus
1820 4337 1920 4392 Dei
1950 4342 2058 4393 es't.
2111 4361 2138 4388 «
2172 4339 2244 4394 Et

596 4444 714 4484 non
744 4441 1137 4483 memoremur
1167 4441 1378 4489 nomen
1401 4424 1578 4480 Israel
1610 4423 1782 4480 ultra.
1810 4448 1838 4475 ››
1870 4426 1996 4482 Non
2026 4443 2243 4484 meme-

584 4512 761 4572 retur
788 4514 903 4586 hic,
936 4514 1037 4587 qui
1068 4530 1247 4571 sensu
1277 4512 1471 4569 videat
1501 4519 1702 4570 Deum.

674 4629 695 4655 ι
731 4603 1016 4671 Quoniam
1043 4602 1445 4676 cogitaverunt
1472 4604 1830 4669 unanimiter
1852 4605 2050 4662 simul.
2088 4629 2114 4656 >:
2148 4612 2239 4663 In-

2348 3451 2417 3501 tae
2447 3450 2649 3519 gentes
2688 3462 2818 3518 quas
2870 3450 3136 3518 pugnant
3171 3445 3452 3502 adversus
3483 3450 3768 3514 sanctum,
3798 3444 3985 3502 videa-

2350 3552 2485 3591 mus
2510 3551 2686 3607 quem
2720 3534 2939 3591 habent
2969 3533 3291 3608 principem
3318 3553 3331 3590 :
3362 3534 3735 3607 Salvatorem,
3766 3551 3839 3590 an
3868 3534 3986 3591 dia~

2348 3623 2570 3681 bolum.
2604 3624 2751 3688 Quid
2783 3624 3049 3697 sequitur
3072 3624 3100 3679 ‘I
3147 3644 3174 3677 α
3204 3624 3427 3680 Etenim
3458 3627 3644 3681 Assur
3669 3624 3825 3680 venit
3850 3639 3981 3681 cum

2346 3712 2484 3771 illis.
2520 3736 2550 3763 »
2579 3713 2748 3769 Assur
2775 3712 3308 3770 Nabuchodonosor
3336 3714 3702 3771 adversarius
3731 3714 3851 3781 Dei,
3883 3713 3982 3786 qui

2352 3802 2633 3875 pepulum
2666 3802 2763 3859 Dei
2796 3802 2963 3859 duxit
2991 3803 3050 3859 in
3081 3803 3472 3875 captivitatem
3507 3820 3522 3859 :
3563 3802 3699 3860 licet
3725 3803 3985 3861 videatur

2350 3896 2551 3964 gentes
2582 3892 2794 3949 habere
2824 3891 3111 3965 plurimas
3139 3909 3245 3966 pro
3277 3910 3339 3950 se
3374 3894 3755 3950 dimicantes:
3788 3897 3982 3949 tamen

2352 3982 2676 4054 principem
2704 3981 2924 4038 habent
2943 3988 3149 4053 Assur,
3171 3982 3281 4039 hoc
3308 3988 3396 4040 est
3416 3981 3735 4039 diabolum.
3766 4005 3795 4033 «
3828 3981 3984 4039 Facti

2352 4076 2491 4127 sunt
2536 4072 2593 4125 in
2642 4071 2999 4142 adjutorium
3048 4069 3185 4129 tiliis
3215 4073 3338 4128 Lot.
3373 4096 3395 4125 ι
3451 4073 3549 4129 Lot
3576 4072 3986 4145 interpretatur

2349 4161 2650 4218 declinans.
2682 4165 2984 4216 Daemones
3029 4165 3163 4218 ante
3193 4161 3430 4218 fuerunt
3459 4160 3670 4234 angeli,
3702 4167 3759 4217 et
3784 4165 3986 4233 postea

2352 4267 2485 4306 cum
2535 4248 2766 4307 diabolo
2815 4250 3168 4320 ceciderunt,
3218 4255 3276 4307 et
3325 4251 3459 4308 facti
3518 4255 3657 4307 sunt
3707 4249 3985 4307 satellites

2350 4342 2498 4412 ejus,
2529 4338 2683 4397 sicut
2723 4339 3008 4412 scriptum
3052 4344 3142 4396 est
3187 4339 3248 4396 in
3297 4339 3646 4413 Apocalypsi
3693 4339 3982 4396 Joannis:

2351 4431 2492 4498 Quia
2546 4429 2719 4485 draco
2772 4429 2981 4495 cecidit,
3021 4436 3074 4485 et
3128 4430 3302 4486 traxit
3354 4445 3534 4486 secum
3590 4429 3801 4485 tertiam
3847 4443 3986 4497 par-

2347 4524 2457 4574 tem
2505 4519 2793 4575 stellarum
2842 4519 3023 4592 (Apoc.
3074 4535 3195 4589 VIII,
3255 4518 3362 4590 l2).
3418 4519 3566 4592 Ergo
3615 4517 3751 4591 quid
3796 4515 3989 4572 dicit?

2346 4608 2449 4671 Isti
2483 4608 2583 4681 qui
2611 4611 2896 4664 venerunt
2922 4624 3060 4663 cum
3089 4606 3269 4664 tantis
3299 4607 3593 4680 gentibus,
3615 4610 3673 4663 et
3697 4621 3991 4678 expugna-

599 4692 795 4784 l‘elices
843 4710 950 4748 nos
984 4710 997 4748 :
1054 4692 1258 4784 Infelix
1310 4692 1561 4765 populus
1613 4694 1732 4766 Dei,
1777 4712 1891 4751 non
1940 4700 2132 4769 potest
2178 4697 2238 4753 in
2269 4719 2316 4784 D
2346 4704 2556 4753 verunt
2585 4698 2869 4770 populum
2899 4700 3094 4765 tuum,
3124 4701 3183 4753 et
3210 4696 3368 4754 venit
3407 4713 3543 4752 cum
3583 4695 3667 4753 eis
3695 4699 3894 4760 Assur,
3927 4698 3990 4752 et

598 4783 749 4838 bono
797 4785 1021 4837 tantam
1071 4781 1283 4839 habere
1331 4784 1727 4852 concordiam,
1762 4792 2044 4857 quantam
2099 4785 2237 4841 mali

596 4869 816 4928 habent
858 4870 918 4925 in
968 4869 1142 4926 malo.
1194 4895 1221 4921 «
1254 4872 1549 4929 Adversus
1586 4878 1642 4929 te
1669 4877 2089 4930 testamentum
2118 4873 2239 4931 dis-

594 4963 919 5033 posuerunt
947 4959 1325 5017 tabernacula
1355 4962 1744 5017 Idumaeorum
1782 4968 1839 5019 et
1882 4962 2187 5019 Ismaelitae
2223 4981 2236 5020 :

596 5049 767 5107 Moab
797 5050 1070 5123 Agareni,
1106 5049 1306 5121 Gehal,
1339 5054 1396 5106 et
1425 5057 1611 5106 Amon
1643 5056 1701 5106 et
1744 5051 2001 5123 Amalec,
2035 5052 2238 5109 alieni-

594 5156 754 5213 genae
785 5155 919 5195 cum
950 5140 1352 5195 habitantibus
1383 5140 1601 5212 Tyrum
1636 5158 1649 5195 :
1691 5140 1905 5195 etenim
1935 5146 2125 5196 Assur
2149 5158 2241 5198 ve-

592 5229 682 5285 nit
710 5245 843 5286 cum
874 5226 1013 5298 illis,
1046 5228 1180 5284 facti
1214 5232 1352 5285 sunt
1381 5229 1441 5283 in
1484 5229 1847 5300 adjutorium
1879 5229 2006 5285 Lot.
2042 5252 2069 5279 ››
2120 5234 2239 5286 Un-

590 5318 780 5375 decim
812 5330 954 5375 sunt
1003 5318 1103 5390 qui
1152 5323 1418 5391 pugnant
1449 5318 1729 5374 adversus
1761 5323 2052 5374 sanctum.
2084 5322 2235 5385 Quo-

589 5407 749 5464 niam
798 5424 935 5481 ergo
985 5411 1394 5480 pugnaverunt
1428 5411 1630 5461 contra
1658 5411 1911 5475 sanctos,
1946 5408 2015 5463 ad
2048 5411 2236 5481 perfe-

589 5499 746 5551 ctum
794 5512 1130 5567 numerum,
1163 5495 1221 5551 id
1271 5499 1360 5551 est
1408 5494 1844 5562 duodecimum,
1875 5497 2072 5554 venire
2117 5516 2234 5556 non

590 5588 925 5653 potuerunt.
973 5605 999 5637 α
1029 5583 1425 5641 Tabernacula
1456 5583 1866 5641 ldumzeorum.
1906 5609 1927 5636 ι
1972 5592 2096 5643 Non
2130 5588 2234 5645 ha-

590 5669 729 5725 bent
765 5672 977 5729 domus
1023 5675 1495 5743 fundamentum,
1528 5672 1630 5727 sed
1680 5674 2059 5734 tabernacula
2106 5695 2232 5750 quae

578 5752 702 5817 cito
727 5766 1161 5833 pertranseunt.
1185 5763 1441 5818 Idumzea
1461 5760 1769 5834 dupliciter
1795 5764 2228 5841 interpretatur,

2334 4786 2671 4859 .principem
2721 4787 2940 4843 habent
2981 4784 3305 4857 diabolum,
3335 4785 3474 4842 facti
3504 4789 3646 4842 sunt
3674 4785 3734 4840 in
3763 4783 3989 4856 adiuto-

2348 4875 2501 4931 rium
2553 4874 2690 4935 ﬁliis
2737 4876 2861 4942 Lot,
2897 4874 3006 4931 hoc
3048 4878 3137 4932 est
3185 4874 3568 4931 daemonibus.
3600 4872 3707 4938 Qui
3739 4890 3771 4929 a
3800 4877 3856 4929 te
3883 4872 3988 4929 de-

2347 4964 2729 5030 clinaverunt,
2762 4963 2870 5019 hoc
2925 4969 3244 5036 operantur
3272 4965 3425 5035 quod
3459 4969 3518 5019 et
3546 4963 3854 5019 daemones.
3883 4960 3987 5016 Vi-

2342 5053 2498 5117 detis
2528 5053 2668 5125 quia
2696 5051 3043 5110 dil‘ficillima
3071 5053 3200 5110 loca
3237 5058 3379 5109 sunt
3410 5068 3424 5108 :
3478 5052 3687 5108 videtis
3718 5051 3854 5123 quia
3880 5051 3987 5106 ob-

2347 5158 2517 5199 scura
2545 5146 2702 5210 sunt,
2735 5147 2791 5198 et
2821 5142 2882 5198 in
2912 5141 3163 5215 singulis
3207 5142 3579 5199 sermonibus
3608 5156 3819 5215 magna
3846 5143 3992 5195 sunt

2347 5236 2734 5298 sacramenta,
2767 5237 2824 5288 et
2869 5231 3221 5289 necessitate
3269 5230 3679 5305 compellimur
3706 5230 3766 5285 in
3792 5229 3990 5286 verbis

2344 5321 2663 5388 Hebraicis,
2695 5325 2753 5377 et
2801 5319 2990 5393 plenis
3048 5322 3342 5394 mysteriis
3393 5320 3616 5377 diutius
3662 5316 3990 5375 immorari.

2344 5411 2541 5482 Neque
2569 5410 2727 5466 enim
2759 5425 2915 5465 nunc
2945 5410 3303 5466 rhetoricum
3334 5409 3531 5467 locum
3577 5407 3990 5476 eventilamus,

2303 5505 2307 5509 '
2345 5499 2445 5555 sed
2476 5499 2533 5554 id
2566 5499 2722 5570 quod
2753 5516 2787 5555 a
2814 5497 3030 5570 Spiritu
3066 5503 3267 5556 sancto
3308 5500 3535 5556 dictum
3565 5502 3674 5566 est,
3706 5496 3998 5569 interpre-

2342 5589 2451 5643 tari
2483 5589 2748 5643 nitimur.
2782 5585 2905 5643 Nisi
2951 5587 3109 5644 enim
3149 5589 3234 5644 sic
3273 5590 3709 5660 interpretetur,
3744 5590 3809 5641 ut
3839 5584 3993 5641 dixi-

2343 5695 2497 5745 mus,
2522 5678 2664 5751 quid
2696 5676 2932 5749 prodest
2954 5676 3228 5735 Ecclesiis
3256 5678 3472 5736 Christi
3506 5677 3694 5750 legere
3723 5676 3999 5733 taberna-

2340 5768 2471 5826 cula
2502 5769 2895 5825 Idumaaorum
2925 5770 2982 5825 et
3016 5767 3339 5839 tsmnelitae,
3373 5771 3431 5826 et
3460 5771 3668 5827 cetera
3701 5764 3948 5824 nomina
3967 5766 4001 5829 ἵ
