4256 6580
252 520 406 585 1133

1428 518 1922 582 BREVIABIUM
1966 518 2043 578 IN
2091 518 2447 579 PSALMOS
2464 562 2477 575 .

3503 518 3658 580 1134

251 653 538 718 Quoniam
571 668 707 724 ergo
730 655 1016 708 venerunt
1044 653 1243 706 contra
1272 650 1557 722 populum
1589 656 1781 720 tuum,
1816 651 1892 706 vi-
1921 653 1975 718 Α
2006 666 2154 722 pone
2202 648 2333 704 illos
2382 654 2446 705 ut
2495 653 2700 704 rotam.
2734 667 2759 700 ιο
2817 648 2924 712 Qui
2977 648 3146 719 quasi
3201 648 3651 706 fundamentum

252 742 497 799 deamus
525 741 667 814 quid
695 740 780 797 eis
809 740 1164 813 imprecetur
1194 738 1530 795 Psalmista.

330 868 357 901 α
388 849 497 904 Fac
527 847 646 904 illis
675 847 827 902 sicut
856 846 1087 903 Madian
1121 849 1179 899 et
1209 845 1440 909 Sisaree,
1464 845 1616 900 sicut
1642 845 1841 901 Jabin.
1873 868 1899 895 υ

256 937 507 1011 Legistis
538 936 598 991 in
642 935 918 992 Judicum
952 934 1102 991 libro
1135 952 1148 989 :
1184 933 1299 988 Iste
1350 938 1438 989 est
1466 934 1692 989 Madian
1720 951 1902 1005 quem

253 1026 603 1099 expugnavit
654 1024 887 1081 Gedeon
936 1023 1139 1095 (Judic.
1187 1038 1288 1087 vn,
1323 1022 1489 1076 19-23
1535 1031 1587 1077 et
1632 1024 1898 1091 vm,12).

252 1116 284 1170 J
291 1115 447 1182 abin,
475 1120 533 1170 et
554 1114 753 1170 Sisara
778 1113 877 1168 isti
912 1116 1069 1182 sunt,
1100 1127 1248 1183 quos
1271 1110 1620 1182 expugnavit
1638 1110 1903 1167 Debbora

253 1207 310 1259 et
339 1203 557 1260 Barach
603 1202 809 1274 (Judic.
844 1218 920 1269 ιν,
953 1202 1060 1268 15).
1099 1220 1128 1251 α
1162 1200 1221 1254 In
1274 1204 1531 1255 torrente
1560 1198 1729 1254 Cison
1780 1199 1899 1254 dis-

253 1294 489 1365 periunt
528 1292 589 1348 in
639 1293 852 1348 Endor.
888 1313 917 1341 »
952 1291 1217 1346 Debbora
1247 1298 1304 1344 et
1350 1289 1565 1344 Barach
1596 1289 1901 1345 interfece-

253 1387 392 1439 runt
454 1382 711 1438 Sisaram
792 1378 1117 1452 principem
1185 1377 1405 1433 militias
1467 1377 1670 1448 (Ibid.
1738 1379 1897 1449 21).

251 1470 400 1544 Ergo
481 1470 637 1543 quod
716 1469 876 1540 dicit,
942 1468 1130 1522 videte
1192 1466 1333 1537 quid
1401 1466 1479 1520 sit
1547 1482 1560 1519 :
1630 1466 1897 1535 Domine,

251 1565 533 1633 quantam
609 1559 825 1614 habent
888 1556 1226 1629 superbiam
1287 1555 1301 1610 ι
1390 1555 1671 1626 quoniam
1762 1571 1898 1612 cum

250 1652 413 1706 tanto
494 1647 738 1704 veniunt
814 1645 1091 1712 exercitu,
1157 1642 1435 1716 quoniam
1512 1643 1900 1699 Nabuchodo-

255 1754 431 1794 nosor
484 1736 701 1792 habent
746 1734 1071 1808 principem
1128 1732 1500 1805 Assyriorum
1556 1750 1568 1787 :
1622 1732 1901 1804 quoniam

255 1826 390 1882 facti
424 1831 564 1882 sunt
613 1825 675 1881 in
704 1824 1067 1895 adjutorium
1112 1822 1247 1877 ﬁliis
1299 1822 1399 1877 Lot
1433 1839 1446 1877 :
1481 1821 1762 1894 quoniam
1795 1822 1902 1878 hoc

258 1919 441 1989 agunt
489 1914 643 1987 quod
692 1916 873 1993 agunt
918 1912 1210 1967 daemones
1243 1927 1256 1966 :
1292 1909 1570 1982 quoniam
1625 1910 1904 1983 superbia

257 2004 519 2077 ipsorum
568 2017 757 2074 usque
802 2001 873 2057 ad
920 2003 977 2056 te
1023 1998 1244 2055 elevata
1288 2002 1377 2054 est
1427 2017 1440 2055 :
1492 2001 1797 2070 propterea
1848 2003 1903 2054 te
1933 2020 1979 2085 Β

258 2094 536 2165 deprecor
587 2095 672 2161 ut,
726 2090 798 2146 ad
848 2088 1232 2161 ignominiam
1282 2104 1473 2155 suam,
1533 2103 1648 2144 non
1698 2104 1732 2143 a
1784 2086 1903 2142 viro

255 2181 584 2247 vincantur,
617 2179 719 2235 sed
749 2196 782 2234 a
833 2178 1096 2233 muliere.
1133 2195 1160 2229 α
1191 2176 1348 2232 Facti
1392 2180 1533 2232 sunt
1577 2182 1643 2231 ut
1680 2181 1906 2233 stercus

256 2274 445 2328 terrai.
482 2291 508 2318 ι)
539 2268 695 2333 Qui?
726 2267 980 2334 Madian,
1003 2271 1059 2322 et
1089 2266 1305 2332 Sisara,
1339 2269 1397 2320 et
1423 2265 1620 2321 Jabin.
1655 2264 1754 2320 Isti
1787 2269 1906 2321 tres

257 2359 393 2416 facti
426 2362 568 2414 sunt
605 2356 757 2414 sicut
803 2361 1029 2411 stercus
1070 2360 1258 2410 terrae.
1292 2354 1523 2411 Madian
1557 2353 1903 2425 interpreta-

256 2453 353 2503 tur
379 2446 706 2518 relinquens
733 2445 1031 2517 judicium.
1065 2444 1413 2515 Quicunque
1443 2448 1668 2515 pugnat
1700 2447 1905 2499 contra

256 2537 539 2610 populum
590 2550 809 2601 meum,
840 2550 955 2589 non
1004 2533 1221 2604 cogitat
1270 2533 1533 2587 futurum
1581 2547 1709 2588 esse
1734 2532 1906 2603 judi-

258 2626 439 2682 cium.
480 2624 676 2681 Sisara
719 2624 1135 2694 interpretatur
1185 2623 1313 2692 equi
1338 2622 1496 2677 visio.
1532 2622 1632 2676 Isti
1664 2621 1763 2692 qui
1795 2637 1904 2693 pu-

258 2718 443 2788 gnant
485 2717 687 2770 contra
724 2710 1007 2784 p0pulum
1045 2714 1236 2779 tuum,
1268 2726 1384 2766 non
1435 2715 1577 2765 sunt
1630 2712 1700 2765 de
1731 2725 1905 2782 grege

258 2808 380 2874 tuo,
413 2806 470 2859 et
519 2803 590 2857 de
640 2800 948 2874 pecoribus
978 2799 1117 2867 tuis,
1150 2799 1247 2854 sed
1281 2799 1351 2853 de
1395 2799 1563 2869 equis
1611 2799 1711 2870 qui
1742 2798 1909 2854 insa-

260 2891 432 2947 niunt
459 2890 519 2946 in
568 2890 836 2946 feminas.
874 2887 971 2943 Isti
1015 2903 1151 2959 ergo
1181 2886 1318 2957 equi
1346 2902 1577 2958 semper
1606 2888 1792 2958 parati
1846 2886 1907 2942 in

261 2979 528 3051 praelium
559 2983 717 3035 sunt.
753 2998 782 3027 «
813 2977 975 3032 Sicut
1000 2974 1194 3032 Jabin.
1231 2975 1461 3031 nJabin
1491 2975 1910 3047 interpretatur

262 3069 588 3125 intellectus.
618 3067 727 3132 Qui
773 3065 884 3123 sibi
915 3065 975 3121 in
1025 3081 1134 3120 sua
1158 3063 1447 3136 sapientia
1494 3065 1822 3135 conﬁdunt,
1854 3069 1911 3122 et

268 3174 385 3213 non
414 3157 474 3212 in
503 3156 690 3229 gloria
722 3155 840 3211 Dei.
882 3177 909 3204 (ι
944 3152 1101 3209 Facti
1132 3157 1273 3208 sunt
1301 3156 1366 3207 ut
1393 3156 1620 3209 stercus
1651 3156 1841 3208 terrae.
1880 3175 1908 3202 ››

267 3245 359 3300 Illi
412 3244 511 3317 qui
563 3242 963 3316 gloriabantur
1016 3240 1075 3296 in
1125 3240 1401 3311 exercitu,
1462 3241 1561 3311 qui
1619 3240 1911 3297 habebant

266 3331 589 3404 principem
635 3332 839 3393 Assur,
888 3334 947 3384 et
990 3328 1262 3383 dicebant
1302 3344 1315 3382 :
1369 3333 1433 3383 In
1476 3329 1673 3384 emtum
1715 3345 1908 3385 ascen.

264 3421 392 3477 dam
440 3422 566 3491 (Isa.
598 3436 714 3485 xw,
757 3419 868 3489 13),
917 3434 1033 3472 non
1083 3415 1275 3472 solum
1325 3417 1383 3471 in
1417 3421 1631 3472 terram
1686 3418 1910 3473 cecide-

265 3513 423 3577 runt,
457 3508 557 3563 sed
591 3509 649 3562 in
678 3511 834 3562 terra
863 3509 1089 3561 stercus
1120 3505 1256 3560 facti
1286 3508 1446 3560 sunt.
1699 3499 1713 3508 ’

339 3597 548 3652 «Pone
593 3594 884 3668 principes
932 3609 1156 3649 eorum.
1214 3615 1244 3643 »
1296 3594 1603 3660 Quorum?
1644 3593 1752 3661 Qui
1801 3611 1907 3666 pu-

263 3690 446 3759 gnant
470 3690 674 3741 contra
703 3681 986 3756 populum
1018 3686 1208 3737 tuum.
1255 3703 1284 3733 «
1315 3682 1479 3738 Sicut
1507 3683 1656 3738 Oreb
1689 3687 1745 3738 et
1774 3682 1907 3748 Zeb,

261 3778 318 3829 et
345 3773 543 3841 Zebee,
583 3777 642 3828 et
686 3770 979 3827 Salmana.
1013 3769 1229 3825 Omnes
1278 3769 1571 3842 principes
1619 3787 1842 3826 eorum.
1880 3791 1907 3818 »

263 3862 501 3936 Legisse
558 3879 660 3918 vos
707 3865 847 3934 puto
892 3860 1198 3916 historiam
1249 3859 1308 3914 in
1364 3860 1641 3917 Jndicum
1700 3858 1849 3915 libro
1894 3877 1907 3915 :

260 3950 539 4023 quoniam
570 3951 802 4007 Gedeon
822 3949 921 4021 qui
955 3953 1194 4004 vocatur
1209 3947 1323 4004 alio
1353 3949 1595 4005 nomine
1614 3947 1909 4018 Jerobaal,

263 4057 368 4112 pro
400 4039 614 4112 populo
643 4039 743 4095 Dei
774 4054 1065 4111 pugnans,
1090 4032 1197 4093 hos
1227 4042 1482 4109 quatuor
1512 4054 1679 4111 reges
1709 4038 1914 4093 vicerit

265 4134 324 4183 et
352 4128 707 4185 interfecerit
738 4143 837 4183 eos
868 4127 1064 4198 (ludio.
1095 4143 1194 4194 vn,
1224 4126 1297 4179 22
1325 4128 1461 4197 seq.)

334 4234 537 4290 Videte
560 4232 763 4306 quales
802 4235 943 4288 sunt
981 4231 1274 4303 principes
1304 4232 1774 4303 Madianitarum,
1810 4233 1911 4304 qui

264 4321 629 4393 reliquerunt
649 4320 941 4391 judicium
966 4319 1097 4375 Dei:
1122 4341 1149 4369 «
1180 4320 1349 4387 Oreb,
1381 4325 1439 4376 et
1469 4321 1601 4389 Zeb,
1632 4326 1691 4377 et
1710 4322 1908 4390 Zebee,

264 4417 321 4468 et
350 4410 645 4469 Salmana.
669 4429 697 4461 η
732 4408 873 4475 Quis
905 4407 1144 4480 putatin
1175 4408 1307 4464 istis
1339 4409 1530 4465 verbis
1552 4427 1680 4466 esse
1702 4416 1914 4483 myste-

263 4499 354 4558 ria
385 4497 747 4557 Salvatoris‘?
780 4498 1005 4569 Legunt
1036 4495 1143 4552 hoc
1171 4496 1523 4569 philosophi,
1558 4502 1616 4553 et
1646 4499 1909 4555 irrident.

265 4590 491 4665 Legunt
519 4588 803 4653 rhetores,
838 4588 895 4641 et
936 4589 1147 4657 putant
1191 4599 1319 4640 esse
1349 4584 1753 4642 deliramenta.
1784 4587 1909 4643 Non

265 4678 459 4734 solum
508 4681 706 4733 autem
757 4675 1044 4740 rhetores,
1080 4674 1180 4729 sed
1230 4678 1287 4729 et
1313 4673 1497 4729 Judaei
1544 4690 1660 4730 non
1690 4674 1911 4731 habent

265 4767 485 4823 clavem
534 4764 837 4822 scientias:
882 4762 1159 4836 quoniam
1207 4762 1467 4819 velamen
1518 4763 1774 4837 positum
1821 4768 1913 4821 est
1944 4750 1990 4816 D

266 4858 398 4911 ante
452 4852 654 4911 oculos
701 4868 925 4909 eorum.
982 4851 1130 4908 Oreb
1173 4852 1591 4924 interpretatur
1635 4857 1907 4925 foramen,

265 4943 325 4999 in
356 4959 472 5015 quo
501 4942 739 4998 coluber
766 4940 1110 5014 ingreditur.
1138 4941 1249 4997 Zeb
1280 4942 1698 5014 interpretatur
1728 4942 1908 5014 lupus.

267 5031 470 5087 Videte
500 5031 739 5087 nomina
768 5028 1122 5103 principium
1168 5030 1634 5087 adversariorum
1664 5030 1901 5087 Christi.

265 5120 464 5190 Zebee,
496 5120 695 5187 hostia,
729 5118 839 5175 hoc
886 5123 996 5186 est,
1030 5135 1178 5190 quos
1208 5117 1386 5191 lupus
1433 5119 1819 5176 sul‘focaverit.
1848 5122 1916 5175 Et

266 5208 560 5276 Salmana,
588 5209 822 5281 perfecti
850 5210 908 5262 in
934 5208 1179 5263 malitia.
1211 5206 1414 5263 Videte
1442 5224 1578 5280 ergo
1609 5209 1914 5264 nominum

270 5301 657 5355 sacramenta.
720 5320 747 5348 «
795 5295 903 5362 Qui
955 5297 1225 5352 dixerunt
1275 5312 1288 5351 :
1345 5295 1679 5352 haereditate
1727 5297 1916 5369 possi-

278 5389 524 5445 deamus
555 5385 957 5443 sanctuarium
979 5384 1099 5442 Dei.
1123 5405 1150 5438 ι)
1187 5385 1484 5452 Dixerunt,
1509 5386 1608 5441 sed
1643 5402 1755 5440 non
1788 5403 1917 5459 per-

268 5476 561 5544 fecerunt;
598 5475 738 5548 quia
771 5474 1053 5531 Dominus
1086 5475 1383 5549 pugnabat
1410 5491 1513 5547 pro
1544 5474 1757 5547 popqu
1788 5491 1915 5531 suo.

348 5604 376 5635 «
408 5583 563 5640 Deus
595 5597 783 5651 meus,
817 5595 966 5654 pone
996 5580 1128 5637 illos
1161 5585 1225 5636 ut
1273 5586 1477 5638 rotam.
1511 5602 1538 5631 ››
1570 5580 1774 5637 Videte
1804 5581 1919 5637 cle-

271 5671 562 5731 mentiam
594 5670 888 5743 prophetae
922 5686 935 5725 :
968 5669 1093 5725 Non
1143 5676 1415 5742 precatur
1442 5674 1645 5726 contra
1668 5686 1787 5738 eos,
1821 5672 1922 5727 sed

264 5770 373 5838 pro
416 5760 523 5817 eis.
554 5757 761 5817 Videte
813 5757 954 5833 quid
985 5756 1141 5816 dicat
1171 5775 1185 5815 :
1217 5759 1372 5817 Deus
1418 5775 1606 5827 meus,
1638 5759 1739 5832 qui
1770 5760 1924 5818 Deus

265 5866 330 5913 es
376 5847 673 5920 omnium,
721 5862 890 5907 meus
938 5847 1172 5925 proprie
1218 5847 1392 5909 Deus.
1446 5867 1474 5903 σι
1520 5848 1674 5909 Deus
1723 5866 1919 5927 meus,

2011 738 2230 794 habent
2277 738 2337 792 in
2397 738 2642 804 malitia,
2703 754 2817 793 non
2875 737 3126 793 habeant
3175 737 3649 806 fundamentum,

2011 826 2111 881 sed
2146 825 2434 896 vacillent,
2462 830 2519 881 et
2550 843 2665 881 non
2701 829 2855 880 stent
2876 825 2933 881 in
2958 824 3197 880 malitia.
3235 846 3262 876 οι
3287 825 3450 881 Sicut
3473 827 3657 898 stipu-

2012 914 2129 970 lam
2163 918 2295 970 ante
2346 915 2553 969 faciem
2600 913 2777 979 venti,
2810 914 2965 970 sicut
3014 913 3168 985 ignis
3216 914 3317 985 qui
3365 915 3661 971 comburit

2011 1002 2241 1057 silvam.
2274 1021 2300 1052 η
2344 1022 2370 1054 α
2397 1002 2555 1057 Sicut
2578 1001 2877 1073 stipulam,
2906 1024 2933 1051 n
2958 1019 3071 1056 non
3104 1003 3254 1057 sicut
3276 1003 3656 1059 frumentum.

2011 1091 2111 1146 sed
2157 1091 2469 1161 Stipulam;
2501 1091 2657 1161 quod
2708 1090 2867 1157 dicit,
2902 1091 3012 1146 hoc
3059 1096 3182 1159 est;
3219 1091 3265 1146 si
3301 1090 3433 1163 quis
3481 1096 3571 1148 est
3599 1092 3659 1148 in

2011 1178 2094 1234 eis
2126 1178 2343 1251 stipula
2371 1184 2429 1235 et
2466 1179 2651 1251 palea,
2676 1185 2890 1250 pereat.
2932 1201 2958 1232 «
2989 1180 3154 1236 Sicut
3183 1180 3337 1252 ignis
3367 1181 3468 1252 qui
3498 1197 3659 1237 com-

2009 1267 2167 1322 burit
2193 1268 2420 1324 silvam.
2451 1287 2477 1319 η
2517 1269 2642 1324 Non
2685 1268 2848 1335 dixit,
2883 1270 3119 1325 arbores
3149 1269 3498 1342 frugiferas;
3532 1272 3657 1340 sed,

2009 1358 2227 1426 silvam,
2263 1374 2389 1429 quae
2422 1374 2535 1413 non
2565 1357 2743 1413 habet
2773 1358 2990 1429 fruges.
3022 1358 3078 1412 Si
3113 1359 3246 1429 quis
3273 1375 3409 1431 ergo
3441 1358 3661 1432 stipula

2009 1450 2119 1511 est,
2150 1450 2206 1501 et
2235 1463 2350 1501 non
2382 1446 2561 1502 habet
2606 1447 2966 1502 frumentum
2997 1464 3010 1501 :
3045 1447 3094 1502 si
3126 1448 3258 1518 quis
3290 1448 3434 1503 silva
3461 1451 3572 1515 est,
3602 1453 3663 1505 et

2015 1550 2125 1589 non
2157 1533 2334 1590 habet
2366 1536 2581 1607 fruges,
2615 1534 2707 1591 hic
2740 1539 2953 1606 pereat.
2981 1559 3009 1586 ‹‹
3044 1536 3206 1592 Sicut
3234 1536 3473 1592 ﬂamma
3503 1554 3659 1594 com-

2012 1622 2225 1679 burens
2259 1629 2508 1680 montes.
2547 1646 2574 1673 ››
2601 1624 2886 1697 Superbia
2915 1624 2971 1680 in
3004 1625 3087 1680 eis
3121 1630 3334 1697 pereat.

2082 1735 2110 1762 ‹‹
2146 1716 2232 1767 Ita
2280 1713 2647 1785 persequeris
2695 1712 2825 1767 illos
2874 1712 2934 1768 in
2966 1717 3308 1785 tempestate
3360 1722 3482 1784 tua,
3516 1719 3571 1772 et
3599 1715 3660 1772 in

2012 1801 2099 1856 ira
2130 1805 2247 1857 tua.
2286 1823 2312 1850 ››
2345 1802 2491 1868 Quid
2521 1801 2547 1856 ‘I
2579 1801 2820 1858 Occides
2842 1802 2987 1858 eos?
3018 1802 3141 1858 Non
3178 1821 3192 1859 :
3225 1804 3349 1875 sed,
3391 1805 3662 1861 Turbabis

2010 1905 2117 1945 eos.
2154 1888 2226 1944 Ut
2257 1890 2574 1945 salventur.

2084 1977 2322 2050 «Imple
2379 1978 2554 2035 facies
2605 1996 2806 2035 eorum
2860 1978 3202 2051 ignominia.
3231 2001 3259 2035 υ
3296 1981 3367 2038 Ut
3416 1981 3664 2038 confun.

2014 2066 2247 2122 dantur.
2281 2068 2469 2132 Quare
2522 2067 2676 2122 hoc?
2708 2091 2737 2117 ‹‹
2771 2067 2843 2123 Ut
2873 2072 3172 2139 quaereant
3220 2086 3431 2125 nomen
3466 2074 3656 2139 tuum,

2018 2154 2274 2212 Domine.
2312 2177 2339 2203 »
2383 2155 2599 2212 Videtis
2649 2172 2784 2228 ergo
2814 2157 2954 2228 quia
3002 2174 3114 2212 non
3167 2163 3370 2213 contra
3407 2174 3526 2225 eos,
3560 2160 3660 2215 sed

2016 2260 2120 2316 pro
2150 2242 2336 2299 salute
2375 2243 2636 2314 ipsorum
2687 2246 3048 2317 deprecatur.
3105 2246 3361 2317 Denique
3391 2251 3449 2302 et
3480 2248 3538 2302 in
3574 2264 3663 2303 se-

2017 2332 2333 2404 quentibus
2363 2333 2549 2387 videte
2580 2333 2718 2405 quid
2754 2335 2908 2389 dicat
2936 2350 2949 2390 :

2089 2444 2117 2471 «
2149 2422 2510 2477 Erubescant
2531 2426 2587 2478 et
2616 2423 3037 2479 conturbentur
3056 2424 3111 2480 in
3138 2423 3417 2480 saeculum
3440 2424 3664 2495 saeculi,

2017 2515 2074 2565 et
2103 2511 2539 2566 confundantur
2579 2518 2635 2566 et
2677 2516 2992 2582 pereant.»
3045 2512 3289 2569 Pereant
3335 2515 3661 2570 secundum

2017 2598 2125 2654 hoc
2158 2599 2313 2670 quod
2348 2598 2486 2654 mali
2533 2605 2689 2666 sunt,
2722 2604 2779 2655 et
2808 2600 3060 2657 salvetur
3114 2602 3264 2672 quod
3302 2603 3521 2658 bonum
3552 2606 3661 2659 est.

2022 2688 2277 2759 Denique
2322 2687 2533 2759 videte,
2568 2689 2844 2759 quoniam
2894 2689 3139 2760 perditio
3172 2674 3279 2745 hic.
3316 2684 3431 2745 non
3481 2690 3667 2746 aboli-

2020 2777 2237 2832 tionem
2272 2782 2462 2841 sonat,
2496 2777 2593 2832 sed
2625 2776 2897 2832 salutem.
2932 2777 3035 2844 Qui
3070 2778 3357 2850 sequitur.

2098 2886 2124 2917 α
2154 2866 2221 2919 Et
2254 2869 2607 2935 cognoscant
2648 2865 2787 2936 quia
2838 2882 3048 2921 nomen
3080 2865 3181 2920 tibi
3233 2866 3517 2922 Dominus
3552 2884 3566 2923 :
3600 2872 3665 2924 tu

2021 2952 2181 3008 solus
2230 2951 2571 3008 Altissimus
2616 2946 2681 3007 in
2721 2952 2880 3008 omni
2932 2958 3108 3008 terra.
3146 2976 3172 3002 ι)
3223 2953 3420 3026 Frigat
3469 2971 3530 3010 se
3561 2954 3665 3027 qui

2018 3041 2144 3096 vult
2172 3046 2236 3096 ut
2278 3041 2553 3113 erigatur.
2586 3042 2702 3096 Nos
2749 3042 3016 3097 dicamus
3048 3058 3061 3096 :
3095 3043 3182 3098 Tu
3236 3042 3397 3097 solus
3427 3042 3664 3099 Altissi-

2022 3146 2154 3185 mus
2185 3130 2244 3184 in
2275 3130 2435 3185 omni
2478 3134 2651 3185 terra.
2685 3130 3069 3193 Quantumvis
3116 3129 3332 3201 aliquis
3360 3130 3664 3203 exaltetur,

2021 3235 2128 3274 nos
2160 3218 2480 3273 habeamus
2513 3218 2718 3289 Deum,
2751 3218 2845 3273 cui
2875 3218 3162 3275 excelsius
3193 3235 3404 3274 nomen
3438 3224 3547 3288 est,
3571 3219 3665 3277 cui

2020 3311 2106 3362 est
2138 3305 2322 3377 gloria
2354 3306 2410 3359 in
2439 3304 2651 3361 sarcula
2680 3306 3048 3361 saeculorum.
3080 3312 3288 3363 Amen.

2517 3393 2845 3450 PSALMUS
2886 3388 3172 3451 LXXXIII.

2018 3484 2081 3540 In
2129 3482 2239 3552 ﬁne
2282 3499 2381 3553 pro
2424 3483 2791 3537 torcularibus
2845 3483 2973 3538 filiis
3024 3483 3180 3552 Core,
3214 3484 3485 3539 Psalmus.
3521 3485 3665 3541 Tres

2091 3558 2230 3609 sunt
2258 3553 2464 3625 psalmi
2515 3554 2611 3624 qui
2640 3570 2740 3627 pro
2786 3555 3152 3609 torcularibus
3184 3556 3664 3627 prmscribuntur,

2090 3630 2345 3697 octavus,
2378 3629 2435 3679 et
2463 3625 2876 3697 octogesimus,
2910 3630 2966 3680 et
3011 3625 3401 3697 octogesimus
3432 3625 3662 3682 tertius.

2091 3696 2336 3769 Octavus
2383 3695 2781 3769 praescribitur
2828 3697 3007 3751 David
3044 3714 3055 3752 :
3091 3695 3484 3769 octogesimus
3526 3715 3662 3754 vero

2134 3768 2489 3822 raascribitur
2516 3768 2713 3838 Asaph
2735 3785 2752 3839 7:
2786 3768 3178 3839 octogesimus
3209 3768 3341 3824 vero
3368 3771 3574 3825 tertius
3604 3771 3667 3824 ﬁ-

2116 3840 2186 3894 iis
2210 3840 2370 3895 Core.
2405 3844 2484 3893 Do
2513 3841 2675 3895 vobis
2697 3838 2955 3910 aliquam
2980 3840 3347 3910 regulam,ut
3378 3841 3577 3897 sciatis
3607 3842 3667 3897 in

2092 3910 2409 3983 Scripturis
2460 3911 2956 3983 quid_o_bservare
3002 3911 3284 3983 debeatis.
3320 3913 3664 3983 Quicunque

2133 3981 2356 4037 sal’nus
2399 3981 2795 4053 praescribitur
2842 3982 3092 4036 ﬁliorum
3126 3982 3288 4047 Core,
3321 3982 3465 4036 nihil
3499 3981 3662 4038 triste

2133 3999 2216 4037 εει
2238 3999 2356 4037 nus
2399 3999 2795 4053 pI‘iBSOI‘lDILUI‘
2842 3999 3092 4036 imorum
3126 3999 3288 4047 uore,
3321 3999 3465 4036 nimi
3499 3999 3660 4038 trisne

2091 3999 2285 4120 liabet,
2306 4053 2406 4107 sed
2439 4069 2671 4123 semper
2698 4052 2827 4106 laeta
2848 4053 3158 4123 significat.
3193 4053 3477 4115 Quoniam
3502 4055 3660 4109 enim

2091 4129 2251 4193 (lore,
2284 4129 2341 4177 et
2374 4124 2619 4196 Dathan,
2650 4128 2707 4177 et
2739 4124 2954 4196 Abiron
2987 4126 3477 4196 t'eceruntcontra
3507 4127 3661 4196 Moy-

2092 4210 2217 4261 sen,
2250 4200 2306 4249 et
2337 4210 2370 4247 a
2401 4194 2644 4267 Domino
2681 4194 2869 4263 puniti
2897 4199 3036 4248 sunt
3069 4210 3080 4248 :
3110 4194 3213 4249 lilii
3247 4194 3389 4267 Core
3420 4197 3520 4267 qui
3549 4194 3663 4267 non

2091 4270 2231 4347 sunt
2247 4265 2428 4347 secuti
2452 4270 2887 4347 patremsuumn,
2907 4269 3116 4347 aeterno
3135 4282 3241 4337 gau
3252 4266 3352 4347 dio
3379 4265 3666 4347 benedicti

2092 4341 2250 4391 sunt.
2282 4337 2565 4401 Quoniam
2599 4342 2793 4392 autem
2848 4342 2985 4392 Coro
3020 4338 3435 4401 interpretatur
3466 4338 3666 4393 Calva-

2091 4410 2197 4480 ria.
2232 4413 2288 4463 et
2330 4410 2706 4463 manifestum
2760 4414 2867 4474 est,
2902 4410 3055 4479 quod
3088 4408 3349 4463 Calvaria
3379 4408 3669 4480 signiﬁcet

2091 4479 2285 4535 locum
2317 4481 2759 4535 resurrectionis
2792 4496 2804 4534 :
2839 4482 3175 4551 quicunque
3200 4481 3354 4535 [ilius
3384 4479 3524 4536 Core
3554 4486 3664 4547 est,

2091 4551 2248 4607 ﬁlius
2277 4557 2365 4605 est
2396 4550 2872 4623 resurrectionis}
2908 4550 3243 4623 quicunque
3275 4557 3469 4607 autem
3504 4550 3663 4608 ﬁlius

2092 4624 2536 4678 resurrectionis
2567 4628 2674 4690 est,
2705 4621 2848 4677 nihil
2876 4621 3071 4694 potest
3100 4621 3313 4678 habere
3345 4623 3498 4695 quod
3530 4622 3669 4679 tris-

2095 4698 2149 4748 te
2180 4698 2294 4749 est.

2101 4801 2122 4830 ι
2154 4782 2338 4845 Quam
2369 4781 2583 4837 dilecta
2612 4781 2989 4839 tabernacula
3044 4768 3163 4852 tua,
3200 4784 3442 4840 Domine
3488 4784 3669 4839 virtu-

2021 4869 2186 4928 tum!
2235 4870 2593 4943 concupiscit
2641 4876 2699 4926 et
2745 4872 2939 4927 deﬁcit
2988 4873 3185 4929 anima
3237 4890 3366 4929 mea
3413 4872 3472 4928 in
3524 4873 3671 4928 atria

2022 4960 2271 5017 Domini.
2306 4982 2333 5009 ››
2373 4961 2586 5016 Deinde
2635 4960 2850 5016 dicitur
2884 4980 2895 5017 :
2931 4987 2956 5011 ‹‹
2993 4963 3151 5018 Beati
3186 4962 3287 5034 qui
3316 4962 3583 5016 habitant
3612 4961 3670 5017 in
3769 4954 3783 4963 ’

2023 5050 2195 5105 domo
2228 5054 2346 5104 tua.
2384 5071 2409 5097 υ
2446 5049 2581 5105 Vide
2612 5049 2722 5105 tria
2752 5067 2878 5106 esse
2910 5050 3305 5120 tabernacula,
3329 5055 3387 5105 et
3418 5049 3584 5116 atria,
3616 5054 3675 5107 et

2024 5138 2094 5215 ad
2128 5144 2448 5193 extremum
2484 5139 2744 5193 domum.
2784 5141 3017 5204 «Quam
3055 5139 3267 5193 dilecta
3294 5137 3677 5195 tabernacula

2026 5232 2148 5294 tua,
2188 5227 2425 5282 Domine
2473 5226 2790 5282 virtutum!
2830 5252 2851 5278 ι)
2890 5228 3023 5290 Ουίρ
3072 5232 3211 5281 sunt
3258 5226 3373 5281 ista
3403 5227 3671 5283 taberna-

2027 5315 2159 5372 cula
2200 5316 2226 5371 ?
2273 5315 2589 5371 Videamus
2636 5316 3012 5391 Evapgelium
3068 5334 3139 5371 an
3190 5316 3360 5373 nobis
3411 5315 3676 5389 aliquam

2028 5405 2482 5477 signiﬁcantiam
2510 5407 2784 5478 praebeat.
2813 5406 3099 5476 Loquitur
3118 5406 3401 5462 Dominus
3418 5410 3475 5461 et
3496 5406 3673 5464 dicit:

2026 5496 2215 5553 Facite
2260 5497 2414 5549 vobis
2459 5498 2662 5550 amicos
2710 5496 2775 5549 de
2816 5498 3006 5566 iniquo
3054 5512 3398 5563 mammona,
3441 5500 3503 5551 ut
3552 5512 3679 5552 cum

2029 5584 2354 5657 defeceritis,
2416 5586 2684 5656 recipiant
2760 5600 2847 5639 vos
2920 5587 2981 5638 in
3062 5593 3264 5640 aeterna
3323 5587 3679 5644 tabernacula

2031 5673 2180 5745 (Luc.
2212 5690 2329 5743 xvr,
2356 5674 2433 5743 9).
2461 5672 2678 5728 Videtis
2708 5691 2840 5745 ergo
2860 5675 3015 5745 quod
3047 5672 3318 5746 iniquum
3340 5691 3680 5734 mammona

2032 5763 2092 5819 in
2140 5763 2253 5820 isto
2294 5761 2504 5819 saeculo
2552 5763 2767 5821 deﬁcit.
2817 5764 3034 5820 Tamen
3096 5765 3462 5821 considerate
3520 5764 3678 5839 quod

2030 5852 2142 5913 iste
2170 5852 2411 5931 iniquus
2433 5851 2735 5931 justitiam
2760 5857 3066 5929 praeparat.
3095 5853 3433 5916 Mammona
3484 5848 3543 5911 in
3572 5853 3682 5915 lin-
