4256 6580
588 510 743 571 1135

2084 505 2508 568 APPENDIX.

3834 504 3995 567 1136

585 659 702 716 gua
732 641 971 697 Hebraea
1017 638 1227 695 divitiae
1265 642 1725 711 nuncupantur:
1762 655 1878 694 non
1903 655 2136 706 aurum,
2171 642 2238 694 ut
2264 640 2319 705 Α
2351 638 2553 694 nidum
2583 638 2693 694 sibi
2726 639 2827 694 ubi
2873 642 3119 710 reponat
3165 636 3358 709 pullos
3405 650 3565 693 suos.
3596 607 3819 694 Alltaria
3866 642 3992 705 tua,

585 729 826 804 quidam
866 732 1093 803 putant.
1126 733 1205 784 De
1234 728 1435 799 iniquo
1489 743 1845 783 mammona.
1880 727 2028 782 Vera
2057 732 2148 782 est
2176 730 2234 781 et

586 818 923 893 philosophi
951 818 1219 891 quedam
1252 818 1542 873 sententia
1576 835 1589 872 :
1624 839 1652 866 «
1683 817 1903 873 Omnes
1933 816 2100 872 dives
2132 820 2235 872 aut

585 908 849 981 iniquus,
899 911 1000 962 aut
1043 905 1229 977 iniqui
1278 905 1462 961 haeres
1511 910 1614 961 est.
1647 925 1673 957 υ
1735 905 2045 976 Propterea
2093 904 2235 959 dicit

585 996 873 1055 Dominus
920 999 1094 1068 atque
1125 993 1388 1051 Salvator
1430 994 1585 1065 quod
1625 993 1831 1049 divites
1884 992 2119 1048 difﬁcile
2148 991 2233 1047 in-

587 1085 938 1160 grediuntur
981 1083 1043 1139 in
1095 1099 1341 1155 regnum
1391 1082 1667 1138 caelorum
1725 1081 1937 1153 (Matth.
1971 1098 2085 1151 χιχ,
2116 1082 2228 1149 23).

586 1175 755 1231 Dicat
780 1173 996 1246 aliquis
1028 1188 1041 1227 :
1078 1172 1378 1238 Quomodo
1411 1172 1682 1226 Zachaeus
1720 1170 2023 1244 ingressus
2054 1175 2141 1226 est
2168 1170 2230 1226 in

586 1279 832 1337 regnum
877 1260 1177 1328 ccelorum,
1209 1259 1311 1331 qui
1345 1260 1503 1316 dives
1552 1259 1709 1315 fuit?
1740 1260 1851 1315 Sed
1884 1259 2049 1315 dedit
2077 1259 2231 1313 divi-

582 1354 718 1423 tias,
749 1355 807 1408 et
835 1351 1037 1407 statim
1057 1348 1440 1405 commutavit
1454 1348 1686 1404 divitias
1717 1364 1894 1420 regno
1925 1347 2229 1403 caelorum.

582 1441 707 1497 Non
759 1438 922 1507 dixit,
974 1438 1311 1511 quicunque
1360 1436 1567 1492 divites
1615 1438 1852 1507 fuerint,
1886 1453 2001 1491 non
2050 1437 2229 1490 intra-

583 1532 732 1587 bunt
761 1528 821 1584 in
865 1543 1047 1600 regna
1087 1526 1366 1582 cmlorum
1402 1543 1415 1581 :
1449 1526 1549 1581 sed
1600 1526 1767 1591 dixit,
1800 1525 1954 1597 quod
1987 1524 2224 1580 difﬁcile

582 1619 790 1675 divites
810 1617 1115 1673 intrabunt
1145 1615 1201 1668 in
1222 1630 1401 1685 regna
1420 1613 1718 1669 ccelorum.
1755 1636 1782 1662 «
1808 1618 1993 1680 Quam
2016 1612 2230 1667 dilecta

581 1705 960 1765 tabernacula
987 1709 1108 1774 tua,
1140 1704 1383 1758 Domine
1430 1703 1711 1758 virtutum
1740 1702 1752 1757 l
1784 1724 1812 1751 »
1854 1702 1966 1756 Alii
1999 1702 2228 1757 deside-

581 1801 716 1853 rant
761 1793 1184 1868 possessiones,
1224 1792 1323 1846 alii
1372 1790 1567 1846 saeculi
1620 1791 1793 1847 istius
1841 1790 2094 1858 divitias,
2128 1790 2226 1844 alii

580 1900 785 1958 parere
834 1883 896 1938 in
943 1881 1115 1938 istius
1168 1880 1362 1936 saeculi
1411 1879 1694 1947 ecclesiis,
1728 1884 1784 1935 et
1832 1879 2077 1952 gloriam
2122 1878 2227 1933 ali-

581 1990 760 2046 quam
817 1972 1031 2027 habere
1082 1970 1235 2042 apud
1286 1967 1554 2024 homines
1604 1986 1619 2025 :
1680 1968 1827 2023 mihi
1873 1968 1981 2024 hoc
2033 1967 2224 2023 solum

582 2062 941 2120 desiderium
999 2064 1088 2115 est
1139 2058 1331 2114 videre
1394 2062 1608 2113 mterna
1662 2058 2062 2113 tabernacula.
2121 2056 2229 2112 llla

580 2152 726 2210 mihi
777 2150 991 2207 dilecta
1044 2152 1184 2204 sunt
1238 2145 1638 2214 tabernacula,
1696 2146 1795 2202 ubi
1853 2146 2225 2218 congregatio

579 2241 866 2296 virtutum
896 2243 1005 2309 est,
1028 2254 1144 2292 non
1166 2236 1466 2292 vitiorum.
1504 2256 1531 2287 (ι
1551 2236 1921 2307 Concupiscit
1946 2246 2002 2291 et
2032 2234 2228 2290 deﬁcit

583 2329 783 2386 anima
829 2344 959 2383 mea
1006 2327 1064 2381 in
1113 2325 1261 2381 atria
1324 2324 1573 2395 Domini,
1631 2347 1659 2375 »
1720 2324 1830 2380 hoc
1886 2330 1976 2381 est
2029 2323 2223 2380 solum

582 2398 964 2483 desiderium,
992 2415 1086 2471 hic
1114 2414 1276 2470 solus
1316 2430 1481 2469 amor
1518 2429 1704 2484 meus,
1724 2418 1790 2468 ut
1817 2414 2045 2468 videam
2078 2414 2227 2468 atria

580 2513 704 2564 tua.
721 2505 924 2562 Videte
944 2505 1229 2561 ordinem.
1246 2502 1508 2558 Primum
1524 2501 1815 2557 desiderat
1826 2501 2223 2558 tabernacula:

579 2594 957 2654 tabernacula
984 2610 1111 2665 quae
1142 2609 1259 2648 non
1284 2591 1501 2647 habent
1523 2592 1969 2648 fundamentum
1995 2608 2007 2645 :
2035 2591 2226 2646 taber-

582 2685 793 2743 nacula
842 2700 968 2756 quae
1016 2683 1132 2738 cito
1177 2685 1500 2737 mutantur.
1550 2679 2018 2736 Tabernaculum
2069 2680 2226 2735 enim

582 2791 815 2849 semper
844 2777 1125 2840 mutatur,
1143 2775 1200 2827 et
1227 2770 1344 2825 huc
1370 2769 1630 2840 illucque
1655 2770 2028 2825 transfertur.
2054 2769 2227 2824 Crete-

580 2881 717 2921 rum
763 2862 915 2919 atria
959 2878 1076 2916 non
1128 2863 1268 2915 sunt
1317 2858 1556 2930 quidem
1611 2858 1844 2927 domus,
1878 2859 1978 2913 sed
2031 2862 2224 2913 tamen

580 2952 801 3011 habent
829 2950 1028 3022 aliqua
1057 2949 1461 3011 fundamenta,
1482 2951 1538 3001 et
1566 2947 1636 3001 de
1667 2947 1814 3001 atrio
1846 2946 2137 3001 intramus
2167 2945 2226 3001 in

583 3044 848 3098 domum.
883 3040 995 3095 Iste
1024 3053 1159 3107 ergo
1206 3035 1464 3108 primum
1510 3034 1887 3090 tabernacula
1915 3034 2226 3106 desiderat,

581 3134 641 3186 et
669 3132 873 3202 postea
900 3126 1116 3192 deﬁcit,
1146 3128 1205 3180 et
1243 3139 1440 3179 amore
1468 3122 1713 3178 tabescit
1743 3127 1808 3177 ut
1836 3123 2029 3178 videat
2058 3123 2226 3195 atria,

582 3222 642 3276 et
670 3234 807 3275 cum
838 3214 1011 3273 fuerit
1039 3215 1100 3270 in
1132 3213 1300 3284 atrio,
1330 3217 1472 3268 tunc
1521 3210 1662 3267 dicit
1693 3228 1706 3267 :
1746 3233 1772 3265 (ε
1804 3212 1961 3268 Beati
1992 3212 2090 3284 qui
2124 3212 2227 3268 ha—

581 3309 772 3367 bitant
799 3307 860 3364 in
890 3307 1063 3363 domo
1094 3307 1214 3360 tua.
1246 3323 1273 3356 ι»

2258 2011 2305 2076 Β

2344 728 2586 783 Domine
2651 728 2958 795 virtutum,
3006 744 3105 782 rex
3171 742 3360 794 meus,
3409 730 3467 781 et
3510 729 3664 783 Deus
3712 742 3905 783 meus.
3962 750 3991 777 ››

2344 816 2579 871 Interim
2640 815 2984 888 simpliciter
3054 815 3525 887 interpretemur.
3576 814 3783 871 Videte
3843 815 3987 888 quid

2343 904 2499 960 dicat
2522 923 2536 961 :
2563 905 2857 973 Desidere,
2898 904 3158 973 Domine,
3182 910 3397 960 aeterna
3425 903 3804 962 tabernacula
3835 910 3941 960 tua
3970 921 3985 960 :

2343 1016 2371 1043 ‹‹
2403 994 2774 1065 Concupiscit
2819 998 2877 1049 et
2925 993 3122 1049 deﬁcit
3169 992 3368 1048 anima
3417 1009 3548 1049 mea
3592 993 3652 1048 in
3701 993 3850 1050 atria
3874 993 3986 1050 Do-

2342 1080 2506 1137 mini.
2533 1104 2561 1130 »
2586 1081 2791 1137 Sedem
2833 1080 3093 1153 aliquam
3117 1085 3173 1136 et
3201 1080 3473 1137 nidulum
3503 1080 3709 1137 animis
3737 1098 3897 1152 meis,
3931 1086 3987 1138 et

2340 1170 2565 1242 corpori
2597 1187 2726 1226 meo
2757 1170 2971 1226 habere
3001 1169 3288 1226 desidero.
3319 1171 3464 1226 Aves
3501 1185 3628 1241 qua:
3660 1169 3840 1227 libere
3868 1170 3985 1226 huc

2340 1263 2514 1330 atque
2543 1259 2681 1315 illuc
2711 1265 3035 1331 vagantur:
3071 1263 3264 1313 tamen
3298 1262 3608 1331 postquam
3644 1258 3982 1326 volaverint,

2341 1347 2561 1403 habent
2598 1347 2790 1403 locum
2834 1352 2893 1403 et
2924 1347 3157 1404 nidulos
3189 1346 3288 1403 ubi
3319 1348 3690 1419 requiescant
3717 1366 3730 1403 :
3764 1353 3983 1420 quanto

2340 1437 2528 1507 magis
2559 1436 2757 1491 anima
2806 1453 2956 1507 mea,
2987 1441 3046 1491 et
3075 1452 3205 1490 caro
3253 1452 3384 1491 mea
3429 1435 3600 1492 debet
3645 1436 3757 1492 sibi
3788 1436 3982 1492 locum

2339 1541 2685 1596 praeparare,
2741 1525 2839 1579 ubi
2899 1523 3085 1596 possit
3131 1523 3533 1596 requiescere!
3593 1524 3758 1582 Nunc
3803 1524 3984 1581 altius

2338 1613 2562 1684 aliquid
2581 1614 2991 1670 ascendamus.
3015 1633 3036 1663 ι
3054 1613 3116 1668 In
3137 1613 3381 1671 Domino
3404 1614 3632 1670 conﬁdo
3653 1631 3666 1670 :
3686 1615 3982 1686 quomodo

2338 1702 2531 1759 dicitis
2582 1703 2788 1758 animae
2840 1718 3005 1769 meae,
3042 1702 3399 1775 transmigra
3445 1703 3504 1757 in
3554 1708 3783 1760 montes
3829 1704 3984 1760 sicut

2335 1791 2576 1862 passer?
2588 1814 2616 1842 »
2632 1791 2834 1848 Videte
2845 1808 2980 1864 ergo
2996 1791 3136 1863 quia
3149 1808 3318 1848 nemo
3338 1793 3722 1865 transmigrat
3737 1793 3794 1847 in
3810 1808 3980 1849 mon-

2335 1884 2422 1936 tes
2453 1881 2567 1936 nisi
2606 1880 2705 1952 qui
2754 1897 2957 1953 passer
2985 1884 3093 1936 est.
3144 1903 3172 1930 «
3206 1881 3275 1936 Et
3302 1884 3499 1936 turtur
3545 1881 3750 1937 nidum
3779 1882 3914 1937 sibi.
3951 1905 3979 1933 ››

2336 1968 2449 2024 Iste
2479 1974 2568 2025 est
2609 1968 2818 2040 turiur,
2852 1971 2922 2024 de
2963 1986 3079 2042 quo
3110 1970 3326 2025 dicitur
3354 1970 3414 2025 in
3452 1970 3684 2026 Cantico
3723 1971 3980 2028 cantico-

2337 2075 2467 2115 rum
2527 2075 2540 2112 :
2608 2060 2717 2113 Vox
2769 2060 3006 2113 turturis
3076 2059 3268 2115 audita
3342 2063 3419 2115 est
3473 2062 3533 2115 in
3589 2064 3735 2116 terra
3791 2065 3981 2117 nostra

2338 2150 2511 2220 (Cant.
2551 2166 2611 2217 ιι,
2646 2150 2754 2218 12).
2807 2172 2836 2200 ‹‹
2882 2150 3101 2205 Turtur
3150 2149 3352 2204 nidum
3403 2150 3533 2206 sibi.
3568 2173 3596 2200 »
3645 2151 3864 2206 Turtur
3892 2155 3984 2206 est

2337 2237 2554 2293 animal
2575 2238 2887 2294 castitatis.
2916 2239 3136 2294 Turtur
3159 2255 3275 2294 non
3299 2226 3525 2295 habitat
3544 2240 3603 2294 in
3624 2239 3978 2309 humilibus,

2338 2328 2437 2382 sed
2470 2344 2702 2399 semper
2726 2328 2864 2384 facit
2910 2327 3079 2383 nidos
3110 2327 3222 2383 sibi
3273 2328 3333 2383 in
3363 2327 3609 2385 excelsis
3640 2328 3973 2385 arboribus.

2337 2416 2502 2472 Sicut
2530 2432 2666 2488 ergo
2703 2433 2907 2487 passer
2935 2421 2992 2471 et
3034 2421 3231 2471 turtur
3259 2434 3392 2473 aves
3437 2417 3777 2473 castissimae
3807 2417 3982 2474 nidos

2337 2505 2450 2560 sibi
2476 2504 2534 2559 in
2561 2504 3009 2561 sublimioribus
3036 2507 3297 2561 faciunt:
3322 2506 3405 2561 sic
3425 2522 3560 2579 ergo
3586 2506 3980 2578 tabernacula,

2338 2598 2395 2649 et
2425 2594 2578 2650 atria
2615 2600 2672 2650 et
2719 2596 2931 2650 domus
2982 2610 3098 2649 non
3148 2601 3289 2650 sunt
3336 2597 3395 2650 in
3427 2595 3635 2651 humili
3666 2597 3776 2652 ista
3802 2600 3982 2668 terra,

2337 2684 2437 2738 sed
2468 2683 2527 2739 in
2559 2683 2805 2751 excelso,
2838 2682 2948 2738 hoc
2978 2688 3067 2739 est
3088 2684 3146 2739 in
3177 2684 3374 2756 regnis
3404 2684 3699 2741 ccelorum.
3723 2684 3983 2752 Denique

2335 2771 2525 2827 videte
2555 2771 2695 2843 quid
2729 2772 2904 2827 dicat.

2411 2881 2439 2909 ‹‹
2472 2860 2630 2915 Beati
2664 2860 2765 2932 qui
2798 2859 3065 2915 habitant
3108 2861 3165 2915 in
3198 2861 3373 2917 domo
3405 2865 3522 2917 tua.
3560 2883 3588 2911 »
3616 2862 3679 2917 In
3708 2861 3980 2918 taberna-

2337 2948 2469 3005 culo
2501 2965 2615 3003 non
2646 2948 3004 3020 habitamus,-
3030 2950 3131 3004 sed
3164 2951 3624 3021 peregrin‘amur.
3648 2951 3717 3007 Et
3739 2951 3800 3007 in
3830 2952 3978 3009 atrio

2337 3037 2600 3110 quandiu
2630 3054 2859 3109 sumus,
2881 3054 2995 3094 non
3019 3038 3380 3107 habitamus,
3398 3041 3498 3096 sed
3517 3040 3975 3113 peregrinamur.

2342 3128 2418 3182 De
2447 3125 2613 3181 atriis
2642 3126 2798 3181 enim
2831 3127 3151 3183 transimus
3200 3128 3260 3183 in
3310 3127 3572 3184 domum.
3606 3128 3747 3185 Cum
3779 3134 3975 3185 autem

2338 3215 2668 3272 venerimus
2716 3217 2775 3271 in
2828 3216 3091 3285 domum,
3126 3217 3263 3289 quid
3296 3216 3552 3273 dicitur?
3596 3241 3626 3269 ‹‹
3673 3217 3830 3274 Beati
3877 3219 3977 3289 qui

2338 3304 2610 3361 habitant
2637 3304 2697 3360 in
2724 3306 2895 3361 domo
2926 3309 3028 3361 tua
3057 3323 3070 3374 ;
3097 3324 3125 3357 η
3160 3307 3377 3362 Domus
3407 3323 3535 3378 quis
3567 3307 3741 3363 habet
3768 3307 3978 3362 funda-

653 3423 683 3451 ‹‹
715 3400 824 3455 Cor
853 3412 1050 3453 meum
1080 3398 1137 3449 et
1167 3409 1300 3449 caro
1331 3407 1461 3448 mea
1490 3392 1928 3449 exsultaverunt
1953 3394 2013 3449 in
2043 3393 2227 3449 Deum
2258 3380 2301 3448 C
2341 3398 2626 3451 mentum.
2657 3394 2940 3462 Quoniam
2966 3396 3052 3467 ,de
3080 3395 3254 3452 domo
3304 3395 3472 3452 nobis
3494 3396 3650 3453 exire
3680 3412 3793 3452 non
3823 3395 3978 3467 licet,

581 3488 799 3547 vivum.
834 3509 864 3536 ››
913 3483 1157 3540 Difficile
1204 3484 1294 3538 est
1341 3485 1407 3536 ut
1449 3497 1549 3537 cor
1596 3486 1653 3536 et
1681 3498 1814 3537 caro
1867 3482 2117 3553 alicujus
2164 3481 2226 3537 in

580 3592 892 3635 commune
904 3570 1365 3630 consentiant.—
1382 3570 1440 3625 Si
1457 3571 1613 3626 enim
1636 3572 1961 3628 secundum
1975 3575 2225 3644 Aposto-

574 3664 701 3722 lum
732 3663 978 3735 spiritus
1008 3662 1231 3733 pugnat
1257 3663 1459 3713 contra
1490 3674 1746 3726 carnem,
1771 3664 1828 3715 et
1859 3676 1992 3716 caro
2024 3664 2226 3715 contra

572 3753 849 3828 spiritum
896 3750 1102 3823 (Galat.
1154 3765 1207 3815 v,
1260 3748 1344 3815 17)
1387 3764 1401 3802 :
1453 3747 1746 3817 quomodo
1789 3747 1884 3803 hic
1931 3749 2097 3815 dicit,
2128 3766 2229 3805 cor

577 3858 777 3900 meum
824 3844 881 3896 et
929 3854 1061 3894 caro
1104 3853 1235 3892 mea
1280 3834 1643 3891 exsultavit?
1696 3836 1814 3891 Hoc
1869 3854 1985 3893 non
2035 3843 2228 3910 potest

578 3931 790 4000 dicere,
839 3928 954 3985 nisi
1000 3926 1098 3982 ille
1146 3924 1249 3997 qui
1300 3925 1359 3979 in
1410 3939 1667 3981 amorem
1719 3923 1818 3980 Dei
1863 3929 1984 3981 tota
2033 3932 2226 3983 mente

577 4020 804 4077 deﬁxus
833 4023 941 4074 est.
983 4038 1010 4067 «
1052 4015 1161 4071 Cor
1190 4030 1411 4084 meum,
1444 4016 1500 4067 et
1529 4030 1662 4068 caro
1712 4030 1860 4068 mea.
1906 4037 1931 4063 υ
1962 4012 2109 4071 Illud
2137 4020 2227 4071 est

578 4110 734 4182 quod
768 4107 908 4163 dicit
937 4109 994 4161 et
1021 4104 1081 4159 in
1116 4102 1227 4159 alio
1256 4102 1382 4158 loco
1417 4121 1429 4158 :
1466 4103 1652 4158 Sitivil
1690 4104 1747 4158 in
1780 4111 1829 4159 te
1856 4106 2053 4161 anima
2082 4121 2222 4173 mea,

575 4215 746 4274 quam
791 4195 1178 4268 multipliciter
1223 4193 1326 4248 tibi
1375 4209 1500 4247 caro
1547 4210 1669 4247 mea
1721 4193 1893 4263 (Psal.
1942 4211 2073 4263 Lxu,
2121 4194 2222 4264 2)!

576 4291 698 4344 Ista
726 4291 815 4343 est
853 4302 985 4342 caro
1035 4300 1159 4355 quae
1191 4281 1484 4337 desiderat
1533 4281 1865 4348 Dominum,
1899 4283 1968 4337 de
2017 4299 2134 4353 qua
2164 4284 2223 4338 in

577 4376 693 4435 alio
739 4375 865 4432 loco
914 4374 1177 4430 dicitur:
1221 4371 1287 4424 Et
1333 4369 1534 4424 videbit
1578 4372 1754 4425 omnis
1803 4386 1929 4426 caro
1980 4372 2227 4427 salutare

575 4468 679 4524 Dei
707 4467 834 4537 (lsa.
880 4481 974 4530 LII,
1008 4463 1119 4530 10).
1156 4458 1259 4515 Illa
1305 4463 1498 4513 autem
1531 4474 1664 4514 caro
1695 4459 1766 4513 de
1795 4475 1914 4529 qua
1962 4460 2176 4515 dicitur
2209 4479 2222 4517 :

578 4555 768 4611 Omnis
809 4569 942 4611 caro
987 4554 1180 4621 fenum
1222 4548 1420 4618 (Eccli.
1468 4563 1583 4618 xw,
1619 4548 1728 4619 18),
1758 4564 1887 4619 ,ηοη
1932 4549 2225 4606 desiderat

573 4642 911 4699 Dominum.
947 4662 975 4689 «
1008 4639 1119 4693 Cor
1154 4653 1350 4692 meum
1382 4640 1440 4692 et
1489 4652 1620 4691 caro
1654 4653 1802 4692 mea.
1840 4659 1866 4685 ››
1900 4637 2043 4692 Vide
2075 4638 2220 4693 mihi

2337 3484 2407 3539 de
2438 3483 2602 3541 atriis
2633 3483 2786 3540 licet.

2407 3595 2436 3624 «
2470 3572 2683 3629 Beatus
2730 3575 2817 3630 vir
2864 3576 3035 3646 cujus
3077 3578 3167 3631 est
3216 3574 3498 3631 auxilium
3530 3576 3636 3631 abs
3674 3578 3752 3632 te.
3788 3597 3816 3625 »
3860 3575 3980 3632 Nos

2337 3662 2574 3733 quidem
2588 3661 2991 3719 desideramus
3017 3662 3398 3720 tabernacula
3417 3668 3473 3719 et
3494 3664 3645 3721 atria
3660 3668 3717 3720 et
3737 3664 3979 3720 domum

2335 3756 2522 3817 tuam,
2545 3751 2645 3807 sed
2668 3751 2777 3807 hoc
2821 3752 3017 3824 ipsum
3060 3756 3124 3808 ut
3161 3769 3367 3826 capere
3397 3754 3713 3825 possimus,
3746 3769 3861 3809 non
3889 3756 3983 3809 est

2334 3840 2569 3895 virtutis
2619 3845 2853 3906 nostra),
2886 3841 2987 3897 sed
3011 3841 3211 3897 auxilii
3261 3841 3390 3898 tu‘ii.
3422 3863 3451 3896 α
3497 3842 3883 3899 Ascensiones
3912 3843 3977 3897 in

2335 3929 2509 3985 corde
2537 3945 2643 3985 suo
2685 3928 2992 4001 disposuit.
3032 3951 3060 3980 ››
3092 3930 3233 3995 Quis
3281 3931 3573 4004 disposuit
3605 3931 3977 3989 ascensiones

2334 4017 2394 4072 in
2417 4017 2589 4072 corde
2611 4035 2718 4073 suo
2739 4018 2767 4072 ‘I
2796 4018 3008 4075 Beatus
3037 4018 3125 4074 vir
3149 4020 3320 4091 cujus
3361 4025 3452 4078 est
3491 4021 3773 4081 auxilium
3804 4037 3837 4076 a
3860 4020 3979 4076 Do-

2338 4106 2495 4162 mino
2545 4123 2558 4161 :
2614 4106 2709 4162 ille
2758 4106 3049 4180 disposuit
3093 4110 3468 4167 ascensiones
3510 4110 3571 4166 in
3629 4111 3798 4168 corde
3842 4124 3976 4166 suo.

2335 4196 2680 4268 Quicunque
2709 4202 2954 4253 sanctus
2985 4202 3098 4265 est,
3130 4199 3392 4271 quotidie
3441 4200 3501 4255 in
3549 4200 3745 4272 priora
3777 4202 3978 4256 exten-

2334 4285 2512 4355 ditur,
2551 4289 2609 4340 et
2654 4286 3082 4357 praeteritorum
3125 4286 3502 4345 obliviscitur.
3535 4294 3843 4363 Propterea
3886 4288 3981 4343 di-

2333 4377 2548 4428 cuntur
2575 4378 2631 4428 et
2660 4374 2719 4428 in
2744 4374 3027 4431 Psalterio
3058 4375 3272 4448 psalmi
3294 4378 3586 4450 graduum
3616 4375 3981 4449 quindecim,

2333 4467 2392 4518 et
2445 4462 2672 4534 primus
2718 4462 2932 4519 dicitur
2974 4480 2987 4518 :
3038 4464 3119 4519 Ad
3164 4466 3458 4520 Dominum
3502 4480 3626 4518 cum
3675 4465 3987 4521 tribularer

2330 4553 2585 4607 clamavi.
2638 4553 2707 4607 Et
2754 4551 2811 4606 in
2866 4553 3122 4609 secundo
3175 4570 3188 4607 :
3239 4553 3435 4607 Levavi
3484 4553 3665 4605 oculos
3717 4566 3859 4606 meos
3914 4557 3981 4609 in

2330 4651 2563 4707 montes,
2595 4641 2738 4696 unde
2780 4642 2959 4696 veniet
3003 4641 3285 4695 auxilium
3328 4637 3489 4693 mihi.
3546 4639 3613 4694 Et
3643 4638 3701 4695 in
3753 4642 3924 4698 tertio
3964 4662 3980 4700 :

573 4731 830 4804 aliquem
909 4727 1320 4795 abstinentem,
1380 4724 1480 4797 qui
1530 4730 1791 4796 ‘mortem
1848 4726 2041 4782 carnis
2100 4743 2219 4784 sua:
2253 4751 2299 4816 Β
2331 4732 2570 4789 Laetatus
2598 4746 2721 4785 sum
2750 4732 2812 4784 in
2837 4730 2922 4783 his
2959 4744 3077 4799 quae
3123 4728 3269 4782 (licia
3305 4731 3434 4782 sunt
3464 4720 3624 4797 mini,
3657 4733 3716 4786 et
3744 4746 3986 4803 semper

570 4820 802 4877 lucrum
834 4820 1005 4890 putat
1033 4815 1239 4871 animai
1271 4831 1410 4869 StltB.
1443 4817 1575 4868 Haec
1631 4818 1827 4870 autem
1862 4815 2053 4871 carnis
2084 4822 2223 4872 sunt

560 4909 812 4983 jejunia,
871 4910 928 4962 et
982 4904 1230 4976 injuriae.
1292 4903 1549 4974 Denique
1600 4908 1657 4958 et
1705 4903 2020 4978 Apostolus
2078 4905 2219 4978 quid

571 4998 763 5056 dicit?
793 4998 961 5066 Quem
990 4993 1198 5049 tradidi
1223 4992 1443 5048 Satanae
1480 4992 1539 5046 in
1589 4994 1875 5048 interitum
1921 4997 2123 5062 carnis,
2158 5005 2220 5051 ut

566 5091 801 5163 spiritus
850 5085 1041 5142 salvus
1093 5085 1191 5154 ﬁat
1244 5082 1291 5152 (Ι
1339 5080 1457 5135 Cor.
1508 5098 1561 5145 v,
1601 5080 1679 5151 5).
1713 5080 1834 5136 Nisi
1883 5100 2015 5139 caro
2065 5101 2219 5139 mor-

568 5183 673 5235 tua
702 5176 897 5248 fuerit,
929 5173 1177 5248 spiritus
1207 5170 1486 5226 viviﬁcari
1519 5187 1628 5225 non
1666 5175 1877 5242 potest.
1910 5173 2220 5245 Propterea

569 5268 714 5325 dicit
741 5270 799 5323 et
827 5263 1186 5338 Apostolus:
1239 5258 1469 5330 Quando
1518 5260 1791 5329 infirmor,
1843 5269 1973 5317 tunc
2021 5263 2220 5333 fortior

565 5376 691 5415 sum
739 5357 812 5430 (II
854 5355 973 5410 Cor.
1024 5370 1126 5421 x11,
1162 5352 1269 5419 10).
1321 5347 1658 5406 Consideret
1697 5366 1759 5405 se
1810 5351 2218 5422 unusquisque

570 5447 802 5518 quando
826 5444 1055 5516 jejunio
1106 5439 1300 5496 lassus
1350 5442 1439 5493 est
1470 5442 1527 5494 et
1574 5438 1837 5494 defectus
1873 5456 1885 5494 :
1921 5439 2214 5510 quomodo

567 5536 764 5590 anima
816 5534 1026 5606 vigeat,
1061 5528 1354 5603 quomodo
1394 5526 1539 5582 nihil
1594 5525 1753 5582 aliud
1805 5543 1971 5582 mens
2002 5525 2113 5582 nisi
2144 5527 2215 5582 de

564 5626 681 5678 Deo
713 5622 1045 5678 considerat
1077 5638 1089 5676 :
1136 5617 1429 5690 quomodo
1473 5631 1707 5687 semper
1758 5615 1936 5680 dicat,
1969 5635 1996 5667 α
2026 5614 2209 5678 Quam

564 5708 1183 5773 dilecta‘tabernacula
1213 5714 1334 5778 tua,
1370 5705 1613 5760 Domine
1642 5703 1949 5787 virtutum.
1984 5725 2011 5753 ››

637 5818 670 5858 ις
695 5797 923 5862 Etenim
956 5813 1160 5872 passer
1202 5793 1423 5852 invenit
1454 5792 1566 5850 sibi
1615 5792 1880 5863 domum,
1911 5797 1970 5849 et
2016 5795 2213 5853 turtur

2331 4821 2608 4892 procedit,
2667 4823 2723 4873 et
2770 4816 3015 4888 proﬁcit,
3071 4819 3129 4871 et
3174 4817 3439 4871 ascendit
3485 4817 3545 4872 in
3595 4817 3968 4876 sublimiora.

2329 4909 2490 4973 Quod
2544 4906 2706 4973 dicit,
2735 4904 2844 4959 hoc
2891 4909 2980 4959 est
3012 4921 3026 4961 :
3059 4926 3086 4953 «
3120 4906 3509 4962 Ascensiones
3553 4906 3613 4962 in
3665 4908 3833 4964 corde
3863 4924 3979 4964 suo

2330 4994 2639 5067 disposuit.
2666 5016 2692 5042 ››
2726 4992 2882 5048 Felix
2904 4996 2994 5049 est
3022 4992 3123 5066 qui
3147 4993 3409 5065 quotidie
3447 4996 3696 5068 proﬁcit,
3718 4996 3818 5069 qui
3848 5013 3975 5053 non

2275 5086 2291 5103 ‘
2328 5080 2807 5153 eonsideratquid
2834 5081 2958 5138 beri
2982 5080 3310 5147 fecerit,sed
3329 5083 3467 5155 quid
3491 5085 3662 5142 hodie
3682 5085 3871 5152 faciat,
3905 5090 3979 5140 ut

2328 5172 2611 5245 proﬁciat.
2654 5172 2905 5227 Sanctus
2949 5171 3321 5228 ascensiones
3351 5172 3410 5228 in
3442 5175 3614 5231 corde
3643 5191 3750 5231 suo
3779 5174 3974 5247 ponit,

2327 5266 2593 5336 peccator
2640 5261 3068 5317 descensiones.
3103 5261 3402 5325 Quomodo
3448 5261 3550 5335 qui
3590 5268 3825 5321 sanctus
3855 5268 3972 5334 est,

2327 5350 2584 5422 quotidie
2632 5348 2859 5422 proﬁcit
2902 5366 2915 5404 :
2959 5348 3041 5404 ita
3089 5350 3189 5421 qui
3240 5355 3507 5422 peccator
3552 5356 3659 5423 est,
3710 5350 3976 5424 quotidie

2326 5437 2624 5493 decrescit.
2665 5457 2691 5489 ‹‹
2724 5439 2934 5491 Beatus
2964 5434 3051 5491 vir
3082 5436 3182 5508 qui
3213 5438 3473 5509 disponit
3502 5439 3876 5495 ascensiones
3905 5436 3975 5494 in

2324 5527 2514 5584 corde.
2546 5545 2572 5577 ιι
2611 5526 2808 5581 Videte
2843 5527 3324 5596 consequentiam
3347 5527 3802 5600 Scripturarum.
3841 5546 3869 5576 «
3900 5530 3969 5582 In

2321 5614 2467 5671 valle
2496 5615 2909 5688 lacrymarum,
2934 5614 2991 5669 in
3023 5614 3147 5671 loco
3175 5632 3347 5687 quem
3376 5616 3592 5688 posuit.
3624 5640 3646 5669 ι
3681 5614 3788 5671 Ubi
3820 5614 3973 5670 dici-

2318 5709 2434 5762 tur.
2469 5707 2531 5760 In
2563 5703 2731 5771 valle,
2766 5725 2792 5751 »
2823 5719 3061 5760 necesse
3089 5708 3179 5761 est
3217 5709 3284 5759 ut
3335 5706 3625 5761 contrario
3677 5703 3979 5777 intelliga-

2321 5810 2454 5851 mus
2484 5798 2543 5852 et
2592 5794 2871 5850 montem.
2904 5792 3053 5867 Ergo
3083 5793 3422 5868 quicunque
3467 5793 3729 5871 disponit
3766 5808 3979 5876 ascen:
