4256 6574
270 393 424 461 1137

1446 389 1946 457 BREVIARIUM
1989 392 2078 455 IM
2123 393 2503 458 PSALMOS.

3528 386 3684 452 1138

270 530 465 586 siones
513 526 573 584 in
621 525 793 584 corde
840 542 966 595 suo,
1000 525 1101 582 ubi
1147 524 1376 598 positus
1423 531 1511 581 est
1530 527 1558 579 ‘I
1597 548 1624 575 «
1656 527 1718 581 In
1765 525 1916 581 valle
1945 526 2000 592 Α
2030 525 2254 581 habitat
2278 526 2337 580 in
2373 524 2752 592 nobis.«Quia
2782 522 2988 581 melior
3018 526 3106 580 est
3135 522 3260 580 dies
3291 540 3409 584 una
3427 516 3486 580 in
3510 522 3680 582 atriis

265 619 719 691 lacrymaruma
744 616 1195 673 Consideremus
1226 615 1382 685 quod
1415 615 1473 668 in
1505 614 1653 669 valle
1688 631 1918 680 sumus,

269 726 386 765 non
420 725 628 766 sumus
659 707 718 762 in
753 710 969 776 monte,
1003 721 1118 760 non
1152 721 1360 760 sumus
1390 705 1448 758 in
1483 705 1752 776 paradiso
1777 722 1790 760 :
1818 722 1923 760 nec

266 797 330 853 in
385 795 639 870 paradisi
696 795 1023 862 altitudine,
1071 795 1171 849 sed
1227 793 1285 847 in
1343 793 1675 848 humilitate
1733 798 1917 861 terrae,

269 886 590 942 maledicta:
622 888 810 952 terrae,
843 881 1162 939 maledicta:
1213 898 1340 954 qua
1382 882 1550 936 nobis
1581 881 1832 937 tribulos
1865 888 1921 937 et

268 974 470 1046 epinas
501 979 762 1046 generat,
791 989 917 1044 quae
975 971 1141 1026 cibus
1201 971 1490 1041 serpentis
1547 975 1654 1037 est,
1681 973 1750 1026 de
1803 989 1919 1042 qua

265 1063 483 1118 dicitur
510 1063 581 1117 ad
613 1062 797 1117 Adam
824 1086 837 1117 :
864 1063 1034 1117 Terra
1064 1077 1144 1127 es,
1171 1063 1220 1115 et
1251 1062 1311 1114 in
1332 1068 1535 1115 terram
1564 1062 1689 1114 ibis.
1724 1061 1915 1123 Quan-

268 1153 369 1207 diu
402 1167 538 1223 ergo
571 1168 778 1206 sumus
810 1150 869 1204 in
896 1149 1038 1205 valle
1071 1149 1605 1220 lacrymarum,non
1635 1149 1914 1203 debemus

261 1243 473 1309 ridere,
511 1243 610 1297 sed
661 1241 905 1313 plorare.
942 1241 1250 1312 Propterea
1297 1240 1439 1294 dicit
1485 1244 1542 1295 et
1589 1239 1910 1295 Dominus:

261 1334 415 1387 Beati
440 1333 651 1401 ﬂentes,
670 1333 802 1401 quia
832 1333 938 1402 ipsi
967 1329 1223 1384 ridebunt
1245 1330 1396 1396 (Luc.
1417 1347 1496 1394 v1,
1526 1329 1637 1399 21).
1673 1328 1913 1382 Interim

265 1437 403 1492 ergo
430 1421 570 1475 dum
613 1436 821 1475 sumus
867 1420 926 1474 in
969 1417 1120 1472 valle
1174 1417 1589 1489 lacrymarum,
1635 1416 1910 1471 saeculum

263 1508 375 1564 hoc
430 1508 822 1581 lacrymarum
880 1511 990 1574 est,
1023 1523 1137 1562 non
1197 1506 1414 1577 gaudii.
1447 1507 1572 1560 Non
1632 1507 1913 1560 debemus

260 1598 470 1668 ridere,
505 1597 784 1669 quoniam
816 1597 925 1652 hoc
960 1595 1243 1652 saeculum
1263 1600 1319 1650 et
1348 1595 1456 1650 hoc
1487 1592 1913 1666 tempuslacry-

263 1703 494 1742 marum
524 1691 632 1749 est,
668 1685 812 1740 illud
845 1684 1065 1758 gaudii.
1093 1705 1120 1734 «
1155 1685 1218 1739 In
1249 1683 1395 1739 valle
1424 1683 1815 1755 lacrymarum
1852 1682 1910 1736 in

259 1774 386 1830 loco
421 1791 598 1847 quem
630 1774 847 1846 posuit.
880 1794 906 1825 ››
959 1773 1106 1837 Quid
1156 1778 1245 1829 est
1293 1773 1449 1843 quod
1498 1771 1748 1826 dicitur:
1783 1794 1810 1819 «
1847 1772 1906 1825 In

263 1864 389 1919 loco
421 1880 596 1936 quem
628 1863 840 1935 posuit.
875 1883 902 1913 »
951 1886 978 1911 ‹‹
1027 1863 1090 1916 In
1141 1861 1285 1932 loco,
1321 1885 1342 1913 ι
1381 1860 1489 1915 hoc
1529 1865 1638 1926 est,
1668 1859 1727 1913 in
1757 1859 1906 1915 valle
1938 1891 1986 1956 Β

261 1951 781 2025 lacrymarum.«ln
806 1951 930 2006 loco
953 1967 1128 2021 quem
1155 1950 1561 2021 posuitmDeus
1583 1966 1690 2004 nos
1713 1949 1909 2020 posuit

260 2042 332 2096 ad
365 2044 752 2110 certamen,ut
773 2055 1003 2111 semper
1033 2039 1089 2092 in
1122 2039 1231 2094 hoc
1251 2043 1792 2110 pugnemus.Loeus
1822 2055 1908 2092 ero

257 2145 331 2201 go
368 2129 617 2194 iste,hoc
647 2127 929 2192 est,vallis
951 2128 1486 2198 lacrymarum,non
1500 2130 1589 2181 est
1603 2125 1905 2196 pacis,non

263 2222 354 2273 est
383 2217 735 2286 securitatis,
768 2217 868 2272 sed
905 2215 1244 2270 certaminis
1274 2220 1448 2286 atque
1479 2214 1786 2269 bellorum.

325 2305 585 2360 «Etenim
609 2303 1043 2359 henedictiones
1064 2303 1227 2358 dabit
1245 2301 1777 2375 legislator.»Dicat
1799 2301 1902 2357 ali-

257 2393 519 2465 quis:«ln
535 2392 684 2448 valle
705 2392 1086 2464 lacrymarum
1102 2432 1114 2456 ,
1134 2391 1194 2446 in
1211 2391 1332 2447 loco
1349 2408 1521 2461 quem
1537 2393 1750 2462 posuit,
1780 2413 1807 2440 »
1833 2393 1902 2446 ad

257 2499 531 2555 agonem,
557 2483 667 2538 hoc
698 2487 785 2537 est
807 2482 877 2536 ad
909 2485 1199 2536 certamen
1227 2498 1239 2535 :
1268 2497 1446 2551 quare
1460 2481 1657 2551 posuit
1677 2481 1748 2535 ad
1763 2497 1903 2552 ago-

257 2588 392 2626 nem
414 2571 442 2624 ?
461 2587 644 2642 quare
659 2587 920 2643 pugnare
938 2587 1044 2626 nos
1061 2569 1293 2624 voluit?
1317 2569 1637 2640 Respondit
1658 2569 1768 2624 sibi
1791 2568 1902 2639 ipsi

259 2659 660 2727 Psalmista,et
674 2659 834 2714 dicit:
862 2659 1241 2729 Proptereain
1255 2658 1379 2713 loco
1398 2658 1507 2713 isto
1522 2675 1780 2730 pugnare
1796 2675 1904 2713 nos

253 2748 994 2820 voluit,utpossittribuere
1007 2747 1538 2803 coronas.«Etenim
1553 2747 1904 2802 benedictio-

249 2852 353 2893 nes
375 2836 538 2892 dabit
559 2835 899 2909 Legislator.
935 2857 972 2892 ν»,
997 2839 1106 2892 Iste
1127 2835 1465 2908 Legislator,
1499 2835 1604 2889 hoc
1635 2839 1723 2890 est
1765 2851 1903 2906 ago-
1925 2892 1945 2906 ι

256 2925 499 2980 notheta
517 2930 736 2992 noster,
762 2929 1066 2996 propterea
1088 2941 1196 2979 nos
1218 2940 1478 2995 pugnare
1497 2923 1772 2988 voluit,ut
1800 2941 1905 2979 nos

256 3013 446 3085 possit
477 3013 1050 3069 benedicere.Videte
1080 3012 1578 3082 consequentiam.
1603 3012 1737 3074 Quae
1768 3017 1907 3067 sunt

253 3106 452 3157 autem
484 3101 914 3157 benedictiones
947 3099 1117 3155 istius
1149 3100 1508 3171 agonothetae
1529 3100 1556 3154 ?
1585 3101 1804 3155 «Ibunt
1833 3101 1904 3155 de

252 3189 472 3245 virtute
500 3189 560 3244 in
589 3188 884 3243 virtutem.
903 3188 1039 3242 »Hic
1057 3188 1392 3257 vincunt,ut
1419 3187 1496 3242 ibi
1530 3193 1900 3243 coronentur.

2031 615 2208 670 tuis.»
2241 615 2443 670 Videte
2465 615 2605 685 quid
2639 615 2828 670 dicat:
2864 615 3032 670 «Dies
3065 631 3200 668 una.
3229 617 3433 668 »Putat
3461 612 3678 686 aliquis

2032 704 2114 759 sic
2148 704 2632 777 intelligendum:
2669 703 2876 758 Melius
2909 703 3054 757 mihi
3094 707 3183 758 est
3217 702 3273 756 in
3296 717 3473 774 regno
3504 702 3678 757 coelo-

2030 809 2160 847 rum
2194 810 2402 864 parum
2453 793 2685 859 habere,
2719 809 2894 864 quam
2946 791 3037 846 hic
3086 795 3294 858 totum,
3328 791 3436 846 hoc
3486 795 3575 847 est
3613 790 3673 848 in

2030 881 2141 937 isto
2170 881 2400 937 saeculo.
2436 882 2534 937 Est
2583 881 2818 953 quidem
2866 884 2916 934 et
2971 880 3096 939 ista
3128 879 3511 952 intelligentia
3558 897 3673 936 non

2029 969 2201 1026 mala.
2239 972 2349 1026 Sed
2383 987 2487 1025 nos
2536 969 2836 1025 dicamus:
2867 969 2926 1024 Si
2958 973 3156 1041 posset
3199 969 3320 1024 ﬁeri
3354 973 3418 1023 ut
3457 969 3672 1040 aliquis

2027 1076 2145 1114 una
2177 1060 2268 1114 die
2289 1064 2442 1115 esset
2479 1059 2537 1113 in
2562 1076 2737 1130 regno
2761 1057 3059 1126 caelorum,
3096 1061 3151 1112 et
3180 1062 3380 1130 postea
3410 1057 3674 1130 praecipi-

2027 1152 2264 1214 taretur,
2300 1153 2453 1203 recte
2485 1148 2735 1203 diceret:
2773 1169 2800 1197 ‹‹
2835 1146 3046 1202 Melius
3091 1149 3179 1201 est
3220 1147 3345 1202 dies
3375 1163 3492 1202 una
3521 1147 3581 1201 in
3612 1163 3672 1202 a-

2025 1237 2152 1292 triis
2177 1238 2353 1291 tuis.»
2378 1237 2544 1293 Nunc
2575 1253 2709 1291 vero
2741 1237 2894 1306 quod
2929 1236 3070 1290 dicit
3097 1252 3214 1290 una
3244 1235 3388 1304 dies,
3422 1235 3531 1291 hoc
3561 1240 3670 1304 est,

2025 1327 2177 1397 quod
2213 1327 2353 1381 dicit
2399 1327 2456 1380 in
2510 1343 2688 1397 regno
2737 1325 3036 1380 ccelorum.
3074 1325 3195 1380 Una
3223 1323 3322 1378 illa
3379 1325 3504 1380 dies
3553 1341 3670 1380 non

2023 1415 2197 1470 habet
2227 1419 2455 1470 noctem
2488 1419 2543 1468 et
2573 1415 2866 1479 tenebras,
2899 1414 3000 1468 sed
3023 1428 3255 1484 semper
3290 1413 3389 1467 lux
3419 1416 3526 1468 est.
3559 1412 3669 1476 Qui

2023 1521 2159 1574 ergo
2182 1521 2301 1558 una
2321 1505 2412 1558 die
2433 1504 2491 1557 in
2517 1520 2692 1574 regno
2723 1503 2995 1558 caelorum
3014 1501 3535 1572 fuerit,semperibi
3553 1506 3664 1558 est.

2030 1613 2055 1642 α
2087 1589 2248 1662 Elegi
2279 1591 2541 1661 abjectus
2571 1607 2698 1645 esse
2728 1591 2785 1644 in
2817 1590 2988 1645 domo
3007 1589 3106 1644 Dei
3134 1589 3466 1660 mei,magis
3484 1605 3665 1660 quam

2022 1678 2285 1734 habitare
2317 1678 2375 1732 in
2410 1678 2798 1734 tabernaculis
2828 1678 3379 1750 peceatorumalioc
3394 1682 3482 1733 est
3504 1679 3661 1749 quod

2020 1768 2198 1822 etiam
2233 1767 2492 1823 Salvator
2520 1768 2601 1822 ait
2629 1769 2699 1822 de
2727 1767 2949 1822 Joanne
2974 1785 2985 1821 :
3021 1771 3212 1835 Amen,
3245 1783 3403 1821 amen
3425 1768 3547 1822 dico
3575 1784 3664 1822 vo-

2021 1857 2123 1926 bis,
2169 1859 2432 1929 quoniam
2479 1859 2626 1911 inter
2668 1864 2822 1912 natos
2865 1856 3164 1910 mulierum
3208 1871 3318 1910 non
3363 1858 3438 1910 est
3484 1857 3665 1928 major

2014 1949 2229 2003 Joanne
2250 1948 2493 2017 Baptista
2527 1946 2738 2015 (Matth.
2773 1963 2850 2014 x1,
2901 1945 3010 2012 41).
3045 1944 3261 1999 Deinde
3299 1943 3482 2000 dixit:
3516 1944 3664 2008 Quia

2019 2037 2146 2106 ipse
2175 2039 2264 2091 est
2295 2034 2537 2106 angelus
2561 2035 2722 2104 (Ibid.
2756 2035 2840 2097 10,
2868 2035 2975 2104 14).
3010 2035 3080 2088 Et
3107 2033 3316 2088 deinde
3343 2033 3523 2088 dixit:
3559 2033 3665 2101 Qui

2017 2135 2206 2179 autem
2233 2126 2419 2179 minor
2464 2127 2544 2178 est
2591 2125 2648 2177 in
2703 2137 2866 2192 regno
2915 2123 3194 2186 caelorum,
3223 2123 3408 2191 major
3450 2125 3533 2176 est
3560 2123 3659 2178 illo

2015 2214 2174 2284 (Ibid.
2212 2214 2321 2284 11).
2346 2213 2565 2268 Sensus
2592 2212 2799 2267 ibiiste
2830 2215 2916 2266 est
2943 2229 2955 2266 :
2987 2211 3240 2266 Joannes
3276 2212 3427 2266 inter
3453 2227 3661 2267 omnes

2016 2302 2284 2357 homines
2317 2303 2504 2372 major
2534 2305 2642 2356 est.
2676 2302 2742 2354 Et
2773 2300 2821 2355 si
2853 2298 3029 2354 vultis
3059 2299 3227 2366 scire,
3261 2299 3384 2370 ipse
3433 2303 3522 2355 est
3550 2316 3660 2354 an-

2013 2390 2198 2463 gelus.
2236 2394 2346 2446 Iste
2376 2395 2570 2445 autem
2602 2389 2702 2460 qui
2734 2389 2794 2443 in
2824 2394 2975 2444 terra
3006 2388 3250 2460 angelus
3279 2389 3452 2455 est,in
3485 2388 3658 2445 caelo-

2014 2496 2142 2533 rum
2178 2496 2354 2551 regno
2387 2478 2749 2533 novissimus
2777 2476 3010 2544 est,hoc
3040 2481 3149 2546 est,
3177 2477 3248 2532 ab
3281 2475 3504 2550 angelis
3544 2477 3659 2532 mi-

2015 2585 2122 2623 nor
2151 2568 2372 2633 est.Qui
2408 2572 2603 2622 autem
2637 2566 2920 2622 minimus
2942 2569 3032 2620 est
3053 2566 3110 2619 in
3147 2582 3323 2636 regno
3354 2566 3655 2633 caelorum,

2013 2658 2121 2712 hoc
2175 2662 2266 2712 est
2311 2656 2575 2728 angelus,
2609 2655 2797 2725 major
2845 2659 2932 2709 est
2975 2654 3046 2708 ab
3096 2653 3208 2709 isto
3251 2655 3351 2724 qui
3403 2655 3461 2709 in
3503 2658 3658 2710 terra

2013 2745 2288 2802 omnibus
2320 2747 2508 2814 major
2534 2749 2640 2799 est.
2676 2744 2792 2798 Hoc
2839 2747 2928 2798 est
2975 2758 3110 2812 ergo
3143 2743 3295 2813 quod
3331 2758 3486 2797 nunc
3517 2759 3655 2814 pro-

2015 2835 2190 2906 pheta
2221 2834 2359 2888 dicit
2383 2851 2395 2888 :
2426 2856 2452 2882 ‹‹
2476 2833 2908 2904 Elegiabjectus
2930 2847 3057 2886 esse
3078 2831 3136 2885 in
3165 2831 3338 2886 domo
3359 2831 3462 2887 Dei
3480 2831 3653 2902 mei,»

2013 2924 2122 2980 hoc
2153 2928 2260 2992 est,
2294 2922 2492 2976 minus
2517 2939 2645 2976 esse
2682 2920 2835 2976 volui
2866 2921 2924 2974 in
2957 2935 3132 2991 regno
3163 2918 3438 2974 caelorum
3473 2935 3651 2990 quam

2014 3013 2073 3067 in
2098 3013 2210 3067 isto
2233 3011 2442 3066 saeculo
2465 3010 2749 3081 primus.«
2767 3008 2924 3080 Elogi
2955 3008 3215 3079 abjectus
3241 3024 3368 3063 esse
3389 3007 3448 3062 in
3480 3009 3652 3064 domo

1995 3101 2111 3157 ‘Dei
2147 3101 2281 3166 mei,
2315 3117 2491 3172 quam
2541 3099 2806 3153 habitare
2853 3098 2913 3151 in
2960 3097 3356 3152 tabernaculis
3394 3101 3656 3168 peccato-

2014 3207 2198 3245 rum.»
2243 3187 2642 3243 Tabernacula
2674 3203 2787 3241 non
2819 3186 3038 3240 habent
3066 3186 3657 3256 fundamentum,sed

251 3277 306 3333 Si
366 3277 462 3332 hic
518 3277 606 3331 vir
680 3277 845 3331 fortis
909 3276 1265 3348 apparuerit,
1305 3253 1407 3329 'ibi
1467 3276 1761 3331 robustior
1811 3278 1896 3342 ﬁt,
1930 3253 1972 3318 α
2013 3282 2444 3350 pertranseunt.
2479 3278 2699 3330 Tamen
2751 3274 2849 3346 qui
2903 3278 3171 3345 peccator
3211 3279 3318 3341 est,
3350 3253 3655 3347 nunquam

253 3387 281 3415 ‹‹
313 3365 490 3421 Ibunt
520 3365 591 3420 de
619 3364 834 3419 virtute
863 3365 924 3418 in
953 3364 1249 3419 virtutem.
1283 3385 1310 3413 »
1345 3364 1492 3434 Ergo
1523 3364 1637 3418 nisi
1669 3364 1764 3418 hic
1795 3365 1896 3419 ha-

248 3453 552 3509 buerimus
580 3453 856 3507 virtutem
887 3468 902 3506 :
935 3451 1016 3507 ibi
1045 3451 1319 3507 virtutem
1369 3452 1651 3521 majorem
1683 3452 1897 3508 habere

245 3559 360 3597 non
392 3541 943 3614 possumus.Neque
974 3540 1130 3596 enim
1153 3539 1504 3606 dixit,ibunt
1533 3541 1602 3595 de
1634 3541 1894 3596 imbecil-

241 3629 404 3686 litate
435 3631 493 3685 in
524 3630 809 3685 virtutem
837 3646 849 3684 :
887 3631 1047 3696 sed,«
1081 3629 1256 3684 Ibunt
1285 3630 1357 3684 de
1389 3629 1596 3684 virtute
1626 3629 1684 3683 in
1717 3629 1894 3684 virtu-

240 3723 382 3774 tem.
411 3741 438 3768 »
469 3719 572 3775 Vis
603 3718 684 3773 ibi
717 3735 844 3775 esse
876 3719 1040 3774 fortis
1060 3718 1088 3772 ‘?
1116 3723 1267 3773 Ante
1296 3717 1390 3772 hic
1416 3722 1539 3773 esto
1570 3718 1756 3773 fortis.
1793 3719 1893 3774 Vis

241 3807 324 3862 ibi
355 3807 668 3864 coronari?
700 3808 802 3863 Hic
829 3824 1046 3880 pugna.
1085 3829 1105 3855 α
1145 3807 1317 3862 Ibunt
1349 3806 1417 3862 de
1447 3807 1658 3862 virtute
1688 3806 1747 3861 in
1777 3808 1890 3862 vir-

243 3900 824 3953 tutem.«Possumus
849 3901 907 3952 et
938 3896 1105 3952 aliter
1125 3896 1342 3951 dicere:
1378 3897 1627 3952 Christus
1659 3898 1751 3952 Dei
1782 3899 1891 3951 vir-

241 3988 352 4053 tus,
385 3989 438 4041 et
469 3986 567 4042 Dei
589 3988 873 4057 sapientia
902 3985 1088 4056 (ICor.
1123 4002 1159 4052 ι,
1191 3985 1304 4054 24).
1337 3985 1445 4050 Qui
1493 3985 1590 4039 hic
1621 3985 1892 4041 habuerit

241 4074 545 4140 virtutem,
580 4079 639 4129 et
670 4074 748 4128 ibi
792 4073 1031 4129 habebit
1060 4074 1247 4144 ipsam
1275 4073 1790 4128 virtutem.«lbunt
1819 4075 1889 4130 de

240 4161 456 4217 virtute
489 4163 546 4216 in
579 4162 913 4216 virtutem.»
946 4161 1092 4226 Quid
1127 4161 1428 4216 habebunt
1458 4161 1602 4216 lucri
1637 4178 1770 4216 cum
1804 4163 1887 4218 ie-

240 4251 357 4304 rint
386 4251 456 4305 de
477 4249 764 4306 virtutein
787 4249 1118 4304 virtutem.»
1134 4248 1282 4313 Quid
1304 4249 1603 4304 habebunt
1623 4251 1887 4321 praemii?

239 4361 265 4387 ‹‹
298 4337 604 4394 Videbitur
653 4338 808 4393 Deus
855 4339 1097 4392 deorum
1148 4337 1206 4392 in
1239 4338 1398 4393 Sion.
1433 4360 1461 4388 »
1503 4340 1657 4394 Beati
1684 4341 1886 4397 mundo

233 4429 410 4494 corde,
443 4428 705 4499 quoniam
735 4427 843 4497 ipsi
901 4427 1066 4481 Deum
1110 4426 1368 4481 videbunt
1415 4427 1622 4492 (Matth.
1673 4445 1726 4498 v,
1759 4429 1838 4500 8.)
1869 4446 1880 4484 :

232 4517 467 4573 Sufficit
487 4514 1060 4585 vietoribus,sufﬁcit
1079 4513 1163 4569 eis
1193 4513 1292 4586 qui
1326 4521 1732 4586 pugnaverunt
1752 4517 1885 4572 faci-

2008 3366 2209 3421 incolit
2242 3371 2479 3434 terram,
2512 3365 2612 3419 sed
2647 3361 2936 3417 inhabitat
2967 3366 3022 3416 et
3052 3361 3331 3433 possidet.

2079 3477 2106 3503 ‹‹
2140 3453 2287 3519 Quia
2317 3450 2779 3507 misericordiam
2810 3454 2867 3504 et
2887 3449 3189 3504 veritatem
3221 3450 3414 3522 diligit
3438 3451 3650 3507 Deus.»

2005 3543 2130 3597 Duo
2162 3541 2354 3613 diligit
2400 3540 2592 3594 Deus:
2649 3537 3110 3593 misericordiam
3152 3541 3209 3592 et
3235 3538 3562 3596 veritatem.
3592 3538 3652 3595 Si

2004 3635 2238 3685 tantum
2297 3627 2632 3683 misericors
2661 3630 2837 3693 esset,
2866 3642 3070 3680 omnes
3125 3643 3232 3682 nos
3287 3627 3359 3682 ad
3418 3633 3655 3699 peccata

2005 3723 2358 3792 provocaret.
2402 3717 2462 3772 Si
2517 3720 2745 3770 tantum
2795 3715 3097 3770 veritatem
3147 3714 3430 3788 diligeret,
3482 3733 3651 3773 nemo

2003 3824 2166 3880 spem
2217 3807 2459 3862 haberet
2506 3804 2883 3876 poenitentiae.
2915 3807 3229 3875 Propterea
3276 3805 3392 3860 duo
3422 3807 3648 3876 quaerit,

2001 3902 2066 3952 ut
2097 3913 2166 3952 ex
2197 3895 2379 3950 altero
2411 3894 2662 3949 alterum
2693 3897 2993 3964 temperet.
3039 3893 3098 3946 Si
3129 3897 3396 3963 peccator
3425 3896 3648 3961 es,audi

2001 3985 2436 4042 misericordem
2460 3985 2726 4047 Deum,et
2757 3981 2876 4035 noli
2909 3980 3238 4052 desperare,
3261 3982 3360 4036 sed
3393 3997 3498 4053 age
3526 3999 3645 4053 pm-

2001 4072 2390 4128 nitentiam.Si
2413 4087 2546 4125 vero
2564 4070 2766 4140 justus
2791 4068 2996 4135 es,noli
3022 4067 3324 4139 negligens
3350 4085 3476 4125 esse
3507 4071 3646 4140 quia

1998 4163 2152 4218 Deus
2184 4160 2440 4215 clemens
2471 4163 2595 4213 est:
2630 4157 2907 4227 quoniam
2956 4161 3108 4211 Deus
3139 4161 3197 4211 et
3217 4158 3418 4228 justus
3447 4162 3559 4225 est,
3589 4165 3646 4215 et

1996 4250 2300 4306 veritatem
2335 4247 2544 4319 diligit.
2580 4270 2606 4296 ‹‹
2651 4245 2909 4301 Gratiam
2959 4250 3015 4299 et
3060 4245 3308 4316 gloriam
3339 4247 3502 4302 dabit
3531 4253 3639 4303 Do-

1997 4339 2216 4394 minus.
2253 4359 2279 4384 »
2311 4337 2436 4392 Non
2469 4334 2636 4400 dixit,
2663 4333 2906 4406 gloriam
2941 4337 2996 4388 et
3026 4333 3270 4404 gratiam
3305 4334 3504 4401 dabit;
3537 4338 3639 4391 sed

1995 4428 2158 4492 dixit,
2191 4425 2438 4498 gratiam
2471 4428 2524 4480 et
2554 4423 2799 4496 gloriam
2841 4422 3003 4477 dabit
3041 4421 3341 4478 Dominus.
3361 4420 3642 4480 'Primum

1994 4517 2170 4572 donat
2201 4519 2456 4586 peccata,
2489 4518 2546 4567 et
2595 4518 2799 4584 postea
2845 4515 3104 4566 coronat.
3135 4534 3163 4560 «
3218 4511 3342 4566 Non
3390 4512 3642 4584 privabit

233 4621 297 4661 es
330 4604 570 4660 Christi.
603 4604 784 4660 Deum
820 4603 1032 4669 videre,
1065 4603 1294 4657 infinita
1331 4619 1544 4658 corona
1572 4608 1679 4658 est.
1721 4627 1740 4652 α
1778 4605 1882 4658 Vi-
1913 4613 1960 4677 D
1992 4605 2161 4661 bonis
2185 4621 2285 4659 eos
2312 4603 2410 4674 qui
2434 4602 2739 4657 ambulant
2760 4601 2815 4653 in
2844 4600 3443 4677 innocentiamMelius
3464 4600 3641 4658 habet

233 4691 465 4748 debitur
496 4692 651 4748 Deus
677 4693 920 4748 deorum
954 4692 1014 4746 in
1044 4691 1203 4747 Sion.
1229 4711 1256 4739 »
1289 4691 1514 4754 Quanta
1542 4690 1738 4746 laetitia
1771 4699 1877 4763 est,

234 4783 458 4851 quanta
486 4779 759 4836 felicitate
791 4781 873 4836 ire
904 4781 974 4836 de
1003 4780 1216 4835 virtute
1263 4779 1321 4835 in
1353 4780 1648 4848 virtutem,
1683 4788 1740 4836 et
1771 4781 1878 4836 hoc

231 4869 429 4940 ipsum
460 4868 674 4924 habere
721 4869 1049 4941 prtemium,
1085 4873 1150 4924 ut
1194 4868 1490 4925 Christum
1521 4869 1716 4925 videre
1765 4887 1881 4925 me-

234 4957 506 5012 reamur!
541 4980 569 5006 ‹ι
601 4961 896 5013 Protector
927 4962 1125 5013 noster
1152 4958 1366 5028 aspice,
1399 4958 1572 5026 Deus,
1605 4963 1660 5013 et
1691 4960 1873 5030 respi-

235 5061 302 5101 ce
329 5045 388 5100 in
421 5045 626 5102 faciem
658 5045 872 5102 Christi
901 5047 1008 5102 tui.
1045 5069 1072 5094 »
1098 5045 1300 5102 Videte
1349 5046 1489 5117 quid
1521 5046 1712 5103 dicat:
1757 5068 1778 5096 α
1809 5049 1878 5104 Et

235 5133 459 5207 respice
488 5133 547 5189 in
582 5135 787 5191 faciem
817 5135 1026 5191 Christi
1046 5134 1151 5189 tui.
1190 5158 1215 5183 »
1237 5135 1308 5190 Et
1336 5135 1683 5205 deprecatur
1702 5136 1876 5192 homo

234 5228 302 5278 ut
333 5224 503 5280 Pater
522 5224 767 5296 aspiciat
787 5224 847 5279 in
872 5225 1074 5279 faciem
1098 5223 1361 5279 Filii.Sed
1384 5224 1512 5278 vide
1538 5225 1674 5294 quid
1698 5225 1872 5280 dicat.

232 5312 516 5377 Quoniam
548 5313 694 5369 dixit
726 5313 1067 5385 Apostolus:
1102 5314 1182 5367 An
1207 5315 1646 5384 experimentum
1663 5317 1874 5384 quaeri-

230 5404 302 5457 tis
321 5402 441 5472 ejus
471 5404 650 5474 quiin
682 5419 763 5458 me
795 5403 1042 5474 loquitur
1084 5402 1331 5459 Christus
1362 5402 1433 5472 (ll
1463 5401 1583 5457 Cor.
1618 5420 1739 5469 xm,
1774 5404 1825 5473 3)
1848 5405 1875 5457 ‘1

231 5494 300 5545 Et
327 5509 563 5548 rursum
593 5491 717 5564 ipse
748 5491 1011 5547 Salvator
1070 5491 1245 5546 dixit:
1281 5492 1386 5559 Qui
1417 5507 1502 5545 vos
1533 5494 1751 5562 recepit,
1787 5509 1876 5546 me

229 5581 430 5652 recepit
459 5579 671 5652 (Matth.
694 5597 752 5647 x,
781 5579 922 5648 40)?
952 5579 1100 5650 Ergo
1132 5578 1241 5634 hoc
1271 5584 1360 5635 est
1389 5581 1540 5650 quod
1575 5580 1749 5635 dicit:
1785 5598 1872 5635 re-

232 5667 390 5742 spice
413 5668 471 5725 in
495 5669 692 5725 nos.In
715 5667 884 5724 nobis
905 5667 1062 5723 enim
1083 5667 1325 5740 respicis
1345 5667 1552 5725 Filium
1577 5670 1872 5742 tuum,qui

1991 4695 2048 4749 in
2084 4672 2343 4762 Hebraeo,
2375 4713 2402 4741 «
2432 4693 2494 4746 In
2527 4688 2900 4761 perfectione.
2928 4711 2948 4737 »
2987 4672 3320 4744 Innocentis
3344 4688 3500 4745 enim
3519 4705 3636 4747 non

1989 4787 2075 4838 est
2107 4783 2358 4854 perfecta
2389 4780 2572 4834 virtus
2600 4803 2613 4846 ;
2643 4776 2920 4848 quoniam
2953 4777 3050 4849 qui
3082 4777 3362 4834 innocens
3387 4782 3499 4846 est,
3521 4778 3635 4836 nisi

1991 4869 2260 4926 habuerit
2312 4866 2710 4940 prudentiam,
2742 4883 2857 4921 non
2908 4869 2996 4920 est
3042 4866 3305 4937 perfecta:
3353 4883 3633 4922 consum-

1991 4963 2278 5028 matzeque
2307 4956 2881 5025 virtutis.Propterea
2911 4953 3053 5008 dicit
3081 4955 3256 5009 etiam
3289 4954 3347 5008 in
3382 4955 3632 5026 Evange-

1988 5047 2064 5101 lio
2094 5063 2106 5100 :
2141 5049 2317 5101 Estote
2363 5043 2655 5116 prudentes
2710 5045 2770 5096 ut
2816 5046 3110 5112 serpentes,
3153 5050 3205 5097 et
3250 5043 3526 5113 simplices
3565 5047 3630 5096 ut

1988 5135 2248 5190 columbae
2278 5132 2678 5202 (Matth.x,1ti).
2714 5153 2740 5181 ‹‹
2765 5129 3008 5185 Domine
3036 5129 3340 5184 virtutum.
3379 5152 3399 5178 ι
3425 5129 3628 5185 Videte

1986 5225 2125 5295 quid
2159 5221 2592 5277 dicatuDomine
2618 5220 2900 5274 virtutum
2927 5219 3105 5288 nErgo
3138 5218 3371 5289 quando
3394 5224 3628 5290 peccata

1986 5313 2183 5383 aliqua
2213 5311 2498 5365 habemus
2529 5309 2584 5362 in
2619 5308 2986 5377 nobiszDeus,
3020 5305 3119 5378 qui
3149 5306 3432 5362 Dominus
3451 5307 3630 5364 virtu-

1983 5405 2109 5456 tum
2139 5405 2245 5469 est,
2280 5416 2394 5453 non
2424 5402 2512 5453 est
2551 5396 2835 5451 Dominus
2885 5400 3121 5462 noster;
3158 5394 3296 5466 quia
3343 5395 3628 5455 Dominus

1985 5507 2099 5544 non
2132 5494 2219 5544 est
2251 5485 2747 5559 peccatorum,sed
2773 5486 3095 5556 justorum.
3119 5505 3144 5537 α
3175 5484 3384 5540 Beatus
3412 5485 3500 5540 vir
3525 5487 3622 5559 qui

1983 5583 2179 5650 sperat
2210 5579 2267 5632 in
2300 5582 2372 5632 te.
2409 5598 2436 5624 »
2468 5575 2566 5630 Ille
2599 5579 2792 5645 sperat
2821 5575 2879 5628 in
2917 5575 3178 5642 Domino,
3203 5573 3303 5644 qui
3325 5575 3624 5632 conscien-

1981 5668 2123 5724 tiam
2157 5685 2270 5724 non
2302 5666 2478 5722 habet
2510 5668 2899 5737 peccatorum,
2933 5663 3033 5735 qui
3081 5661 3281 5719 oculos
3305 5661 3520 5722 liberos
3551 5667 3623 5722 ad
