4256 6570
331 416 519 492 ἨΠ

1571 412 2075 488 BREVIARIUM
2119 422 2199 487 IN
2244 424 2390 488 PSA
2402 427 2630 490 LMOS.

3607 408 3767 494 4442

358 556 519 621 niam
565 560 845 634 loquetur
892 572 1095 632 pacem
1142 556 1202 612 in
1251 555 1477 628 plebem
1520 573 1706 613 suam.
1742 561 1858 613 Pax
1889 574 2002 613 non
2034 558 2089 627 Α
2119 577 2273 616 unus
2303 561 2374 616 de
2404 560 2663 634 gentium
2692 560 2925 634 populo,
2983 563 3040 618 et
3087 561 3239 617 alius
3287 562 3358 618 de
3402 540 3763 622 Judaeorum.

359 653 592 715 dicitur,
626 649 738 707 nisi
770 646 1003 720 quando
1033 642 1255 701 bellum
1287 662 1402 700 non
1433 649 1540 702 est.

430 765 458 792 ‹‹
490 743 560 797 Et
590 755 769 812 super
798 739 1037 793 sanctos
1060 751 1199 791 suos
1227 739 1284 789 et
1317 733 1374 789 in
1406 750 1506 791 eos
1537 734 1637 807 qui
1659 739 2004 791 convertun-

356 837 453 889 tur
504 826 576 887 ad
633 845 750 885 cor.
786 848 814 876 »
846 826 965 882 Hoc
1009 828 1119 891 est,
1165 824 1265 896 qui
1312 823 1564 896 primam
1613 825 2008 895 sequebantur

355 936 614 986 carnem,
661 921 719 973 et
766 919 962 990 postea
1001 917 1421 970 convertuntur
1450 913 1520 968 ad
1554 929 1671 968 cor.
1705 914 1778 969 Ut
1806 914 2005 969 sciatis

356 1011 495 1084 quia
526 1024 629 1081 pro
657 1006 877 1062 Judceis
908 1004 1124 1060 dicitur
1151 1003 1261 1059 iste
1288 1001 1632 1070 versiculus,
1663 1001 1772 1058 hoc
1803 1007 1910 1070 est,
1934 1003 2004 1059 de

355 1099 449 1156 his
480 1098 580 1172 qui
619 1095 992 1152 crediderunt
1034 1093 1094 1148 in
1140 1090 1492 1147 Salvatorem
1527 1109 1541 1146 :
1574 1091 1763 1146 videte
1809 1107 2001 1146 exem-

356 1189 453 1263 pla
483 1204 610 1261 qua)
641 1184 919 1241 diximus.
952 1182 1064 1237 Fac
1095 1180 1242 1235 mihi
1266 1180 1536 1235 Judaeum
1564 1178 1754 1251 legere
1795 1179 2001 1235 Leviti-

356 1295 486 1335 cum
538 1280 685 1348 (cap.
737 1273 872 1343 XIV),
923 1275 981 1327 et
1038 1270 1237 1327 omnia
1293 1267 1393 1324 illa
1449 1272 1819 1324 sacramenta
1874 1285 2001 1340 quae

354 1366 571 1439 scripta
625 1366 783 1428 sunt,
815 1365 874 1417 et
904 1359 1198 1432 quomodo
1246 1358 1513 1430 leprosus
1560 1357 1887 1430 ingreditur
1939 1358 1998 1413 in

352 1469 730 1529 synagogam,
762 1449 1056 1523 quomodo
1085 1447 1304 1520 gallina
1333 1445 1559 1502 tollitur
1587 1452 1645 1501 et
1682 1445 1998 1517 obtorque-

354 1548 453 1599 tur
482 1542 566 1598 illi
595 1540 833 1598 collum.
883 1538 1102 1594 Deinde
1143 1536 1360 1591 dicitur
1401 1535 1472 1590 de
1523 1535 1810 1606 sanguine
1857 1551 1997 1606 quo-

352 1633 527 1690 modo
580 1632 952 1703 aspergatur;
1011 1625 1226 1681 dicitur
1282 1624 1354 1679 de
1409 1639 1599 1696 aqua;
1658 1623 1874 1678 dicitur
1929 1624 2000 1678 de

352 1723 637 1794 hyssopo;
696 1717 912 1774 dicitur
955 1714 1131 1771 etiam
1180 1712 1473 1785 quomodo
1522 1711 1867 1767 scindantur
1913 1710 1996 1766 illi

350 1810 724 1877 vestimenta,
749 1810 807 1861 et
834 1805 917 1861 sic
950 1802 1278 1876 ingreditur
1304 1800 1364 1857 in
1396 1816 1752 1873 synagogam
1775 1799 1873 1856 ille
1895 1800 1995 1872 qui

351 1900 621 1972 leprosus
670 1898 874 1951 fuerat.
927 1893 986 1948 Si
1040 1892 1365 1947 secundum
1414 1889 1667 1945 litteram
1706 1889 1994 1962 legamus,

353 1988 496 2062 quid
527 1985 698 2042 nobis
717 1983 955 2057 prodest
983 1981 1137 2052 quod
1169 1978 1458 2051 legimus?
1486 1978 1547 2034 Si
1574 1994 1704 2035 vero
1736 1977 1995 2034 conversi

352 2078 640 2135 fuerimus
687 2075 758 2131 ad
807 2086 939 2139 cor,
975 2071 1025 2127 si
1075 2066 1458 2143 spiritualiter
1485 2068 1992 2125 intellexerimus:

351 2166 683 2224 videbimus
713 2161 990 2235 quoniam
1016 2160 1283 2233 leprosus
1313 2174 1427 2213 non
1456 2161 1646 2230 potest
1674 2158 1894 2213 intrare
1923 2159 1990 2213 ad

352 2254 636 2330 populum
668 2252 789 2320 Dei,
823 2249 937 2307 nisi
969 2248 1314 2305 scindantur
1339 2247 1690 2303 vestimenta
1717 2247 1865 2317 ejus,
1882 2246 1994 2302 nisi

353 2345 748 2418 quodcunque
777 2340 1047 2396 cladsum
1077 2336 1251 2393 fuerit
1275 2336 1579 2392 reveletur.
1619 2335 1875 2407 Denique
1910 2335 1994 2389 vi-

350 2435 505 2502 dete,
535 2430 815 2504 quoniam
847 2429 958 2484 iste
986 2427 1255 2499 leprosus
1284 2426 1397 2481 nisi
1427 2440 1531 2497 per
1558 2424 1907 2497 sanguinem
1940 2428 1997 2480 et

350 2539 587 2595 aquam,
618 2522 674 2577 et
704 2518 1053 2591 hyssopum.
1084 2532 1199 2571 non
1248 2513 1576 2586 ingreditur
1616 2528 1993 2585 synagogam.

349 2613 498 2683 Ergo
530 2613 587 2665 et
628 2612 691 2663 tu
732 2607 833 2679 qui
883 2621 1071 2677 usque
1110 2603 1285 2659 hodie
1330 2601 1596 2674 leprosus
1645 2599 1827 2669 fuisti,
1880 2618 1995 2656 non

288 2711 299 2721 '
350 2684 669 2771 apparebat
715 2694 876 2767 lepra
925 2698 1028 2748 tua
1076 2696 1390 2764 antequam
1437 2690 1663 2746 venires
1701 2691 1773 2746 ad
1806 2706 1996 2746 sacer-

351 2773 565 2842 dotem.
589 2786 698 2841 Sed
722 2783 1000 2856 quoniam
1023 2781 1233 2838 venisti
1263 2781 1335 2835 ad
1368 2780 1750 2849 sacerdotem,
1783 2779 2000 2834 dissuit

350 2875 623 2933 sacerdos
650 2872 997 2930 vestimenta
1026 2876 1150 2937 tua,
1181 2873 1239 2925 et
1264 2869 1419 2941 quod
1441 2872 1661 2924 tectum
1689 2868 2000 2923 videbatur

351 2969 409 3021 et
437 2950 649 3021 sanum
679 2978 828 3030 esse,
860 2958 1116 3016 ostendit
1145 2960 1463 3032 leprosum.
1515 2956 1725 3012 Omnia
1761 2961 1998 3028 peccata

350 3058 457 3110 tua
476 3058 533 3110 et
548 3053 774 3125 lepram
795 3055 961 3106 tuam
983 3047 1179 3122 posuit
1199 3051 1334 3103 ante
1362 3045 1563 3103 oculos
1590 3049 1746 3113 tuos,
1779 3050 1836 3101 et
1865 3046 1996 3101 ideo

2114 649 2336 705 Judaeis
2357 649 2777 721 repromissum
2795 654 2883 706 est
2905 650 3057 722 quod
3081 650 3301 707 veniret
3335 649 3599 709 Salvator
3621 670 3634 708 :
3660 672 3764 723 no-

2115 737 2207 793 bis
2238 744 2433 794 autem
2466 740 2566 811 qui
2600 739 2855 795 extranei
2888 756 3122 795 eramus
3153 757 3186 795 a
3215 740 3340 811 lege
3370 740 3492 812 Dei,
3527 758 3640 797 non
3673 747 3765 801 est

2115 827 2960 898 repromissum.Misericordia
2988 828 3165 900 igitur
3189 834 3279 885 est
3301 830 3360 884 in
3384 830 3597 903 populo
3618 848 3759 904 gen-

2112 915 2327 982 tilium,
2358 917 2569 972 veritas
2597 918 2655 971 in
2689 917 2902 989 populo
2927 917 3262 973 Judzeorum
3294 936 3307 973 :
3332 918 3471 990 quia
3492 921 3647 991 quod
3669 937 3761 977 re-

2113 1005 2468 1075 promissum
2517 1010 2625 1071 est,
2657 1006 2835 1072 venit,
2868 1006 2976 1061 hoc
3007 1002 3127 1079 est,
3151 1000 3304 1078 quod
3335 1008 3760 1080 repromissum

2112 1097 2201 1147 est
2238 1094 2521 1164 patribus,
2571 1093 2680 1149 hoc
2738 1093 3062 1166 completur
3091 1094 3151 1150 in
3182 1094 3341 1150 ﬁliis.
3377 1117 3406 1146 «
3433 1096 3673 1154 Justitia
3701 1102 3760 1154 et

2113 1199 2224 1254 pax
2253 1181 2525 1237 osculatae
2556 1187 2712 1238 sunt.
2748 1204 2775 1235 ι)
2809 1183 3013 1239 Videte
3043 1184 3182 1255 quid
3212 1184 3369 1240 dicat
3400 1202 3412 1241 :
3448 1208 3477 1234 ‹‹
3516 1186 3759 1244 Justitia

2112 1274 2167 1325 et
2199 1287 2309 1342 pax
2340 1269 2611 1326 osculataa
2642 1276 2843 1326 sunt.»
2866 1272 3064 1344 Ipsum
3096 1278 3185 1328 est
3213 1274 3366 1345 quod
3391 1291 3571 1350 supra
3591 1274 3752 1331 dixit:

2111 1380 2139 1408 ‹‹
2174 1358 2568 1415 Misericordia
2597 1365 2654 1415 et
2683 1360 2916 1416 veritas.
2948 1383 2977 1411 ››
3014 1361 3411 1419 Misericordia
3439 1362 3635 1435 ipsum
3665 1368 3757 1421 est

2111 1449 2265 1519 quod
2299 1453 2356 1503 et
2385 1465 2496 1520 pax
2529 1465 2541 1503 :
2574 1449 2789 1504 veritas
2816 1453 3010 1505 autem
3042 1450 3235 1521 ipsum
3266 1454 3356 1506 est
3391 1453 3547 1524 quod
3576 1457 3634 1508 et
3653 1453 3755 1524 ju-

2110 1536 2289 1592 stitia.
2326 1536 2383 1592 Si
2416 1536 2553 1609 quid
2587 1538 2742 1593 enim
2776 1538 2847 1593 ad
2879 1554 3082 1611 pacem
3114 1538 3382 1610 pertinet,
3413 1539 3525 1596 hoc
3573 1545 3630 1596 et
3678 1541 3751 1597 ad

2110 1624 2589 1696 misericordiam,
2624 1631 2680 1681 et
2708 1627 2756 1682 si
2789 1627 2929 1699 quid
2961 1627 3031 1683 ad
3061 1627 3385 1695 veritatem,
3426 1628 3535 1685 hoc
3564 1629 3754 1701 adju-

2108 1713 2351 1769 stitiam.
2386 1714 2582 1771 Videte
2611 1732 2746 1788 ergo
2772 1715 2914 1787 quid
2947 1715 3102 1770 dicat
3129 1734 3142 1771 :
3166 1716 3407 1772 Justitia
3434 1721 3491 1774 et
3520 1734 3631 1789 pax
3658 1719 3755 1774 de-

2106 1802 2379 1858 osculata:
2432 1808 2589 1873 sunt,
2626 1827 2651 1852 ››
2684 1804 2793 1858 hoc
2830 1808 2937 1871 est,
2971 1804 3376 1861 misericordia
3429 1811 3486 1861 et
3541 1806 3752 1864 veritas

2106 1892 2423 1947 amicitiam
2469 1890 2749 1964 fecerunt,
2782 1893 2889 1949 hoc
2919 1898 3026 1959 est,
3059 1897 3116 1949 et
3146 1894 3452 1965 gentilium
3500 1896 3753 1968 populus

2104 1984 2162 2037 et
2188 1980 2524 2038 Judaaorum
2556 1983 2665 2038 sub
2695 1999 2811 2038 uno
2835 1986 3066 2054 pastore
3094 1982 3326 2040 Christo
3354 1989 3464 2041 est.

2176 2092 2205 2120 «
2238 2070 2466 2127 Veritas
2488 2071 2558 2126 de
2578 2075 2732 2127 terra
2753 2076 2879 2127 orta
2922 2076 3029 2127 est.
3068 2094 3096 2121 »
3126 2074 3234 2144 Ego
3251 2090 3376 2129 sum
3397 2076 3512 2143 via,
3532 2076 3583 2129 et
3610 2076 3746 2143 vita,

2103 2164 2157 2215 et
2200 2161 2407 2215 veritas
2453 2160 2631 2230 (Joan.
2682 2177 2799 2227 xxv,
2845 2162 2923 2231 6).
2974 2160 3073 2215 Ille
3123 2162 3221 2232 qui
3270 2162 3430 2233 dicit,
3465 2177 3571 2235 ego
3614 2179 3747 2218 sum

2101 2246 2317 2302 veritas
2347 2248 2417 2303 de
2446 2251 2599 2304 terra
2646 2252 2809 2304 ortus
2867 2252 2977 2303 est.
3025 2250 3164 2313 Quae
3220 2254 3309 2306 est
3363 2250 3478 2307 ista
3532 2250 3747 2307 veritas

2104 2352 2235 2408 quae
2290 2336 2361 2391 de
2417 2341 2573 2391 terra
2628 2342 2755 2392 orta
2810 2339 2935 2393 est?
2988 2340 3148 2393 Exiet
3207 2340 3365 2409 virga
3437 2339 3503 2395 de
3566 2339 3751 2396 radice

2105 2427 2273 2493 Iesse,
2301 2430 2354 2481 et
2383 2427 2482 2496 ﬂos
2511 2426 2575 2481 de
2603 2426 2787 2481 radice
2834 2428 2951 2499 ejus
2998 2429 3144 2483 exiet
3188 2429 3316 2500 (Isa.
3367 2446 3447 2497 xx,
3489 2430 3563 2497 1).
3596 2429 3667 2484 Et
3695 2429 3755 2484 in

2106 2513 2218 2569 alio
2270 2514 2442 2570 loco:
2478 2516 2751 2584 Quoniam
2797 2517 2937 2571 Deus
2982 2522 3236 2588 operatus
3283 2523 3363 2573 est
3407 2516 3651 2574 salutem
3695 2519 3758 2575 in

2104 2603 2280 2659 medio
2337 2612 2502 2661 terra
2558 2605 2931 2675 (Psalmxxul,
2988 2606 3096 2676 12).
3149 2605 3294 2669 Quid
3346 2605 3512 2675 dicis,
3564 2606 3749 2663 Mani-

2106 2693 2280 2759 chaee,
2340 2692 2440 2764 qui
2497 2709 2677 2765 negas
2732 2709 2964 2748 carnem
3013 2694 3292 2748 habuisse
3349 2693 3749 2752 Salvatorem?

2105 2782 2252 2855 Ecce
2283 2782 2519 2847 veritas,
2552 2782 2609 2837 id
2651 2785 2757 2849 est,
2791 2780 3049 2837 Salvator
3074 2781 3145 2836 de
3173 2784 3348 2849 terra,
3378 2782 3488 2837 hoc
3534 2787 3642 2851 est,
3676 2784 3747 2840 de

2106 2870 2284 2924 Maria
2313 2873 2475 2925 ortus
2506 2874 2612 2925 est.
2647 2891 2674 2919 «
2708 2870 2778 2924 Et
2797 2868 3032 2940 justitia
3062 2869 3132 2924 de
3181 2868 3321 2923 ccelo
3369 2872 3684 2943 prospexit.
3717 2894 3745 2923 ι)

2102 2962 2338 3014 Justum
2370 2958 2528 3013 enim
2559 2963 2681 3013 erat
2704 2963 2769 3012 ut
2800 2957 3062 3013 Salvator
3110 2957 3483 3014 misereretur
3528 2960 3745 3033 populo

2105 3046 2442 3103 suo.Videte
2471 3046 2611 3117 quid
2642 3047 2799 3101 dicat
2830 3063 2843 3101 :
2877 3046 2922 3101 Ο
2946 3047 3111 3117 justa
3133 3046 3360 3117 judicia
3387 3046 3487 3103 Dei
3517 3050 3575 3104 et
3593 3048 3750 3105 inin-

333 3146 395 3199 te
448 3139 676 3198 reducit
732 3140 791 3193 in
851 3152 1202 3210 synagogam
1252 3135 1354 3190 Dei
1398 3150 1503 3207 per
1548 3133 1896 3206 sanguinem
1940 3137 1996 3189 et
2100 3134 2474 3207 vestigabiles
2502 3134 2605 3189 viae
2635 3134 2797 3205 ejus!
2832 3156 2861 3183 «
2891 3134 3115 3190 Veritas
3145 3135 3216 3190 de
3244 3138 3400 3191 terra
3426 3140 3554 3192 orta
3579 3142 3688 3207 est,
3718 3161 3747 3189 »

247 3236 272 3261 ‘
333 3234 572 3302 a’quam.
608 3230 715 3283 Per
743 3225 1116 3299 sanguinem,
1149 3239 1253 3295 per
1280 3223 1615 3295 passionem
1660 3221 1899 3292 Christi,
1934 3228 1991 3276 et
2026 3295 2058 3302 _
2099 3223 2210 3280 hoc
2240 3227 2331 3279 est
2358 3222 2640 3278 Salvator.
2674 3223 2740 3278 Et
2769 3238 3006 3277 rursum
3037 3238 3050 3280 :
3083 3244 3111 3273 ‹‹
3143 3223 3214 3279 Et
3240 3223 3476 3294 justitia
3501 3225 3574 3282 de
3603 3226 3746 3285 cmlo

327 3295 432 3392 pe}
454 3305 698 3389 aquam,
732 3331 835 3386 per
859 3295 1249 3384 Baptismum
1285 3311 1435 3381 Ergo
1475 3313 1609 3381 post
1636 3308 1857 3380 lepram
1890 3325 1981 3364 sa-
2016 3295 2059 3361 C
2099 3313 2413 3383 prospexit.
2448 3334 2476 3360 ››
2506 3311 2746 3366 Justitia
2793 3312 2920 3382 ipse
2971 3311 3236 3367 Salvator
3281 3316 3391 3368 est.
3442 3314 3743 3378 Quomodo

326 3406 453 3463 nari
502 3421 617 3460 non
648 3401 887 3476 poteris,
937 3399 1051 3456 nisi
1110 3415 1213 3472 per
1263 3398 1599 3469 passionem
1654 3397 1867 3452 Christi
1925 3401 1983 3452 et
2091 3400 2163 3456 de
2205 3404 2358 3455 terra
2388 3403 2515 3454 orta
2545 3399 2674 3454 est?
2725 3400 3026 3464 Quomodo
3082 3400 3155 3454 de
3211 3400 3353 3455 coelo
3397 3403 3742 3475 prospexit?

320 3500 423 3569 per
453 3491 921 3566 baptismum.Et
950 3505 1083 3544 cum
1114 3487 1225 3543 hoc
1255 3485 1772 3555 feceris,dicituret
1791 3484 1933 3540 illud
1964 3502 1977 3542 :
2097 3508 2125 3540 α
2154 3493 2231 3542 De
2260 3491 2415 3542 terra
2443 3491 2571 3542 orta
2601 3491 2708 3551 est,
2738 3508 2766 3535 »
2795 3488 2949 3559 quod
2995 3486 3171 3542 homo
3217 3492 3393 3544 natus
3420 3493 3541 3558 est;
3598 3512 3628 3541 ‹‹
3666 3492 3739 3548 de

319 3586 579 3656 Asperges
605 3597 693 3637 me
721 3580 973 3652 hyssopo,
1004 3581 1061 3632 et
1090 3575 1404 3632 mundabor
1448 3592 1467 3629 :
1516 3574 1726 3630 iuvabis
1772 3590 1880 3643 me,
1928 3582 1980 3629 et
2089 3576 2231 3632 coelo
2252 3575 2901 3648 prospexit,»quoniam
2924 3580 3075 3631 Deus
3098 3592 3331 3648 semper
3350 3577 3410 3633 in
3430 3578 3591 3635 caelis
3619 3585 3729 3652 est,

315 3676 483 3745 super
522 3672 708 3727 nivem
754 3668 1052 3725 dealbabor
1100 3666 1273 3738 (Psal.
1308 3682 1345 3733 ι,
1375 3664 1454 3735 9).
1487 3663 1684 3735 Usque
1714 3661 1886 3719 hodie
1919 3663 1976 3718 in
2088 3664 2199 3721 hoc
2228 3669 2336 3729 est,
2367 3667 2543 3721 natus
2573 3664 2812 3736 quidem
2844 3668 2934 3720 est
2964 3666 3035 3719 de
3055 3668 3210 3720 terra
3243 3683 3255 3721 :
3290 3666 3388 3722 sed
3421 3665 3518 3723 ille
3540 3667 3642 3740 qui
3664 3669 3737 3725 de

315 3763 562 3836 Egypto
594 3775 656 3816 cs
689 3775 702 3813 :
739 3755 1023 3831 quamdiu
1076 3770 1193 3811 non
1243 3753 1473 3809 veneris
1523 3752 1593 3808 ad
1626 3749 1975 3823 sanguinem
2089 3758 2247 3810 terra
2278 3757 2450 3809 natus
2477 3757 2584 3819 est,
2617 3769 2849 3824 semper
2870 3753 2927 3808 in
2952 3751 3093 3809 coelo
3115 3753 3340 3820 est,hoc
3376 3758 3486 3823 est,
3518 3756 3603 3813 sic
3633 3774 3736 3830 ap-

317 3856 376 3909 et
405 3852 476 3907 ad
508 3836 747 3922 aquam,
782 3844 996 3902 salvari
1026 3860 1142 3901 non
1173 3843 1413 3915 poteris.
1445 3842 1548 3897 Vis
1597 3844 1662 3896 ut
1706 3840 1975 3896 extermi-
2085 3842 2330 3914 parebat
2350 3841 2409 3896 in
2433 3841 2697 3907 terris,ut
2726 3840 2937 3898 ccelum
2960 3858 3075 3898 non
3101 3841 3548 3916 derelinqueret.
3581 3845 3734 3902 Deus

318 3944 488 3998 nator
518 3940 619 4013 qui
650 3936 941 3994 interfecit
970 3937 1309 4009 Egyptum,
1352 3948 1468 3989 non
1518 3936 1574 3987 te
1618 3930 1977 3986 interﬁciat?

214 4038 223 4041 “
328 4029 491 4107 Tolle
547 4019 894 4101 hyssopum,
948 4023 1170 4097 intinge
1242 4022 1302 4076 in
1367 4019 1674 4107 sanguine,
1731 4032 1976 4090 asperge

319 4106 518 4191 postes
569 4121 721 4172 tuos.
781 4111 1216 4193 Exterminator
1272 4126 1405 4165 cum
1461 4106 1671 4164 viderit
1740 4107 1975 4179 sangui—

312 4222 447 4262 nem
475 4206 533 4260 in
564 4200 757 4260 fronte
788 4206 907 4269 tua,
942 4200 1217 4257 accedere
1247 4214 1361 4254 non
1395 4195 1753 4269 poterit.Hoc
1782 4199 1970 4251 totum

311 4306 494 4369 qnare
524 4290 685 4348 dixi?
715 4290 862 4356 Quia
890 4289 1176 4361 scriptum
1204 4290 1294 4343 est
1327 4304 1375 4342 :«
1402 4286 1472 4341 Et
1499 4285 1560 4340 in
1590 4301 1690 4341 eos
1720 4284 1819 4357 qui
1842 4300 1973 4340 con-

309 4385 621 4439 vertuntur
649 4380 720 4436 ad
762 4395 879 4434 cor.
918 4399 939 4426 ι
975 4377 1125 4448 Ergo
1178 4392 1293 4431 non
1342 4374 1555 4446 poterit
1600 4374 1755 4430 Deus
1809 4372 1967 4443 loqui

315 4487 519 4547 pacem
552 4468 706 4542 plebi
738 4483 888 4534 suae;
924 4461 1038 4521 nisi
1069 4463 1154 4520 eis
1186 4463 1286 4535 qui
1320 4467 1735 4519 convertuntur
1758 4462 1826 4516 ad
1849 4478 1965 4517 cor.

388 4583 408 4610 α
443 4560 866 4615 Verumtamen
898 4569 1077 4626 prope
1105 4552 1383 4608 timentes
1412 4567 1545 4607 eum
1578 4549 1833 4606 salutare
1884 4550 1970 4622 ip-

2085 3931 2242 3988 enim
2273 3930 2493 4003 ubique
2520 3931 2820 4002 prospexit
2870 3948 2883 3985 :
2930 3930 3207 4001 quoniam
3237 3932 3422 3988 donec
3450 3933 3731 4004 peccahao

2085 4037 2240 4087 mus,
2272 4021 2568 4076 avertebat
2614 4018 2815 4075 oculos
2862 4035 3000 4074 suos
3030 4036 3064 4074 a
3095 4020 3283 4075 nobis.
3345 4021 3510 4084 Quod
3565 4021 3727 4092 dicit,

2083 4108 2194 4164 hoc
2219 4112 2308 4163 est
2332 4124 2345 4162 :
2367 4108 2603 4163 Justum
2634 4110 2722 4161 est
2753 4110 2817 4160 ut
2846 4105 3064 4177 figulus
3085 4106 3433 4162 misereatur
3452 4108 3728 4180 operibus

2080 4197 2229 4261 suis,
2262 4199 2326 4250 ut
2354 4198 2552 4265 pastor
2582 4194 2927 4250 misereatur
2955 4194 3115 4267 gregi
3148 4210 3274 4249 suo.
3314 4195 3431 4251 Nos
3476 4197 3726 4270 populos

2080 4285 2211 4355 ejus
2253 4300 2485 4351 sumus,
2516 4299 2624 4340 nos
2651 4286 2918 4338 creatura
2955 4285 3086 4355 ejus
3133 4300 3361 4341 sumus.
3411 4286 3728 4359 Propterea

2079 4389 2215 4446 ergo
2245 4374 2317 4428 de
2346 4377 2500 4428 terra
2532 4376 2700 4428 ortus
2746 4376 2854 4442 est,
2907 4376 2964 4428 et
3011 4372 3083 4427 de
3130 4372 3271 4429 coelo
3314 4370 3630 4447 prospexit,
3662 4381 3728 4432 ut

2078 4461 2632 4535 impleatjustitiam
2666 4478 2856 4528 suam,
2907 4465 2966 4517 et
3011 4461 3564 4536 misereaturopcri
3592 4481 3723 4522 suo.

2076 4551 2339 4624 Denique
2369 4556 2434 4608 ut
2463 4551 2659 4607 sciatis
2692 4550 2970 4622 quoniam
2996 4551 3229 4621 justitia
3257 4567 3371 4607 non
3413 4552 3725 4611 crudelita-

312 4632 459 4706 sius.
494 4670 523 4698 »
554 4646 811 4704 Ostendo
839 4643 992 4699 viam
1025 4640 1256 4711 salutis,
1290 4641 1362 4697 do
1395 4639 1859 4696 misericordiam
1893 4638 1967 4693 li-
1999 4659 2045 4723 Β
2077 4646 2195 4696 tem
2228 4645 2417 4711 sonat,
2451 4640 2553 4697 sed
2587 4638 3085 4711 misericordiam,
3106 4637 3297 4697 videte
3326 4640 3468 4711 quid
3497 4640 3640 4699 dicit
3670 4659 3685 4698 :

313 4742 405 4808 cet
435 4735 688 4793 necdum
718 4750 1035 4790 conversus
1066 4748 1128 4787 es
1159 4730 1232 4787 ad
1273 4748 1286 4787 :
1337 4734 1534 4806 tamen
1565 4734 1856 4800 exspecto,
1889 4729 1963 4783 do

312 4825 509 4882 locum
540 4822 913 4897 paenitentia}.
947 4822 1014 4877 Et
1042 4821 1151 4876 hoc
1179 4824 1369 4876 totum
1401 4817 1542 4891 quid
1568 4817 1681 4874 est!
1719 4839 1749 4867 »
1779 4821 1861 4872 Ut
1881 4817 1965 4872 in-

309 4913 535 4972 habitet
563 4912 748 4986 gloria
770 4913 830 4967 in
860 4914 1014 4968 terra
1042 4913 1296 4966 nostra.»
1330 4912 1642 4979 Propterea
1670 4910 1725 4962 te
1755 4906 1825 4962 ad
1847 4921 1960 4978 pm-

310 5000 621 5061 nitentiam
649 5004 849 5057 vocat:
879 5003 943 5054 ut
970 4997 1072 5069 qui
1103 4997 1371 5070 leprosus
1399 5011 1551 5062 eras,
1576 4993 1793 5049 habeas
1822 4993 1959 5048 hos-

309 5092 489 5166 pitem
521 5089 838 5147 Christum.

382 5178 840 5236 «Misericordia
897 5181 956 5232 et
997 5175 1208 5232 veritas
1267 5172 1646 5230 obviaverunt
1702 5172 1956 5241 sibi,ju-

308 5269 474 5329 stitia
529 5272 588 5325 et
645 5283 758 5340 pax
806 5264 1082 5323 osculatae
1127 5267 1286 5320 sunt.
1320 5283 1348 5311 »
1396 5262 1441 5318 0
1474 5276 1653 5333 quam
1685 5259 1960 5340 praeclara

309 5356 597 5415 amicitia!
648 5338 688 5405 ⁷‹‹
750 5352 1154 5411 Misericordia
1210 5356 1268 5409 et
1320 5350 1533 5408 veritas
1580 5338 1961 5406 obviaverunt

312 5446 447 5505 sibi.
480 5472 502 5501 ι
540 5448 815 5503 Peccator
841 5458 906 5501 es
939 5459 953 5498 :
988 5440 1127 5498 audi
1158 5440 1299 5515 quid
1332 5440 1506 5506 dicat,
1557 5438 1960 5494 misericordia-

316 5538 567 5593 Sanctus
622 5550 684 5590 es
745 5550 758 5589 :
818 5532 955 5588 audi
1023 5530 1166 5603 quid
1232 5531 1408 5600 dicat,
1466 5532 1517 5584 et
1571 5528 1792 5584 veritas.
1847 5526 1959 5581 Nec

317 5626 373 5683 si
400 5628 672 5698 peccator
697 5622 1127 5694 es,desesperes
1161 5636 1174 5677 :
1209 5637 1315 5678 nec
1344 5620 1394 5676 si
1420 5618 1616 5690 justus
1647 5631 1730 5684 es,
1763 5624 1964 5688 super-

319 5713 469 5774 bias.
500 5712 778 5771 Dicamus
808 5708 975 5768 aliter
1006 5726 1020 5767 :
1053 5708 1178 5768 Duo
1210 5712 1351 5768 sunt
1381 5706 1683 5767 credentes
1711 5703 1912 5778 populi
1945 5720 1958 5762 :

2148 4753 2175 4779 ιι
2199 4730 2424 4784 Etenim
2448 4727 2732 4783 Dominus
2763 4727 2926 4782 dabit
2954 4727 3433 4801 benignitatem.»
3454 4735 3723 4805 Propter-

2076 4833 2144 4874 ea
2176 4816 2472 4890 prospexit
2501 4817 2572 4871 de
2602 4815 2764 4883 coelo,
2799 4821 2866 4871 ut
2886 4816 3243 4874 misereatur
3271 4819 3547 4891 operibus
3575 4820 3719 4877 suis.

2076 4927 2105 4955 ‹‹
2136 4906 2206 4960 Et
2246 4909 2403 4960 terra
2451 4908 2651 4959 nostra
2699 4905 2860 4960 dabit
2902 4891 3158 4962 fructum
3190 4924 3385 4967 suum.
3421 4930 3450 4958 υ
3490 4908 3718 4966 Veritas

2068 4994 2307 5066 quidem
2339 4994 2410 5049 de
2436 4997 2593 5049 terra
2620 4998 2746 5049 orta
2782 4998 2889 5051 est.
2921 4998 3042 5051 Hoc
3090 4995 3161 5051 de
3208 4997 3516 5067 praeterito.
3548 4996 3713 5052 Nunc

2070 5084 2140 5139 de
2172 5084 2368 5138 futuro
2399 5081 2647 5137 dicitur:
2686 5104 2715 5132 ‹‹
2746 5084 2815 5138 Et
2841 5089 2996 5140 terra
3025 5088 3226 5140 nostra
3253 5084 3419 5141 dabit
3456 5085 3710 5141 fructum

2068 5187 2266 5227 suum.
2303 5193 2329 5219 ι)
2357 5170 2543 5227 Nolite
2571 5171 2882 5242 desperare
2927 5188 2939 5225 :
2992 5173 3146 5243 quod
3180 5173 3362 5229 semel
3388 5177 3593 5230 natum
3623 5180 3715 5230 est

2070 5276 2138 5315 ex
2168 5260 2370 5327 Maria,
2403 5260 2661 5331 quotidie
2690 5264 2748 5314 et
2776 5260 2833 5315 in
2868 5260 3036 5316 nobis
3084 5261 3363 5316 nascitur.
3397 5286 3425 5312 ς(
3458 5263 3529 5318 Et
3555 5265 3713 5320 terra

2070 5356 2270 5406 nostra
2302 5348 2463 5404 dabit
2495 5350 2747 5405 fructum
2796 5366 2994 5405 suum.
3041 5372 3069 5399 »
3118 5350 3187 5405 Et
3235 5366 3342 5406 nos
3394 5367 3714 5423 possumus

2071 5454 2273 5510 parere
2321 5437 2640 5505 Christum,
2693 5438 2741 5493 si
2784 5438 3074 5493 volumus.
3138 5459 3160 5487 ι
3210 5442 3279 5493 Et
3326 5444 3478 5496 terra
3516 5444 3717 5498 nostra

2073 5527 2237 5583 dabit
2264 5528 2517 5582 fructum
2552 5543 2749 5595 suum,
2782 5549 2809 5578 »
2840 5528 2911 5582 de
2942 5544 3057 5599 quo
3091 5528 3192 5583 fiat
3219 5527 3472 5584 caelestis
3522 5529 3714 5601 panis,

2072 5617 2145 5674 de
2175 5632 2289 5687 quo
2322 5616 2535 5672 dicitur
2590 5631 2604 5671 :
2654 5618 2759 5687 Ego
2805 5632 2931 5671 sum
2970 5617 3154 5688 panis,
3204 5620 3301 5688 qui
3345 5616 3413 5673 de
3455 5619 3587 5676 caelo
3629 5619 3717 5676 de-

2068 5704 2254 5763 scendi
2283 5703 2459 5776 (Joan.
2510 5721 2587 5778 v1,
2638 5705 2746 5777 41).
2792 5704 2924 5762 Haec
2954 5704 3193 5777 quidem
3229 5706 3430 5766 omnia
3457 5707 3715 5768 diximus
