4256 6550
464 349 619 415 1143

1961 355 2384 420 ΑΡΡΕΝΒΙΧ.

3707 357 3878 420 11M

463 489 537 546 de
566 485 967 546 misericordia
998 484 1248 561 Domini,
1282 487 1560 563 quoniam
1607 493 1913 564 propterea
1957 491 2113 548 venit
2139 495 2195 561 Α
2226 507 2359 548 nem
2391 489 2548 547 enim
2579 507 2770 549 meam
2801 491 3149 566 cognoscent
3181 489 3649 566 magnitudinem
3679 491 3872 550 virtu-

465 585 532 636 ut
578 580 825 636 salvaret
868 580 1193 636 humanum
1244 598 1449 653 genus.
1498 581 1918 636 Verumtamen
1963 583 2113 637 scire

466 669 749 725 debemus
795 669 1073 741 quoniam
1125 670 1249 742 ipse
1297 671 1671 740 judicaturus
1718 676 1805 726 est
1851 671 2008 726 vivos
2057 674 2114 726 et

469 763 753 830 mortuos,
786 759 910 830 ipse
942 759 1133 815 veniet
1159 761 1229 814 ad
1255 759 1566 829 judicium.

538 873 565 901 «
597 848 838 905 Justitia
885 853 1016 904 ante
1066 865 1199 903 eum
1254 848 1600 912 ambulabit,
1634 854 1690 904 et
1728 855 1902 921 ponet
1931 850 1987 905 in
2020 850 2113 905 via

462 956 701 1011 gressus
750 956 908 994 suos.
946 962 972 987 ››
1004 938 1192 994 Nolite
1242 937 1600 1010 negligentes
1631 955 1776 994 esse.
1811 962 1840 990 «
1871 939 2113 996 Justitia

463 1034 596 1085 ante
627 1045 761 1084 eum
794 1027 1198 1094 ambulabit,et
1231 1035 1404 1099 ponet
1436 1027 1494 1082 in
1527 1028 1620 1082 via
1649 1044 1890 1100 gressus
1912 1045 2108 1084 suos.»

459 1118 665 1173 Videte
689 1117 831 1188 quid
863 1118 1037 1185 dicat,
1072 1140 1098 1167 «
1134 1133 1374 1187 gressus
1403 1134 1572 1184 suos;
1608 1139 1634 1165 »
1668 1117 1767 1172 ubi
1812 1134 1927 1172 non
1973 1121 2112 1172 sunt

463 1206 707 1279 lapides,
743 1206 843 1261 ubi
875 1224 989 1261 non
1018 1210 1156 1262 sunt
1186 1205 1365 1278 spinae
1397 1209 1454 1261 et
1483 1206 1705 1276 tribuli,
1739 1206 1838 1262 ubi
1867 1205 2110 1278 aequalis

457 1300 545 1353 est
574 1295 686 1365 via,
717 1296 816 1350 ubi
847 1293 1148 1350 ambulare
1181 1299 1391 1366 potest,
1445 1294 1543 1349 ubi
1595 1312 1708 1350 non
1760 1300 1950 1366 potest
1997 1296 2106 1351 im-

455 1385 712 1458 pingere.
745 1386 811 1439 Et
842 1401 947 1439 nos
977 1400 1111 1456 ergo
1144 1384 1428 1439 faciamus
1452 1383 1510 1438 in
1533 1385 1706 1440 corde
1735 1389 1932 1440 nostro
1955 1385 2108 1440 viam

458 1474 741 1541 Domino;
775 1474 845 1528 de
877 1489 994 1544 qua
1023 1473 1117 1527 via
1148 1472 1450 1528 laborabat
1493 1478 1549 1528 et
1592 1474 1868 1539 Joannes,
1902 1479 1960 1529 et
1991 1473 2106 1528 cla-

459 1565 660 1621 mabat
682 1563 739 1618 in
763 1567 1062 1630 eremo,ut
1081 1563 1405 1618 faceremus
1436 1562 1586 1618 viam
1622 1563 1866 1618 Domino
1897 1563 2106 1634 (Matth.

463 1670 546 1718 III,
579 1655 655 1724 2-).
691 1654 837 1724 Ergo
868 1656 924 1707 et
954 1668 1111 1706 nunc
1161 1651 1378 1706 dicitur
1429 1667 1441 1704 :
1499 1675 1524 1700 ‹‹
1576 1652 1640 1705 Et
1689 1658 1863 1722 ponet
1909 1652 1968 1706 in
2019 1653 2111 1707 via

461 1758 701 1814 gressus
731 1757 889 1796 suos.
929 1764 954 1789 ››
991 1740 1092 1794 Ubi
1145 1739 1363 1795 invenit
1413 1740 1586 1809 viam,
1638 1740 1920 1796 ambulat.
1954 1741 2111 1795 Licet

461 1836 594 1887 ante
623 1830 987 1884 habebamus
1017 1828 1216 1900 spinas
1243 1833 1300 1883 et
1329 1828 1739 1894 tribulos,licet
1767 1833 1823 1884 et
1862 1828 2087 1901 lapides

461 1919 679 1974 dicitur
734 1917 907 1973 nobis
941 1918 996 1972 in
1030 1916 1182 1972 Isaia
1215 1934 1226 1972 :
1261 1919 1325 1972 Et
1358 1917 1566 1988 lapides
1613 1919 1678 1973 de
1720 1921 1806 1974 via
1859 1921 2112 1991 projicite

457 2011 587 2077 (Isa.
625 2023 755 2072 LVII,
793 2007 900 2077 14).
937 2007 1050 2061 Hoc
1077 2010 1270 2062 autem
1301 2011 1607 2078 propterea
1635 2008 1794 2074 dicit,
1853 2026 1922 2064 ne
1977 2025 2110 2064 cum

457 2096 706 2153 voluerit
732 2095 1109 2151 deambulare
1141 2095 1198 2150 in
1232 2096 1324 2150 via
1356 2097 1872 2170 nostra,impingat
1902 2099 2110 2170 pedem

458 2202 654 2242 suum.
691 2185 940 2256 Lapides
971 2184 1070 2256 qui
1103 2185 1159 2238 in
1191 2185 1284 2239 via
1315 2190 1545 2252 sunt,et
1575 2187 1775 2258 projici
1804 2189 2110 2258 jubentur,

463 2280 706 2347 peccata
738 2279 941 2330 nostra
973 2278 1130 2329 sunt.
1163 2275 1287 2329 Non
1319 2275 1582 2330 ambulat
1607 2276 1666 2331 in
1717 2278 1886 2332 corde
1916 2285 2113 2333 noslro

461 2362 807 2430 Christus,si
830 2368 1135 2434 peccatum
1159 2363 1393 2434 aliquod
1424 2365 1819 2430 tuerit,statim
1843 2366 2118 2440 impingit

463 2453 522 2508 in
558 2453 838 2524 lapides.«
872 2454 939 2507 Et
970 2456 1144 2523 ponet
1172 2453 1230 2506 in
1265 2453 1357 2508 via
1387 2469 1624 2525 gressus
1657 2472 1816 2510 suos.
1855 2478 1875 2503 ι
1917 2455 2118 2510 Facia-

470 2559 603 2596 mus
632 2541 807 2607 viam,
840 2546 897 2595 et
930 2546 1104 2612 ponet
1133 2542 1190 2595 in
1222 2542 1314 2596 via
1340 2559 1579 2614 gressus
1611 2561 1750 2599 suos
1795 2548 1988 2611 Jesus,
2023 2545 2114 2599 cui

471 2631 547 2686 sit
576 2631 761 2704 gloria
790 2635 844 2685 et
874 2631 1060 2686 honor
1087 2630 1146 2685 in
1181 2631 1392 2686 saecula
1423 2632 1791 2688 saeculorum.
1822 2638 2028 2689 Amen.

982 2756 1304 2812 PSALMUS
1346 2757 1600 2812 LXXXV.

474 2847 665 2902 Oratio
719 2845 906 2900 David.
959 2849 1075 2900 Iste
1123 2845 1389 2916 psalmus
1417 2863 1615 2901 vocem
1652 2847 1908 2903 continet
1933 2849 2114 2902 nostri

541 2917 880 2988 Mediatoris
918 2916 1204 2988 venientis
1235 2918 1305 2972 ad
1341 2917 1697 2988 passionem.
1733 2921 1794 2974 In
1839 2921 1955 2974 ﬁne
1983 2936 2117 2977 vero

542 2988 731 3060 ipsius
763 2987 1059 3058 Prophetas
1093 2993 1248 3043 tenet
1275 2987 1617 3044 orationem.

547 3119 569 3143 (ι
607 3093 850 3165 Inclina,
885 3094 1148 3161 Domine,
1177 3111 1378 3150 aurem
1407 3099 1592 3163 tuam,
1625 3100 1681 3152 et
1710 3098 1918 3153 exaudi
1975 3116 2069 3154 me
2101 3115 2115 3154 :

473 3184 751 3255 quoniam
783 3187 1021 3239 sanctus
1054 3200 1239 3238 sum.»
1275 3187 1452 3240 Juxta
1481 3185 1853 3257 fragilitatem
1887 3203 2117 3244 assum-

2096 1874 2189 1939 ΪΒ

2220 582 2298 637 tis
2327 584 2457 636 tuas.
2490 581 2637 637 Hinc
2666 581 2950 654 propheta
2974 581 3252 654 loquitur.

2293 694 2318 719 ‹‹
2355 671 2547 726 Deduc
2601 687 2715 738 me,
2764 671 3027 737 Domine,
3077 670 3136 725 in
3186 670 3278 726 via
3317 673 3439 737 tua,
3485 673 3543 727 et
3572 670 3874 744 ingrediar

2221 759 2281 814 in
2314 759 2555 815 veritate
2585 764 2706 815 tua.
2746 782 2766 808 »
2801 759 2860 814 Si
2888 760 3042 815 enim
3084 775 3178 815 me
3227 760 3299 815 ad
3348 759 3642 816 Christum
3672 765 3869 831 tuum,

2223 849 2322 920 qui
2363 852 2450 903 est
2481 847 2591 918 via,
2623 848 2899 918 deducas,
2950 847 3113 903 nulla
3159 865 3251 904 me
3293 846 3524 904 fallacia
3570 849 3870 906 retinebit.

2221 960 2249 986 «
2285 937 2533 992 Laetetur
2555 954 2653 992 cor
2673 953 2873 993 meum
2905 941 2967 992 ut
2997 937 3203 993 timeat
3228 953 3439 994 nomen
3470 942 3696 993 tuum.»
3721 939 3874 996 Cum

2220 1042 2254 1080 a
2284 1042 2528 1081 mcerore
2557 1025 2881 1082 facinorum
2910 1030 3113 1082 erutus
3146 1025 3332 1098 fuero,
3375 1033 3513 1082 tunc
3544 1025 3602 1081 in
3639 1030 3694 1082 te
3723 1026 3874 1082 leti-

2222 1113 2303 1169 tia
2334 1114 2623 1187 spirituali
2654 1116 2939 1186 gaudebo.

2292 1227 2318 1253 ‹‹
2357 1205 2687 1260 Conﬁtebor
2733 1205 2861 1272 tibi,
2917 1204 3157 1260 Domine
3206 1205 3359 1261 Deus
3408 1222 3596 1274 meus,
3644 1205 3704 1261 in
3745 1211 3872 1263 toto

2223 1295 2400 1350 corde
2432 1310 2559 1350 meo
2596 1310 2608 1349 :
2643 1299 2700 1350 et
2730 1294 3066 1367 glorificabo
3116 1311 3327 1351 nomen
3380 1298 3546 1350 tuum
3598 1295 3657 1352 in
3699 1300 3876 1353 ater-

2219 1399 2384 1449 num,
2408 1406 2435 1432 »
2470 1387 2578 1438 etc.
2611 1384 2725 1439 Cur
2753 1384 3102 1439 confiteatur
3131 1383 3353 1439 nomini
3384 1383 3744 1455 Domini,aut
3769 1385 3876 1442 ho-

2221 1476 2386 1528 uoret
2413 1489 2570 1537 eum,
2602 1471 2924 1528 versiculus
2957 1490 3209 1544 sequens
3241 1473 3494 1546 exponit,
3529 1473 3725 1530 dicens
3758 1492 3773 1530 :

2291 1583 2319 1611 «
2353 1561 2630 1633 Eripuisti
2661 1562 2920 1618 animam
2951 1579 3143 1619 meam
3169 1579 3237 1618 ex
3267 1563 3494 1618 inferno
3524 1562 3804 1620 inferiori.
3839 1585 3872 1614 »

2221 1651 2344 1706 Non
2378 1652 2530 1722 quod
2565 1651 2678 1706 duo
2712 1651 2939 1708 inferna
2969 1652 3214 1719 sint,sed
3248 1652 3358 1707 iste
3387 1653 3744 1725 superiorem
3776 1654 3874 1709 in-

2222 1740 2474 1806 fernum,
2507 1747 2809 1812 peccatum
2839 1740 2986 1795 dixit
3019 1758 3030 1795 :
3064 1739 3398 1796 inferiorem
3429 1757 3582 1809 vero,
3627 1741 3726 1813 qui
3777 1747 3876 1798 est

2219 1845 2392 1884 verus
2427 1829 2713 1897 infernus,
2740 1830 2796 1884 in
2830 1846 2943 1902 quo
2975 1834 3306 1901 peccatores
3337 1831 3874 1888 damnantur.Lau-

2223 1917 2324 1973 dat
2361 1934 2496 1990 ergo
2544 1919 2617 1974 ob
2668 1918 2778 1974 hoc
2827 1917 3286 1974 misericordiam
3323 1918 3572 1990 Domini,
3607 1920 3760 1992 quod
3794 1920 3876 1977 sit

2223 2011 2428 2062 erutus
2459 2025 2492 2062 a
2523 2007 2808 2080 supplicio
2832 2007 3122 2063 inferioris
3153 2008 3387 2064 inferni.

2297 2119 2326 2145 «
2358 2096 2532 2165 Deus,
2583 2097 2770 2167 iniqui
2820 2095 3265 2152 insurrexerunt
3312 2096 3593 2153 adversus
3642 2115 3734 2154 me
3765 2114 3779 2154 :
3813 2103 3876 2155 et

2225 2201 2519 2257 synagoga
2546 2186 2872 2257 potentium
2905 2185 3261 2256 quaesierunt
3303 2185 3560 2242 animam
3595 2193 3805 2243 meam.
3842 2209 3874 2237 ››

2225 2273 2535 2341 Vitiorum,
2569 2289 2669 2329 seu
2703 2275 3146 2330 daemoniorum.
3182 2279 3306 2331 Non
3340 2291 3410 2332 ex
3440 2291 3687 2347 persona
3706 2275 3875 2332 Chri-

2225 2363 2298 2418 sti
2330 2363 2450 2418 hazc
2482 2363 2760 2435 propheta
2794 2362 3076 2436 loquitur,
3110 2364 3210 2420 sed
3255 2363 3601 2436 intelligitur
3647 2366 3718 2421 de
3761 2365 3874 2422 Ju-

2225 2452 2387 2508 daeis.
2427 2475 2447 2501 α
2478 2453 2601 2507 Non
2629 2457 3061 2525 proposuerunt
3105 2458 3288 2509 Deum
3330 2456 3464 2509 ante
3493 2458 3873 2526 conspectum

2227 2557 2424 2596 suum.
2462 2563 2488 2589 »
2517 2541 2918 2598 Obcwcaverat
2946 2557 3044 2598 eos
3076 2541 3300 2598 malitia
3327 2559 3552 2598 eorum.

2301 2652 2328 2680 «
2357 2631 2426 2686 Et
2454 2635 2539 2701 tu,
2574 2632 2819 2687 Domine
2848 2631 3024 2698 Deus,
3060 2631 3370 2688 miserator
3397 2636 3454 2687 et
3493 2632 3822 2689 misericors
3859 2649 3874 2688 :

2227 2719 2456 2792 patiens
2509 2725 2567 2776 et
2613 2719 2809 2776 multa:
2859 2720 3272 2777 misericordia
3320 2727 3377 2777 et
3426 2737 3677 2778 verax.»
3722 2721 3873 2777 Mise-

2227 2811 2420 2879 ricors,
2453 2825 2586 2864 cum
2619 2809 2901 2878 remittis;
2929 2812 3177 2882 patiens,
3217 2826 3351 2866 cum
3397 2815 3775 2883 peccatorem,
3811 2815 3876 2867 ut

2227 2902 2615 2964 convertatur,
2647 2903 2982 2971 exspectas;
3013 2917 3201 2968 verax,
3235 2917 3370 2956 cum
3419 2899 3710 2972 promissa
3748 2916 3870 2956 res-

2228 2988 2428 3044 titues.

2300 3100 2327 3127 «
2363 3077 2604 3148 Respice
2636 3077 2693 3132 in
2727 3094 2841 3144 me,
2873 3082 2931 3133 et
2962 3078 3238 3134 miserere
3268 3077 3382 3134 mei
3409 3094 3421 3132 :
3457 3079 3532 3134 da
3562 3076 3875 3150 imperium

2227 3171 2397 3222 tuum
2435 3183 2613 3237 puero
2645 3172 2765 3223 tuo.
2797 3186 2823 3218 ι
2857 3167 2942 3222 Ad
2994 3167 3442 3239 repugnandum
3492 3167 3875 3239 potestatibus

473 3245 555 3344 pti
590 3271 848 3343 corporis
898 3271 967 3326 ad
1008 3275 1238 3326 Patrem
1287 3272 1479 3326 fundit
1527 3245 1868 3331 orationem.
1903 3276 2120 3332 Secun-
2153 3245 2195 3312 Ε
2234 3255 2512 3344 διάνθτθίδο
2546 3278 2574 3305 “
2609 3255 2676 3310 Et
2705 3255 2932 3311 salvum
2965 3256 3053 3312 fac
3081 3256 3269 3312 ﬁlium
3300 3255 3522 3312 meum
3551 3260 3682 3313 ίυεθο
3716 3277 3745 3306 ’³
3775 3257 3877 3312 Ec"

475 3363 616 3416 dum
651 3361 926 3416 deitatem
960 3377 1091 3416 vero
1121 3365 1387 3416 sanctum
1442 3377 1503 3416 se
1549 3363 1707 3433 dicit,
1765 3365 1916 3432 sicut
1945 3383 2129 3437 quon-

478 3454 614 3508 dam
664 3451 890 3505 dixerat
935 3451 1008 3505 ad
1055 3455 1289 3521 Moysen
1347 3467 1359 3506 :
1409 3451 1593 3506 Sancti
1639 3457 1823 3523 estote,
1870 3456 2128 3526 quoniam

476 3557 572 3613 ego
599 3545 822 3597 sanctus
871 3556 994 3594 sum
1040 3539 1231 3610 (Leuit.
1265 3556 1380 3606 x1x,
1413 3542 1487 3607 2).
1525 3562 1552 3589 «
1583 3539 1816 3596 Salvum
1868 3543 1956 3598 fac
2005 3560 2125 3598 ser-

476 3648 614 3685 vum
647 3635 840 3696 tuum,
873 3629 1028 3683 Deus
1054 3644 1241 3694 meus,
1275 3633 1605 3699 sperantem
1658 3630 1716 3684 in
1749 3635 1824 3686 te.
1857 3632 2127 3688 Miserere

477 3718 613 3784 mei,
651 3717 913 3781 Domine,
946 3716 1225 3786 quoniam
1270 3717 1338 3770 ad
1390 3721 1445 3771 te
1478 3716 1721 3772 clamavi
1770 3724 1890 3775 tota
1937 3721 2049 3776 die.
2099 3743 2125 3768 η

475 3807 748 3862 Formam
799 3805 946 3859 servi
1003 3803 1282 3874 suscepit.
1316 3821 1493 3875 quam
1542 3807 1600 3860 in
1661 3807 1818 3861 omni
1870 3812 2128 3879 tempore

475 3893 784 3966 praesentis
814 3895 941 3948 vitae
975 3892 1184 3947 salvari
1218 3897 1508 3964 precatur.
1542 3894 1664 3950 Scit
1692 3896 1848 3950 enim
1890 3897 2027 3968 quia
2073 3901 2129 3952 et

475 3983 524 4039 si
557 3982 800 4056 spiritus
833 3986 1137 4053 promptus
1187 3986 1300 4052 est,
1333 3999 1465 4037 caro
1512 3988 1704 4040 autem
1760 3984 1995 4041 inﬁrma
2041 3992 2131 4043 est

382 4101 384 4104 ·
476 4072 702 4142 (Matth.
737 4089 886 4139 xxvi,
923 4072 1032 4142 41).

548 4184 573 4210 ‹‹
612 4161 862 4216 Εωιίῆοα
890 4161 1147 4215 animam
1181 4163 1326 4216 servi
1360 4162 1464 4216 tui.
1497 4185 1524 4209 »
1555 4168 1601 4216 Α
1647 4163 2129 4222 tribulationibus

477 4250 869 4323 prasentibus
902 4250 1382 4315 moestam.«Quia
1412 4252 1482 4306 ad
1515 4253 2126 4322 te,Domine,animam

479 4355 668 4395 meam
704 4338 906 4394 levavi.
980 4359 1006 4387 »
1055 4339 1140 4392 Ad
1179 4345 1234 4394 te
1280 4355 1409 4393 eam
1462 4341 1829 4397 ressuscitari
1861 4328 2125 4400 credens.

553 4451 581 4478 ‹‹
611 4427 756 4494 Quia
786 4432 871 4496 tu,
907 4428 1169 4495 Domine,
1205 4427 1400 4483 suavis
1433 4433 1486 4482 et
1519 4429 1766 4495 mitis,et
1797 4431 1991 4487 multis
2025 4432 2128 4488 mi-

478 4517 804 4573 sericordia:
839 4517 1113 4572 omnibus
1145 4515 1550 4572 invocantibus
1595 4523 1667 4575 te.
1708 4541 1735 4567 »
1783 4519 1882 4574 His
1922 4520 2023 4592 qui
2074 4526 2128 4576 te

476 4607 546 4661 de
601 4623 745 4676 puro
799 4606 971 4660 corde
1020 4605 1310 4672 invocant,
1347 4606 1547 4662 mitem
1581 4613 1636 4662 te
1667 4609 1908 4680 praebes,
1947 4614 2002 4665 et
2033 4627 2126 4665 co-
2158 4615 2203 4679 D

477 4695 704 4766 piosam
738 4693 1196 4754 misericordiam
1228 4695 1312 4750 eis
1345 4695 1632 4767 indulges.

550 4807 570 4833 α
605 4783 864 4838 Auribus
897 4783 1148 4856 percipe,
1182 4785 1440 4855 Domine,
1475 4786 1798 4842 orationem
1847 4804 2058 4856 meam,
2094 4811 2120 4838 »

472 4877 580 4930 etc.
609 4872 898 4938 Quoniam
926 4873 1086 4942 justa
1118 4877 1270 4944 peto.

547 4986 574 5012 ‹‹
609 4964 669 5018 In
703 4963 797 5017 die
829 4962 1223 5019 tribulationis
1258 4981 1416 5019 meae.
1447 4986 1473 5011 ι)
1497 4964 1613 5018 Hoc
1647 4969 1754 5032 est,
1788 4965 1846 5020 in
1880 4966 1971 5023 die
1995 4985 2127 5040 pas-

478 5052 683 5108 sionis.
719 5075 746 5101 «
779 5050 1033 5108 Clamavi
1095 5054 1166 5108 ad
1199 5059 1272 5107 te.
1308 5076 1334 5101 ››
1372 5053 1452 5108 De
1483 5069 1672 5108 cruce.
1710 5053 1908 5117 «Quia
1954 5073 2129 5112 exau-

476 5140 615 5200 disti
652 5158 764 5196 me.
798 5162 825 5191 »
860 5141 933 5196 Ut
961 5157 1187 5197 commc
1210 5139 1562 5195 ndatumtibi
1587 5140 1925 5198 restitueres
1956 5143 2128 5212 spiri-

479 5233 605 5284 tum
636 5245 852 5284 meum.

557 5338 578 5365 α
615 5317 738 5375 Νοιι
771 5322 859 5373 est
889 5317 1101 5372 similis
1135 5317 1214 5371 tui
1251 5317 1306 5371 in
1339 5315 1470 5384 diis,
1505 5317 1768 5387 Domine,
1801 5324 1855 5375 et
1896 5338 2008 5375 non
2042 5325 2130 5376 est

479 5408 803 5462 secundum
835 5423 1009 5477 opera
1039 5411 1198 5461 tua.»
1231 5407 1356 5461 Non
1389 5408 1675 5478 reperitur
1703 5409 1763 5462 in
1797 5409 2128 5465 simulacris

478 5495 765 5566 gentium,
802 5495 902 5565 qui
936 5496 1019 5550 sic
1046 5493 1234 5566 possit
1263 5499 1327 5548 ut
1357 5498 1419 5548 tu
1452 5495 1698 5565 operari.

555 5605 581 5630 «
616 5583 832 5639 Omnes
863 5587 1066 5655 gentes
1098 5599 1480 5655 quascunque
1534 5584 1741 5650 fecisti,
1775 5583 2025 5650 venient,
2073 5588 2130 5638 et

484 5671 812 5726 adorabunt
844 5687 1038 5728 coram
1080 5678 1154 5743 te,
1190 5671 1450 5737 Domine,
1507 5693 1534 5721 η
1590 5677 1697 5729 etc.
1750 5675 1854 5730 Per
1904 5671 2126 5745 passio-

2235 3343 2446 3410 clesize,
2468 3344 2528 3399 in
2560 3361 2676 3416 qua
2707 3361 2839 3400 sum
2873 3350 3132 3401 renatus.

2308 3457 2335 3483 α
2373 3435 2482 3490 Fac
2515 3451 2743 3490 mecum
2776 3433 3012 3506 signum
3044 3433 3104 3490 in
3135 3435 3376 3501 bonum,
3411 3439 3476 3490 ut
3505 3433 3741 3490 videant
3778 3433 3878 3505 qui

2236 3539 2328 3578 me
2349 3523 2599 3579 oderunt
2627 3527 2686 3579 et
2715 3523 3177 3580 confundantur:
3195 3523 3473 3595 quoniam
3504 3528 3590 3591 tu,
3614 3523 3878 3588 Domine,

2237 3610 2510 3682 adjuvisti
2545 3627 2656 3681 me,
2691 3615 2748 3666 et
2775 3609 3110 3667 consolatus
3140 3627 3201 3667 es
3234 3626 3346 3667 me.
3381 3633 3408 3662 »
3446 3610 3880 3667 Muniarcrucis

2235 3703 2348 3755 tum
2379 3698 2568 3771 signo,
2601 3700 2757 3771 quod
2788 3699 3072 3768 videntes,
3123 3703 3441 3772 potestates
3491 3701 3741 3756 adversae
3789 3699 3880 3754 fu-

2235 3789 2399 3860 giant
2427 3790 2700 3860 confusae,
2729 3794 2786 3844 et
2815 3789 3116 3845 discedant
3161 3806 3195 3844 a
3242 3806 3355 3846 me.
3407 3794 3538 3845 Haec
3578 3788 3733 3846 enim
3777 3805 3879 3861 pro

2238 3883 2437 3933 nostro
2466 3877 2681 3949 populo
2713 3877 2996 3949 prepbeta
3026 3881 3213 3950 rogat.
3269 3878 3380 3934 Sed
3432 3882 3489 3934 et
3538 3894 3644 3934 nos
3683 3893 3881 3950 preca-

2238 3983 2390 4037 mur,
2423 3967 2689 4033 Domine,
2722 3971 2806 4036 ut,
2839 3964 3029 4022 crucis
3076 3970 3190 4022 tuaa
3242 3966 3410 4040 signo
3468 3967 3662 4034 tutati,
3709 3971 3883 4038 atque

2235 4056 2364 4125 ejus
2394 4055 2662 4126 praesidio
2693 4053 3330 4121 custoditi,mereamur
3357 4055 3432 4112 ab
3461 4055 3736 4112 omnibus
3757 4055 3884 4112 dia-

2238 4143 2353 4199 boli
2401 4143 2634 4199 insidiis
2659 4143 2899 4199 liberari
2935 4159 2948 4198 :
2983 4143 3124 4216 quia
3154 4143 3260 4200 tibi
3290 4150 3380 4201 est
3410 4144 3594 4201 honor
3622 4148 3678 4201 et
3705 4144 3886 4218 gloria

2236 4249 2370 4288 cum
2405 4237 2619 4288 aeterno
2653 4233 2821 4288 Patre
2851 4235 2907 4288 et
2935 4232 3153 4305 Spiritu
3181 4237 3384 4290 sancto
3433 4233 3493 4290 in
3543 4233 3755 4290 saacula
3782 4249 3884 4289 sm-

2238 4321 2525 4377 culorum.
2559 4328 2765 4376 Amen.

2733 4410 3066 4467 PSALMUS
3109 4411 3393 4467 LXXXVI.

2239 4497 2493 4555 Psalmus
2527 4499 2744 4555 Cantici
2771 4499 2907 4569 ﬁliis
2939 4500 3089 4557 Core.
3123 4501 3279 4556 Inter
3309 4497 3687 4569 psalmumet
3706 4500 3892 4553 canti~

2307 4588 2443 4644 cum
2473 4571 2607 4641 quid
2632 4566 2900 4644 interest,
2935 4573 3266 4644 frequenter
3294 4566 3409 4624 dixi
3445 4586 3457 4623 :
3493 4566 3798 4644 Psalmus,
3816 4585 3888 4626 ex

2306 4640 2582 4714 psalterio
2613 4643 2827 4698 dicitur
2858 4640 3201 4714 {Canticum
3230 4655 3361 4696 vero
3391 4656 3458 4714 ex
3493 4655 3630 4696 voce
3663 4640 3885 4714 profer-

2305 4709 2403 4769 tur
2433 4731 2445 4770 :
2484 4715 2754 4770 Psalmus
2786 4715 3034 4770 refertur
3059 4713 3131 4767 ad
3163 4709 3510 4782 manus,hoc
3539 4715 3629 4768 est
3659 4709 3729 4768 ad
3755 4729 3883 4784 ope-

2306 4803 2370 4841 ra
2402 4803 2414 4840 :
2451 4785 2766 4852 canticum,
2800 4785 2870 4839 ad
2904 4784 3212 4839 theoriam.

2310 4898 2336 4924 ‹‹
2372 4875 2776 4929 Fundamenta
2807 4872 2933 4942 ejus
2966 4871 3023 4927 in
3054 4869 3354 4927 montibus
3407 4871 3647 4928 sanctis.
3701 4893 3729 4921 »
3760 4871 3885 4929 Non

2238 4963 2503 5034 praedixit
2551 4961 2738 5032 cujus,
2781 4964 2837 5015 et
2883 4959 3030 5015 dixit
3081 4976 3095 5015 :
3150 4983 3177 5009 ‹‹
3232 4960 3639 5017 Fundamenta
3668 4961 3796 5033 ejus
3825 4963 3885 5017 in

2239 5051 2536 5108 montibus
2595 5048 2898 5106 sanctis.»
2944 5049 3050 5114 Qui
3100 5048 3380 5120 loquitur,
3432 5050 3719 5123 propheta
3775 5055 3883 5106 est.

2240 5140 2364 5196 Filii
2399 5145 2537 5196 sunt
2569 5139 2730 5195 Core.
2763 5143 2903 5194 Core
2951 5139 3089 5210 quid
3141 5138 3578 5211 interpretatur,
3613 5141 3883 5212 frequen-

2237 5235 2324 5283 ter
2382 5227 2498 5283 dixi
2544 5245 2556 5282 :
2611 5226 2887 5298 Catvaria,
2949 5226 3059 5283 hoc
3115 5229 3205 5282 est
3253 5225 3359 5282 filii
3418 5226 3882 5285 resurrectionis.

2239 5343 2263 5367 ‹‹
2303 5318 2706 5373 Fundamenta
2734 5319 2881 5387 ejus,
2916 5338 2944 5366 »
2975 5315 3094 5371 sive
3115 5316 3236 5383 Dei,
3261 5317 3379 5372 sive
3403 5321 3556 5374 certe
3593 5316 3882 5374 Ecclesia.

2238 5409 2372 5473 Quae
2404 5410 2544 5461 sunt
2570 5409 2766 5461 autem
2799 5405 3198 5476 fundamenta,
3241 5406 3353 5461 nisi
3385 5407 3574 5477 Pater,
3597 5410 3655 5461 et
3682 5405 3882 5477 Filius,

2238 5499 2295 5550 et
2339 5494 2594 5567 Spiritus
2644 5494 2922 5550 sanctus?
2965 5493 3091 5549 Haec
3150 5511 3286 5567 ergo
3339 5496 3722 5552 fundamenta
3767 5510 3885 5550 non

2240 5589 2381 5640 sunt
2412 5585 2469 5639 in
2502 5583 2777 5652 vallibus,
2811 5582 2912 5638 sed
2945 5588 3085 5639 sunt
3137 5583 3198 5640 in
3222 5583 3545 5651 montibus,
3573 5588 3632 5640 et
3662 5599 3777 5639 non
3824 5583 3884 5641 in

2244 5673 2544 5732 montibus
2576 5673 3029 5746 quibuscumque
3057 5673 3159 5732 sed
3202 5673 3263 5732 in
3311 5673 3611 5732 montibus
3644 5673 3883 5732 sanctis.
