4256 6610
239 427 385 497 {HS

1397 436 1894 503 BREVIARIUM
1937 437 2018 502 IN
2065 439 2446 504 PSALMOS.

3469 437 3628 502 1146

241 567 516 641 Loquitur
542 564 808 627 Paulus:
861 570 1030 640 Quasi
1057 572 1278 644 sapiens
1308 574 1631 633 architectus
1657 577 1870 649 [unda-
1900 573 1954 642 Α
1983 573 2092 633 hoc
2151 575 2304 648 quod
2365 574 2586 633 dictum
2646 577 2755 646 est,
2815 595 2844 625 «
2880 572 3282 631 Fundamenta
3335 569 3396 628 in
3454 587 3627 629 mon-

239 666 474 716 mentum
521 661 679 733 posui
726 660 774 731 (I
806 659 925 716 Cor.
958 678 1040 726 ιιι,
1076 662 1183 734 10),
1226 663 1336 720 hoc
1389 669 1478 720 est
1524 667 1697 722 ﬁdem
1746 666 1869 721 Tri-

239 747 454 806 nitatis.
488 750 747 821 Denique
776 748 936 818 dicit,
970 753 1026 806 et
1074 751 1133 806 in
1182 752 1294 808 alio
1340 753 1465 810 loco
1501 773 1512 809 :
1567 756 1870 827 Exspecta-

239 838 377 894 bant
406 839 561 894 enim
594 837 884 894 civitatem
917 838 1226 897 habentem
1249 841 1670 900 fundamenta:
1705 845 1874 916 cujus

239 926 436 983 artifex
481 930 538 982 et
584 926 852 982 conditor
879 927 1032 984 Deus
1061 929 1238 1000 (Hebr.
1270 944 1349 998 XI,
1386 931 1472 1002 10)
1507 950 1519 987 :
1581 955 1602 981 ι
1638 934 1872 989 Funda-

239 1020 429 1071 menta
447 1015 575 1086 ejus
598 1015 658 1076 in
681 1015 980 1071 montibus
1001 1020 1221 1075 sanctis
1259 1040 1285 1072 ‹‹
1308 1021 1438 1076 Ideo
1463 1021 1610 1077 dixit
1630 1023 1688 1077 in
1712 1039 1872 1078 mon-

236 1103 390 1160 tibus
437 1105 679 1173 sanctis,
711 1105 848 1178 quia
895 1112 1036 1162 sunt
1081 1112 1136 1163 et
1179 1108 1278 1164 alii
1322 1115 1551 1166 montes
1590 1128 1704 1168 non
1737 1129 1869 1168 san-

237 1193 328 1248 cti.
364 1193 621 1266 Denique
651 1193 864 1250 dicitur
891 1194 949 1251 in
992 1196 1140 1252 Isaia
1173 1214 1186 1252 :
1237 1201 1413 1270 Super
1459 1209 1698 1257 montem
1725 1205 1870 1257 tene-

237 1282 448 1338 brosum
499 1284 670 1338 levate
714 1286 931 1355 signum
979 1286 1102 1356 (Isa.
1136 1304 1255 1358 xm,
1288 1290 1364 1359 2).
1411 1290 1479 1344 Et
1516 1290 1572 1344 in
1606 1291 1717 1346 alio
1749 1290 1872 1346 loco

237 1372 493 1429 dicitur:
545 1375 680 1442 Quis
727 1389 783 1428 es
833 1377 910 1445 tu,
945 1393 1100 1432 mons
1143 1383 1398 1449 corrupte
1441 1380 1624 1448 (Zach.
1660 1397 1734 1448 ιν,
1763 1381 1819 1451 7)
1845 1380 1873 1433 ?

238 1459 456 1516 Dicitur
502 1466 559 1518 et
602 1463 662 1517 in
713 1463 1014 1521 Jeremia:
1068 1470 1222 1523 chat
1268 1469 1492 1523 Domino
1539 1470 1644 1524 Deo
1690 1476 1872 1524 vestro

234 1551 484 1622 gloriam,
519 1556 812 1626 antequam
857 1557 1134 1627 oﬂendant
1170 1557 1331 1628 pedes
1369 1559 1539 1612 vestri
1567 1557 1637 1613 ad
1665 1561 1875 1614 montes

237 1639 536 1696 tenebrosos
583 1642 801 1714 (Jerem.
834 1660 956 1711 xm,
993 1646 1100 1717 16).
1153 1645 1376 1702 Videtis
1404 1662 1539 1718 ergo
1571 1645 1709 1718 quia
1737 1648 1876 1702 sunt

237 1732 292 1783 et
318 1732 545 1785 montes
574 1731 887 1802 tenebrosi,
916 1735 973 1788 et
1002 1733 1218 1790 dicitur
1246 1734 1415 1791 nobis
1445 1751 1479 1790 a
1507 1735 1779 1805 Jeremia,
1813 1737 1878 1789 ut

236 1819 442 1873 demus
472 1818 718 1891 gloriam
743 1821 879 1890 Deo,
903 1827 1215 1894 antequam
1248 1825 1545 1880 offendant
1573 1825 1748 1896 pedes
1779 1842 1878 1881 no-

237 1907 341 1963 stri
394 1909 466 1963 ad
516 1913 744 1966 montes
790 1911 1150 1969 tenebrosos.
1183 1913 1244 1970 Si
1286 1913 1441 1969 enim
1485 1915 1660 1984 pedes
1693 1913 1876 1970 nostri

233 1995 583 2068 impegerint
629 1998 700 2053 ad
744 1998 876 2056 illos
907 2005 1156 2069 montes,
1187 2001 1433 2075 gloriam
1463 2004 1710 2060 Domino
1739 2004 1877 2060 dare

237 2101 350 2140 non
403 2103 741 2158 possumus.
794 2111 822 2136 «
858 2090 1261 2147 Fundamenta
1297 2093 1425 2163 ejus
1468 2092 1528 2147 in
1580 2092 1876 2148 montibus

237 2175 474 2233 sanctis.
509 2197 538 2225 »
571 2177 726 2241 Quos
755 2194 863 2235 nos
891 2196 1208 2251 possumus
1237 2181 1425 2238 dicere
1456 2182 1878 2256 fundamental?

235 2264 566 2336 Apostolus.
602 2267 663 2321 In
695 2265 812 2322 illis
840 2272 1006 2324 erant
1035 2270 1421 2328 fundamenta
1452 2288 1465 2326 :
1505 2273 1586 2327 ibi
1619 2272 1877 2345 primum

236 2352 426 2426 posita
477 2357 568 2409 est
615 2355 762 2424 ﬁdes
799 2356 1088 2428 Ecclesiae,
1123 2365 1180 2416 et
1220 2360 1300 2416 ibi
1332 2360 1712 2418 fundamenta
1741 2367 1880 2418 sunt

236 2442 445 2513 posita.
480 2445 549 2498 Et
594 2444 732 2516 quia
771 2448 1179 2520 unusquisque
1216 2449 1640 2522 superaediﬁcat
1668 2451 1878 2507 funda-

238 2533 433 2586 mento
459 2548 472 2586 :
505 2531 657 2589 alius
683 2550 912 2605 aurum,
939 2535 1090 2592 alius
1121 2543 1451 2610 argentum,
1473 2538 1625 2596 alius
1655 2539 1881 2612 lapides

236 2619 522 2691 pretiosos
551 2637 565 2676 :
595 2621 787 2694 diligit
807 2623 1091 2681 Dominus
1113 2631 1309 2697 portas
1329 2628 1462 2683 Sion
1487 2645 1665 2701 super
1684 2628 1882 2684 omnia

235 2709 612 2766 tabernacula
661 2713 858 2768 Jacob.
893 2715 1041 2770 Istas
1071 2719 1268 2786 portas
1301 2716 1512 2790 diligit,
1547 2734 1694 2789 quas
1722 2719 1878 2774 vide-

237 2813 372 2853 mus
429 2799 736 2856 corruisse.
771 2801 920 2858 Istas
971 2808 1170 2874 portas
1207 2805 1419 2877 diligit,
1451 2811 1507 2862 et
1535 2806 1710 2862 istam
1743 2807 1881 2864 Sion

236 2884 448 2959 diligit,
471 2905 598 2959 quae
631 2893 794 2945 arata
819 2894 908 2947 est
934 2892 1089 2948 sicut
1116 2909 1272 2966 ager.
1305 2895 1376 2949 Et
1401 2895 1589 2951 videte
1619 2897 1760 2968 quid
1790 2896 1882 2952 di-

238 2979 334 3031 cat
365 2993 378 3031 :
429 2999 456 3025 «
491 2976 694 3050 Diligit
726 2980 1032 3036 Dominus
1057 2987 1255 3054 portas
1283 2983 1444 3052 Sion,
1479 3001 1656 3056 super
1685 2985 1886 3041 omnia

239 3064 619 3122 tabernacula
637 3067 837 3124 Jacob.
867 3069 1122 3127 nVidete
1153 3071 1290 3144 quid
1323 3072 1480 3129 dicat
1505 3089 1519 3129 :
1550 3073 1738 3146 Super
1766 3091 1886 3130 om-

241 3168 304 3208 es
353 3153 616 3210 civitates
645 3154 846 3224 Jacob,
879 3157 990 3213 hoc
1035 3162 1124 3214 est
1151 3158 1315 3215 Judae
1351 3177 1364 3216 :
1412 3161 1587 3217 istam
1632 3167 1876 3220 tantum

239 3240 431 3314 diligit
450 3242 762 3299 civitatem.
782 3246 852 3300 Et
867 3247 1161 3316 quomodo
1181 3249 1450 3304 videmus
1472 3249 1614 3306 alias
1633 3267 1700 3306 ex
1721 3257 1885 3323 parte

237 3332 414 3401 stare,
446 3335 501 3386 et
529 3331 706 3388 istam
756 3333 990 3405 penitus
1020 3336 1311 3392 corruisse
1335 3336 1363 3391 ‘I
1416 3337 1704 3411 Legamus
1731 3343 1884 3412 Apo-

237 3416 522 3491 calypsim
566 3419 813 3477 Joannis
854 3425 997 3494 (cap.
1030 3424 1148 3494 xx1)
1183 3441 1195 3478 :
1248 3423 1513 3496 legamus
1568 3429 1625 3482 et
1672 3427 1885 3485 Isaiam

237 3507 377 3580 (cap.
435 3509 593 3579 an).
647 3509 756 3564 Ubi
806 3509 1127 3567 aediﬁcatur
1178 3511 1382 3569 civitas
1433 3514 1776 3585 Jerusalem,
1830 3522 1888 3574 et

236 3596 548 3653 duodecim
598 3603 776 3671 portae
808 3599 994 3672 ipsius
1025 3601 1303 3658 dicuntur
1332 3619 1458 3660 esse
1489 3605 1560 3660 de
1591 3604 1887 3676 lapidibus

236 3685 510 3758 pretiosis
561 3691 931 3756 constructae,
962 3693 1018 3745 et
1066 3690 1194 3762 ipsa
1242 3689 1445 3748 civitas
1489 3693 1560 3749 de
1605 3693 1745 3749 coelo
1787 3695 1884 3750 de-

239 3774 485 3843 scendit,
516 3779 573 3832 et
623 3776 898 3833 dicuntur
945 3778 1098 3834 muri
1143 3780 1271 3851 ejus
1311 3781 1493 3849 aurei,
1526 3786 1584 3838 et
1612 3782 1888 3840 dicuntur

236 3864 440 3937 plateae
469 3866 598 3938 ejus
627 3871 823 3922 stratae
854 3884 982 3925 esse
1013 3870 1348 3942 smaragdo,
1379 3875 1435 3926 et
1464 3870 1741 3927 dicuntur
1773 3873 1888 3929 sin-

236 3953 386 4026 gulae
417 3958 595 4026 portas
625 3972 694 4011 ex
724 3954 974 4029 singulis
1010 3956 1306 4029 lapidibus
1349 3959 1621 4030 pretiosis
1670 3963 1884 4031 (Ezech.

235 4060 433 4111 xxvm,
468 4045 579 4116 13).
637 4045 728 4100 Hae
778 4050 918 4102 sunt
959 4050 1091 4102 tota:
1136 4047 1366 4102 Domini
1412 4047 1642 4117 divitiae,
1675 4053 1732 4105 et
1777 4051 1886 4107 hoc

234 4130 432 4203 diligit
456 4131 738 4188 Dominus
761 4135 913 4204 quod
938 4138 995 4188 et
1024 4133 1294 4190 homines
1315 4134 1343 4188 ‘I
1373 4136 1648 4192 Prohibet
1677 4155 1782 4194 nos
1813 4141 1885 4194 ab

233 4220 498 4287 avaritia,
554 4223 612 4276 et
657 4220 782 4292 ipse
831 4222 900 4276 de
949 4220 1193 4278 avaritia
1245 4224 1491 4279 exstruit
1548 4225 1888 4282 civitatem?

232 4309 408 4380 Ergo,
438 4329 467 4357 ‹‹
491 4307 697 4381 diliget
726 4308 1013 4365 Dominus
1041 4314 1240 4382 portas
1271 4310 1430 4368 Sion.
1470 4335 1490 4362 υ
1523 4313 1659 4371 Illas
1688 4319 1887 4387 portas

233 4394 547 4453 duodecim
596 4396 758 4468 Sion,
791 4397 1171 4454 manifestum
1201 4403 1290 4455 est
1318 4402 1473 4472 quod
1507 4403 1577 4458 de
1605 4404 1886 4476 apostolis

235 4485 494 4558 scripsit.
529 4509 556 4537 «
580 4485 767 4558 Super
796 4485 996 4541 omnia
1025 4488 1406 4545 tabernacula
1424 4491 1625 4557 Jacob,
1646 4512 1674 4545 ι)
1710 4509 1889 4566 super

234 4590 444 4632 omnes
497 4578 719 4632 veteres
769 4579 1024 4632 sanctos.
1058 4576 1176 4632 Hoc
1224 4577 1458 4634 interim
1503 4580 1760 4638 diximus
1790 4598 1885 4638 se-

1982 665 2142 721 tibus
2190 665 2429 733 sanctis,
2467 689 2488 715 »
2545 681 2864 738 possumus
2892 668 2950 720 et
2977 663 3048 719 de
3079 663 3194 719 Deo
3224 661 3436 718 dicere.
3485 660 3624 717 Pos-

1982 771 2191 812 sumus
2226 758 2420 811 autem
2451 760 2508 810 et
2539 755 2648 811 hoc
2679 755 2870 810 dicere
2898 770 2910 808 :
2945 776 2973 803 «
3008 752 3275 809 Gloriosa
3302 751 3457 807 dicta
3485 753 3628 807 sunt

1983 845 2054 899 de
2084 849 2161 914 te,
2195 844 2396 900 civitas
2427 844 2547 900 Dei.
2585 866 2612 892 »
2662 845 2796 908 Qum
2829 847 2917 899 est
2945 842 3057 898 ista
3085 841 3289 898 civitas
3322 840 3420 896 ubi
3467 841 3649 896 dictae

1983 937 2125 989 sunt
2143 933 2398 1005 gloriosa
2415 933 2443 988 ?
2476 934 2537 988 In
2560 932 2834 989 omnibus
2865 931 3163 1004 prophetis
3185 931 3408 986 dictum
3438 934 3530 986 est
3552 929 3625 986 de

1984 1022 2092 1078 hac
2132 1023 2379 1079 civitate.
2425 1021 2604 1079 Isaias
2652 1023 2793 1077 dicit
2826 1038 2838 1075 :
2888 1023 3150 1091 Exsurge,
3183 1035 3435 1090 exsurge,
3466 1020 3624 1075 Jeru-

1980 1112 2171 1178 salem,
2224 1111 2455 1167 induere
2500 1111 2881 1182 fortitudinem
2928 1108 3146 1166 brachii
3198 1109 3284 1164 tui
3333 1109 3474 1179 (lsa.
3529 1125 3620 1176 ιιι,

1984 1201 2058 1271 1).
2113 1203 2324 1256 Iterum
2377 1200 2501 1273 ipse
2548 1200 2775 1258 Isaias:
2825 1201 2932 1272 Ego
2978 1199 3170 1255 civitas
3215 1200 3399 1269 ﬁrma,
3430 1198 3623 1254 civitas

1983 1307 2102 1363 quae
2130 1307 2238 1346 non
2267 1295 2616 1363 oppugnatur
2644 1291 2776 1362 (Isa.
2808 1308 2946 1358 xxii,
2976 1289 3053 1360 2).
3095 1288 3244 1344 Dicit
3291 1291 3348 1344 et
3392 1286 3572 1343 David
3603 1302 3619 1340 :

1982 1381 2254 1435 Fluminis
2287 1381 2523 1452 impetus
2573 1381 2817 1450 laetiﬁcat
2859 1381 3139 1435 civitatem
3167 1379 3264 1434 Dei
3292 1377 3462 1448 (Psat.
3494 1393 3620 1442 XLV,

1981 1470 2058 1537 5).
2093 1469 2164 1524 Et
2193 1469 2252 1524 in
2292 1469 2406 1525 alio
2449 1469 2574 1526 loco
2607 1487 2620 1524 :
2673 1470 2919 1539 Domine,
2951 1471 3014 1524 in
3041 1469 3262 1523 civitate
3290 1475 3389 1522 tua
3415 1465 3623 1534 imagi-

1981 1574 2077 1614 nes
2120 1573 2308 1613 eorum
2344 1558 2639 1630 dissipabis
2688 1558 2864 1628 (Psat.
2899 1573 3067 1621 LXXII,
3096 1555 3208 1626 20).
3258 1555 3330 1610 Et
3359 1551 3624 1610 Salvator

1985 1646 2239 1720 gloriosa
2267 1646 2498 1702 locutus
2527 1650 2618 1703 est
2645 1647 2717 1702 de
2747 1645 2854 1702 hac
2885 1645 3134 1700 civitate.
3159 1645 3276 1700 Non
3299 1644 3472 1714 potest
3497 1642 3626 1696 abs-

1983 1737 2148 1792 condi
2175 1737 2370 1792 civitas
2401 1753 2563 1808 super
2591 1744 2831 1792 montem
2869 1735 3051 1806 posita
3080 1733 3286 1802 (Matth.
3317 1747 3373 1797 v,
3405 1731 3514 1798 14).

2057 1849 2086 1875 ‹‹
2119 1826 2342 1882 Memor
2365 1841 2461 1881 ero
2484 1825 2665 1895 Raab,
2687 1828 2744 1880 et
2762 1823 3095 1895 Babylonis,
3117 1819 3428 1877 scientium
3454 1834 3568 1874 me.
3594 1840 3622 1866 »

1906 1943 1954 2008 Β
1983 1914 2270 1980 Quoniam
2299 1913 2446 1970 dixit
2475 1930 2487 1968 :
2522 1936 2549 1964 «
2576 1912 2839 1969 Gloriosa
2867 1912 3021 1967 dicta
3050 1915 3189 2008 sunt
3217 1910 3289 1966 de
3319 1912 3394 1976 te,
3414 1906 3625 2008 civitas

1985 2004 2106 2072 Dei,
2139 2023 2168 2052 »
2214 2008 2272 2059 et
2298 2008 2494 2059 tamen
2525 2003 2715 2075 ipsam
2745 2000 3037 2058 civitatem
3067 1998 3380 2056 Ecclesiam
3409 1995 3629 2052 intelli-

1985 2093 2182 2166 gimus
2210 2094 2282 2148 de
2310 2092 2584 2165 gentibus
2614 2095 3025 2163 congregatam
3052 2107 3065 2156 ;
3114 2092 3421 2161 propterea
3471 2101 3628 2142 nunc

1987 2184 2058 2240 de
2088 2183 2386 2238 vocatione
2417 2180 2678 2254 gentium
2709 2180 2924 2236 dicitur
2957 2194 2970 2234 :
3006 2200 3035 2229 «
3067 2182 3286 2234 Memor
3313 2192 3409 2232 ero
3445 2175 3627 2240 Raab,

1988 2277 2046 2330 et.
2072 2272 2384 2345 Babylonis
2414 2270 2724 2328 scientium
2756 2285 2870 2325 me.
2908 2291 2928 2318 η
2983 2268 3325 2338 Quicunque
3363 2267 3631 2337 peccator

1987 2367 2096 2432 est,
2130 2379 2371 2418 securus
2401 2360 2498 2417 sit.
2532 2359 2814 2416 Dominus
2845 2374 3070 2414 memor
3100 2356 3212 2413 fuit
3239 2354 3420 2411 Raab.
3454 2354 3630 2409 Secu-

1989 2469 2119 2508 rum
2151 2450 2290 2518 dixi,
2323 2451 2371 2507 si
2404 2453 2726 2506 revertatur
2759 2449 2825 2504 ad
2861 2447 3196 2504 Dominum.
3229 2446 3514 2502 Caeterum
3546 2458 3633 2497 se-

1989 2541 2208 2597 curitas
2238 2539 2364 2596 sine
2393 2538 2686 2611 lacrymis,
2718 2555 2834 2594 non
2863 2537 3041 2593 habet
3069 2535 3412 2592 remedium.
3463 2553 3492 2582 «
3521 2535 3632 2586 Me-

1990 2645 2120 2684 mor
2147 2645 2244 2684 ero
2276 2628 2457 2683 Raab.
2488 2646 2515 2679 ι)
2573 2627 2732 2682 Raab
2779 2625 2940 2682 illius
2987 2623 3311 2681 meretricis
3341 2638 3468 2694 quaa
3499 2636 3631 2677 sus-

1991 2716 2143 2790 cepit
2171 2717 2560 2789 exploratores
2589 2715 2728 2772 Jesu
2763 2731 2776 2769 :
2826 2732 2950 2786 quae
2979 2717 3104 2770 erat
3129 2713 3188 2767 in
3230 2710 3482 2776 Jericho,
3514 2725 3630 2780 quo

1991 2811 2222 2863 venerat
2272 2808 2463 2873 Jesus,
2495 2809 2553 2862 et
2602 2805 2763 2860 misit
2801 2804 2948 2860 duos
2978 2801 3371 2874 exploratores
3397 2798 3630 2855 Jericho

1991 2898 2194 2964 (Iosue.
2240 2912 2299 2964 ιι,
2347 2896 2398 2962 1,
2429 2893 2620 2966 seqq.).
2667 2893 2920 2948 Mundus
2972 2893 3100 2959 iste,
3151 2889 3252 2961 qui
3299 2888 3358 2943 in
3407 2889 3632 2959 septem

1995 2983 2204 3039 diebus
2232 2982 2610 3046 subvertitur,
2631 2981 2759 3037 vult
2786 2980 3112 3036 interﬁcere
3134 2975 3544 3049 exploratores.
3565 2974 3637 3028 Et

1996 3089 2131 3128 cum
2175 3071 2275 3127 ille
2322 3071 2520 3144 cupiat
2561 3071 2885 3126 interﬁcere
2922 3067 3333 3140 exploratores,
3365 3064 3491 3120 sola
3519 3078 3640 3119 me-

1997 3160 2178 3216 retrix
2206 3159 2363 3218 Raab
2391 3159 2668 3232 suscepit.
2701 3159 2771 3214 Et
2800 3157 3059 3228 suscepit
3102 3171 3201 3212 eos
3243 3171 3355 3210 non
3386 3153 3446 3208 in
3489 3152 3638 3207 infe-

1997 3248 2134 3304 riori
2166 3248 2313 3314 loco,
2347 3249 2449 3304 sed
2480 3248 2539 3302 in
2573 3246 2886 3303 caenaculo.
2913 3245 3184 3301 Dicamus
3211 3259 3348 3315 ergo
3379 3241 3638 3314 primum

1996 3337 2320 3393 secundum
2351 3338 2508 3408 quod
2538 3337 2710 3408 vulgo
2741 3335 2957 3391 dicitur
2988 3350 3000 3388 :
3053 3349 3244 3405 neque
3274 3331 3430 3388 enim
3462 3329 3635 3384 debe-

1995 3441 2130 3480 mus
2159 3429 2217 3480 et
2245 3424 2406 3480 illam
2439 3423 2976 3495 interpretationem
3007 3421 3319 3477 dimittere.
3345 3418 3414 3474 Et
3443 3433 3612 3475 susce

1993 3513 2079 3586 pit
2119 3529 2218 3569 eos
2269 3529 2384 3568 non
2432 3512 2690 3568 inferiori
2743 3511 2891 3578 loco,
2942 3511 3043 3566 sed
3092 3509 3152 3564 in
3200 3506 3518 3565 cmnaculo.
3571 3506 3635 3562 In

1993 3603 2246 3670 domate,
2278 3601 2386 3658 hoc
2433 3607 2523 3658 est
2563 3601 2623 3656 in
2672 3599 3032 3658 sublimitate
3071 3598 3207 3654 ﬁdei
3237 3614 3378 3666 suae,
3411 3600 3472 3652 et
3499 3595 3634 3652 abs-

1994 3691 2192 3747 condit
2239 3707 2338 3748 eos
2386 3689 2447 3746 in
2497 3689 2638 3758 lino,
2673 3689 2782 3746 hoc
2819 3692 2908 3745 est
2944 3688 3003 3744 in
3033 3692 3209 3760 stupa
3235 3685 3362 3743 lini.
3399 3687 3513 3742 Hoc
3545 3685 3637 3741 in-

1993 3780 2165 3837 terim
2196 3780 2454 3836 diximus
2475 3779 2802 3836 secundum
2830 3777 3157 3843 historiam,
3181 3781 3238 3833 et
3259 3775 3468 3832 videtis
3489 3791 3634 3847 quo-

1995 3870 2168 3926 modo
2200 3871 2271 3926 de
2299 3869 2430 3942 ipsa
2469 3868 2720 3925 historia
2747 3866 3030 3941 paulatim
3061 3867 3132 3924 ad
3165 3865 3412 3938 mystica
3440 3881 3638 3922 ascen-

1996 3958 2194 4014 dimus
2225 3961 2612 4015 sacramenta.
2636 3958 2810 4014 Jesus
2839 3957 2976 4026 dux,
3001 3955 3099 4028 qui
3131 3954 3414 4026 populum
3433 3953 3642 4008 eduxe-

1995 4052 2087 4103 rat
2116 4049 2185 4103 de
2217 4051 2455 4120 Egypto
2486 4063 2498 4100 :
2549 4046 2722 4102 Jesus
2770 4046 2908 4112 dux,
2941 4043 3041 4115 qui
3070 4042 3489 4114 interpretatur
3514 4041 3638 4096 Sat-

1993 4145 2171 4204 vator,
2205 4136 2363 4191 Mose
2409 4138 2659 4200 mortuo,
2690 4137 2748 4190 et
2791 4131 3018 4205 sepulto
3063 4131 3124 4186 in
3168 4134 3322 4187 terra
3361 4129 3548 4198 Moab,
3581 4130 3640 4185 in

1994 4230 2147 4283 terra
2181 4224 2421 4294 Arabia,
2464 4223 2575 4279 hoc
2624 4227 2732 4289 est,
2786 4223 2936 4294 Lege
2986 4224 3236 4288 mortua,
3287 4220 3345 4275 in
3395 4220 3622 4292 Evange

1994 4314 2142 4370 lium
2174 4307 2337 4385 cupit
2383 4313 2661 4368 inducere
2698 4310 2981 4384 pupulum
3012 4325 3206 4366 suum.
3241 4308 3467 4364 Emittit
3495 4308 3642 4364 duos

1995 4402 2387 4475 exploratores
2415 4401 2670 4458 Jericho.
2705 4406 2862 4457 Duos
2903 4397 3317 4471 exploratores,
3349 4413 3533 4452 unum
3580 4395 3640 4451 in

1995 4491 2529 4562 circumcisionem,
2554 4491 2738 4548 alium
2759 4490 2820 4546 in
2841 4489 3136 4563 gentibus,
3160 4487 3394 4544 Petrum
3414 4489 3472 4542 et
3494 4485 3642 4542 Pau-

1996 4580 2140 4636 lum.
2173 4581 2402 4637 Jericho
2433 4579 2642 4653 quaerit
2674 4595 2774 4636 eos
2804 4579 3067 4634 occidere
3093 4595 3105 4633 :
3137 4575 3238 4632 illa
3257 4593 3355 4632 eos
3385 4574 3646 4648 suscepit

233 4665 500 4721 cundum
535 4681 718 4720 unum
753 4668 1006 4738 tropum.
1039 4666 1316 4724 Dicamus
1347 4673 1543 4725 autem
1573 4676 1630 4727 et
1670 4671 1839 4728 aliter
1872 4691 1885 4728 :
1917 4679 1966 4744 Β
1998 4669 2293 4727 meretrix.
2327 4669 2580 4726 Ecclesia
2611 4669 2681 4724 de
2712 4667 2992 4741 gentibus
3039 4669 3406 4740 congregata.
3451 4664 3646 4721 Credit

233 4775 265 4803 «
299 4752 501 4825 Diligit
547 4751 830 4810 Dominus
885 4757 1084 4826 portas
1143 4756 1304 4812 Sion.
1337 4775 1364 4808 ι»
1421 4757 1564 4814 Mihi
1620 4759 1890 4816 videntur

232 4845 418 4914 portat
448 4840 587 4898 Sion
617 4858 747 4898 esse
775 4843 1039 4900 virtutes.
1071 4845 1234 4900 Sicut
1262 4846 1418 4901 enim
1471 4851 1648 4919 portae
1680 4849 1885 4906 mortis

233 4934 382 4986 sunt
409 4930 552 4986 vitia
576 4934 752 5004 atque
789 4937 1028 5005 peccata
1061 4949 1074 4987 :
1124 4932 1207 4990 ita
1246 4939 1423 5007 portae
1454 4935 1590 4993 Sion
1622 4937 1891 4994 videntur

233 5019 384 5076 mihi
417 5035 544 5076 esse
573 5020 836 5078 virtutes.
871 5022 1135 5096 Denique
1165 5023 1309 5080 dicit
1340 5025 1397 5079 in
1426 5024 1538 5082 alio
1569 5026 1693 5083 loco
1728 5045 1740 5083 :
1788 5030 1891 5097 Qui

233 5109 455 5167 exattas
483 5125 568 5166 me
596 5110 662 5167 de
685 5113 863 5183 portis
889 5115 1082 5171 mortis
1111 5112 1292 5185 (Psal.
1325 5131 1405 5182 ιιι,
1440 5115 1549 5186 15).
1597 5115 1656 5172 Si
1690 5120 1887 5174 autem

233 5202 417 5272 portae
449 5201 656 5258 mortis
686 5207 922 5274 peccata
951 5207 1094 5260 sunt
1123 5219 1136 5258 :
1187 5220 1322 5277 ergo
1353 5208 1532 5276 portae
1560 5205 1884 5262 Jerusalem

233 5291 486 5347 virtutes
517 5294 674 5348 sunt.
707 5315 736 5342 ‹‹
772 5292 960 5364 Super
990 5291 1188 5348 omnia
1216 5291 1593 5349 tabernacula
1619 5294 1818 5350 Jacob.
1857 5315 1884 5343 ››

231 5381 445 5437 Videte
496 5381 790 5454 quomodo
838 5381 1040 5447 Jacob,
1079 5381 1188 5438 hoc
1243 5385 1350 5451 est,
1389 5385 1557 5437 vetus
1609 5382 1883 5454 populus,

233 5489 356 5529 non
407 5471 583 5528 habet
626 5471 1098 5543 fundamentum,
1131 5487 1236 5527 nec
1266 5472 1505 5526 domum
1540 5471 1885 5527 fundamen-

230 5561 316 5618 tis
364 5560 640 5634 positam,
673 5561 774 5618 sed
822 5559 1198 5617 tabernacula
1250 5575 1375 5631 quas
1429 5558 1542 5616 cito
1589 5563 1883 5632 pertrans-

229 5655 400 5710 eunt

311 5762 341 5791 ‹‹
375 5737 640 5800 Gloriosa
681 5738 837 5798 dicta
877 5740 1018 5796 sunt
1043 5736 1115 5796 de
1143 5739 1220 5804 te,
1265 5737 1469 5797 civitas
1501 5737 1620 5797 Dei.
1655 5759 1683 5789 »
1736 5738 1885 5810 Ergo

1954 4763 1963 4775 '
1999 4760 2058 4814 in
2086 4759 2314 4829 Jesum,
2349 4762 2405 4814 et
2444 4773 2592 4828 quos
2620 4755 2854 4813 volebat
2881 4755 3111 4812 Jericho
3140 4755 3486 4822 interﬁcere,
3517 4753 3648 4826 ipsa

1996 4847 2182 4904 salvat
2210 4847 2268 4902 in
2300 4847 2531 4902 domate
2561 4863 2687 4903 suo.
2723 4846 2790 4900 Et
2820 4845 2985 4917 ponit
3014 4861 3114 4902 eos
3144 4845 3202 4900 in
3235 4845 3468 4900 domate
3514 4859 3643 4913 suo,

1998 4937 2057 4992 in
2089 4935 2315 4992 excelsa
2342 4935 2452 4990 ﬁde
2479 4950 2607 5002 sua,
2632 4938 2689 4990 et
2719 4933 3026 4990 abscondit
3044 4950 3142 4990 eos
3176 4933 3234 4988 in
3265 4931 3370 4987 lini
3393 4931 3636 4987 calamo.

1997 5023 2154 5080 Licet
2183 5023 2455 5080 meretrix
2486 5023 2581 5092 sit,
2616 5026 2814 5079 tamen
2845 5022 3010 5095 ponit
3037 5038 3136 5078 eos
3165 5021 3225 5076 in
3255 5019 3394 5076 lino.
3429 5018 3640 5075 Linum

1997 5113 2184 5170 multo
2210 5113 2426 5182 labore,
2461 5116 2520 5168 et
2547 5111 2853 5184 diligentia
2880 5111 2940 5166 in
2970 5111 3283 5167 candorem
3315 5108 3491 5165 venit.
3524 5108 3644 5164 Sci-

1995 5203 2075 5260 tis
2115 5202 2230 5276 ipsi
2278 5203 2557 5275 quoniam
2599 5200 2786 5256 linum
2818 5201 2890 5255 de
2917 5203 3069 5255 terra
3104 5199 3383 5264 nascitur,
3417 5201 3474 5253 et
3504 5213 3641 5252 cum

1995 5292 2056 5348 in
2087 5296 2243 5348 terra
2270 5296 2475 5348 natum
2507 5290 2699 5360 fuerit,
2732 5291 2963 5362 nigrum
2997 5292 3105 5359 est,
3129 5286 3354 5343 nullam
3385 5285 3640 5359 speciem

1996 5381 2192 5447 habet,
2226 5380 2455 5452 nullum
2489 5395 2682 5436 usum.
2713 5378 2972 5434 Primum
3005 5394 3143 5450 ergo
3172 5375 3396 5432 tollitur
3424 5376 3495 5431 de
3523 5378 3641 5431 ter-

1996 5487 2082 5538 ra,
2132 5471 2441 5543 frangitur,
2497 5469 2704 5524 deinde
2758 5472 3084 5539 torquetur,
3132 5470 3337 5539 postea
3389 5464 3638 5533 lavatur,

1995 5559 2206 5616 deinde
2233 5559 2520 5626 tunditur,
2554 5557 2764 5614 deinde
2793 5555 3086 5629 plectitur,
3111 5559 3170 5610 et
3198 5553 3386 5611 multa
3413 5569 3554 5610 cura
3583 5555 3642 5610 et

1995 5648 2191 5706 labore
2235 5649 2330 5705 vix
2376 5647 2531 5705 venit
2579 5647 2651 5703 ad
2701 5645 3031 5704 candorem.
3062 5646 3210 5718 Ergo
3249 5644 3360 5702 hoc
3397 5643 3637 5716 dicitur,

1995 5739 2148 5813 quod
2174 5739 2288 5800 ista
2309 5738 2545 5814 quidem
2573 5733 2848 5796 meretrix
2869 5734 3127 5807 suscepit
3150 5732 3544 5807 exploratores
3576 5733 3635 5794 in
