  <div class='ocr_page' id='page_1' title='image "/cluster/home/n/w/nwhite01/storage/ocr_20150623/26/umn.31951002477320a/573.png"; bbox 0 0 4256 6574; ppageno 0'>
   <div class='ocr_carea' id='block_1_1' title="bbox 625 416 786 478">
    <p class='ocr_par' dir='ltr' id='par_1_1' title="bbox 625 416 786 478">
     <span class='ocr_line' id='line_1_1' title="bbox 625 416 786 478; baseline -0.019 0"><span class='ocrx_word' id='word_1_1' title='bbox 625 416 786 478; x_wconf 66' lang='grc'>114⁸7</span> 
     </span>
    </p>
   </div>
   <div class='ocr_carea' id='block_1_2' title="bbox 2112 411 2531 482">
    <p class='ocr_par' dir='ltr' id='par_1_2' title="bbox 2112 411 2531 482">
     <span class='ocr_line' id='line_1_2' title="bbox 2112 411 2531 482; baseline 0.012 -5"><span class='ocrx_word' id='word_1_2' title='bbox 2112 411 2531 482; x_wconf 79' lang='lat' dir='ltr'>APPENDIX.</span> 
     </span>
    </p>
   </div>
   <div class='ocr_carea' id='block_1_3' title="bbox 3868 405 4021 478">
    <p class='ocr_par' dir='ltr' id='par_1_3' title="bbox 3868 405 4021 478">
     <span class='ocr_line' id='line_1_3' title="bbox 3868 405 4021 478; baseline 0.007 -1"><span class='ocrx_word' id='word_1_3' title='bbox 3868 405 4021 478; x_wconf 67' lang='lat'>{148</span> 
     </span>
    </p>
   </div>
   <div class='ocr_carea' id='block_1_4' title="bbox 611 545 4020 626">
    <p class='ocr_par' dir='ltr' id='par_1_4' title="bbox 611 545 4020 626">
     <span class='ocr_line' id='line_1_4' title="bbox 611 545 4020 626; baseline 0 -22"><span class='ocrx_word' id='word_1_4' title='bbox 611 547 732 605; x_wconf 92' lang='lat' dir='ltr'>lino</span> <span class='ocrx_word' id='word_1_5' title='bbox 757 565 885 616; x_wconf 89' lang='lat' dir='ltr'>suo,</span> <span class='ocrx_word' id='word_1_6' title='bbox 910 552 977 604; x_wconf 89' lang='lat' dir='ltr'>ut</span> <span class='ocrx_word' id='word_1_7' title='bbox 1010 547 1091 604; x_wconf 87' lang='lat' dir='ltr'>illi</span> <span class='ocrx_word' id='word_1_8' title='bbox 1122 545 1513 620; x_wconf 78' lang='lat' dir='ltr'>exploratores</span> <span class='ocrx_word' id='word_1_9' title='bbox 1538 547 1724 604; x_wconf 89' lang='lat' dir='ltr'>linum</span> <span class='ocrx_word' id='word_1_10' title='bbox 1755 549 1942 622; x_wconf 82' lang='lat' dir='ltr'>ipsius</span> <span class='ocrx_word' id='word_1_11' title='bbox 1974 555 2264 608; x_wconf 76' lang='lat' dir='ltr'>verterent</span> <span class='ocrx_word' id='word_1_12' title='bbox 2294 553 2348 620; x_wconf 85' lang='grc' dir='ltr'>Α</span> <span class='ocrx_word' id='word_1_13' title='bbox 2379 571 2481 626; x_wconf 85' lang='lat' dir='ltr'>pes</span> <span class='ocrx_word' id='word_1_14' title='bbox 2511 555 2659 611; x_wconf 83' lang='lat' dir='ltr'>versi</span> <span class='ocrx_word' id='word_1_15' title='bbox 2691 572 2898 611; x_wconf 91' lang='lat' dir='ltr'>sumus</span> <span class='ocrx_word' id='word_1_16' title='bbox 2938 555 2994 611; x_wconf 90' lang='lat' dir='ltr'>in</span> <span class='ocrx_word' id='word_1_17' title='bbox 3045 553 3378 610; x_wconf 83' lang='lat' dir='ltr'>candorem.</span> <span class='ocrx_word' id='word_1_18' title='bbox 3431 574 3458 601; x_wconf 86' lang='lat'><strong><em>«</em></strong></span> <span class='ocrx_word' id='word_1_19' title='bbox 3491 550 3634 608; x_wconf 85' lang='lat' dir='ltr'>Ecce</span> <span class='ocrx_word' id='word_1_20' title='bbox 3682 549 4020 622; x_wconf 68' lang='lat' dir='ltr'>alienigena:</span> 
     </span>
    </p>
   </div>
   <div class='ocr_carea' id='block_1_5' title="bbox 615 637 2264 710">
    <p class='ocr_par' dir='ltr' id='par_1_5' title="bbox 615 637 2264 710">
     <span class='ocr_line' id='line_1_5' title="bbox 615 637 2264 710; baseline 0.001 -17"><span class='ocrx_word' id='word_1_21' title='bbox 615 639 670 693; x_wconf 91' lang='lat' dir='ltr'>in</span> <span class='ocrx_word' id='word_1_22' title='bbox 704 640 1043 704; x_wconf 82' lang='lat' dir='ltr'>candorem,</span> <span class='ocrx_word' id='word_1_23' title='bbox 1077 637 1222 703; x_wconf 90' lang='lat' dir='ltr'>Quid</span> <span class='ocrx_word' id='word_1_24' title='bbox 1257 639 1481 710; x_wconf 81' lang='lat' dir='ltr'>igitur?</span> <span class='ocrx_word' id='word_1_25' title='bbox 1529 640 1638 695; x_wconf 86' lang='lat' dir='ltr'>Dat</span> <span class='ocrx_word' id='word_1_26' title='bbox 1688 640 1805 695; x_wconf 83' lang='lat' dir='ltr'>illis</span> <span class='ocrx_word' id='word_1_27' title='bbox 1845 641 2175 707; x_wconf 86' lang='lat' dir='ltr'>consilium,</span> <span class='ocrx_word' id='word_1_28' title='bbox 2209 647 2264 696; x_wconf 90' lang='lat' dir='ltr'>et</span> 
     </span>
    </p>
   </div>
   <div class='ocr_carea' id='block_1_6' title="bbox 615 727 2259 800">
    <p class='ocr_par' dir='ltr' id='par_1_6' title="bbox 615 727 2259 800">
     <span class='ocr_line' id='line_1_6' title="bbox 615 727 2259 800; baseline 0.002 -17"><span class='ocrx_word' id='word_1_29' title='bbox 615 729 699 784; x_wconf 89' lang='lat' dir='ltr'>sic</span> <span class='ocrx_word' id='word_1_30' title='bbox 731 727 918 783; x_wconf 88' lang='lat' dir='ltr'>dicit:</span> <span class='ocrx_word' id='word_1_31' title='bbox 975 730 1296 800; x_wconf 66' lang='lat' dir='ltr'>Exspectate</span> <span class='ocrx_word' id='word_1_32' title='bbox 1347 729 1430 785; x_wconf 87' lang='lat' dir='ltr'>his</span> <span class='ocrx_word' id='word_1_33' title='bbox 1477 730 1652 784; x_wconf 82' lang='lat' dir='ltr'>tribus</span> <span class='ocrx_word' id='word_1_34' title='bbox 1700 729 1889 785; x_wconf 77' lang='lat' dir='ltr'>diebus</span> <span class='ocrx_word' id='word_1_35' title='bbox 1939 731 2097 800; x_wconf 82' lang='lat' dir='ltr'>(Ibid.</span> <span class='ocrx_word' id='word_1_36' title='bbox 2150 733 2259 798; x_wconf 81' lang='grc'>16).</span> 
     </span>
    </p>
   </div>
   <div class='ocr_carea' id='block_1_7' title="bbox 615 817 2263 888">
    <p class='ocr_par' dir='ltr' id='par_1_7' title="bbox 615 817 2263 888">
     <span class='ocr_line' id='line_1_7' title="bbox 615 817 2263 888; baseline 0.001 -17"><span class='ocrx_word' id='word_1_37' title='bbox 615 817 740 872; x_wconf 93' lang='lat' dir='ltr'>Non</span> <span class='ocrx_word' id='word_1_38' title='bbox 776 823 900 872; x_wconf 91' lang='lat' dir='ltr'>erat</span> <span class='ocrx_word' id='word_1_39' title='bbox 932 835 1049 872; x_wconf 89' lang='lat' dir='ltr'>una</span> <span class='ocrx_word' id='word_1_40' title='bbox 1077 817 1219 881; x_wconf 89' lang='lat' dir='ltr'>dies,</span> <span class='ocrx_word' id='word_1_41' title='bbox 1256 835 1369 874; x_wconf 91' lang='lat' dir='ltr'>non</span> <span class='ocrx_word' id='word_1_42' title='bbox 1402 820 1539 888; x_wconf 80' lang='lat' dir='ltr'>duo,</span> <span class='ocrx_word' id='word_1_43' title='bbox 1573 819 1682 874; x_wconf 84' lang='lat' dir='ltr'>nisi</span> <span class='ocrx_word' id='word_1_44' title='bbox 1716 825 1833 874; x_wconf 87' lang='lat' dir='ltr'>tres</span> <span class='ocrx_word' id='word_1_45' title='bbox 1864 820 2008 874; x_wconf 90' lang='lat' dir='ltr'>dies.</span> <span class='ocrx_word' id='word_1_46' title='bbox 2061 819 2263 875; x_wconf 84' lang='lat' dir='ltr'>Videte</span> 
     </span>
    </p>
   </div>
   <div class='ocr_carea' id='block_1_8' title="bbox 617 906 2263 978">
    <p class='ocr_par' dir='ltr' id='par_1_8' title="bbox 617 906 2263 978">
     <span class='ocr_line' id='line_1_8' title="bbox 617 906 2263 978; baseline 0.001 -18"><span class='ocrx_word' id='word_1_47' title='bbox 617 906 759 978; x_wconf 90' lang='lat' dir='ltr'>quid</span> <span class='ocrx_word' id='word_1_48' title='bbox 790 906 964 962; x_wconf 82' lang='lat' dir='ltr'>dicat.</span> <span class='ocrx_word' id='word_1_49' title='bbox 998 907 1338 978; x_wconf 77' lang='lat' dir='ltr'>Exspectate</span> <span class='ocrx_word' id='word_1_50' title='bbox 1370 908 1558 962; x_wconf 85' lang='lat' dir='ltr'>tribus</span> <span class='ocrx_word' id='word_1_51' title='bbox 1590 909 1817 962; x_wconf 87' lang='lat' dir='ltr'>diebus.</span> <span class='ocrx_word' id='word_1_52' title='bbox 1846 909 1969 964; x_wconf 90' lang='lat' dir='ltr'>Non</span> <span class='ocrx_word' id='word_1_53' title='bbox 2000 909 2263 964; x_wconf 84' lang='lat' dir='ltr'>nominat</span> 
     </span>
    </p>
   </div>
   <div class='ocr_carea' id='block_1_9' title="bbox 616 996 2262 1068">
    <p class='ocr_par' dir='ltr' id='par_1_9' title="bbox 616 996 2262 1068">
     <span class='ocr_line' id='line_1_9' title="bbox 616 996 2262 1068; baseline 0.002 -19"><span class='ocrx_word' id='word_1_54' title='bbox 616 999 735 1050; x_wconf 91' lang='lat' dir='ltr'>tres</span> <span class='ocrx_word' id='word_1_55' title='bbox 767 1000 987 1063; x_wconf 89' lang='lat' dir='ltr'>noctes,</span> <span class='ocrx_word' id='word_1_56' title='bbox 1013 996 1109 1050; x_wconf 90' lang='lat' dir='ltr'>sed</span> <span class='ocrx_word' id='word_1_57' title='bbox 1147 1002 1261 1050; x_wconf 88' lang='lat' dir='ltr'>tres</span> <span class='ocrx_word' id='word_1_58' title='bbox 1291 997 1413 1051; x_wconf 89' lang='lat' dir='ltr'>dies</span> <span class='ocrx_word' id='word_1_59' title='bbox 1443 1014 1454 1050; x_wconf 89' lang='lat'>:</span> <span class='ocrx_word' id='word_1_60' title='bbox 1489 996 1627 1068; x_wconf 87' lang='lat' dir='ltr'>quia</span> <span class='ocrx_word' id='word_1_61' title='bbox 1657 997 2053 1052; x_wconf 85' lang='lat' dir='ltr'>illuminatum</span> <span class='ocrx_word' id='word_1_62' title='bbox 2086 998 2262 1052; x_wconf 85' lang='lat' dir='ltr'>habe-</span> 
     </span>
    </p>
   </div>
   <div class='ocr_carea' id='block_1_10' title="bbox 615 1084 2263 1158">
    <p class='ocr_par' dir='ltr' id='par_1_10' title="bbox 615 1084 2263 1158">
     <span class='ocr_line' id='line_1_10' title="bbox 615 1084 2263 1158; baseline 0 -19"><span class='ocrx_word' id='word_1_63' title='bbox 615 1084 718 1139; x_wconf 97' lang='lat' dir='ltr'>bat</span> <span class='ocrx_word' id='word_1_64' title='bbox 749 1100 866 1138; x_wconf 89' lang='lat' dir='ltr'>cor.</span> <span class='ocrx_word' id='word_1_65' title='bbox 903 1085 969 1138; x_wconf 88' lang='lat' dir='ltr'>Et</span> <span class='ocrx_word' id='word_1_66' title='bbox 1000 1085 1206 1139; x_wconf 90' lang='lat' dir='ltr'>deinde</span> <span class='ocrx_word' id='word_1_67' title='bbox 1238 1085 1377 1140; x_wconf 84' lang='lat' dir='ltr'>dicit</span> <span class='ocrx_word' id='word_1_68' title='bbox 1420 1093 1551 1157; x_wconf 90' lang='lat' dir='ltr'>post</span> <span class='ocrx_word' id='word_1_69' title='bbox 1581 1092 1698 1140; x_wconf 87' lang='lat' dir='ltr'>tres</span> <span class='ocrx_word' id='word_1_70' title='bbox 1729 1087 1871 1141; x_wconf 89' lang='lat' dir='ltr'>dies.</span> <span class='ocrx_word' id='word_1_71' title='bbox 1906 1088 1971 1141; x_wconf 91' lang='lat' dir='ltr'>Et</span> <span class='ocrx_word' id='word_1_72' title='bbox 2001 1088 2137 1158; x_wconf 89' lang='lat' dir='ltr'>quid</span> <span class='ocrx_word' id='word_1_73' title='bbox 2176 1087 2263 1139; x_wconf 84' lang='lat' dir='ltr'>di-</span> 
     </span>
    </p>
   </div>
   <div class='ocr_carea' id='block_1_11' title="bbox 618 1173 2262 1247">
    <p class='ocr_par' dir='ltr' id='par_1_11' title="bbox 618 1173 2262 1247">
     <span class='ocr_line' id='line_1_11' title="bbox 618 1173 2262 1247; baseline -0.001 -18"><span class='ocrx_word' id='word_1_74' title='bbox 618 1173 695 1229; x_wconf 86' lang='lat' dir='ltr'>cit</span> <span class='ocrx_word' id='word_1_75' title='bbox 726 1191 738 1228; x_wconf 92' lang='lat'>:</span> <span class='ocrx_word' id='word_1_76' title='bbox 790 1174 986 1238; x_wconf 81' lang='lat' dir='ltr'>Nolite,</span> <span class='ocrx_word' id='word_1_77' title='bbox 1033 1174 1245 1245; x_wconf 81' lang='lat' dir='ltr'>inquit,</span> <span class='ocrx_word' id='word_1_78' title='bbox 1281 1177 1362 1229; x_wconf 85' lang='lat' dir='ltr'>ire</span> <span class='ocrx_word' id='word_1_79' title='bbox 1392 1193 1488 1245; x_wconf 81' lang='lat' dir='ltr'>per</span> <span class='ocrx_word' id='word_1_80' title='bbox 1517 1179 1864 1247; x_wconf 74' lang='lat' dir='ltr'>campestria,</span> <span class='ocrx_word' id='word_1_81' title='bbox 1895 1177 1988 1232; x_wconf 81' lang='lat' dir='ltr'>sed</span> <span class='ocrx_word' id='word_1_82' title='bbox 2022 1181 2076 1232; x_wconf 87' lang='lat' dir='ltr'>in</span> <span class='ocrx_word' id='word_1_83' title='bbox 2109 1193 2262 1230; x_wconf 83' lang='lat' dir='ltr'>mon.-</span> 
     </span>
    </p>
   </div>
   <div class='ocr_carea' id='block_1_12' title="bbox 619 1264 2262 1335">
    <p class='ocr_par' dir='ltr' id='par_1_12' title="bbox 619 1264 2262 1335">
     <span class='ocr_line' id='line_1_12' title="bbox 619 1264 2262 1335; baseline 0.002 -19"><span class='ocrx_word' id='word_1_84' title='bbox 619 1266 750 1317; x_wconf 84' lang='lat' dir='ltr'>tana</span> <span class='ocrx_word' id='word_1_85' title='bbox 778 1264 1116 1318; x_wconf 77' lang='lat' dir='ltr'>conscendzte</span> <span class='ocrx_word' id='word_1_86' title='bbox 1145 1265 1305 1332; x_wconf 82' lang='lat' dir='ltr'>(Ibid.</span> <span class='ocrx_word' id='word_1_87' title='bbox 1338 1267 1449 1335; x_wconf 76' lang='lat'>‘22.).</span> <span class='ocrx_word' id='word_1_88' title='bbox 1487 1265 1753 1320; x_wconf 75' lang='lat' dir='ltr'>Ecclesia:</span> <span class='ocrx_word' id='word_1_89' title='bbox 1785 1266 1937 1321; x_wconf 89' lang='lat' dir='ltr'>enim</span> <span class='ocrx_word' id='word_1_90' title='bbox 1974 1269 2116 1323; x_wconf 84' lang='lat' dir='ltr'>[ides</span> <span class='ocrx_word' id='word_1_91' title='bbox 2148 1283 2262 1321; x_wconf 90' lang='lat' dir='ltr'>non</span> 
     </span>
    </p>
   </div>
   <div class='ocr_carea' id='block_1_13' title="bbox 617 1352 2264 1414">
    <p class='ocr_par' dir='ltr' id='par_1_13' title="bbox 617 1352 2264 1414">
     <span class='ocr_line' id='line_1_13' title="bbox 617 1352 2264 1414; baseline 0.003 -9"><span class='ocrx_word' id='word_1_92' title='bbox 617 1357 705 1407; x_wconf 89' lang='lat' dir='ltr'>est</span> <span class='ocrx_word' id='word_1_93' title='bbox 735 1352 791 1406; x_wconf 91' lang='lat' dir='ltr'>in</span> <span class='ocrx_word' id='word_1_94' title='bbox 826 1352 1098 1414; x_wconf 89' lang='lat' dir='ltr'>vallibus.</span> <span class='ocrx_word' id='word_1_95' title='bbox 1125 1355 1224 1409; x_wconf 90' lang='lat' dir='ltr'>sed</span> <span class='ocrx_word' id='word_1_96' title='bbox 1257 1354 1314 1409; x_wconf 88' lang='lat' dir='ltr'>in</span> <span class='ocrx_word' id='word_1_97' title='bbox 1346 1357 1644 1412; x_wconf 88' lang='lat' dir='ltr'>montibus</span> <span class='ocrx_word' id='word_1_98' title='bbox 1669 1357 2007 1411; x_wconf 85' lang='lat' dir='ltr'>constituta.</span> <span class='ocrx_word' id='word_1_99' title='bbox 2035 1357 2264 1412; x_wconf 88' lang='lat' dir='ltr'>Jericho</span> 
     </span>
    </p>
   </div>
   <div class='ocr_carea' id='block_1_14' title="bbox 619 1445 2263 1512">
    <p class='ocr_par' dir='ltr' id='par_1_14' title="bbox 619 1445 2263 1512">
     <span class='ocr_line' id='line_1_14' title="bbox 619 1445 2263 1512; baseline 0.003 -16"><span class='ocrx_word' id='word_1_100' title='bbox 619 1457 757 1511; x_wconf 84' lang='lat' dir='ltr'>ergo</span> <span class='ocrx_word' id='word_1_101' title='bbox 793 1447 992 1512; x_wconf 89' lang='lat' dir='ltr'>postea</span> <span class='ocrx_word' id='word_1_102' title='bbox 1021 1445 1380 1498; x_wconf 80' lang='lat' dir='ltr'>subvertitur</span> <span class='ocrx_word' id='word_1_103' title='bbox 1408 1446 1481 1499; x_wconf 89' lang='lat' dir='ltr'>ab</span> <span class='ocrx_word' id='word_1_104' title='bbox 1509 1447 1669 1509; x_wconf 87' lang='lat' dir='ltr'>Jesu,</span> <span class='ocrx_word' id='word_1_105' title='bbox 1696 1453 1751 1501; x_wconf 91' lang='lat' dir='ltr'>et</span> <span class='ocrx_word' id='word_1_106' title='bbox 1782 1449 1895 1502; x_wconf 88' lang='lat' dir='ltr'>ista</span> <span class='ocrx_word' id='word_1_107' title='bbox 1925 1447 2049 1502; x_wconf 90' lang='lat' dir='ltr'>sola</span> <span class='ocrx_word' id='word_1_108' title='bbox 2080 1464 2263 1502; x_wconf 89' lang='lat' dir='ltr'>merc-</span> 
     </span>
    </p>
   </div>
   <div class='ocr_carea' id='block_1_15' title="bbox 619 1531 2264 1606">
    <p class='ocr_par' dir='ltr' id='par_1_15' title="bbox 619 1531 2264 1606">
     <span class='ocr_line' id='line_1_15' title="bbox 619 1531 2264 1606; baseline 0.004 -23"><span class='ocrx_word' id='word_1_109' title='bbox 619 1531 732 1584; x_wconf 91' lang='lat' dir='ltr'>trix</span> <span class='ocrx_word' id='word_1_110' title='bbox 764 1535 1092 1586; x_wconf 87' lang='lat' dir='ltr'>reservatur</span> <span class='ocrx_word' id='word_1_111' title='bbox 1120 1532 1454 1589; x_wconf 91' lang='lat' dir='ltr'>incolumis.</span> <span class='ocrx_word' id='word_1_112' title='bbox 1480 1536 1625 1606; x_wconf 86' lang='lat' dir='ltr'>Ergo</span> <span class='ocrx_word' id='word_1_113' title='bbox 1658 1535 1766 1591; x_wconf 91' lang='lat' dir='ltr'>hoc</span> <span class='ocrx_word' id='word_1_114' title='bbox 1799 1536 2012 1590; x_wconf 91' lang='lat' dir='ltr'>dicitur</span> <span class='ocrx_word' id='word_1_115' title='bbox 2043 1553 2054 1589; x_wconf 95' lang='lat'>:</span> <span class='ocrx_word' id='word_1_116' title='bbox 2096 1559 2115 1584; x_wconf 76' lang='grc' dir='ltr'>α</span> <span class='ocrx_word' id='word_1_117' title='bbox 2152 1541 2264 1590; x_wconf 83' lang='lat' dir='ltr'>Me-</span> 
     </span>
    </p>
   </div>
   <div class='ocr_carea' id='block_1_16' title="bbox 623 1622 2265 1697">
    <p class='ocr_par' dir='ltr' id='par_1_16' title="bbox 623 1622 2265 1697">
     <span class='ocr_line' id='line_1_16' title="bbox 623 1622 2265 1697; baseline 0.004 -24"><span class='ocrx_word' id='word_1_118' title='bbox 623 1636 752 1674; x_wconf 89' lang='lat' dir='ltr'>mor</span> <span class='ocrx_word' id='word_1_119' title='bbox 781 1637 878 1674; x_wconf 91' lang='lat' dir='ltr'>ero</span> <span class='ocrx_word' id='word_1_120' title='bbox 909 1622 1084 1688; x_wconf 83' lang='lat' dir='ltr'>Raab,</span> <span class='ocrx_word' id='word_1_121' title='bbox 1115 1645 1134 1668; x_wconf 80' lang='grc' dir='ltr'><strong>υ</strong></span> <span class='ocrx_word' id='word_1_122' title='bbox 1175 1622 1279 1677; x_wconf 93' lang='lat' dir='ltr'>hoc</span> <span class='ocrx_word' id='word_1_123' title='bbox 1309 1629 1419 1687; x_wconf 90' lang='lat' dir='ltr'>est,</span> <span class='ocrx_word' id='word_1_124' title='bbox 1443 1641 1571 1695; x_wconf 61' lang='lat' dir='ltr'>quis</span> <span class='ocrx_word' id='word_1_125' title='bbox 1598 1627 1856 1696; x_wconf 88' lang='lat' dir='ltr'>suscepit</span> <span class='ocrx_word' id='word_1_126' title='bbox 1875 1625 2265 1697; x_wconf 82' lang='lat' dir='ltr'>exploratores</span> 
     </span>
    </p>
   </div>
   <div class='ocr_carea' id='block_1_17' title="bbox 622 1710 2266 1784">
    <p class='ocr_par' dir='ltr' id='par_1_17' title="bbox 622 1710 2266 1784">
     <span class='ocr_line' id='line_1_17' title="bbox 622 1710 2266 1784; baseline 0.005 -22"><span class='ocrx_word' id='word_1_127' title='bbox 622 1723 805 1776; x_wconf 80' lang='lat' dir='ltr'>meos,</span> <span class='ocrx_word' id='word_1_128' title='bbox 840 1715 896 1762; x_wconf 90' lang='lat' dir='ltr'>et</span> <span class='ocrx_word' id='word_1_129' title='bbox 926 1725 1030 1779; x_wconf 86' lang='lat' dir='ltr'>ego</span> <span class='ocrx_word' id='word_1_130' title='bbox 1061 1710 1116 1764; x_wconf 92' lang='lat' dir='ltr'>in</span> <span class='ocrx_word' id='word_1_131' title='bbox 1151 1711 1246 1765; x_wconf 88' lang='lat' dir='ltr'>die</span> <span class='ocrx_word' id='word_1_132' title='bbox 1267 1713 1474 1782; x_wconf 89' lang='lat' dir='ltr'>judicii</span> <span class='ocrx_word' id='word_1_133' title='bbox 1509 1729 1735 1768; x_wconf 89' lang='lat' dir='ltr'>memor</span> <span class='ocrx_word' id='word_1_134' title='bbox 1764 1730 1859 1768; x_wconf 92' lang='lat' dir='ltr'>ero</span> <span class='ocrx_word' id='word_1_135' title='bbox 1892 1715 2039 1784; x_wconf 90' lang='lat' dir='ltr'>ejus.</span> <span class='ocrx_word' id='word_1_136' title='bbox 2096 1739 2122 1765; x_wconf 85' lang='lat'><strong>«</strong></span> <span class='ocrx_word' id='word_1_137' title='bbox 2153 1720 2266 1770; x_wconf 80' lang='lat' dir='ltr'>Me-</span> 
     </span>
    </p>
   </div>
   <div class='ocr_carea' id='block_1_18' title="bbox 620 1800 2264 1875">
    <p class='ocr_par' dir='ltr' id='par_1_18' title="bbox 620 1800 2264 1875">
     <span class='ocr_line' id='line_1_18' title="bbox 620 1800 2264 1875; baseline 0.005 -25"><span class='ocrx_word' id='word_1_138' title='bbox 620 1813 750 1851; x_wconf 90' lang='lat' dir='ltr'>mor</span> <span class='ocrx_word' id='word_1_139' title='bbox 781 1813 876 1851; x_wconf 83' lang='lat' dir='ltr'>ero</span> <span class='ocrx_word' id='word_1_140' title='bbox 920 1800 1159 1853; x_wconf 78' lang='lat' dir='ltr'>Raab.»</span> <span class='ocrx_word' id='word_1_141' title='bbox 1211 1801 1367 1856; x_wconf 87' lang='lat' dir='ltr'>Raab</span> <span class='ocrx_word' id='word_1_142' title='bbox 1417 1803 1554 1872; x_wconf 91' lang='lat' dir='ltr'>quid</span> <span class='ocrx_word' id='word_1_143' title='bbox 1610 1803 2073 1875; x_wconf 84' lang='lat' dir='ltr'>interpretatur?</span> <span class='ocrx_word' id='word_1_144' title='bbox 2121 1804 2264 1858; x_wconf 79' lang='lat' dir='ltr'>(lixi-</span> 
     </span>
    </p>
   </div>
   <div class='ocr_carea' id='block_1_19' title="bbox 2374 639 4016 718">
    <p class='ocr_par' dir='ltr' id='par_1_19' title="bbox 2374 639 4016 718">
     <span class='ocr_line' id='line_1_19' title="bbox 2374 639 4016 718; baseline -0.004 -18"><span class='ocrx_word' id='word_1_145' title='bbox 2374 650 2432 700; x_wconf 89' lang='lat' dir='ltr'>et</span> <span class='ocrx_word' id='word_1_146' title='bbox 2461 649 2663 718; x_wconf 87' lang='lat' dir='ltr'>Tyrus,</span> <span class='ocrx_word' id='word_1_147' title='bbox 2697 651 2751 702; x_wconf 93' lang='lat' dir='ltr'>et</span> <span class='ocrx_word' id='word_1_148' title='bbox 2785 645 3037 718; x_wconf 90' lang='lat' dir='ltr'>populus</span> <span class='ocrx_word' id='word_1_149' title='bbox 3069 643 3426 715; x_wconf 76' lang='lat' dir='ltr'>.Etbiopum,</span> <span class='ocrx_word' id='word_1_150' title='bbox 3459 641 3517 696; x_wconf 90' lang='lat' dir='ltr'>hi</span> <span class='ocrx_word' id='word_1_151' title='bbox 3552 643 3788 696; x_wconf 82' lang='lat' dir='ltr'>luerunt</span> <span class='ocrx_word' id='word_1_152' title='bbox 3818 639 3956 695; x_wconf 91' lang='lat' dir='ltr'>illic.</span> <span class='ocrx_word' id='word_1_153' title='bbox 3990 663 4016 688; x_wconf 78' lang='grc'><strong>››</strong></span> 
     </span>
    </p>
   </div>
   <div class='ocr_carea' id='block_1_20' title="bbox 2373 719 4017 806">
    <p class='ocr_par' dir='ltr' id='par_1_20' title="bbox 2373 719 4017 806">
     <span class='ocr_line' id='line_1_20' title="bbox 2373 719 4017 806; baseline -0.004 -16"><span class='ocrx_word' id='word_1_154' title='bbox 2373 734 2477 790; x_wconf 92' lang='lat' dir='ltr'>Ubi</span> <span class='ocrx_word' id='word_1_155' title='bbox 2515 736 2796 791; x_wconf 80' lang='lat' dir='ltr'>luerunt?</span> <span class='ocrx_word' id='word_1_156' title='bbox 2836 735 2939 791; x_wconf 92' lang='lat' dir='ltr'>Ubi</span> <span class='ocrx_word' id='word_1_157' title='bbox 2974 734 3227 806; x_wconf 82' lang='lat' dir='ltr'>gloriosa</span> <span class='ocrx_word' id='word_1_158' title='bbox 3255 733 3409 788; x_wconf 81' lang='lat' dir='ltr'>dicta</span> <span class='ocrx_word' id='word_1_159' title='bbox 3440 733 3579 787; x_wconf 91' lang='lat' dir='ltr'>sunt</span> <span class='ocrx_word' id='word_1_160' title='bbox 3607 731 3676 786; x_wconf 91' lang='lat' dir='ltr'>de</span> <span class='ocrx_word' id='word_1_161' title='bbox 3704 735 3782 798; x_wconf 86' lang='lat' dir='ltr'>te,</span> <span class='ocrx_word' id='word_1_162' title='bbox 3817 719 4017 784; x_wconf 77' lang='lat' dir='ltr'>civitas</span> 
     </span>
    </p>
   </div>
   <div class='ocr_carea' id='block_1_21' title="bbox 2373 825 2512 880">
    <p class='ocr_par' dir='ltr' id='par_1_21' title="bbox 2373 825 2512 880">
     <span class='ocr_line' id='line_1_21' title="bbox 2373 825 2512 880; baseline -0.014 0"><span class='ocrx_word' id='word_1_163' title='bbox 2373 825 2512 880; x_wconf 59' lang='lat' dir='ltr'>Dei.’</span> 
     </span>
    </p>
   </div>
   <div class='ocr_carea' id='block_1_22' title="bbox 2446 909 4017 985">
    <p class='ocr_par' dir='ltr' id='par_1_22' title="bbox 2446 909 4017 985">
     <span class='ocr_line' id='line_1_22' title="bbox 2446 909 4017 985; baseline -0.004 -16"><span class='ocrx_word' id='word_1_164' title='bbox 2446 937 2473 963; x_wconf 89' lang='grc'>‹‹</span> <span class='ocrx_word' id='word_1_165' title='bbox 2507 914 2799 985; x_wconf 88' lang='lat' dir='ltr'>Numquid</span> <span class='ocrx_word' id='word_1_166' title='bbox 2834 913 2970 969; x_wconf 89' lang='lat' dir='ltr'>Sion</span> <span class='ocrx_word' id='word_1_167' title='bbox 3006 913 3153 969; x_wconf 88' lang='lat' dir='ltr'>dicet</span> <span class='ocrx_word' id='word_1_168' title='bbox 3185 912 3380 975; x_wconf 90' lang='lat' dir='ltr'>homo,</span> <span class='ocrx_word' id='word_1_169' title='bbox 3414 914 3472 965; x_wconf 90' lang='lat' dir='ltr'>et</span> <span class='ocrx_word' id='word_1_170' title='bbox 3501 909 3676 964; x_wconf 89' lang='lat' dir='ltr'>homo</span> <span class='ocrx_word' id='word_1_171' title='bbox 3709 911 3883 963; x_wconf 89' lang='lat' dir='ltr'>natus</span> <span class='ocrx_word' id='word_1_172' title='bbox 3933 913 4017 962; x_wconf 88' lang='lat' dir='ltr'>est</span> 
     </span>
    </p>
   </div>
   <div class='ocr_carea' id='block_1_23' title="bbox 2375 985 4019 1076">
    <p class='ocr_par' dir='ltr' id='par_1_23' title="bbox 2375 985 4019 1076">
     <span class='ocr_line' id='line_1_23' title="bbox 2375 985 4019 1076; baseline -0.005 -18"><span class='ocrx_word' id='word_1_173' title='bbox 2375 1003 2431 1058; x_wconf 91' lang='lat' dir='ltr'>in</span> <span class='ocrx_word' id='word_1_174' title='bbox 2465 1021 2531 1057; x_wconf 88' lang='lat' dir='ltr'>ea</span> <span class='ocrx_word' id='word_1_175' title='bbox 2553 1005 2579 1058; x_wconf 68' lang='grc' dir='ltr'>ἱ)</span> <span class='ocrx_word' id='word_1_176' title='bbox 2612 1026 2638 1053; x_wconf 77' lang='grc'><strong>››</strong></span> <span class='ocrx_word' id='word_1_177' title='bbox 2683 1004 3068 1076; x_wconf 82' lang='lat' dir='ltr'>Septuaginta</span> <span class='ocrx_word' id='word_1_178' title='bbox 3100 1002 3445 1074; x_wconf 86' lang='lat' dir='ltr'>interpretes</span> <span class='ocrx_word' id='word_1_179' title='bbox 3482 985 3563 1053; x_wconf 82' lang='lat' dir='ltr'>ita</span> <span class='ocrx_word' id='word_1_180' title='bbox 3591 996 4019 1052; x_wconf 89' lang='lat' dir='ltr'>transtulerunt</span> 
     </span>
    </p>
   </div>
   <div class='ocr_carea' id='block_1_24' title="bbox 2375 1088 4016 1164">
    <p class='ocr_par' dir='ltr' id='par_1_24' title="bbox 2375 1088 4016 1164">
     <span class='ocr_line' id='line_1_24' title="bbox 2375 1088 4016 1164; baseline -0.007 -15"><span class='ocrx_word' id='word_1_181' title='bbox 2375 1116 2401 1141; x_wconf 87' lang='grc'>‹‹</span> <span class='ocrx_word' id='word_1_182' title='bbox 2439 1093 2736 1164; x_wconf 88' lang='lat' dir='ltr'>Numquid</span> <span class='ocrx_word' id='word_1_183' title='bbox 2768 1093 2900 1148; x_wconf 92' lang='lat' dir='ltr'>Sion</span> <span class='ocrx_word' id='word_1_184' title='bbox 2933 1093 3085 1147; x_wconf 87' lang='lat' dir='ltr'>dicet</span> <span class='ocrx_word' id='word_1_185' title='bbox 3116 1092 3289 1146; x_wconf 91' lang='lat' dir='ltr'>homo</span> <span class='ocrx_word' id='word_1_186' title='bbox 3313 1089 3342 1142; x_wconf 86' lang='lat'>‘?</span> <span class='ocrx_word' id='word_1_187' title='bbox 3375 1111 3401 1138; x_wconf 92' lang='grc'><strong>››</strong></span> <span class='ocrx_word' id='word_1_188' title='bbox 3437 1111 3463 1136; x_wconf 87' lang='grc'><strong>››</strong></span> <span class='ocrx_word' id='word_1_189' title='bbox 3497 1088 3856 1158; x_wconf 82' lang='lat' dir='ltr'>Spreverunt</span> <span class='ocrx_word' id='word_1_190' title='bbox 3885 1100 4016 1155; x_wconf 90' lang='lat' dir='ltr'>ergo</span> 
     </span>
    </p>
   </div>
   <div class='ocr_carea' id='block_1_25' title="bbox 2375 1175 4020 1256">
    <p class='ocr_par' dir='ltr' id='par_1_25' title="bbox 2375 1175 4020 1256">
     <span class='ocr_line' id='line_1_25' title="bbox 2375 1175 4020 1256; baseline -0.006 -20"><span class='ocrx_word' id='word_1_191' title='bbox 2375 1181 2565 1245; x_wconf 89' lang='lat' dir='ltr'>multi,</span> <span class='ocrx_word' id='word_1_192' title='bbox 2601 1199 2703 1236; x_wconf 76' lang='lat' dir='ltr'>nec</span> <span class='ocrx_word' id='word_1_193' title='bbox 2758 1181 3168 1256; x_wconf 76' lang='lat' dir='ltr'>iptellexerunt</span> <span class='ocrx_word' id='word_1_194' title='bbox 3223 1181 3354 1249; x_wconf 66' lang='grc' dir='ltr'>μήτι</span> <span class='ocrx_word' id='word_1_195' title='bbox 3410 1175 3574 1239; x_wconf 82' lang='grc' dir='ltr'>Σιὼν,</span> <span class='ocrx_word' id='word_1_196' title='bbox 3624 1175 3761 1248; x_wconf 91' lang='lat' dir='ltr'>quid</span> <span class='ocrx_word' id='word_1_197' title='bbox 3816 1179 3923 1238; x_wconf 88' lang='lat' dir='ltr'>est,</span> <span class='ocrx_word' id='word_1_198' title='bbox 3965 1179 4020 1228; x_wconf 91' lang='lat' dir='ltr'>et</span> 
     </span>
    </p>
   </div>
   <div class='ocr_carea' id='block_1_26' title="bbox 2374 1260 4014 1346">
    <p class='ocr_par' dir='ltr' id='par_1_26' title="bbox 2374 1260 4014 1346">
     <span class='ocr_line' id='line_1_26' title="bbox 2374 1260 4014 1346; baseline -0.006 -20"><span class='ocrx_word' id='word_1_199' title='bbox 2374 1272 2726 1326; x_wconf 89' lang='lat' dir='ltr'>addiderunt</span> <span class='ocrx_word' id='word_1_200' title='bbox 2775 1291 2802 1346; x_wconf 84' lang='grc' dir='ltr'>ρ</span> <span class='ocrx_word' id='word_1_201' title='bbox 2853 1276 2910 1326; x_wconf 88' lang='lat' dir='ltr'>et</span> <span class='ocrx_word' id='word_1_202' title='bbox 2951 1271 3152 1342; x_wconf 83' lang='lat' dir='ltr'>legunt</span> <span class='ocrx_word' id='word_1_203' title='bbox 3203 1269 3368 1340; x_wconf 72' lang='grc' dir='ltr'>μήτιρ</span> <span class='ocrx_word' id='word_1_204' title='bbox 3405 1266 3546 1319; x_wconf 76' lang='grc' dir='ltr'>Σιὼν</span> <span class='ocrx_word' id='word_1_205' title='bbox 3579 1263 3686 1334; x_wconf 75' lang='grc' dir='ltr'>ἐρεῖ</span> <span class='ocrx_word' id='word_1_206' title='bbox 3718 1260 4014 1335; x_wconf 72' lang='grc' dir='ltr'>ἄνθρωπος.</span> 
     </span>
    </p>
   </div>
   <div class='ocr_carea' id='block_1_27' title="bbox 2374 1351 4016 1431">
    <p class='ocr_par' dir='ltr' id='par_1_27' title="bbox 2374 1351 4016 1431">
     <span class='ocr_line' id='line_1_27' title="bbox 2374 1351 4016 1431; baseline -0.007 -16"><span class='ocrx_word' id='word_1_207' title='bbox 2374 1364 2440 1414; x_wconf 84' lang='lat' dir='ltr'>Et</span> <span class='ocrx_word' id='word_1_208' title='bbox 2479 1361 2585 1414; x_wconf 89' lang='lat' dir='ltr'>hoc</span> <span class='ocrx_word' id='word_1_209' title='bbox 2628 1366 2926 1431; x_wconf 87' lang='lat' dir='ltr'>propterea</span> <span class='ocrx_word' id='word_1_210' title='bbox 2955 1360 3178 1422; x_wconf 88' lang='lat' dir='ltr'>dicunt,</span> <span class='ocrx_word' id='word_1_211' title='bbox 3211 1357 3489 1429; x_wconf 89' lang='lat' dir='ltr'>quoniam</span> <span class='ocrx_word' id='word_1_212' title='bbox 3543 1353 3848 1426; x_wconf 90' lang='lat' dir='ltr'>sequitur:</span> <span class='ocrx_word' id='word_1_213' title='bbox 3893 1373 3918 1403; x_wconf 76' lang='grc' dir='ltr'><strong><em>α</em></strong></span> <span class='ocrx_word' id='word_1_214' title='bbox 3950 1351 4016 1404; x_wconf 90' lang='lat' dir='ltr'>Et</span> 
     </span>
    </p>
   </div>
   <div class='ocr_carea' id='block_1_28' title="bbox 2375 1437 4014 1518">
    <p class='ocr_par' dir='ltr' id='par_1_28' title="bbox 2375 1437 4014 1518">
     <span class='ocr_line' id='line_1_28' title="bbox 2375 1437 4014 1518; baseline -0.006 -15"><span class='ocrx_word' id='word_1_215' title='bbox 2375 1449 2549 1503; x_wconf 90' lang='lat' dir='ltr'>homo</span> <span class='ocrx_word' id='word_1_216' title='bbox 2582 1437 2753 1504; x_wconf 77' lang='lat' dir='ltr'>natus</span> <span class='ocrx_word' id='word_1_217' title='bbox 2785 1454 2874 1503; x_wconf 90' lang='lat' dir='ltr'>est</span> <span class='ocrx_word' id='word_1_218' title='bbox 2899 1449 2957 1502; x_wconf 91' lang='lat' dir='ltr'>in</span> <span class='ocrx_word' id='word_1_219' title='bbox 2991 1465 3076 1503; x_wconf 88' lang='lat' dir='ltr'>ea.</span> <span class='ocrx_word' id='word_1_220' title='bbox 3111 1469 3137 1498; x_wconf 74' lang='grc' dir='ltr'><strong><em>η</em></strong></span> <span class='ocrx_word' id='word_1_221' title='bbox 3183 1447 3572 1518; x_wconf 89' lang='lat' dir='ltr'>Speraverunt</span> <span class='ocrx_word' id='word_1_222' title='bbox 3599 1443 3773 1498; x_wconf 89' lang='lat' dir='ltr'>etiam</span> <span class='ocrx_word' id='word_1_223' title='bbox 3807 1442 3887 1495; x_wconf 84' lang='lat' dir='ltr'>ita</span> <span class='ocrx_word' id='word_1_224' title='bbox 3918 1442 4014 1494; x_wconf 87' lang='lat' dir='ltr'>dc-</span> 
     </span>
    </p>
   </div>
   <div class='ocr_carea' id='block_1_29' title="bbox 2375 1529 4022 1604">
    <p class='ocr_par' dir='ltr' id='par_1_29' title="bbox 2375 1529 4022 1604">
     <span class='ocr_line' id='line_1_29' title="bbox 2375 1529 4022 1604; baseline -0.006 -12"><span class='ocrx_word' id='word_1_225' title='bbox 2375 1539 2510 1592; x_wconf 86' lang='lat' dir='ltr'>bere</span> <span class='ocrx_word' id='word_1_226' title='bbox 2541 1538 2652 1592; x_wconf 90' lang='lat' dir='ltr'>dici</span> <span class='ocrx_word' id='word_1_227' title='bbox 2691 1555 2703 1591; x_wconf 86' lang='lat'><strong>:</strong></span> <span class='ocrx_word' id='word_1_228' title='bbox 2758 1542 2940 1593; x_wconf 78' lang='lat' dir='ltr'>mater</span> <span class='ocrx_word' id='word_1_229' title='bbox 2969 1537 3108 1591; x_wconf 90' lang='lat' dir='ltr'>Sion</span> <span class='ocrx_word' id='word_1_230' title='bbox 3141 1536 3294 1591; x_wconf 88' lang='lat' dir='ltr'>dicet</span> <span class='ocrx_word' id='word_1_231' title='bbox 3323 1535 3520 1597; x_wconf 89' lang='lat' dir='ltr'>homo,</span> <span class='ocrx_word' id='word_1_232' title='bbox 3551 1531 3827 1604; x_wconf 91' lang='lat' dir='ltr'>quoniam</span> <span class='ocrx_word' id='word_1_233' title='bbox 3863 1529 4022 1583; x_wconf 77' lang='lat' dir='ltr'>[ilius</span> 
     </span>
    </p>
   </div>
   <div class='ocr_carea' id='block_1_30' title="bbox 2381 1620 4020 1698">
    <p class='ocr_par' dir='ltr' id='par_1_30' title="bbox 2381 1620 4020 1698">
     <span class='ocr_line' id='line_1_30' title="bbox 2381 1620 4020 1698; baseline -0.007 -16"><span class='ocrx_word' id='word_1_234' title='bbox 2381 1631 2556 1682; x_wconf 86' lang='lat' dir='ltr'>natus</span> <span class='ocrx_word' id='word_1_235' title='bbox 2609 1627 2869 1682; x_wconf 89' lang='lat' dir='ltr'>dicitur:</span> <span class='ocrx_word' id='word_1_236' title='bbox 2921 1631 3226 1698; x_wconf 89' lang='lat' dir='ltr'>propterea</span> <span class='ocrx_word' id='word_1_237' title='bbox 3272 1627 3469 1680; x_wconf 86' lang='lat' dir='ltr'>errant</span> <span class='ocrx_word' id='word_1_238' title='bbox 3516 1623 3573 1676; x_wconf 91' lang='lat' dir='ltr'>in</span> <span class='ocrx_word' id='word_1_239' title='bbox 3624 1620 3826 1676; x_wconf 89' lang='lat' dir='ltr'>matris</span> <span class='ocrx_word' id='word_1_240' title='bbox 3859 1635 4020 1673; x_wconf 80' lang='lat' dir='ltr'>voca-</span> 
     </span>
    </p>
   </div>
   <div class='ocr_carea' id='block_1_31' title="bbox 2382 1707 4021 1787">
    <p class='ocr_par' dir='ltr' id='par_1_31' title="bbox 2382 1707 4021 1787">
     <span class='ocr_line' id='line_1_31' title="bbox 2382 1707 4021 1787; baseline -0.004 -17"><span class='ocrx_word' id='word_1_241' title='bbox 2382 1714 2541 1770; x_wconf 87' lang='lat' dir='ltr'>bulo.</span> <span class='ocrx_word' id='word_1_242' title='bbox 2571 1716 2842 1771; x_wconf 84' lang='lat' dir='ltr'>Dicamus</span> <span class='ocrx_word' id='word_1_243' title='bbox 2873 1732 3010 1786; x_wconf 87' lang='lat' dir='ltr'>ergo</span> <span class='ocrx_word' id='word_1_244' title='bbox 3041 1714 3296 1787; x_wconf 89' lang='lat' dir='ltr'>primum</span> <span class='ocrx_word' id='word_1_245' title='bbox 3319 1712 3642 1769; x_wconf 90' lang='lat' dir='ltr'>secundum</span> <span class='ocrx_word' id='word_1_246' title='bbox 3665 1710 3816 1782; x_wconf 90' lang='lat' dir='ltr'>quod</span> <span class='ocrx_word' id='word_1_247' title='bbox 3851 1707 4021 1779; x_wconf 83' lang='lat' dir='ltr'>vulgo</span> 
     </span>
    </p>
   </div>
   <div class='ocr_carea' id='block_1_32' title="bbox 2381 1799 4024 1878">
    <p class='ocr_par' dir='ltr' id='par_1_32' title="bbox 2381 1799 4024 1878">
     <span class='ocr_line' id='line_1_32' title="bbox 2381 1799 4024 1878; baseline -0.004 -20"><span class='ocrx_word' id='word_1_248' title='bbox 2381 1805 2597 1878; x_wconf 69' lang='lat' dir='ltr'>cligitur</span> <span class='ocrx_word' id='word_1_249' title='bbox 2629 1823 2640 1859; x_wconf 90' lang='lat'>:</span> <span class='ocrx_word' id='word_1_250' title='bbox 2693 1822 2879 1877; x_wconf 88' lang='lat' dir='ltr'>neque</span> <span class='ocrx_word' id='word_1_251' title='bbox 2913 1805 3066 1860; x_wconf 86' lang='lat' dir='ltr'>enim</span> <span class='ocrx_word' id='word_1_252' title='bbox 3104 1804 3386 1859; x_wconf 88' lang='lat' dir='ltr'>debemus</span> <span class='ocrx_word' id='word_1_253' title='bbox 3416 1806 3473 1856; x_wconf 89' lang='lat' dir='ltr'>et</span> <span class='ocrx_word' id='word_1_254' title='bbox 3503 1799 3662 1855; x_wconf 90' lang='lat' dir='ltr'>illam</span> <span class='ocrx_word' id='word_1_255' title='bbox 3692 1799 4024 1869; x_wconf 84' lang='lat' dir='ltr'>interpreta-</span> 
     </span>
    </p>
   </div>
   <div class='ocr_carea' id='block_1_33' title="bbox 623 1887 4024 1991">
    <p class='ocr_par' dir='ltr' id='par_1_33' title="bbox 623 1887 4024 1991">
     <span class='ocr_line' id='line_1_33' title="bbox 623 1887 4024 1991; baseline 0 -51"><span class='ocrx_word' id='word_1_256' title='bbox 623 1901 756 1940; x_wconf 90' lang='lat' dir='ltr'>mus</span> <span class='ocrx_word' id='word_1_257' title='bbox 802 1888 1126 1942; x_wconf 89' lang='lat' dir='ltr'>secundum</span> <span class='ocrx_word' id='word_1_258' title='bbox 1162 1889 1461 1946; x_wconf 86' lang='lat' dir='ltr'>historiam</span> <span class='ocrx_word' id='word_1_259' title='bbox 1501 1911 1512 1947; x_wconf 90' lang='lat'>:</span> <span class='ocrx_word' id='word_1_260' title='bbox 1559 1893 1825 1948; x_wconf 88' lang='lat' dir='ltr'>dicamus</span> <span class='ocrx_word' id='word_1_261' title='bbox 1856 1898 1913 1948; x_wconf 94' lang='lat' dir='ltr'>et</span> <span class='ocrx_word' id='word_1_262' title='bbox 1942 1895 2263 1949; x_wconf 90' lang='lat' dir='ltr'>secundum</span> <span class='ocrx_word' id='word_1_263' title='bbox 2301 1928 2348 1991; x_wconf 79' lang='grc' dir='ltr'><strong>Β</strong></span> <span class='ocrx_word' id='word_1_264' title='bbox 2384 1894 2600 1950; x_wconf 90' lang='lat' dir='ltr'>tionem</span> <span class='ocrx_word' id='word_1_265' title='bbox 2653 1894 2969 1950; x_wconf 86' lang='lat' dir='ltr'>dimittere.</span> <span class='ocrx_word' id='word_1_266' title='bbox 3021 1894 3293 1949; x_wconf 87' lang='lat' dir='ltr'>Dicamus</span> <span class='ocrx_word' id='word_1_267' title='bbox 3347 1907 3483 1964; x_wconf 88' lang='lat' dir='ltr'>ergo</span> <span class='ocrx_word' id='word_1_268' title='bbox 3538 1893 3593 1945; x_wconf 92' lang='lat' dir='ltr'>et</span> <span class='ocrx_word' id='word_1_269' title='bbox 3643 1905 3793 1944; x_wconf 89' lang='lat' dir='ltr'>nos:</span> <span class='ocrx_word' id='word_1_270' title='bbox 3846 1887 4024 1986; x_wconf 73' lang='lat' dir='ltr'>Mater</span> 
     </span>
    </p>
   </div>
   <div class='ocr_carea' id='block_1_34' title="bbox 616 1973 2270 2054">
    <p class='ocr_par' dir='ltr' id='par_1_34' title="bbox 616 1973 2270 2054">
     <span class='ocr_line' id='line_1_34' title="bbox 616 1973 2270 2054; baseline 0.007 -29"><span class='ocrx_word' id='word_1_271' title='bbox 616 1973 876 2029; x_wconf 88' lang='lat' dir='ltr'>nominis</span> <span class='ocrx_word' id='word_1_272' title='bbox 926 1976 1488 2048; x_wconf 86' lang='lat' dir='ltr'>interpretationem.</span> <span class='ocrx_word' id='word_1_273' title='bbox 1537 1981 1719 2037; x_wconf 85' lang='lat' dir='ltr'>Juxta</span> <span class='ocrx_word' id='word_1_274' title='bbox 1767 1999 2066 2054; x_wconf 80' lang='lat' dir='ltr'>anagogcn</span> <span class='ocrx_word' id='word_1_275' title='bbox 2116 1984 2270 2038; x_wconf 83' lang='lat' dir='ltr'><strong>Raab</strong></span> 
     </span>
    </p>
   </div>
   <div class='ocr_carea' id='block_1_35' title="bbox 616 2062 2274 2144">
    <p class='ocr_par' dir='ltr' id='par_1_35' title="bbox 616 2062 2274 2144">
     <span class='ocr_line' id='line_1_35' title="bbox 616 2062 2274 2144; baseline 0.005 -27"><span class='ocrx_word' id='word_1_276' title='bbox 616 2063 650 2117; x_wconf 95' lang='lat' dir='ltr'>d</span> <span class='ocrx_word' id='word_1_277' title='bbox 665 2062 938 2133; x_wconf 90' lang='lat' dir='ltr'>upliciter</span> <span class='ocrx_word' id='word_1_278' title='bbox 962 2065 1395 2138; x_wconf 87' lang='lat' dir='ltr'>interpretatur.</span> <span class='ocrx_word' id='word_1_279' title='bbox 1422 2072 1535 2125; x_wconf 89' lang='lat' dir='ltr'>Aut</span> <span class='ocrx_word' id='word_1_280' title='bbox 1560 2072 1978 2144; x_wconf 89' lang='lat' dir='ltr'>interpretatur</span> <span class='ocrx_word' id='word_1_281' title='bbox 2009 2072 2274 2128; x_wconf 72' lang='lat' dir='ltr'>latitudo:</span> 
     </span>
    </p>
   </div>
   <div class='ocr_carea' id='block_1_36' title="bbox 615 2154 2277 2233">
    <p class='ocr_par' dir='ltr' id='par_1_36' title="bbox 615 2154 2277 2233">
     <span class='ocr_line' id='line_1_36' title="bbox 615 2154 2277 2233; baseline 0.005 -27"><span class='ocrx_word' id='word_1_282' title='bbox 615 2169 649 2206; x_wconf 89' lang='lat' dir='ltr'>a</span> <span class='ocrx_word' id='word_1_283' title='bbox 671 2156 736 2206; x_wconf 91' lang='lat' dir='ltr'>ut</span> <span class='ocrx_word' id='word_1_284' title='bbox 783 2159 937 2209; x_wconf 88' lang='lat' dir='ltr'>certe</span> <span class='ocrx_word' id='word_1_285' title='bbox 983 2154 1399 2228; x_wconf 88' lang='lat' dir='ltr'>interpretatur</span> <span class='ocrx_word' id='word_1_286' title='bbox 1425 2164 1704 2232; x_wconf 73' lang='lat' dir='ltr'>superbia,</span> <span class='ocrx_word' id='word_1_287' title='bbox 1741 2164 1888 2233; x_wconf 85' lang='lat' dir='ltr'>Ergo</span> <span class='ocrx_word' id='word_1_288' title='bbox 1918 2161 2107 2217; x_wconf 89' lang='lat' dir='ltr'>videte</span> <span class='ocrx_word' id='word_1_289' title='bbox 2137 2162 2277 2233; x_wconf 88' lang='lat' dir='ltr'>quid</span> 
     </span>
    </p>
   </div>
   <div class='ocr_carea' id='block_1_37' title="bbox 620 2240 2280 2321">
    <p class='ocr_par' dir='ltr' id='par_1_37' title="bbox 620 2240 2280 2321">
     <span class='ocr_line' id='line_1_37' title="bbox 620 2240 2280 2321; baseline 0.007 -27"><span class='ocrx_word' id='word_1_290' title='bbox 620 2240 804 2296; x_wconf 91' lang='lat' dir='ltr'>dicat.</span> <span class='ocrx_word' id='word_1_291' title='bbox 843 2243 947 2298; x_wconf 92' lang='lat' dir='ltr'>llla</span> <span class='ocrx_word' id='word_1_292' title='bbox 981 2261 1106 2316; x_wconf 72' lang='lat' dir='ltr'>qua:</span> <span class='ocrx_word' id='word_1_293' title='bbox 1136 2249 1434 2318; x_wconf 91' lang='lat' dir='ltr'>quondam</span> <span class='ocrx_word' id='word_1_294' title='bbox 1465 2251 1805 2306; x_wconf 86' lang='lat' dir='ltr'>ambulabat</span> <span class='ocrx_word' id='word_1_295' title='bbox 1832 2252 1890 2305; x_wconf 89' lang='lat' dir='ltr'>in</span> <span class='ocrx_word' id='word_1_296' title='bbox 1924 2251 2039 2306; x_wconf 85' lang='lat' dir='ltr'>lata</span> <span class='ocrx_word' id='word_1_297' title='bbox 2069 2257 2124 2306; x_wconf 91' lang='lat' dir='ltr'>et</span> <span class='ocrx_word' id='word_1_298' title='bbox 2154 2267 2280 2321; x_wconf 87' lang='lat' dir='ltr'>spa-</span> 
     </span>
    </p>
   </div>
   <div class='ocr_carea' id='block_1_38' title="bbox 614 2329 2279 2414">
    <p class='ocr_par' dir='ltr' id='par_1_38' title="bbox 614 2329 2279 2414">
     <span class='ocr_line' id='line_1_38' title="bbox 614 2329 2279 2414; baseline 0.006 -31"><span class='ocrx_word' id='word_1_299' title='bbox 614 2329 782 2414; x_wconf 72' lang='lat' dir='ltr'>tiosa</span> <span class='ocrx_word' id='word_1_300' title='bbox 829 2333 921 2387; x_wconf 87' lang='lat' dir='ltr'>via</span> <span class='ocrx_word' id='word_1_301' title='bbox 971 2351 1098 2405; x_wconf 68' lang='lat' dir='ltr'>quae</span> <span class='ocrx_word' id='word_1_302' title='bbox 1149 2337 1308 2392; x_wconf 89' lang='lat' dir='ltr'>ducit</span> <span class='ocrx_word' id='word_1_303' title='bbox 1355 2341 1425 2393; x_wconf 89' lang='lat' dir='ltr'>ad</span> <span class='ocrx_word' id='word_1_304' title='bbox 1478 2345 1723 2395; x_wconf 87' lang='lat' dir='ltr'>mortem</span> <span class='ocrx_word' id='word_1_305' title='bbox 1773 2341 1976 2410; x_wconf 80' lang='lat' dir='ltr'>(Matth.</span> <span class='ocrx_word' id='word_1_306' title='bbox 2010 2357 2108 2403; x_wconf 83' lang='lat' dir='ltr'>vn,</span> <span class='ocrx_word' id='word_1_307' title='bbox 2152 2341 2279 2408; x_wconf 77' lang='lat'>13);</span> 
     </span>
    </p>
   </div>
   <div class='ocr_carea' id='block_1_39' title="bbox 619 2417 2282 2500">
    <p class='ocr_par' dir='ltr' id='par_1_39' title="bbox 619 2417 2282 2500">
     <span class='ocr_line' id='line_1_39' title="bbox 619 2417 2282 2500; baseline 0.005 -26"><span class='ocrx_word' id='word_1_308' title='bbox 619 2417 737 2474; x_wconf 76' lang='lat' dir='ltr'>1Ila</span> <span class='ocrx_word' id='word_1_309' title='bbox 768 2437 893 2492; x_wconf 79' lang='lat' dir='ltr'>quae</span> <span class='ocrx_word' id='word_1_310' title='bbox 927 2425 1178 2494; x_wconf 87' lang='lat' dir='ltr'>superba</span> <span class='ocrx_word' id='word_1_311' title='bbox 1209 2431 1350 2492; x_wconf 91' lang='lat' dir='ltr'>erat,</span> <span class='ocrx_word' id='word_1_312' title='bbox 1373 2433 1430 2483; x_wconf 88' lang='lat' dir='ltr'>et</span> <span class='ocrx_word' id='word_1_313' title='bbox 1458 2428 1710 2484; x_wconf 88' lang='lat' dir='ltr'><strong>habebat</strong></span> <span class='ocrx_word' id='word_1_314' title='bbox 1739 2429 2022 2500; x_wconf 89' lang='lat' dir='ltr'>impetum</span> <span class='ocrx_word' id='word_1_315' title='bbox 2057 2429 2126 2483; x_wconf 89' lang='lat' dir='ltr'>ad</span> <span class='ocrx_word' id='word_1_316' title='bbox 2163 2428 2282 2482; x_wconf 85' lang='lat' dir='ltr'>rui-</span> 
     </span>
    </p>
   </div>
   <div class='ocr_carea' id='block_1_40' title="bbox 626 2515 2285 2580">
    <p class='ocr_par' dir='ltr' id='par_1_40' title="bbox 626 2515 2285 2580">
     <span class='ocr_line' id='line_1_40' title="bbox 626 2515 2285 2580; baseline 0.005 -18"><span class='ocrx_word' id='word_1_317' title='bbox 626 2524 784 2576; x_wconf 90' lang='lat' dir='ltr'>nam,</span> <span class='ocrx_word' id='word_1_318' title='bbox 810 2515 1008 2580; x_wconf 89' lang='lat' dir='ltr'>postea</span> <span class='ocrx_word' id='word_1_319' title='bbox 1039 2529 1317 2572; x_wconf 89' lang='lat' dir='ltr'>conversa</span> <span class='ocrx_word' id='word_1_320' title='bbox 1341 2519 1431 2571; x_wconf 91' lang='lat' dir='ltr'>est</span> <span class='ocrx_word' id='word_1_321' title='bbox 1460 2518 1517 2572; x_wconf 90' lang='lat' dir='ltr'>in</span> <span class='ocrx_word' id='word_1_322' title='bbox 1552 2518 1965 2574; x_wconf 80' lang='lat' dir='ltr'>humilitatem.</span> <span class='ocrx_word' id='word_1_323' title='bbox 2002 2540 2029 2567; x_wconf 82' lang='lat'>«</span> <span class='ocrx_word' id='word_1_324' title='bbox 2060 2522 2285 2572; x_wconf 84' lang='lat' dir='ltr'>Memor</span> 
     </span>
    </p>
   </div>
   <div class='ocr_carea' id='block_1_41' title="bbox 621 2599 2272 2680">
    <p class='ocr_par' dir='ltr' id='par_1_41' title="bbox 621 2599 2272 2680">
     <span class='ocr_line' id='line_1_41' title="bbox 621 2599 2272 2680; baseline 0.008 -28"><span class='ocrx_word' id='word_1_325' title='bbox 621 2613 718 2654; x_wconf 90' lang='lat' dir='ltr'>ero</span> <span class='ocrx_word' id='word_1_326' title='bbox 775 2599 955 2670; x_wconf 82' lang='lat' dir='ltr'>Raab,</span> <span class='ocrx_word' id='word_1_327' title='bbox 999 2607 1055 2656; x_wconf 91' lang='lat' dir='ltr'>et</span> <span class='ocrx_word' id='word_1_328' title='bbox 1101 2604 1433 2675; x_wconf 84' lang='lat' dir='ltr'>Babylonis.</span> <span class='ocrx_word' id='word_1_329' title='bbox 1469 2629 1496 2656; x_wconf 84' lang='grc'>››</span> <span class='ocrx_word' id='word_1_330' title='bbox 1550 2607 1802 2680; x_wconf 86' lang='lat' dir='ltr'>Babylon</span> <span class='ocrx_word' id='word_1_331' title='bbox 1855 2609 2272 2678; x_wconf 89' lang='lat' dir='ltr'>interpretatur</span> 
     </span>
    </p>
   </div>
   <div class='ocr_carea' id='block_1_42' title="bbox 624 2690 2282 2763">
    <p class='ocr_par' dir='ltr' id='par_1_42' title="bbox 624 2690 2282 2763">
     <span class='ocr_line' id='line_1_42' title="bbox 624 2690 2282 2763; baseline 0.006 -21"><span class='ocrx_word' id='word_1_332' title='bbox 624 2690 895 2759; x_wconf 75' lang='lat' dir='ltr'>confusio.</span> <span class='ocrx_word' id='word_1_333' title='bbox 930 2690 1129 2746; x_wconf 88' lang='lat' dir='ltr'>Videte</span> <span class='ocrx_word' id='word_1_334' title='bbox 1161 2695 1300 2763; x_wconf 91' lang='lat' dir='ltr'>quid</span> <span class='ocrx_word' id='word_1_335' title='bbox 1337 2695 1493 2752; x_wconf 85' lang='lat' dir='ltr'>dicat</span> <span class='ocrx_word' id='word_1_336' title='bbox 1529 2713 1540 2750; x_wconf 95' lang='lat'>:</span> <span class='ocrx_word' id='word_1_337' title='bbox 1586 2698 1716 2752; x_wconf 90' lang='lat' dir='ltr'>Non</span> <span class='ocrx_word' id='word_1_338' title='bbox 1741 2698 1935 2753; x_wconf 90' lang='lat' dir='ltr'>solum</span> <span class='ocrx_word' id='word_1_339' title='bbox 1969 2697 2125 2754; x_wconf 85' lang='lat' dir='ltr'>Raab</span> <span class='ocrx_word' id='word_1_340' title='bbox 2162 2715 2282 2752; x_wconf 81' lang='lat' dir='ltr'>me-</span> 
     </span>
    </p>
   </div>
   <div class='ocr_carea' id='block_1_43' title="bbox 627 2781 2285 2860">
    <p class='ocr_par' dir='ltr' id='par_1_43' title="bbox 627 2781 2285 2860">
     <span class='ocr_line' id='line_1_43' title="bbox 627 2781 2285 2860; baseline 0.008 -29"><span class='ocrx_word' id='word_1_341' title='bbox 627 2793 756 2832; x_wconf 88' lang='lat' dir='ltr'>mor</span> <span class='ocrx_word' id='word_1_342' title='bbox 785 2795 904 2843; x_wconf 91' lang='lat' dir='ltr'>ero,</span> <span class='ocrx_word' id='word_1_343' title='bbox 939 2781 1039 2835; x_wconf 89' lang='lat' dir='ltr'>sed</span> <span class='ocrx_word' id='word_1_344' title='bbox 1074 2782 1249 2837; x_wconf 89' lang='lat' dir='ltr'>etiam</span> <span class='ocrx_word' id='word_1_345' title='bbox 1283 2785 1596 2857; x_wconf 73' lang='lat' dir='ltr'>Babylonis</span> <span class='ocrx_word' id='word_1_346' title='bbox 1630 2803 1642 2841; x_wconf 95' lang='lat'>:</span> <span class='ocrx_word' id='word_1_347' title='bbox 1697 2805 2058 2860; x_wconf 79' lang='lat' dir='ltr'>quaecunque</span> <span class='ocrx_word' id='word_1_348' title='bbox 2089 2790 2285 2844; x_wconf 90' lang='lat' dir='ltr'>anima</span> 
     </span>
    </p>
   </div>
   <div class='ocr_carea' id='block_1_44' title="bbox 627 2867 2282 2950">
    <p class='ocr_par' dir='ltr' id='par_1_44' title="bbox 627 2867 2282 2950">
     <span class='ocr_line' id='line_1_44' title="bbox 627 2867 2282 2950; baseline 0.008 -30"><span class='ocrx_word' id='word_1_349' title='bbox 627 2883 660 2920; x_wconf 93' lang='lat' dir='ltr'>a</span> <span class='ocrx_word' id='word_1_350' title='bbox 709 2867 864 2923; x_wconf 88' lang='lat' dir='ltr'>vitiis</span> <span class='ocrx_word' id='word_1_351' title='bbox 923 2872 1294 2944; x_wconf 88' lang='lat' dir='ltr'>peccatisque</span> <span class='ocrx_word' id='word_1_352' title='bbox 1343 2876 1589 2930; x_wconf 83' lang='lat' dir='ltr'>confusa</span> <span class='ocrx_word' id='word_1_353' title='bbox 1636 2882 1742 2932; x_wconf 89' lang='lat' dir='ltr'>est.</span> <span class='ocrx_word' id='word_1_354' title='bbox 1794 2900 1822 2926; x_wconf 91' lang='grc'>‹‹</span> <span class='ocrx_word' id='word_1_355' title='bbox 1860 2878 1924 2933; x_wconf 90' lang='lat' dir='ltr'>Et</span> <span class='ocrx_word' id='word_1_356' title='bbox 1975 2878 2282 2950; x_wconf 88' lang='lat' dir='ltr'>Babylonis</span> 
     </span>
    </p>
   </div>
   <div class='ocr_carea' id='block_1_45' title="bbox 629 2956 2284 3039">
    <p class='ocr_par' dir='ltr' id='par_1_45' title="bbox 629 2956 2284 3039">
     <span class='ocr_line' id='line_1_45' title="bbox 629 2956 2284 3039; baseline 0.007 -30"><span class='ocrx_word' id='word_1_357' title='bbox 629 2956 941 3012; x_wconf 83' lang='lat' dir='ltr'>scientium</span> <span class='ocrx_word' id='word_1_358' title='bbox 977 2977 1090 3015; x_wconf 89' lang='lat' dir='ltr'>me.</span> <span class='ocrx_word' id='word_1_359' title='bbox 1126 2983 1152 3010; x_wconf 80' lang='grc'><strong>››</strong></span> <span class='ocrx_word' id='word_1_360' title='bbox 1204 2962 1407 3018; x_wconf 88' lang='lat' dir='ltr'>Videte</span> <span class='ocrx_word' id='word_1_361' title='bbox 1437 2964 1573 3034; x_wconf 92' lang='lat' dir='ltr'>quid</span> <span class='ocrx_word' id='word_1_362' title='bbox 1607 2965 1765 3020; x_wconf 91' lang='lat' dir='ltr'>dicat</span> <span class='ocrx_word' id='word_1_363' title='bbox 1796 2984 1808 3020; x_wconf 91' lang='lat'>:</span> <span class='ocrx_word' id='word_1_364' title='bbox 1863 2967 2024 3021; x_wconf 89' lang='lat' dir='ltr'>Licet</span> <span class='ocrx_word' id='word_1_365' title='bbox 2068 2967 2284 3039; x_wconf 87' lang='lat' dir='ltr'>aliquis</span> 
     </span>
    </p>
   </div>
   <div class='ocr_carea' id='block_1_46' title="bbox 634 3044 2288 3123">
    <p class='ocr_par' dir='ltr' id='par_1_46' title="bbox 634 3044 2288 3123">
     <span class='ocr_line' id='line_1_46' title="bbox 634 3044 2288 3123; baseline 0.009 -25"><span class='ocrx_word' id='word_1_366' title='bbox 634 3044 790 3100; x_wconf 83' lang='lat' dir='ltr'>Raab</span> <span class='ocrx_word' id='word_1_367' title='bbox 837 3047 1032 3117; x_wconf 88' lang='lat' dir='ltr'>fuerit,</span> <span class='ocrx_word' id='word_1_368' title='bbox 1064 3049 1197 3105; x_wconf 91' lang='lat' dir='ltr'>licet</span> <span class='ocrx_word' id='word_1_369' title='bbox 1227 3051 1479 3123; x_wconf 86' lang='lat' dir='ltr'>Babylon</span> <span class='ocrx_word' id='word_1_370' title='bbox 1533 3054 1754 3111; x_wconf 86' lang='lat' dir='ltr'>fuerit:</span> <span class='ocrx_word' id='word_1_371' title='bbox 1811 3061 2008 3111; x_wconf 90' lang='lat' dir='ltr'>tamen</span> <span class='ocrx_word' id='word_1_372' title='bbox 2061 3073 2288 3112; x_wconf 91' lang='lat' dir='ltr'>memor</span> 
     </span>
    </p>
   </div>
   <div class='ocr_carea' id='block_1_47' title="bbox 628 3135 2282 3214">
    <p class='ocr_par' dir='ltr' id='par_1_47' title="bbox 628 3135 2282 3214">
     <span class='ocr_line' id='line_1_47' title="bbox 628 3135 2282 3214; baseline 0.008 -27"><span class='ocrx_word' id='word_1_373' title='bbox 628 3148 728 3188; x_wconf 91' lang='lat' dir='ltr'>ero</span> <span class='ocrx_word' id='word_1_374' title='bbox 780 3135 1117 3208; x_wconf 89' lang='lat' dir='ltr'>quicunque</span> <span class='ocrx_word' id='word_1_375' title='bbox 1165 3155 1254 3194; x_wconf 89' lang='lat' dir='ltr'>me</span> <span class='ocrx_word' id='word_1_376' title='bbox 1294 3140 1508 3196; x_wconf 87' lang='lat' dir='ltr'>scierit.</span> <span class='ocrx_word' id='word_1_377' title='bbox 1545 3146 1689 3214; x_wconf 86' lang='lat' dir='ltr'>Ergo</span> <span class='ocrx_word' id='word_1_378' title='bbox 1722 3143 1769 3197; x_wconf 92' lang='lat' dir='ltr'>si</span> <span class='ocrx_word' id='word_1_379' title='bbox 1804 3144 2090 3200; x_wconf 86' lang='lat' dir='ltr'>fuerimus</span> <span class='ocrx_word' id='word_1_380' title='bbox 2123 3146 2282 3201; x_wconf 83' lang='lat' dir='ltr'>Raab</span> 
     </span>
    </p>
   </div>
   <div class='ocr_carea' id='block_1_48' title="bbox 625 3223 2258 3299">
    <p class='ocr_par' dir='ltr' id='par_1_48' title="bbox 625 3223 2258 3299">
     <span class='ocr_line' id='line_1_48' title="bbox 625 3223 2258 3299; baseline 0.009 -23"><span class='ocrx_word' id='word_1_381' title='bbox 625 3225 680 3277; x_wconf 92' lang='lat' dir='ltr'>et</span> <span class='ocrx_word' id='word_1_382' title='bbox 712 3223 989 3296; x_wconf 87' lang='lat' dir='ltr'>Babylon,</span> <span class='ocrx_word' id='word_1_383' title='bbox 1021 3227 1193 3282; x_wconf 89' lang='lat' dir='ltr'>etiam</span> <span class='ocrx_word' id='word_1_384' title='bbox 1228 3229 1510 3287; x_wconf 89' lang='lat' dir='ltr'>debemus</span> <span class='ocrx_word' id='word_1_385' title='bbox 1540 3247 1668 3288; x_wconf 92' lang='lat' dir='ltr'>esse</span> <span class='ocrx_word' id='word_1_386' title='bbox 1699 3233 1908 3299; x_wconf 91' lang='lat' dir='ltr'>securi,</span> <span class='ocrx_word' id='word_1_387' title='bbox 1936 3239 1994 3288; x_wconf 91' lang='lat' dir='ltr'>et</span> <span class='ocrx_word' id='word_1_388' title='bbox 2023 3234 2216 3290; x_wconf 92' lang='lat' dir='ltr'>dicere</span> <span class='ocrx_word' id='word_1_389' title='bbox 2247 3252 2258 3290; x_wconf 88' lang='lat'>:</span> 
     </span>
    </p>
   </div>
   <div class='ocr_carea' id='block_1_49' title="bbox 629 3293 2662 3394">
    <p class='ocr_par' dir='ltr' id='par_1_49' title="bbox 629 3293 2662 3394">
     <span class='ocr_line' id='line_1_49' title="bbox 629 3293 2662 3394; baseline 0.005 -29"><span class='ocrx_word' id='word_1_390' title='bbox 629 3315 780 3368; x_wconf 89' lang='lat' dir='ltr'>Deus</span> <span class='ocrx_word' id='word_1_391' title='bbox 825 3293 972 3369; x_wconf 79' lang='lat' dir='ltr'>dixit</span> <span class='ocrx_word' id='word_1_392' title='bbox 1004 3332 1016 3370; x_wconf 95' lang='lat'>:</span> <span class='ocrx_word' id='word_1_393' title='bbox 1070 3339 1098 3366; x_wconf 86' lang='lat'><strong><em>«</em></strong></span> <span class='ocrx_word' id='word_1_394' title='bbox 1129 3320 1347 3374; x_wconf 86' lang='lat' dir='ltr'>Memor</span> <span class='ocrx_word' id='word_1_395' title='bbox 1375 3335 1470 3374; x_wconf 90' lang='lat' dir='ltr'>ero</span> <span class='ocrx_word' id='word_1_396' title='bbox 1504 3321 1661 3375; x_wconf 86' lang='lat' dir='ltr'>Raab</span> <span class='ocrx_word' id='word_1_397' title='bbox 1693 3326 1749 3376; x_wconf 83' lang='lat' dir='ltr'>et</span> <span class='ocrx_word' id='word_1_398' title='bbox 1779 3293 2105 3394; x_wconf 81' lang='lat' dir='ltr'>Babylonis.</span> <span class='ocrx_word' id='word_1_399' title='bbox 2157 3325 2268 3380; x_wconf 91' lang='lat' dir='ltr'>Sed</span> <span class='ocrx_word' id='word_1_400' title='bbox 2308 3293 2351 3365; x_wconf 67' lang='grc' dir='ltr'><strong>Ο</strong></span> <span class='ocrx_word' id='word_1_401' title='bbox 2391 3293 2602 3377; x_wconf 83' lang='lat' dir='ltr'>simus.</span> <span class='ocrx_word' id='word_1_402' title='bbox 2642 3343 2662 3368; x_wconf 75' lang='grc' dir='ltr'><strong>υ</strong></span> 
     </span>
    </p>
   </div>
   <div class='ocr_carea' id='block_1_50' title="bbox 625 3401 2278 3475">
    <p class='ocr_par' dir='ltr' id='par_1_50' title="bbox 625 3401 2278 3475">
     <span class='ocr_line' id='line_1_50' title="bbox 625 3401 2278 3475; baseline 0.008 -21"><span class='ocrx_word' id='word_1_403' title='bbox 625 3401 816 3457; x_wconf 84' lang='lat' dir='ltr'>videte</span> <span class='ocrx_word' id='word_1_404' title='bbox 847 3404 985 3474; x_wconf 88' lang='lat' dir='ltr'>quid</span> <span class='ocrx_word' id='word_1_405' title='bbox 1019 3407 1290 3475; x_wconf 88' lang='lat' dir='ltr'>sequitur</span> <span class='ocrx_word' id='word_1_406' title='bbox 1321 3425 1332 3462; x_wconf 92' lang='lat'>:</span> <span class='ocrx_word' id='word_1_407' title='bbox 1387 3431 1416 3457; x_wconf 85' lang='lat'><strong><em>«</em></strong></span> <span class='ocrx_word' id='word_1_408' title='bbox 1450 3409 1768 3465; x_wconf 90' lang='lat' dir='ltr'>Scientium</span> <span class='ocrx_word' id='word_1_409' title='bbox 1806 3427 1917 3466; x_wconf 93' lang='lat' dir='ltr'>me.</span> <span class='ocrx_word' id='word_1_410' title='bbox 1958 3437 1983 3459; x_wconf 90' lang='grc'>››</span> <span class='ocrx_word' id='word_1_411' title='bbox 2018 3413 2278 3468; x_wconf 87' lang='lat' dir='ltr'>Fuerunt</span> 
     </span>
    </p>
   </div>
   <div class='ocr_carea' id='block_1_51' title="bbox 631 3491 2274 3568">
    <p class='ocr_par' dir='ltr' id='par_1_51' title="bbox 631 3491 2274 3568">
     <span class='ocr_line' id='line_1_51' title="bbox 631 3491 2274 3568; baseline 0.007 -23"><span class='ocrx_word' id='word_1_412' title='bbox 631 3491 790 3546; x_wconf 87' lang='lat' dir='ltr'>Raab</span> <span class='ocrx_word' id='word_1_413' title='bbox 821 3497 880 3547; x_wconf 91' lang='lat' dir='ltr'>et</span> <span class='ocrx_word' id='word_1_414' title='bbox 910 3493 1189 3566; x_wconf 84' lang='lat' dir='ltr'>Babylon,</span> <span class='ocrx_word' id='word_1_415' title='bbox 1222 3497 1322 3552; x_wconf 90' lang='lat' dir='ltr'>sed</span> <span class='ocrx_word' id='word_1_416' title='bbox 1358 3504 1560 3568; x_wconf 87' lang='lat' dir='ltr'>postea</span> <span class='ocrx_word' id='word_1_417' title='bbox 1588 3501 1847 3555; x_wconf 89' lang='lat' dir='ltr'>conversi</span> <span class='ocrx_word' id='word_1_418' title='bbox 1885 3507 2025 3556; x_wconf 87' lang='lat' dir='ltr'>sunt</span> <span class='ocrx_word' id='word_1_419' title='bbox 2055 3504 2126 3557; x_wconf 91' lang='lat' dir='ltr'>ad</span> <span class='ocrx_word' id='word_1_420' title='bbox 2163 3518 2274 3557; x_wconf 89' lang='lat' dir='ltr'>me.</span> 
     </span>
    </p>
   </div>
   <div class='ocr_carea' id='block_1_52' title="bbox 630 3581 2278 3659">
    <p class='ocr_par' dir='ltr' id='par_1_52' title="bbox 630 3581 2278 3659">
     <span class='ocr_line' id='line_1_52' title="bbox 630 3581 2278 3659; baseline 0.008 -25"><span class='ocrx_word' id='word_1_421' title='bbox 630 3602 656 3628; x_wconf 79' lang='grc' dir='ltr'>α</span> <span class='ocrx_word' id='word_1_422' title='bbox 693 3581 912 3636; x_wconf 83' lang='lat' dir='ltr'>Memor</span> <span class='ocrx_word' id='word_1_423' title='bbox 957 3599 1055 3639; x_wconf 92' lang='lat' dir='ltr'>ero</span> <span class='ocrx_word' id='word_1_424' title='bbox 1112 3585 1270 3638; x_wconf 88' lang='lat' dir='ltr'>Raab</span> <span class='ocrx_word' id='word_1_425' title='bbox 1317 3590 1375 3639; x_wconf 90' lang='lat' dir='ltr'>et</span> <span class='ocrx_word' id='word_1_426' title='bbox 1416 3586 1726 3659; x_wconf 86' lang='lat' dir='ltr'>Babylonis</span> <span class='ocrx_word' id='word_1_427' title='bbox 1758 3589 2066 3650; x_wconf 87' lang='lat' dir='ltr'>scientium</span> <span class='ocrx_word' id='word_1_428' title='bbox 2101 3606 2212 3647; x_wconf 91' lang='lat' dir='ltr'>me.</span> <span class='ocrx_word' id='word_1_429' title='bbox 2250 3612 2278 3639; x_wconf 90' lang='grc'><strong>››</strong></span> 
     </span>
    </p>
   </div>
   <div class='ocr_carea' id='block_1_53' title="bbox 627 3668 2276 3750">
    <p class='ocr_par' dir='ltr' id='par_1_53' title="bbox 627 3668 2276 3750">
     <span class='ocr_line' id='line_1_53' title="bbox 627 3668 2276 3750; baseline 0.008 -28"><span class='ocrx_word' id='word_1_430' title='bbox 627 3668 730 3723; x_wconf 83' lang='lat' dir='ltr'>Illa</span> <span class='ocrx_word' id='word_1_431' title='bbox 762 3687 891 3740; x_wconf 66' lang='lat' dir='ltr'>qua</span> <span class='ocrx_word' id='word_1_432' title='bbox 931 3673 1226 3742; x_wconf 91' lang='lat' dir='ltr'>quondam</span> <span class='ocrx_word' id='word_1_433' title='bbox 1271 3680 1395 3730; x_wconf 89' lang='lat' dir='ltr'>erat</span> <span class='ocrx_word' id='word_1_434' title='bbox 1439 3676 1494 3730; x_wconf 90' lang='lat' dir='ltr'>in</span> <span class='ocrx_word' id='word_1_435' title='bbox 1539 3677 1849 3734; x_wconf 89' lang='lat' dir='ltr'>latitudine</span> <span class='ocrx_word' id='word_1_436' title='bbox 1879 3684 2276 3750; x_wconf 89' lang='lat' dir='ltr'>peccatorum,</span> 
     </span>
    </p>
   </div>
   <div class='ocr_carea' id='block_1_54' title="bbox 633 3758 2282 3840">
    <p class='ocr_par' dir='ltr' id='par_1_54' title="bbox 633 3758 2282 3840">
     <span class='ocr_line' id='line_1_54' title="bbox 633 3758 2282 3840; baseline 0.006 -28"><span class='ocrx_word' id='word_1_437' title='bbox 633 3758 900 3814; x_wconf 89' lang='lat' dir='ltr'>ascendit</span> <span class='ocrx_word' id='word_1_438' title='bbox 929 3765 1131 3831; x_wconf 87' lang='lat' dir='ltr'>postea</span> <span class='ocrx_word' id='word_1_439' title='bbox 1157 3762 1227 3816; x_wconf 90' lang='lat' dir='ltr'>ad</span> <span class='ocrx_word' id='word_1_440' title='bbox 1252 3765 1595 3820; x_wconf 89' lang='lat' dir='ltr'>memoriam</span> <span class='ocrx_word' id='word_1_441' title='bbox 1619 3766 1742 3822; x_wconf 92' lang='lat' dir='ltr'>Dei.</span> <span class='ocrx_word' id='word_1_442' title='bbox 1768 3772 2083 3840; x_wconf 85' lang='lat' dir='ltr'>Hucusque</span> <span class='ocrx_word' id='word_1_443' title='bbox 2112 3769 2282 3840; x_wconf 88' lang='lat' dir='ltr'>quasi</span> 
     </span>
    </p>
   </div>
   <div class='ocr_carea' id='block_1_55' title="bbox 634 3847 2282 3929">
    <p class='ocr_par' dir='ltr' id='par_1_55' title="bbox 634 3847 2282 3929">
     <span class='ocr_line' id='line_1_55' title="bbox 634 3847 2282 3929; baseline 0.008 -30"><span class='ocrx_word' id='word_1_444' title='bbox 634 3863 737 3918; x_wconf 87' lang='lat' dir='ltr'>per</span> <span class='ocrx_word' id='word_1_445' title='bbox 765 3847 1016 3919; x_wconf 65' lang='lat' dir='ltr'>aenigma</span> <span class='ocrx_word' id='word_1_446' title='bbox 1048 3848 1278 3905; x_wconf 91' lang='lat' dir='ltr'>locutus</span> <span class='ocrx_word' id='word_1_447' title='bbox 1327 3857 1415 3907; x_wconf 87' lang='lat' dir='ltr'>est</span> <span class='ocrx_word' id='word_1_448' title='bbox 1449 3870 1462 3908; x_wconf 89' lang='lat'>:</span> <span class='ocrx_word' id='word_1_449' title='bbox 1516 3870 1672 3909; x_wconf 91' lang='lat' dir='ltr'>nunc</span> <span class='ocrx_word' id='word_1_450' title='bbox 1713 3871 1846 3912; x_wconf 91' lang='lat' dir='ltr'>vero</span> <span class='ocrx_word' id='word_1_451' title='bbox 1889 3857 2148 3929; x_wconf 89' lang='lat' dir='ltr'>apertius</span> <span class='ocrx_word' id='word_1_452' title='bbox 2201 3858 2282 3912; x_wconf 89' lang='lat' dir='ltr'>lo-</span> 
     </span>
    </p>
   </div>
   <div class='ocr_carea' id='block_1_56' title="bbox 635 3936 2282 4018">
    <p class='ocr_par' dir='ltr' id='par_1_56' title="bbox 635 3936 2282 4018">
     <span class='ocr_line' id='line_1_56' title="bbox 635 3936 2282 4018; baseline 0.006 -26"><span class='ocrx_word' id='word_1_453' title='bbox 635 3936 837 4007; x_wconf 87' lang='lat' dir='ltr'>quitur</span> <span class='ocrx_word' id='word_1_454' title='bbox 883 3939 954 3993; x_wconf 91' lang='lat' dir='ltr'>ad</span> <span class='ocrx_word' id='word_1_455' title='bbox 997 3939 1358 3996; x_wconf 89' lang='lat' dir='ltr'>vocationem</span> <span class='ocrx_word' id='word_1_456' title='bbox 1401 3942 1686 4012; x_wconf 85' lang='lat' dir='ltr'>gentium.</span> <span class='ocrx_word' id='word_1_457' title='bbox 1721 3944 1925 4001; x_wconf 90' lang='lat' dir='ltr'>Videte</span> <span class='ocrx_word' id='word_1_458' title='bbox 1955 3947 2108 4002; x_wconf 90' lang='lat' dir='ltr'>enim</span> <span class='ocrx_word' id='word_1_459' title='bbox 2145 3946 2282 4018; x_wconf 92' lang='lat' dir='ltr'>quid</span> 
     </span>
    </p>
   </div>
   <div class='ocr_carea' id='block_1_57' title="bbox 633 4025 834 4082">
    <p class='ocr_par' dir='ltr' id='par_1_57' title="bbox 633 4025 834 4082">
     <span class='ocr_line' id='line_1_57' title="bbox 633 4025 834 4082; baseline 0.015 -3"><span class='ocrx_word' id='word_1_460' title='bbox 633 4025 790 4082; x_wconf 87' lang='lat' dir='ltr'>dicat</span> <span class='ocrx_word' id='word_1_461' title='bbox 821 4044 834 4082; x_wconf 89' lang='lat'>:</span> 
     </span>
    </p>
   </div>
   <div class='ocr_carea' id='block_1_58' title="bbox 708 4107 2283 4196">
    <p class='ocr_par' dir='ltr' id='par_1_58' title="bbox 708 4107 2283 4196">
     <span class='ocr_line' id='line_1_58' title="bbox 708 4107 2283 4196; baseline 0.008 -27"><span class='ocrx_word' id='word_1_462' title='bbox 708 4139 736 4166; x_wconf 88' lang='grc'><em>‹‹</em></span> <span class='ocrx_word' id='word_1_463' title='bbox 768 4116 913 4173; x_wconf 87' lang='lat' dir='ltr'>Ecce</span> <span class='ocrx_word' id='word_1_464' title='bbox 956 4118 1294 4191; x_wconf 62' lang='lat' dir='ltr'>alienigenae</span> <span class='ocrx_word' id='word_1_465' title='bbox 1345 4125 1402 4177; x_wconf 91' lang='lat' dir='ltr'>et</span> <span class='ocrx_word' id='word_1_466' title='bbox 1445 4123 1652 4195; x_wconf 91' lang='lat' dir='ltr'>Tyrus,</span> <span class='ocrx_word' id='word_1_467' title='bbox 1687 4128 1742 4178; x_wconf 90' lang='lat' dir='ltr'>et</span> <span class='ocrx_word' id='word_1_468' title='bbox 1781 4107 2283 4196; x_wconf 74' lang='lat' dir='ltr'>populus/Ethio-</span> 
     </span>
    </p>
   </div>
   <div class='ocr_carea' id='block_1_59' title="bbox 636 4205 2286 4285">
    <p class='ocr_par' dir='ltr' id='par_1_59' title="bbox 636 4205 2286 4285">
     <span class='ocr_line' id='line_1_59' title="bbox 636 4205 2286 4285; baseline 0.006 -27"><span class='ocrx_word' id='word_1_469' title='bbox 636 4221 801 4276; x_wconf 90' lang='lat' dir='ltr'>pum,</span> <span class='ocrx_word' id='word_1_470' title='bbox 835 4205 895 4260; x_wconf 91' lang='lat' dir='ltr'>hi</span> <span class='ocrx_word' id='word_1_471' title='bbox 927 4207 1164 4263; x_wconf 90' lang='lat' dir='ltr'>fuerunt</span> <span class='ocrx_word' id='word_1_472' title='bbox 1207 4209 1346 4265; x_wconf 90' lang='lat' dir='ltr'>illic.</span> <span class='ocrx_word' id='word_1_473' title='bbox 1378 4231 1406 4262; x_wconf 71' lang='grc' dir='ltr'><strong><em>ι</em></strong></span> <span class='ocrx_word' id='word_1_474' title='bbox 1459 4211 1825 4285; x_wconf 82' lang='lat' dir='ltr'>Alienigenas</span> <span class='ocrx_word' id='word_1_475' title='bbox 1869 4219 2037 4270; x_wconf 89' lang='lat' dir='ltr'>vocat</span> <span class='ocrx_word' id='word_1_476' title='bbox 2063 4214 2134 4269; x_wconf 92' lang='lat' dir='ltr'>ad</span> <span class='ocrx_word' id='word_1_477' title='bbox 2167 4214 2286 4268; x_wconf 89' lang='lat' dir='ltr'>dis-</span> 
     </span>
    </p>
   </div>
   <div class='ocr_carea' id='block_1_60' title="bbox 635 4294 2292 4374">
    <p class='ocr_par' dir='ltr' id='par_1_60' title="bbox 635 4294 2292 4374">
     <span class='ocr_line' id='line_1_60' title="bbox 635 4294 2292 4374; baseline 0.006 -27"><span class='ocrx_word' id='word_1_478' title='bbox 635 4294 981 4352; x_wconf 87' lang='lat' dir='ltr'>tinctionem</span> <span class='ocrx_word' id='word_1_479' title='bbox 1015 4298 1214 4354; x_wconf 89' lang='lat' dir='ltr'>Israel.</span> <span class='ocrx_word' id='word_1_480' title='bbox 1248 4300 1364 4356; x_wconf 88' lang='lat' dir='ltr'>Nos</span> <span class='ocrx_word' id='word_1_481' title='bbox 1397 4301 1553 4356; x_wconf 90' lang='lat' dir='ltr'>enim</span> <span class='ocrx_word' id='word_1_482' title='bbox 1586 4319 1796 4357; x_wconf 88' lang='lat' dir='ltr'>sumus</span> <span class='ocrx_word' id='word_1_483' title='bbox 1841 4301 2200 4374; x_wconf 59' lang='lat' dir='ltr'>alienigenis,</span> <span class='ocrx_word' id='word_1_484' title='bbox 2233 4307 2292 4357; x_wconf 91' lang='lat' dir='ltr'>et</span> 
     </span>
    </p>
   </div>
   <div class='ocr_carea' id='block_1_61' title="bbox 637 4385 2289 4461">
    <p class='ocr_par' dir='ltr' id='par_1_61' title="bbox 637 4385 2289 4461">
     <span class='ocr_line' id='line_1_61' title="bbox 637 4385 2289 4461; baseline 0.003 -22"><span class='ocrx_word' id='word_1_485' title='bbox 637 4385 844 4456; x_wconf 86' lang='lat' dir='ltr'>Tyrus.</span> <span class='ocrx_word' id='word_1_486' title='bbox 880 4387 1070 4458; x_wconf 86' lang='lat' dir='ltr'>Tyrus</span> <span class='ocrx_word' id='word_1_487' title='bbox 1101 4388 1517 4461; x_wconf 88' lang='lat' dir='ltr'>interpretatur</span> <span class='ocrx_word' id='word_1_488' title='bbox 1555 4391 1864 4461; x_wconf 76' lang='lat' dir='ltr'>tribulatio,</span> <span class='ocrx_word' id='word_1_489' title='bbox 1897 4391 2005 4447; x_wconf 90' lang='lat' dir='ltr'>hoc</span> <span class='ocrx_word' id='word_1_490' title='bbox 2036 4395 2123 4446; x_wconf 91' lang='lat' dir='ltr'>est</span> <span class='ocrx_word' id='word_1_491' title='bbox 2152 4407 2241 4446; x_wconf 80' lang='lat' dir='ltr'>sor</span> <span class='ocrx_word' id='word_1_492' title='bbox 2271 4408 2289 4444; x_wconf 86' lang='lat'><strong><em>:</em></strong></span> 
     </span>
    </p>
   </div>
   <div class='ocr_carea' id='block_1_62' title="bbox 637 4476 2291 4552">
    <p class='ocr_par' dir='ltr' id='par_1_62' title="bbox 637 4476 2291 4552">
     <span class='ocr_line' id='line_1_62' title="bbox 637 4476 2291 4552; baseline 0.004 -24"><span class='ocrx_word' id='word_1_493' title='bbox 637 4479 695 4528; x_wconf 87' lang='lat' dir='ltr'>et</span> <span class='ocrx_word' id='word_1_494' title='bbox 724 4476 977 4546; x_wconf 87' lang='lat' dir='ltr'>pepulus</span> <span class='ocrx_word' id='word_1_495' title='bbox 1010 4478 1343 4551; x_wconf 70' lang='lat' dir='ltr'>AEthiopum</span> <span class='ocrx_word' id='word_1_496' title='bbox 1377 4479 1558 4552; x_wconf 83' lang='lat' dir='ltr'>niger,</span> <span class='ocrx_word' id='word_1_497' title='bbox 1586 4486 1644 4535; x_wconf 87' lang='lat' dir='ltr'>et</span> <span class='ocrx_word' id='word_1_498' title='bbox 1673 4480 1731 4536; x_wconf 90' lang='lat' dir='ltr'>in</span> <span class='ocrx_word' id='word_1_499' title='bbox 1765 4485 2133 4552; x_wconf 90' lang='lat' dir='ltr'>peccatorum</span> <span class='ocrx_word' id='word_1_500' title='bbox 2168 4498 2291 4535; x_wconf 89' lang='lat' dir='ltr'>sor-</span> 
     </span>
    </p>
   </div>
   <div class='ocr_carea' id='block_1_63' title="bbox 649 4563 2292 4640">
    <p class='ocr_par' dir='ltr' id='par_1_63' title="bbox 649 4563 2292 4640">
     <span class='ocr_line' id='line_1_63' title="bbox 649 4563 2292 4640; baseline 0.005 -24"><span class='ocrx_word' id='word_1_501' title='bbox 649 4563 822 4618; x_wconf 91' lang='lat' dir='ltr'>dibus</span> <span class='ocrx_word' id='word_1_502' title='bbox 871 4564 1189 4622; x_wconf 90' lang='lat' dir='ltr'>involutus.</span> <span class='ocrx_word' id='word_1_503' title='bbox 1224 4570 1296 4622; x_wconf 86' lang='lat' dir='ltr'>Et</span> <span class='ocrx_word' id='word_1_504' title='bbox 1336 4570 1603 4640; x_wconf 82' lang='lat' dir='ltr'>populum</span> <span class='ocrx_word' id='word_1_505' title='bbox 1634 4569 1985 4640; x_wconf 66' lang='lat' dir='ltr'>Afthiopum.</span> <span class='ocrx_word' id='word_1_506' title='bbox 2024 4571 2138 4623; x_wconf 82' lang='lat' dir='ltr'>Hoc</span> <span class='ocrx_word' id='word_1_507' title='bbox 2182 4573 2292 4633; x_wconf 89' lang='lat' dir='ltr'>est,</span> 
     </span>
    </p>
   </div>
   <div class='ocr_carea' id='block_1_64' title="bbox 2384 1975 4023 2049">
    <p class='ocr_par' dir='ltr' id='par_1_64' title="bbox 2384 1975 4023 2049">
     <span class='ocr_line' id='line_1_64' title="bbox 2384 1975 4023 2049; baseline -0.005 -11"><span class='ocrx_word' id='word_1_508' title='bbox 2384 1983 2521 2038; x_wconf 90' lang='lat' dir='ltr'>Sion</span> <span class='ocrx_word' id='word_1_509' title='bbox 2554 1984 2694 2038; x_wconf 91' lang='lat' dir='ltr'>dicit</span> <span class='ocrx_word' id='word_1_510' title='bbox 2725 1984 2920 2049; x_wconf 92' lang='lat' dir='ltr'>homo,</span> <span class='ocrx_word' id='word_1_511' title='bbox 2953 1987 3008 2038; x_wconf 87' lang='lat' dir='ltr'>et</span> <span class='ocrx_word' id='word_1_512' title='bbox 3039 1983 3210 2038; x_wconf 90' lang='lat' dir='ltr'>homo</span> <span class='ocrx_word' id='word_1_513' title='bbox 3244 1986 3418 2036; x_wconf 87' lang='lat' dir='ltr'>natus</span> <span class='ocrx_word' id='word_1_514' title='bbox 3449 1983 3538 2035; x_wconf 88' lang='lat' dir='ltr'>est</span> <span class='ocrx_word' id='word_1_515' title='bbox 3564 1978 3622 2032; x_wconf 90' lang='lat' dir='ltr'>in</span> <span class='ocrx_word' id='word_1_516' title='bbox 3662 1993 3746 2032; x_wconf 90' lang='lat' dir='ltr'>ca.</span> <span class='ocrx_word' id='word_1_517' title='bbox 3781 1975 3878 2031; x_wconf 89' lang='lat' dir='ltr'>Isti</span> <span class='ocrx_word' id='word_1_518' title='bbox 3924 1975 4023 2046; x_wconf 89' lang='lat' dir='ltr'>qui</span> 
     </span>
    </p>
   </div>
   <div class='ocr_carea' id='block_1_65' title="bbox 2387 2066 4028 2141">
    <p class='ocr_par' dir='ltr' id='par_1_65' title="bbox 2387 2066 4028 2141">
     <span class='ocr_line' id='line_1_65' title="bbox 2387 2066 4028 2141; baseline -0.005 -16"><span class='ocrx_word' id='word_1_519' title='bbox 2387 2073 2507 2126; x_wconf 85' lang='lat' dir='ltr'>nati</span> <span class='ocrx_word' id='word_1_520' title='bbox 2570 2073 2804 2127; x_wconf 83' lang='lat' dir='ltr'>fuerunt</span> <span class='ocrx_word' id='word_1_521' title='bbox 2861 2073 2918 2127; x_wconf 90' lang='lat' dir='ltr'>in</span> <span class='ocrx_word' id='word_1_522' title='bbox 2978 2070 3255 2135; x_wconf 89' lang='lat' dir='ltr'>Ecclesia,</span> <span class='ocrx_word' id='word_1_523' title='bbox 3312 2069 3670 2141; x_wconf 68' lang='lat' dir='ltr'>alienigenis,</span> <span class='ocrx_word' id='word_1_524' title='bbox 3718 2066 3922 2137; x_wconf 84' lang='lat' dir='ltr'>Tyrus,</span> <span class='ocrx_word' id='word_1_525' title='bbox 3972 2068 4028 2118; x_wconf 87' lang='lat' dir='ltr'>et</span> 
     </span>
    </p>
   </div>
   <div class='ocr_carea' id='block_1_66' title="bbox 2391 2153 4027 2233">
    <p class='ocr_par' dir='ltr' id='par_1_66' title="bbox 2391 2153 4027 2233">
     <span class='ocr_line' id='line_1_66' title="bbox 2391 2153 4027 2233; baseline -0.006 -17"><span class='ocrx_word' id='word_1_526' title='bbox 2391 2160 2642 2233; x_wconf 91' lang='lat' dir='ltr'>populus</span> <span class='ocrx_word' id='word_1_527' title='bbox 2683 2161 3020 2233; x_wconf 59' lang='lat' dir='ltr'>[Ethiopum</span> <span class='ocrx_word' id='word_1_528' title='bbox 3057 2180 3069 2216; x_wconf 93' lang='lat'>:</span> <span class='ocrx_word' id='word_1_529' title='bbox 3103 2161 3198 2216; x_wconf 91' lang='lat' dir='ltr'>isti</span> <span class='ocrx_word' id='word_1_530' title='bbox 3253 2164 3392 2214; x_wconf 90' lang='lat' dir='ltr'>sunt</span> <span class='ocrx_word' id='word_1_531' title='bbox 3439 2157 3538 2230; x_wconf 89' lang='lat' dir='ltr'>qui</span> <span class='ocrx_word' id='word_1_532' title='bbox 3592 2160 3910 2212; x_wconf 90' lang='lat' dir='ltr'>nascuntur</span> <span class='ocrx_word' id='word_1_533' title='bbox 3969 2153 4027 2207; x_wconf 90' lang='lat' dir='ltr'>in</span> 
     </span>
    </p>
   </div>
   <div class='ocr_carea' id='block_1_67' title="bbox 2390 2242 4026 2316">
    <p class='ocr_par' dir='ltr' id='par_1_67' title="bbox 2390 2242 4026 2316">
     <span class='ocr_line' id='line_1_67' title="bbox 2390 2242 4026 2316; baseline -0.006 -11"><span class='ocrx_word' id='word_1_534' title='bbox 2390 2249 2691 2306; x_wconf 87' lang='lat' dir='ltr'>Ecclesia:</span> <span class='ocrx_word' id='word_1_535' title='bbox 2745 2253 2992 2306; x_wconf 89' lang='lat' dir='ltr'>credunt</span> <span class='ocrx_word' id='word_1_536' title='bbox 3036 2251 3093 2306; x_wconf 90' lang='lat' dir='ltr'>in</span> <span class='ocrx_word' id='word_1_537' title='bbox 3148 2249 3488 2316; x_wconf 87' lang='lat' dir='ltr'>Ecclesiam,</span> <span class='ocrx_word' id='word_1_538' title='bbox 3522 2250 3578 2302; x_wconf 89' lang='lat' dir='ltr'>et</span> <span class='ocrx_word' id='word_1_539' title='bbox 3621 2249 3940 2301; x_wconf 89' lang='lat' dir='ltr'>nascuntur</span> <span class='ocrx_word' id='word_1_540' title='bbox 3970 2242 4026 2297; x_wconf 91' lang='lat' dir='ltr'>in</span> 
     </span>
    </p>
   </div>
   <div class='ocr_carea' id='block_1_68' title="bbox 2391 2331 4029 2410">
    <p class='ocr_par' dir='ltr' id='par_1_68' title="bbox 2391 2331 4029 2410">
     <span class='ocr_line' id='line_1_68' title="bbox 2391 2331 4029 2410; baseline -0.005 -16"><span class='ocrx_word' id='word_1_541' title='bbox 2391 2340 2665 2396; x_wconf 88' lang='lat' dir='ltr'>Ecclesia.</span> <span class='ocrx_word' id='word_1_542' title='bbox 2700 2341 2819 2396; x_wconf 84' lang='lat' dir='ltr'>Nisi</span> <span class='ocrx_word' id='word_1_543' title='bbox 2853 2341 3008 2396; x_wconf 90' lang='lat' dir='ltr'>enim</span> <span class='ocrx_word' id='word_1_544' title='bbox 3055 2339 3331 2410; x_wconf 88' lang='lat' dir='ltr'>baptizati</span> <span class='ocrx_word' id='word_1_545' title='bbox 3366 2333 3734 2410; x_wconf 12' lang='lat' dir='ltr'>luerint,tﬁlii</span> <span class='ocrx_word' id='word_1_546' title='bbox 3763 2331 4029 2388; x_wconf 62' lang='lat' dir='ltr'>Ecclesiae</span> 
     </span>
    </p>
   </div>
   <div class='ocr_carea' id='block_1_69' title="bbox 2393 2420 4028 2500">
    <p class='ocr_par' dir='ltr' id='par_1_69' title="bbox 2393 2420 4028 2500">
     <span class='ocr_line' id='line_1_69' title="bbox 2393 2420 4028 2500; baseline -0.004 -18"><span class='ocrx_word' id='word_1_547' title='bbox 2393 2445 2505 2483; x_wconf 91' lang='lat' dir='ltr'>non</span> <span class='ocrx_word' id='word_1_548' title='bbox 2540 2433 2730 2484; x_wconf 92' lang='lat' dir='ltr'>erunt.</span> <span class='ocrx_word' id='word_1_549' title='bbox 2766 2430 2863 2484; x_wconf 83' lang='lat' dir='ltr'>Isti</span> <span class='ocrx_word' id='word_1_550' title='bbox 2895 2446 3029 2484; x_wconf 89' lang='lat' dir='ltr'>vero</span> <span class='ocrx_word' id='word_1_551' title='bbox 3061 2428 3161 2500; x_wconf 91' lang='lat' dir='ltr'>qui</span> <span class='ocrx_word' id='word_1_552' title='bbox 3193 2425 3466 2500; x_wconf 88' lang='lat' dir='ltr'>baptizati</span> <span class='ocrx_word' id='word_1_553' title='bbox 3502 2427 3640 2479; x_wconf 91' lang='lat' dir='ltr'>sunt</span> <span class='ocrx_word' id='word_1_554' title='bbox 3668 2422 3727 2478; x_wconf 89' lang='lat' dir='ltr'>in</span> <span class='ocrx_word' id='word_1_555' title='bbox 3756 2420 4028 2488; x_wconf 88' lang='lat' dir='ltr'>Ecclesia,</span> 
     </span>
    </p>
   </div>
   <div class='ocr_carea' id='block_1_70' title="bbox 2393 2514 4032 2590">
    <p class='ocr_par' dir='ltr' id='par_1_70' title="bbox 2393 2514 4032 2590">
     <span class='ocr_line' id='line_1_70' title="bbox 2393 2514 4032 2590; baseline -0.005 -19"><span class='ocrx_word' id='word_1_556' title='bbox 2393 2523 2642 2574; x_wconf 90' lang='lat' dir='ltr'>matrem</span> <span class='ocrx_word' id='word_1_557' title='bbox 2698 2518 2994 2590; x_wconf 90' lang='lat' dir='ltr'>appellant</span> <span class='ocrx_word' id='word_1_558' title='bbox 3025 2517 3362 2572; x_wconf 89' lang='lat' dir='ltr'>Ecclesiam.</span> <span class='ocrx_word' id='word_1_559' title='bbox 3400 2514 3688 2588; x_wconf 85' lang='lat' dir='ltr'>Dicamus,</span> <span class='ocrx_word' id='word_1_560' title='bbox 3721 2514 3777 2566; x_wconf 91' lang='lat' dir='ltr'>et</span> <span class='ocrx_word' id='word_1_561' title='bbox 3825 2526 4032 2565; x_wconf 82' lang='lat' dir='ltr'>secun-</span> 
     </span>
    </p>
   </div>
   <div class='ocr_carea' id='block_1_71' title="bbox 2393 2597 4035 2674">
    <p class='ocr_par' dir='ltr' id='par_1_71' title="bbox 2393 2597 4035 2674">
     <span class='ocr_line' id='line_1_71' title="bbox 2393 2597 4035 2674; baseline -0.007 -12"><span class='ocrx_word' id='word_1_562' title='bbox 2393 2608 2533 2662; x_wconf 91' lang='lat' dir='ltr'>dum</span> <span class='ocrx_word' id='word_1_563' title='bbox 2568 2607 2910 2662; x_wconf 88' lang='lat' dir='ltr'>Hebraicam</span> <span class='ocrx_word' id='word_1_564' title='bbox 2935 2607 3252 2661; x_wconf 88' lang='lat' dir='ltr'>Veritatem</span> <span class='ocrx_word' id='word_1_565' title='bbox 3280 2623 3292 2660; x_wconf 77' lang='grc' dir='ltr'><strong>ε</strong></span> <span class='ocrx_word' id='word_1_566' title='bbox 3332 2624 3354 2650; x_wconf 68' lang='grc' dir='ltr'>α</span> <span class='ocrx_word' id='word_1_567' title='bbox 3387 2601 3683 2671; x_wconf 88' lang='lat' dir='ltr'>Numquid</span> <span class='ocrx_word' id='word_1_568' title='bbox 3715 2599 3852 2655; x_wconf 87' lang='lat' dir='ltr'>Sion</span> <span class='ocrx_word' id='word_1_569' title='bbox 3882 2597 4035 2674; x_wconf 74' lang='lat' dir='ltr'>dicet</span> 
     </span>
    </p>
   </div>
   <div class='ocr_carea' id='block_1_72' title="bbox 2331 2686 4033 2761">
    <p class='ocr_par' dir='ltr' id='par_1_72' title="bbox 2331 2686 4033 2761">
     <span class='ocr_line' id='line_1_72' title="bbox 2331 2686 4033 2761; baseline -0.007 -10"><span class='ocrx_word' id='word_1_570' title='bbox 2331 2719 2350 2726; x_wconf 70' lang='grc'><strong>-</strong></span> <span class='ocrx_word' id='word_1_571' title='bbox 2394 2695 2590 2761; x_wconf 91' lang='lat' dir='ltr'>homo,</span> <span class='ocrx_word' id='word_1_572' title='bbox 2623 2701 2680 2752; x_wconf 88' lang='lat' dir='ltr'>et</span> <span class='ocrx_word' id='word_1_573' title='bbox 2709 2697 2883 2752; x_wconf 91' lang='lat' dir='ltr'>homo</span> <span class='ocrx_word' id='word_1_574' title='bbox 2916 2701 3088 2750; x_wconf 92' lang='lat' dir='ltr'>natus</span> <span class='ocrx_word' id='word_1_575' title='bbox 3118 2698 3206 2749; x_wconf 91' lang='lat' dir='ltr'>est</span> <span class='ocrx_word' id='word_1_576' title='bbox 3235 2693 3294 2748; x_wconf 90' lang='lat' dir='ltr'>in</span> <span class='ocrx_word' id='word_1_577' title='bbox 3326 2692 3437 2748; x_wconf 87' lang='lat' dir='ltr'>ea?</span> <span class='ocrx_word' id='word_1_578' title='bbox 3471 2713 3496 2740; x_wconf 85' lang='grc'><strong>››</strong></span> <span class='ocrx_word' id='word_1_579' title='bbox 3546 2688 3705 2753; x_wconf 89' lang='lat' dir='ltr'>Quod</span> <span class='ocrx_word' id='word_1_580' title='bbox 3735 2687 3894 2755; x_wconf 90' lang='lat' dir='ltr'>dicit,</span> <span class='ocrx_word' id='word_1_581' title='bbox 3928 2686 4033 2740; x_wconf 92' lang='lat' dir='ltr'>hoc</span> 
     </span>
    </p>
   </div>
   <div class='ocr_carea' id='block_1_73' title="bbox 2395 2774 4036 2857">
    <p class='ocr_par' dir='ltr' id='par_1_73' title="bbox 2395 2774 4036 2857">
     <span class='ocr_line' id='line_1_73' title="bbox 2395 2774 4036 2857; baseline -0.008 -17"><span class='ocrx_word' id='word_1_582' title='bbox 2395 2791 2504 2851; x_wconf 89' lang='lat' dir='ltr'>est,</span> <span class='ocrx_word' id='word_1_583' title='bbox 2559 2786 2692 2857; x_wconf 90' lang='lat' dir='ltr'>quis</span> <span class='ocrx_word' id='word_1_584' title='bbox 2739 2785 2949 2857; x_wconf 90' lang='lat' dir='ltr'>poterit</span> <span class='ocrx_word' id='word_1_585' title='bbox 2995 2785 3264 2839; x_wconf 89' lang='lat' dir='ltr'>nuntiare</span> <span class='ocrx_word' id='word_1_586' title='bbox 3312 2780 3497 2837; x_wconf 81' lang='lat' dir='ltr'>Sion?</span> <span class='ocrx_word' id='word_1_587' title='bbox 3547 2779 3679 2850; x_wconf 91' lang='lat' dir='ltr'>quis</span> <span class='ocrx_word' id='word_1_588' title='bbox 3726 2777 3776 2832; x_wconf 90' lang='lat' dir='ltr'>ei</span> <span class='ocrx_word' id='word_1_589' title='bbox 3825 2774 4036 2846; x_wconf 83' lang='lat' dir='ltr'>poterit</span> 
     </span>
    </p>
   </div>
   <div class='ocr_carea' id='block_1_74' title="bbox 2391 2863 4029 2950">
    <p class='ocr_par' dir='ltr' id='par_1_74' title="bbox 2391 2863 4029 2950">
     <span class='ocr_line' id='line_1_74' title="bbox 2391 2863 4029 2950; baseline -0.007 -22"><span class='ocrx_word' id='word_1_590' title='bbox 2391 2874 2661 2929; x_wconf 87' lang='lat' dir='ltr'>nuntiare</span> <span class='ocrx_word' id='word_1_591' title='bbox 2687 2874 2992 2929; x_wconf 89' lang='lat' dir='ltr'>hominum</span> <span class='ocrx_word' id='word_1_592' title='bbox 3021 2891 3032 2928; x_wconf 93' lang='lat'>:</span> <span class='ocrx_word' id='word_1_593' title='bbox 3064 2872 3341 2944; x_wconf 86' lang='lat' dir='ltr'>quoniam</span> <span class='ocrx_word' id='word_1_594' title='bbox 3364 2863 3540 2924; x_wconf 89' lang='lat' dir='ltr'>homo</span> <span class='ocrx_word' id='word_1_595' title='bbox 3563 2869 3832 2950; x_wconf 87' lang='lat' dir='ltr'>nascetur</span> <span class='ocrx_word' id='word_1_596' title='bbox 3855 2863 3910 2918; x_wconf 92' lang='lat' dir='ltr'>in</span> <span class='ocrx_word' id='word_1_597' title='bbox 3944 2880 4029 2929; x_wconf 90' lang='lat' dir='ltr'>ea,</span> 
     </span>
    </p>
   </div>
   <div class='ocr_carea' id='block_1_75' title="bbox 2393 2952 4029 3034">
    <p class='ocr_par' dir='ltr' id='par_1_75' title="bbox 2393 2952 4029 3034">
     <span class='ocr_line' id='line_1_75' title="bbox 2393 2952 4029 3034; baseline -0.008 -16"><span class='ocrx_word' id='word_1_598' title='bbox 2393 2968 2449 3018; x_wconf 92' lang='lat' dir='ltr'>et</span> <span class='ocrx_word' id='word_1_599' title='bbox 2492 2963 2617 3034; x_wconf 88' lang='lat' dir='ltr'>ipse</span> <span class='ocrx_word' id='word_1_600' title='bbox 2666 2962 2916 3018; x_wconf 88' lang='lat' dir='ltr'>salvabit</span> <span class='ocrx_word' id='word_1_601' title='bbox 2961 2961 3139 3018; x_wconf 82' lang='lat' dir='ltr'>eam?</span> <span class='ocrx_word' id='word_1_602' title='bbox 3191 2961 3307 3016; x_wconf 84' lang='lat' dir='ltr'>Hoc</span> <span class='ocrx_word' id='word_1_603' title='bbox 3352 2963 3460 3023; x_wconf 88' lang='lat' dir='ltr'>est,</span> <span class='ocrx_word' id='word_1_604' title='bbox 3492 2956 3692 3012; x_wconf 90' lang='lat' dir='ltr'>nullus</span> <span class='ocrx_word' id='word_1_605' title='bbox 3727 2952 4029 3009; x_wconf 87' lang='lat' dir='ltr'>hominum</span> 
     </span>
    </p>
   </div>
   <div class='ocr_carea' id='block_1_76' title="bbox 2396 3041 4035 3123">
    <p class='ocr_par' dir='ltr' id='par_1_76' title="bbox 2396 3041 4035 3123">
     <span class='ocr_line' id='line_1_76' title="bbox 2396 3041 4035 3123; baseline -0.008 -15"><span class='ocrx_word' id='word_1_606' title='bbox 2396 3057 2586 3123; x_wconf 89' lang='lat' dir='ltr'>potest</span> <span class='ocrx_word' id='word_1_607' title='bbox 2631 3053 2682 3106; x_wconf 92' lang='lat' dir='ltr'>ei</span> <span class='ocrx_word' id='word_1_608' title='bbox 2733 3051 3004 3106; x_wconf 88' lang='lat' dir='ltr'>nuntiare</span> <span class='ocrx_word' id='word_1_609' title='bbox 3053 3050 3192 3122; x_wconf 90' lang='lat' dir='ltr'>quia</span> <span class='ocrx_word' id='word_1_610' title='bbox 3221 3049 3360 3105; x_wconf 92' lang='lat' dir='ltr'>Sion</span> <span class='ocrx_word' id='word_1_611' title='bbox 3404 3047 3661 3103; x_wconf 88' lang='lat' dir='ltr'>salvatur</span> <span class='ocrx_word' id='word_1_612' title='bbox 3701 3044 3759 3098; x_wconf 90' lang='lat' dir='ltr'>in</span> <span class='ocrx_word' id='word_1_613' title='bbox 3800 3041 4035 3097; x_wconf 89' lang='lat' dir='ltr'>homine</span> 
     </span>
    </p>
   </div>
   <div class='ocr_carea' id='block_1_77' title="bbox 2395 3132 4038 3213">
    <p class='ocr_par' dir='ltr' id='par_1_77' title="bbox 2395 3132 4038 3213">
     <span class='ocr_line' id='line_1_77' title="bbox 2395 3132 4038 3213; baseline -0.008 -17"><span class='ocrx_word' id='word_1_614' title='bbox 2395 3142 2496 3213; x_wconf 90' lang='lat' dir='ltr'>qui</span> <span class='ocrx_word' id='word_1_615' title='bbox 2530 3142 2586 3195; x_wconf 88' lang='lat' dir='ltr'>in</span> <span class='ocrx_word' id='word_1_616' title='bbox 2619 3158 2684 3196; x_wconf 90' lang='lat' dir='ltr'>ea</span> <span class='ocrx_word' id='word_1_617' title='bbox 2715 3141 2999 3196; x_wconf 89' lang='lat' dir='ltr'>nascitur.</span> <span class='ocrx_word' id='word_1_618' title='bbox 3058 3161 3086 3188; x_wconf 88' lang='lat'>«</span> <span class='ocrx_word' id='word_1_619' title='bbox 3119 3143 3184 3193; x_wconf 88' lang='lat' dir='ltr'>Et</span> <span class='ocrx_word' id='word_1_620' title='bbox 3215 3139 3390 3193; x_wconf 88' lang='lat' dir='ltr'>homo</span> <span class='ocrx_word' id='word_1_621' title='bbox 3431 3139 3606 3192; x_wconf 90' lang='lat' dir='ltr'>natus</span> <span class='ocrx_word' id='word_1_622' title='bbox 3647 3135 3736 3189; x_wconf 89' lang='lat' dir='ltr'>est</span> <span class='ocrx_word' id='word_1_623' title='bbox 3777 3132 3834 3186; x_wconf 93' lang='lat' dir='ltr'>in</span> <span class='ocrx_word' id='word_1_624' title='bbox 3885 3147 3970 3185; x_wconf 89' lang='lat' dir='ltr'>ea.</span> <span class='ocrx_word' id='word_1_625' title='bbox 4008 3151 4038 3177; x_wconf 90' lang='grc'><strong>››</strong></span> 
     </span>
    </p>
   </div>
   <div class='ocr_carea' id='block_1_78' title="bbox 2398 3218 4039 3298">
    <p class='ocr_par' dir='ltr' id='par_1_78' title="bbox 2398 3218 4039 3298">
     <span class='ocr_line' id='line_1_78' title="bbox 2398 3218 4039 3298; baseline -0.009 -11"><span class='ocrx_word' id='word_1_626' title='bbox 2398 3230 2537 3295; x_wconf 86' lang='lat' dir='ltr'>Quis</span> <span class='ocrx_word' id='word_1_627' title='bbox 2568 3235 2656 3286; x_wconf 88' lang='lat' dir='ltr'>est</span> <span class='ocrx_word' id='word_1_628' title='bbox 2684 3229 2796 3285; x_wconf 88' lang='lat' dir='ltr'>iste</span> <span class='ocrx_word' id='word_1_629' title='bbox 2825 3229 2999 3284; x_wconf 91' lang='lat' dir='ltr'>homo</span> <span class='ocrx_word' id='word_1_630' title='bbox 3020 3229 3048 3283; x_wconf 74' lang='lat' dir='ltr'>‘I</span> <span class='ocrx_word' id='word_1_631' title='bbox 3097 3248 3119 3276; x_wconf 75' lang='grc' dir='ltr'><strong>α</strong></span> <span class='ocrx_word' id='word_1_632' title='bbox 3151 3228 3223 3283; x_wconf 89' lang='lat' dir='ltr'>Et</span> <span class='ocrx_word' id='word_1_633' title='bbox 3250 3227 3375 3298; x_wconf 90' lang='lat' dir='ltr'>ipse</span> <span class='ocrx_word' id='word_1_634' title='bbox 3415 3221 3677 3280; x_wconf 81' lang='lat' dir='ltr'>fundavit</span> <span class='ocrx_word' id='word_1_635' title='bbox 3705 3236 3829 3277; x_wconf 91' lang='lat' dir='ltr'>eam</span> <span class='ocrx_word' id='word_1_636' title='bbox 3862 3218 4039 3274; x_wconf 86' lang='lat' dir='ltr'>Altis-</span> 
     </span>
    </p>
   </div>
   <div class='ocr_carea' id='block_1_79' title="bbox 2721 3308 4047 3390">
    <p class='ocr_par' dir='ltr' id='par_1_79' title="bbox 2721 3308 4047 3390">
     <span class='ocr_line' id='line_1_79' title="bbox 2721 3308 4047 3390; baseline -0.011 -15"><span class='ocrx_word' id='word_1_637' title='bbox 2721 3311 3136 3390; x_wconf 36' lang='lat' dir='ltr'>Resp&#39;ondeant</span> <span class='ocrx_word' id='word_1_638' title='bbox 3190 3315 3386 3372; x_wconf 89' lang='lat' dir='ltr'>Ariani</span> <span class='ocrx_word' id='word_1_639' title='bbox 3433 3331 3451 3369; x_wconf 93' lang='lat'>:-</span> <span class='ocrx_word' id='word_1_640' title='bbox 3497 3311 3773 3385; x_wconf 90' lang='lat' dir='ltr'>quoniam</span> <span class='ocrx_word' id='word_1_641' title='bbox 3832 3308 4047 3386; x_wconf 83' lang='lat' dir='ltr'>dicunt</span> 
     </span>
    </p>
   </div>
   <div class='ocr_carea' id='block_1_80' title="bbox 2387 3397 4040 3480">
    <p class='ocr_par' dir='ltr' id='par_1_80' title="bbox 2387 3397 4040 3480">
     <span class='ocr_line' id='line_1_80' title="bbox 2387 3397 4040 3480; baseline -0.01 -14"><span class='ocrx_word' id='word_1_642' title='bbox 2387 3410 2756 3466; x_wconf 89' lang='lat' dir='ltr'>Altissimum</span> <span class='ocrx_word' id='word_1_643' title='bbox 2792 3407 2982 3463; x_wconf 90' lang='lat' dir='ltr'>solum</span> <span class='ocrx_word' id='word_1_644' title='bbox 3017 3408 3246 3462; x_wconf 90' lang='lat' dir='ltr'>Patrem</span> <span class='ocrx_word' id='word_1_645' title='bbox 3288 3420 3416 3480; x_wconf 84' lang='lat' dir='ltr'>esse</span> <span class='ocrx_word' id='word_1_646' title='bbox 3450 3422 3462 3459; x_wconf 94' lang='lat'>:</span> <span class='ocrx_word' id='word_1_647' title='bbox 3514 3418 3644 3458; x_wconf 90' lang='lat' dir='ltr'>ecce</span> <span class='ocrx_word' id='word_1_648' title='bbox 3673 3400 3767 3454; x_wconf 88' lang='lat' dir='ltr'>hic</span> <span class='ocrx_word' id='word_1_649' title='bbox 3797 3399 3866 3454; x_wconf 87' lang='lat' dir='ltr'>de</span> <span class='ocrx_word' id='word_1_650' title='bbox 3896 3397 4040 3452; x_wconf 85' lang='lat' dir='ltr'>Filio</span> 
     </span>
    </p>
   </div>
   <div class='ocr_carea' id='block_1_81' title="bbox 2391 3485 4039 3569">
    <p class='ocr_par' dir='ltr' id='par_1_81' title="bbox 2391 3485 4039 3569">
     <span class='ocr_line' id='line_1_81' title="bbox 2391 3485 4039 3569; baseline -0.008 -15"><span class='ocrx_word' id='word_1_651' title='bbox 2391 3499 2603 3554; x_wconf 90' lang='lat' dir='ltr'>dicitur</span> <span class='ocrx_word' id='word_1_652' title='bbox 2635 3515 2648 3552; x_wconf 86' lang='lat'><strong>:</strong></span> <span class='ocrx_word' id='word_1_653' title='bbox 2683 3522 2710 3547; x_wconf 84' lang='lat'><strong><em>«</em></strong></span> <span class='ocrx_word' id='word_1_654' title='bbox 2744 3499 2812 3552; x_wconf 90' lang='lat' dir='ltr'>Et</span> <span class='ocrx_word' id='word_1_655' title='bbox 2840 3497 2964 3569; x_wconf 91' lang='lat' dir='ltr'>ipse</span> <span class='ocrx_word' id='word_1_656' title='bbox 2997 3495 3262 3552; x_wconf 89' lang='lat' dir='ltr'>fundavit</span> <span class='ocrx_word' id='word_1_657' title='bbox 3291 3510 3417 3549; x_wconf 91' lang='lat' dir='ltr'>eam</span> <span class='ocrx_word' id='word_1_658' title='bbox 3454 3489 3824 3567; x_wconf 83' lang='lat' dir='ltr'>Altissimus._</span> <span class='ocrx_word' id='word_1_659' title='bbox 3849 3509 3873 3535; x_wconf 84' lang='grc'>››</span> <span class='ocrx_word' id='word_1_660' title='bbox 3907 3485 4039 3541; x_wconf 89' lang='lat' dir='ltr'>Non</span> 
     </span>
    </p>
   </div>
   <div class='ocr_carea' id='block_1_82' title="bbox 2391 3575 4045 3657">
    <p class='ocr_par' dir='ltr' id='par_1_82' title="bbox 2391 3575 4045 3657">
     <span class='ocr_line' id='line_1_82' title="bbox 2391 3575 4045 3657; baseline -0.01 -13"><span class='ocrx_word' id='word_1_661' title='bbox 2391 3589 2582 3643; x_wconf 86' lang='lat' dir='ltr'>dixit:</span> <span class='ocrx_word' id='word_1_662' title='bbox 2637 3587 2815 3643; x_wconf 88' lang='lat' dir='ltr'>Filius</span> <span class='ocrx_word' id='word_1_663' title='bbox 2866 3585 2987 3655; x_wconf 90' lang='lat' dir='ltr'>Dei,</span> <span class='ocrx_word' id='word_1_664' title='bbox 3022 3585 3119 3657; x_wconf 89' lang='lat' dir='ltr'>qui</span> <span class='ocrx_word' id='word_1_665' title='bbox 3169 3587 3294 3640; x_wconf 89' lang='lat' dir='ltr'>erat</span> <span class='ocrx_word' id='word_1_666' title='bbox 3333 3583 3389 3637; x_wconf 91' lang='lat' dir='ltr'>in</span> <span class='ocrx_word' id='word_1_667' title='bbox 3431 3579 3714 3654; x_wconf 90' lang='lat' dir='ltr'>principio</span> <span class='ocrx_word' id='word_1_668' title='bbox 3745 3575 4045 3654; x_wconf 78' lang='lat' dir='ltr'>apudPa-</span> 
     </span>
    </p>
   </div>
   <div class='ocr_carea' id='block_1_83' title="bbox 2392 3665 4062 3747">
    <p class='ocr_par' dir='ltr' id='par_1_83' title="bbox 2392 3665 4062 3747">
     <span class='ocr_line' id='line_1_83' title="bbox 2392 3665 4062 3747; baseline -0.01 -14"><span class='ocrx_word' id='word_1_669' title='bbox 2392 3683 2561 3733; x_wconf 87' lang='lat' dir='ltr'>trem.</span> <span class='ocrx_word' id='word_1_670' title='bbox 2599 3677 2708 3732; x_wconf 90' lang='lat' dir='ltr'>Sed</span> <span class='ocrx_word' id='word_1_671' title='bbox 2745 3675 2884 3747; x_wconf 90' lang='lat' dir='ltr'>quid</span> <span class='ocrx_word' id='word_1_672' title='bbox 2918 3675 3108 3729; x_wconf 83' lang='lat' dir='ltr'>dixit?</span> <span class='ocrx_word' id='word_1_673' title='bbox 3161 3696 3181 3722; x_wconf 78' lang='grc' dir='ltr'>ι</span> <span class='ocrx_word' id='word_1_674' title='bbox 3217 3673 3400 3728; x_wconf 84' lang='lat' dir='ltr'>Homo</span> <span class='ocrx_word' id='word_1_675' title='bbox 3433 3673 3605 3725; x_wconf 87' lang='lat' dir='ltr'>natus</span> <span class='ocrx_word' id='word_1_676' title='bbox 3636 3671 3724 3723; x_wconf 92' lang='lat' dir='ltr'>est</span> <span class='ocrx_word' id='word_1_677' title='bbox 3767 3665 3826 3720; x_wconf 91' lang='lat' dir='ltr'>in</span> <span class='ocrx_word' id='word_1_678' title='bbox 3867 3681 3958 3731; x_wconf 89' lang='lat' dir='ltr'>ea,</span> <span class='ocrx_word' id='word_1_679' title='bbox 3998 3668 4062 3718; x_wconf 89' lang='lat' dir='ltr'>et</span> 
     </span>
    </p>
   </div>
   <div class='ocr_carea' id='block_1_84' title="bbox 2394 3753 4058 3839">
    <p class='ocr_par' dir='ltr' id='par_1_84' title="bbox 2394 3753 4058 3839">
     <span class='ocr_line' id='line_1_84' title="bbox 2394 3753 4058 3839; baseline -0.01 -17"><span class='ocrx_word' id='word_1_680' title='bbox 2394 3767 2523 3839; x_wconf 92' lang='lat' dir='ltr'>ipse</span> <span class='ocrx_word' id='word_1_681' title='bbox 2557 3755 2982 3820; x_wconf 85' lang='lat' dir='ltr'>fundaviteam</span> <span class='ocrx_word' id='word_1_682' title='bbox 3012 3762 3373 3818; x_wconf 86' lang='lat' dir='ltr'>Altissimus.</span> <span class='ocrx_word' id='word_1_683' title='bbox 3415 3782 3442 3809; x_wconf 83' lang='lat'><strong>»</strong></span> <span class='ocrx_word' id='word_1_684' title='bbox 3504 3759 3559 3813; x_wconf 93' lang='lat' dir='ltr'>Si</span> <span class='ocrx_word' id='word_1_685' title='bbox 3600 3761 3793 3813; x_wconf 86' lang='lat' dir='ltr'>autem</span> <span class='ocrx_word' id='word_1_686' title='bbox 3836 3753 4058 3808; x_wconf 77' lang='lat' dir='ltr'>Altissi-</span> 
     </span>
    </p>
   </div>
   <div class='ocr_carea' id='block_1_85' title="bbox 2391 3845 3716 3923">
    <p class='ocr_par' dir='ltr' id='par_1_85' title="bbox 2391 3845 3716 3923">
     <span class='ocr_line' id='line_1_85' title="bbox 2391 3845 3716 3923; baseline -0.008 -13"><span class='ocrx_word' id='word_1_687' title='bbox 2391 3873 2515 3910; x_wconf 90' lang='lat' dir='ltr'>mus</span> <span class='ocrx_word' id='word_1_688' title='bbox 2544 3853 2778 3921; x_wconf 90' lang='lat' dir='ltr'>dicitur,</span> <span class='ocrx_word' id='word_1_689' title='bbox 2813 3856 3033 3923; x_wconf 88' lang='lat' dir='ltr'>quanto</span> <span class='ocrx_word' id='word_1_690' title='bbox 3065 3851 3256 3923; x_wconf 83' lang='lat' dir='ltr'>magis</span> <span class='ocrx_word' id='word_1_691' title='bbox 3289 3849 3547 3904; x_wconf 90' lang='lat' dir='ltr'>Verbum</span> <span class='ocrx_word' id='word_1_692' title='bbox 3579 3847 3676 3903; x_wconf 90' lang='lat' dir='ltr'>Dei</span> <span class='ocrx_word' id='word_1_693' title='bbox 3705 3845 3716 3899; x_wconf 87' lang='lat' dir='ltr'>l</span> 
     </span>
    </p>
   </div>
   <div class='ocr_carea' id='block_1_86' title="bbox 2473 3933 4062 4011">
    <p class='ocr_par' dir='ltr' id='par_1_86' title="bbox 2473 3933 4062 4011">
     <span class='ocr_line' id='line_1_86' title="bbox 2473 3933 4062 4011; baseline -0.009 -12"><span class='ocrx_word' id='word_1_694' title='bbox 2473 3964 2494 3993; x_wconf 75' lang='grc' dir='ltr'>ι</span> <span class='ocrx_word' id='word_1_695' title='bbox 2532 3943 2817 3998; x_wconf 89' lang='lat' dir='ltr'>Dominus</span> <span class='ocrx_word' id='word_1_696' title='bbox 2849 3941 3111 3996; x_wconf 89' lang='lat' dir='ltr'>narrabit</span> <span class='ocrx_word' id='word_1_697' title='bbox 3153 3939 3208 3994; x_wconf 92' lang='lat' dir='ltr'>in</span> <span class='ocrx_word' id='word_1_698' title='bbox 3263 3939 3558 4011; x_wconf 87' lang='lat' dir='ltr'>scriptura</span> <span class='ocrx_word' id='word_1_699' title='bbox 3587 3933 3960 4008; x_wconf 90' lang='lat' dir='ltr'>populorum,</span> <span class='ocrx_word' id='word_1_700' title='bbox 3996 3935 4062 3986; x_wconf 83' lang='lat' dir='ltr'>et</span> 
     </span>
    </p>
   </div>
   <div class='ocr_carea' id='block_1_87' title="bbox 2397 4018 4055 4106">
    <p class='ocr_par' dir='ltr' id='par_1_87' title="bbox 2397 4018 4055 4106">
     <span class='ocr_line' id='line_1_87' title="bbox 2397 4018 4055 4106; baseline -0.01 -17"><span class='ocrx_word' id='word_1_701' title='bbox 2397 4031 2728 4106; x_wconf 89' lang='lat' dir='ltr'>principum</span> <span class='ocrx_word' id='word_1_702' title='bbox 2760 4021 2970 4085; x_wconf 85' lang='lat' dir='ltr'>horum</span> <span class='ocrx_word' id='word_1_703' title='bbox 3007 4029 3106 4100; x_wconf 91' lang='lat' dir='ltr'>qui</span> <span class='ocrx_word' id='word_1_704' title='bbox 3139 4029 3378 4084; x_wconf 89' lang='lat' dir='ltr'>fuerunt</span> <span class='ocrx_word' id='word_1_705' title='bbox 3407 4026 3464 4080; x_wconf 91' lang='lat' dir='ltr'>in</span> <span class='ocrx_word' id='word_1_706' title='bbox 3509 4043 3596 4082; x_wconf 89' lang='lat' dir='ltr'>ea.</span> <span class='ocrx_word' id='word_1_707' title='bbox 3630 4047 3659 4073; x_wconf 84' lang='lat'>»</span> <span class='ocrx_word' id='word_1_708' title='bbox 3709 4022 3836 4106; x_wconf 20' lang='lat' dir='ltr'>Non.</span> <span class='ocrx_word' id='word_1_709' title='bbox 3881 4018 4055 4085; x_wconf 85' lang='lat' dir='ltr'>dixit,</span> 
     </span>
    </p>
   </div>
   <div class='ocr_carea' id='block_1_88' title="bbox 2400 4108 4058 4194">
    <p class='ocr_par' dir='ltr' id='par_1_88' title="bbox 2400 4108 4058 4194">
     <span class='ocr_line' id='line_1_88' title="bbox 2400 4108 4058 4194; baseline -0.01 -17"><span class='ocrx_word' id='word_1_710' title='bbox 2400 4122 2499 4194; x_wconf 91' lang='lat' dir='ltr'>qui</span> <span class='ocrx_word' id='word_1_711' title='bbox 2531 4125 2670 4177; x_wconf 89' lang='lat' dir='ltr'>sunt</span> <span class='ocrx_word' id='word_1_712' title='bbox 2699 4120 2757 4174; x_wconf 91' lang='lat' dir='ltr'>in</span> <span class='ocrx_word' id='word_1_713' title='bbox 2790 4136 2878 4184; x_wconf 89' lang='lat' dir='ltr'>ea,</span> <span class='ocrx_word' id='word_1_714' title='bbox 2913 4120 3011 4173; x_wconf 89' lang='lat' dir='ltr'>sed</span> <span class='ocrx_word' id='word_1_715' title='bbox 3071 4139 3097 4166; x_wconf 89' lang='grc'><strong>‹‹</strong></span> <span class='ocrx_word' id='word_1_716' title='bbox 3129 4117 3228 4190; x_wconf 86' lang='lat' dir='ltr'>qui</span> <span class='ocrx_word' id='word_1_717' title='bbox 3276 4117 3514 4172; x_wconf 85' lang='lat' dir='ltr'>fuerunt</span> <span class='ocrx_word' id='word_1_718' title='bbox 3559 4115 3618 4169; x_wconf 92' lang='lat' dir='ltr'>in</span> <span class='ocrx_word' id='word_1_719' title='bbox 3649 4129 3734 4169; x_wconf 91' lang='lat' dir='ltr'>ea.</span> <span class='ocrx_word' id='word_1_720' title='bbox 3769 4108 4058 4166; x_wconf 89' lang='lat' dir='ltr'>Dominus</span> 
     </span>
    </p>
   </div>
   <div class='ocr_carea' id='block_1_89' title="bbox 2400 4197 4060 4282">
    <p class='ocr_par' dir='ltr' id='par_1_89' title="bbox 2400 4197 4060 4282">
     <span class='ocr_line' id='line_1_89' title="bbox 2400 4197 4060 4282; baseline -0.01 -16"><span class='ocrx_word' id='word_1_721' title='bbox 2400 4210 2700 4275; x_wconf 88' lang='lat' dir='ltr'>narrabit;</span> <span class='ocrx_word' id='word_1_722' title='bbox 2736 4231 2764 4260; x_wconf 84' lang='lat'><strong>»</strong></span> <span class='ocrx_word' id='word_1_723' title='bbox 2823 4213 2882 4263; x_wconf 90' lang='lat' dir='ltr'>et</span> <span class='ocrx_word' id='word_1_724' title='bbox 2929 4224 3044 4281; x_wconf 91' lang='lat' dir='ltr'>quo</span> <span class='ocrx_word' id='word_1_725' title='bbox 3096 4207 3268 4263; x_wconf 91' lang='lat' dir='ltr'>modo</span> <span class='ocrx_word' id='word_1_726' title='bbox 3326 4203 3634 4261; x_wconf 82' lang='lat' dir='ltr'>narrabit?</span> <span class='ocrx_word' id='word_1_727' title='bbox 3683 4200 3804 4282; x_wconf 91' lang='lat' dir='ltr'>Non</span> <span class='ocrx_word' id='word_1_728' title='bbox 3852 4197 4060 4264; x_wconf 88' lang='lat' dir='ltr'>verbo,</span> 
     </span>
    </p>
   </div>
   <div class='ocr_carea' id='block_1_90' title="bbox 2401 4286 4062 4369">
    <p class='ocr_par' dir='ltr' id='par_1_90' title="bbox 2401 4286 4062 4369">
     <span class='ocr_line' id='line_1_90' title="bbox 2401 4286 4062 4369; baseline -0.01 -13"><span class='ocrx_word' id='word_1_729' title='bbox 2401 4301 2501 4356; x_wconf 91' lang='lat' dir='ltr'>sed</span> <span class='ocrx_word' id='word_1_730' title='bbox 2534 4298 2846 4369; x_wconf 90' lang='lat' dir='ltr'>scriptura.</span> <span class='ocrx_word' id='word_1_731' title='bbox 2882 4297 2945 4352; x_wconf 88' lang='lat' dir='ltr'>In</span> <span class='ocrx_word' id='word_1_732' title='bbox 2977 4297 3146 4367; x_wconf 87' lang='lat' dir='ltr'>cujus</span> <span class='ocrx_word' id='word_1_733' title='bbox 3179 4295 3470 4367; x_wconf 89' lang='lat' dir='ltr'>scriptura</span> <span class='ocrx_word' id='word_1_734' title='bbox 3491 4295 3519 4348; x_wconf 77' lang='lat' dir='ltr'>‘t</span> <span class='ocrx_word' id='word_1_735' title='bbox 3567 4293 3630 4347; x_wconf 92' lang='lat' dir='ltr'>In</span> <span class='ocrx_word' id='word_1_736' title='bbox 3677 4286 4062 4368; x_wconf 81' lang='lat' dir='ltr'>populorum,</span> 
     </span>
    </p>
   </div>
   <div class='ocr_carea' id='block_1_91' title="bbox 2399 4375 4055 4457">
    <p class='ocr_par' dir='ltr' id='par_1_91' title="bbox 2399 4375 4055 4457">
     <span class='ocr_line' id='line_1_91' title="bbox 2399 4375 4055 4457; baseline -0.01 -14"><span class='ocrx_word' id='word_1_737' title='bbox 2399 4389 2525 4444; x_wconf 93' lang='lat' dir='ltr'>Non</span> <span class='ocrx_word' id='word_1_738' title='bbox 2580 4387 2801 4444; x_wconf 79' lang='lat' dir='ltr'>sufﬁcit</span> <span class='ocrx_word' id='word_1_739' title='bbox 2842 4385 2900 4440; x_wconf 93' lang='lat' dir='ltr'>in</span> <span class='ocrx_word' id='word_1_740' title='bbox 2936 4385 3312 4457; x_wconf 88' lang='lat' dir='ltr'>populorum,</span> <span class='ocrx_word' id='word_1_741' title='bbox 3343 4384 3444 4440; x_wconf 92' lang='lat' dir='ltr'>sed</span> <span class='ocrx_word' id='word_1_742' title='bbox 3494 4380 3669 4436; x_wconf 90' lang='lat' dir='ltr'>etiam</span> <span class='ocrx_word' id='word_1_743' title='bbox 3721 4375 4055 4450; x_wconf 87' lang='lat' dir='ltr'>principum</span> 
     </span>
    </p>
   </div>
   <div class='ocr_carea' id='block_1_92' title="bbox 2403 4463 4054 4547">
    <p class='ocr_par' dir='ltr' id='par_1_92' title="bbox 2403 4463 4054 4547">
     <span class='ocr_line' id='line_1_92' title="bbox 2403 4463 4054 4547; baseline -0.012 -13"><span class='ocrx_word' id='word_1_744' title='bbox 2403 4477 2562 4534; x_wconf 88' lang='lat' dir='ltr'>dicit.</span> <span class='ocrx_word' id='word_1_745' title='bbox 2594 4477 2664 4531; x_wconf 89' lang='lat' dir='ltr'>Et</span> <span class='ocrx_word' id='word_1_746' title='bbox 2694 4490 2948 4547; x_wconf 90' lang='lat' dir='ltr'>quorum</span> <span class='ocrx_word' id='word_1_747' title='bbox 2981 4473 3312 4546; x_wconf 90' lang='lat' dir='ltr'>principum</span> <span class='ocrx_word' id='word_1_748' title='bbox 3334 4473 3362 4525; x_wconf 86' lang='lat'><strong><em>?</em></strong></span> <span class='ocrx_word' id='word_1_749' title='bbox 3402 4469 3510 4532; x_wconf 89' lang='lat' dir='ltr'>Qui</span> <span class='ocrx_word' id='word_1_750' title='bbox 3541 4471 3680 4522; x_wconf 91' lang='lat' dir='ltr'>sunt</span> <span class='ocrx_word' id='word_1_751' title='bbox 3710 4465 3768 4518; x_wconf 88' lang='lat' dir='ltr'>in</span> <span class='ocrx_word' id='word_1_752' title='bbox 3802 4481 3887 4520; x_wconf 90' lang='lat' dir='ltr'>ea.</span> <span class='ocrx_word' id='word_1_753' title='bbox 3923 4463 4054 4518; x_wconf 90' lang='lat' dir='ltr'>Non</span> 
     </span>
    </p>
   </div>
   <div class='ocr_carea' id='block_1_93' title="bbox 2404 4553 4058 4635">
    <p class='ocr_par' dir='ltr' id='par_1_93' title="bbox 2404 4553 4058 4635">
     <span class='ocr_line' id='line_1_93' title="bbox 2404 4553 4058 4635; baseline -0.011 -13"><span class='ocrx_word' id='word_1_754' title='bbox 2404 4566 2552 4623; x_wconf 89' lang='lat' dir='ltr'>dixit</span> <span class='ocrx_word' id='word_1_755' title='bbox 2578 4566 2709 4631; x_wconf 90' lang='lat' dir='ltr'>hoc,</span> <span class='ocrx_word' id='word_1_756' title='bbox 2731 4565 2831 4620; x_wconf 89' lang='lat' dir='ltr'>sed</span> <span class='ocrx_word' id='word_1_757' title='bbox 2856 4587 2882 4614; x_wconf 85' lang='grc'>‹‹</span> <span class='ocrx_word' id='word_1_758' title='bbox 2909 4563 3008 4635; x_wconf 92' lang='lat' dir='ltr'>qui</span> <span class='ocrx_word' id='word_1_759' title='bbox 3033 4564 3268 4617; x_wconf 88' lang='lat' dir='ltr'>fuerunt</span> <span class='ocrx_word' id='word_1_760' title='bbox 3293 4559 3350 4613; x_wconf 89' lang='lat' dir='ltr'>in</span> <span class='ocrx_word' id='word_1_761' title='bbox 3373 4573 3458 4612; x_wconf 90' lang='lat' dir='ltr'>ea.</span> <span class='ocrx_word' id='word_1_762' title='bbox 3484 4577 3503 4601; x_wconf 74' lang='grc' dir='ltr'><strong><em>η</em></strong></span> <span class='ocrx_word' id='word_1_763' title='bbox 3531 4553 3728 4608; x_wconf 89' lang='lat' dir='ltr'>Videte</span> <span class='ocrx_word' id='word_1_764' title='bbox 3751 4567 3888 4624; x_wconf 92' lang='lat' dir='ltr'>ergo</span> <span class='ocrx_word' id='word_1_765' title='bbox 3915 4567 4058 4623; x_wconf 59' lang='lat' dir='ltr'>quo-</span> 
     </span>
    </p>
   </div>
   <div class='ocr_carea' id='block_1_94' title="bbox 643 4641 4058 4735">
    <p class='ocr_par' dir='ltr' id='par_1_94' title="bbox 643 4641 4058 4735">
     <span class='ocr_line' id='line_1_94' title="bbox 643 4641 4058 4735; baseline -0.002 -31"><span class='ocrx_word' id='word_1_766' title='bbox 643 4653 799 4720; x_wconf 89' lang='lat' dir='ltr'>quod</span> <span class='ocrx_word' id='word_1_767' title='bbox 857 4653 1072 4710; x_wconf 91' lang='lat' dir='ltr'>dicitur</span> <span class='ocrx_word' id='word_1_768' title='bbox 1118 4672 1130 4710; x_wconf 92' lang='lat'>:</span> <span class='ocrx_word' id='word_1_769' title='bbox 1166 4657 1444 4730; x_wconf 57' lang='lat' dir='ltr'>Ethiopia</span> <span class='ocrx_word' id='word_1_770' title='bbox 1477 4661 1780 4730; x_wconf 68' lang='lat' dir='ltr'>praeveniet</span> <span class='ocrx_word' id='word_1_771' title='bbox 1809 4674 2013 4714; x_wconf 85' lang='lat' dir='ltr'>manus</span> <span class='ocrx_word' id='word_1_772' title='bbox 2046 4660 2161 4730; x_wconf 86' lang='lat' dir='ltr'>ejus</span> <span class='ocrx_word' id='word_1_773' title='bbox 2191 4659 2294 4714; x_wconf 81' lang='lat' dir='ltr'>Deo</span> <span class='ocrx_word' id='word_1_774' title='bbox 2323 4671 2370 4735; x_wconf 73' lang='grc' dir='ltr'><strong>Β</strong></span> <span class='ocrx_word' id='word_1_775' title='bbox 2407 4657 2579 4712; x_wconf 90' lang='lat' dir='ltr'>modo</span> <span class='ocrx_word' id='word_1_776' title='bbox 2624 4654 2923 4725; x_wconf 87' lang='lat' dir='ltr'>Scriptura</span> <span class='ocrx_word' id='word_1_777' title='bbox 2953 4655 3155 4707; x_wconf 88' lang='lat' dir='ltr'>sancta</span> <span class='ocrx_word' id='word_1_778' title='bbox 3187 4641 3571 4735; x_wconf 81' lang='lat' dir='ltr'>sacramentis</span> <span class='ocrx_word' id='word_1_779' title='bbox 3600 4641 3773 4735; x_wconf 86' lang='lat' dir='ltr'>plena</span> <span class='ocrx_word' id='word_1_780' title='bbox 3802 4645 4058 4735; x_wconf 90' lang='lat' dir='ltr'>est.</span> 
     </span>
    </p>
   </div>
   <div class='ocr_carea' id='block_1_95' title="bbox 637 4740 2296 4820">
    <p class='ocr_par' dir='ltr' id='par_1_95' title="bbox 637 4740 2296 4820">
     <span class='ocr_line' id='line_1_95' title="bbox 637 4740 2296 4820; baseline 0.005 -25"><span class='ocrx_word' id='word_1_781' title='bbox 637 4740 820 4807; x_wconf 83' lang='lat' dir='ltr'>(Psat.</span> <span class='ocrx_word' id='word_1_782' title='bbox 872 4759 1038 4812; x_wconf 84' lang='lat' dir='ltr'>vau,</span> <span class='ocrx_word' id='word_1_783' title='bbox 1083 4745 1195 4814; x_wconf 85' lang='lat'>32).</span> <span class='ocrx_word' id='word_1_784' title='bbox 1252 4771 1277 4798; x_wconf 80' lang='grc' dir='ltr'>α</span> <span class='ocrx_word' id='word_1_785' title='bbox 1311 4752 1452 4805; x_wconf 87' lang='lat' dir='ltr'>Ecce</span> <span class='ocrx_word' id='word_1_786' title='bbox 1502 4748 1862 4820; x_wconf 69' lang='lat' dir='ltr'>alienigenae,</span> <span class='ocrx_word' id='word_1_787' title='bbox 1896 4754 1953 4802; x_wconf 90' lang='lat' dir='ltr'>et</span> <span class='ocrx_word' id='word_1_788' title='bbox 1993 4748 2203 4820; x_wconf 68' lang='lat' dir='ltr'>Tyrus,</span> <span class='ocrx_word' id='word_1_789' title='bbox 2238 4753 2296 4803; x_wconf 91' lang='lat' dir='ltr'>et</span> 
     </span>
    </p>
   </div>
   <div class='ocr_carea' id='block_1_96' title="bbox 641 4832 2286 4907">
    <p class='ocr_par' dir='ltr' id='par_1_96' title="bbox 641 4832 2286 4907">
     <span class='ocr_line' id='line_1_96' title="bbox 641 4832 2286 4907; baseline 0.002 -19"><span class='ocrx_word' id='word_1_790' title='bbox 641 4832 895 4905; x_wconf 90' lang='lat' dir='ltr'>populus</span> <span class='ocrx_word' id='word_1_791' title='bbox 925 4835 1281 4907; x_wconf 64' lang='lat' dir='ltr'>XEthiopum.</span> <span class='ocrx_word' id='word_1_792' title='bbox 1319 4859 1346 4885; x_wconf 84' lang='lat'><strong>»</strong></span> <span class='ocrx_word' id='word_1_793' title='bbox 1393 4839 1552 4900; x_wconf 90' lang='lat' dir='ltr'>Quod</span> <span class='ocrx_word' id='word_1_794' title='bbox 1599 4837 1831 4904; x_wconf 90' lang='lat' dir='ltr'>dicitur,</span> <span class='ocrx_word' id='word_1_795' title='bbox 1867 4837 1973 4892; x_wconf 92' lang='lat' dir='ltr'>hoc</span> <span class='ocrx_word' id='word_1_796' title='bbox 2017 4841 2106 4893; x_wconf 89' lang='lat' dir='ltr'>est</span> <span class='ocrx_word' id='word_1_797' title='bbox 2139 4854 2152 4892; x_wconf 88' lang='lat'>:</span> <span class='ocrx_word' id='word_1_798' title='bbox 2205 4837 2286 4891; x_wconf 92' lang='lat' dir='ltr'>illi</span> 
     </span>
    </p>
   </div>
   <div class='ocr_carea' id='block_1_97' title="bbox 639 4922 2287 4994">
    <p class='ocr_par' dir='ltr' id='par_1_97' title="bbox 639 4922 2287 4994">
     <span class='ocr_line' id='line_1_97' title="bbox 639 4922 2287 4994; baseline 0.004 -17"><span class='ocrx_word' id='word_1_799' title='bbox 639 4922 738 4994; x_wconf 91' lang='lat' dir='ltr'>qui</span> <span class='ocrx_word' id='word_1_800' title='bbox 790 4929 922 4979; x_wconf 90' lang='lat' dir='ltr'>ante</span> <span class='ocrx_word' id='word_1_801' title='bbox 971 4924 1140 4980; x_wconf 89' lang='lat' dir='ltr'>alieni</span> <span class='ocrx_word' id='word_1_802' title='bbox 1183 4930 1368 4993; x_wconf 89' lang='lat' dir='ltr'>erant,</span> <span class='ocrx_word' id='word_1_803' title='bbox 1401 4926 1484 4980; x_wconf 92' lang='lat' dir='ltr'>illi</span> <span class='ocrx_word' id='word_1_804' title='bbox 1540 4931 1707 4982; x_wconf 90' lang='lat' dir='ltr'>erant</span> <span class='ocrx_word' id='word_1_805' title='bbox 1759 4927 1816 4981; x_wconf 91' lang='lat' dir='ltr'>in</span> <span class='ocrx_word' id='word_1_806' title='bbox 1868 4926 2287 4983; x_wconf 90' lang='lat' dir='ltr'>tribulatione:</span> 
     </span>
    </p>
   </div>
   <div class='ocr_carea' id='block_1_98' title="bbox 638 4999 2294 5086">
    <p class='ocr_par' dir='ltr' id='par_1_98' title="bbox 638 4999 2294 5086">
     <span class='ocr_line' id='line_1_98' title="bbox 638 4999 2294 5086; baseline 0.002 -19"><span class='ocrx_word' id='word_1_807' title='bbox 638 5012 738 5085; x_wconf 89' lang='lat' dir='ltr'>qui</span> <span class='ocrx_word' id='word_1_808' title='bbox 779 5019 945 5068; x_wconf 90' lang='lat' dir='ltr'>erant</span> <span class='ocrx_word' id='word_1_809' title='bbox 994 4999 1165 5086; x_wconf 83' lang='lat' dir='ltr'>positi</span> <span class='ocrx_word' id='word_1_810' title='bbox 1210 5014 1267 5068; x_wconf 88' lang='lat' dir='ltr'>in</span> <span class='ocrx_word' id='word_1_811' title='bbox 1311 5015 1481 5069; x_wconf 88' lang='lat' dir='ltr'>corde</span> <span class='ocrx_word' id='word_1_812' title='bbox 1523 5015 1722 5070; x_wconf 88' lang='lat' dir='ltr'>maris.</span> <span class='ocrx_word' id='word_1_813' title='bbox 1763 5015 1980 5071; x_wconf 89' lang='lat' dir='ltr'>Dicitur</span> <span class='ocrx_word' id='word_1_814' title='bbox 2021 5015 2178 5071; x_wconf 90' lang='lat' dir='ltr'>enim</span> <span class='ocrx_word' id='word_1_815' title='bbox 2223 5016 2294 5070; x_wconf 90' lang='lat' dir='ltr'>de</span> 
     </span>
    </p>
   </div>
   <div class='ocr_carea' id='block_1_99' title="bbox 639 5102 2291 5175">
    <p class='ocr_par' dir='ltr' id='par_1_99' title="bbox 639 5102 2291 5175">
     <span class='ocr_line' id='line_1_99' title="bbox 639 5102 2291 5175; baseline 0 -18"><span class='ocrx_word' id='word_1_816' title='bbox 639 5102 787 5174; x_wconf 89' lang='lat' dir='ltr'>Tyro</span> <span class='ocrx_word' id='word_1_817' title='bbox 824 5119 836 5158; x_wconf 91' lang='lat'>:</span> <span class='ocrx_word' id='word_1_818' title='bbox 893 5105 1077 5175; x_wconf 88' lang='lat' dir='ltr'>Tyrus</span> <span class='ocrx_word' id='word_1_819' title='bbox 1109 5105 1300 5175; x_wconf 86' lang='lat' dir='ltr'>posita</span> <span class='ocrx_word' id='word_1_820' title='bbox 1329 5105 1387 5158; x_wconf 90' lang='lat' dir='ltr'>in</span> <span class='ocrx_word' id='word_1_821' title='bbox 1419 5105 1592 5159; x_wconf 91' lang='lat' dir='ltr'>corde</span> <span class='ocrx_word' id='word_1_822' title='bbox 1625 5105 1821 5159; x_wconf 87' lang='lat' dir='ltr'>maris.</span> <span class='ocrx_word' id='word_1_823' title='bbox 1862 5104 1948 5166; x_wconf 89' lang='lat' dir='ltr'>Illi</span> <span class='ocrx_word' id='word_1_824' title='bbox 1983 5103 2162 5175; x_wconf 89' lang='lat' dir='ltr'>igitur</span> <span class='ocrx_word' id='word_1_825' title='bbox 2191 5105 2291 5175; x_wconf 89' lang='lat' dir='ltr'>qui</span> 
     </span>
    </p>
   </div>
   <div class='ocr_carea' id='block_1_100' title="bbox 639 5192 2291 5264">
    <p class='ocr_par' dir='ltr' id='par_1_100' title="bbox 639 5192 2291 5264">
     <span class='ocr_line' id='line_1_100' title="bbox 639 5192 2291 5264; baseline 0.002 -19"><span class='ocrx_word' id='word_1_826' title='bbox 639 5192 804 5262; x_wconf 90' lang='lat' dir='ltr'>prius</span> <span class='ocrx_word' id='word_1_827' title='bbox 836 5198 1003 5249; x_wconf 90' lang='lat' dir='ltr'>erant</span> <span class='ocrx_word' id='word_1_828' title='bbox 1030 5193 1089 5248; x_wconf 91' lang='lat' dir='ltr'>in</span> <span class='ocrx_word' id='word_1_829' title='bbox 1123 5194 1290 5261; x_wconf 90' lang='lat' dir='ltr'>mari,</span> <span class='ocrx_word' id='word_1_830' title='bbox 1323 5197 1381 5248; x_wconf 90' lang='lat' dir='ltr'>et</span> <span class='ocrx_word' id='word_1_831' title='bbox 1420 5193 1694 5250; x_wconf 81' lang='lat' dir='ltr'>fluctibus</span> <span class='ocrx_word' id='word_1_832' title='bbox 1735 5194 2154 5257; x_wconf 90' lang='lat' dir='ltr'>tundebantur,</span> <span class='ocrx_word' id='word_1_833' title='bbox 2188 5210 2291 5264; x_wconf 92' lang='lat' dir='ltr'>po-</span> 
     </span>
    </p>
   </div>
   <div class='ocr_carea' id='block_1_101' title="bbox 641 5281 2286 5356">
    <p class='ocr_par' dir='ltr' id='par_1_101' title="bbox 641 5281 2286 5356">
     <span class='ocr_line' id='line_1_101' title="bbox 641 5281 2286 5356; baseline 0 -20"><span class='ocrx_word' id='word_1_834' title='bbox 641 5285 762 5336; x_wconf 89' lang='lat' dir='ltr'>stea</span> <span class='ocrx_word' id='word_1_835' title='bbox 793 5283 1008 5337; x_wconf 91' lang='lat' dir='ltr'>inventi</span> <span class='ocrx_word' id='word_1_836' title='bbox 1043 5288 1182 5338; x_wconf 90' lang='lat' dir='ltr'>sunt</span> <span class='ocrx_word' id='word_1_837' title='bbox 1212 5283 1268 5337; x_wconf 91' lang='lat' dir='ltr'>in</span> <span class='ocrx_word' id='word_1_838' title='bbox 1305 5283 1580 5339; x_wconf 89' lang='lat' dir='ltr'>Ecclesia.</span> <span class='ocrx_word' id='word_1_839' title='bbox 1634 5307 1653 5332; x_wconf 75' lang='grc' dir='ltr'>ι</span> <span class='ocrx_word' id='word_1_840' title='bbox 1693 5284 1757 5338; x_wconf 88' lang='lat' dir='ltr'>Et</span> <span class='ocrx_word' id='word_1_841' title='bbox 1789 5282 2040 5356; x_wconf 87' lang='lat' dir='ltr'>populus</span> <span class='ocrx_word' id='word_1_842' title='bbox 2073 5281 2286 5337; x_wconf 61' lang='lat' dir='ltr'>[Ethio-</span> 
     </span>
    </p>
   </div>
   <div class='ocr_carea' id='block_1_102' title="bbox 641 5371 2290 5444">
    <p class='ocr_par' dir='ltr' id='par_1_102' title="bbox 641 5371 2290 5444">
     <span class='ocr_line' id='line_1_102' title="bbox 641 5371 2290 5444; baseline -0.001 -18"><span class='ocrx_word' id='word_1_843' title='bbox 641 5387 803 5442; x_wconf 89' lang='lat' dir='ltr'>pum.</span> <span class='ocrx_word' id='word_1_844' title='bbox 845 5394 865 5420; x_wconf 68' lang='grc' dir='ltr'>ιι</span> <span class='ocrx_word' id='word_1_845' title='bbox 913 5371 1026 5427; x_wconf 87' lang='lat' dir='ltr'>Nos</span> <span class='ocrx_word' id='word_1_846' title='bbox 1060 5373 1354 5444; x_wconf 87' lang='lat' dir='ltr'>quondam</span> <span class='ocrx_word' id='word_1_847' title='bbox 1388 5373 1684 5444; x_wconf 56' lang='lat' dir='ltr'>{Ethiopes</span> <span class='ocrx_word' id='word_1_848' title='bbox 1718 5373 1957 5439; x_wconf 83' lang='lat' dir='ltr'>fuimus,</span> <span class='ocrx_word' id='word_1_849' title='bbox 1991 5371 2290 5440; x_wconf 57' lang='lat' dir='ltr'>{Ethiopes</span> 
     </span>
    </p>
   </div>
   <div class='ocr_carea' id='block_1_103' title="bbox 640 5460 2288 5533">
    <p class='ocr_par' dir='ltr' id='par_1_103' title="bbox 640 5460 2288 5533">
     <span class='ocr_line' id='line_1_103' title="bbox 640 5460 2288 5533; baseline -0.001 -20"><span class='ocrx_word' id='word_1_850' title='bbox 640 5460 794 5516; x_wconf 85' lang='lat' dir='ltr'>vitiis</span> <span class='ocrx_word' id='word_1_851' title='bbox 826 5466 1004 5532; x_wconf 89' lang='lat' dir='ltr'>atque</span> <span class='ocrx_word' id='word_1_852' title='bbox 1035 5463 1286 5532; x_wconf 89' lang='lat' dir='ltr'>peccatis</span> <span class='ocrx_word' id='word_1_853' title='bbox 1323 5478 1336 5517; x_wconf 89' lang='lat'>:</span> <span class='ocrx_word' id='word_1_854' title='bbox 1375 5462 1653 5533; x_wconf 89' lang='lat' dir='ltr'>quoniam</span> <span class='ocrx_word' id='word_1_855' title='bbox 1688 5467 1923 5533; x_wconf 87' lang='lat' dir='ltr'>peccata</span> <span class='ocrx_word' id='word_1_856' title='bbox 1953 5477 2058 5516; x_wconf 90' lang='lat' dir='ltr'>nos</span> <span class='ocrx_word' id='word_1_857' title='bbox 2090 5460 2288 5530; x_wconf 88' lang='lat' dir='ltr'>nigros</span> 
     </span>
    </p>
   </div>
   <div class='ocr_carea' id='block_1_104' title="bbox 646 5546 2290 5623">
    <p class='ocr_par' dir='ltr' id='par_1_104' title="bbox 646 5546 2290 5623">
     <span class='ocr_line' id='line_1_104' title="bbox 646 5546 2290 5623; baseline -0.001 -22"><span class='ocrx_word' id='word_1_858' title='bbox 646 5549 918 5620; x_wconf 86' lang='lat' dir='ltr'>fecerant,</span> <span class='ocrx_word' id='word_1_859' title='bbox 952 5554 1050 5607; x_wconf 92' lang='lat' dir='ltr'>sed</span> <span class='ocrx_word' id='word_1_860' title='bbox 1090 5558 1289 5623; x_wconf 90' lang='lat' dir='ltr'>postea</span> <span class='ocrx_word' id='word_1_861' title='bbox 1318 5552 1655 5606; x_wconf 87' lang='lat' dir='ltr'>audivimus</span> <span class='ocrx_word' id='word_1_862' title='bbox 1691 5568 1704 5605; x_wconf 73' lang='grc' dir='ltr'>ε</span> <span class='ocrx_word' id='word_1_863' title='bbox 1750 5551 2062 5611; x_wconf 80' lang='lat' dir='ltr'>Lavamini,</span> <span class='ocrx_word' id='word_1_864' title='bbox 2092 5546 2290 5602; x_wconf 85' lang='lat' dir='ltr'>mundi</span> 
     </span>
    </p>
   </div>
   <div class='ocr_carea' id='block_1_105' title="bbox 643 5639 2284 5710">
    <p class='ocr_par' dir='ltr' id='par_1_105' title="bbox 643 5639 2284 5710">
     <span class='ocr_line' id='line_1_105' title="bbox 643 5639 2284 5710; baseline -0.001 -20"><span class='ocrx_word' id='word_1_865' title='bbox 643 5642 810 5693; x_wconf 80' lang='lat' dir='ltr'>estote</span> <span class='ocrx_word' id='word_1_866' title='bbox 837 5641 967 5710; x_wconf 83' lang='lat' dir='ltr'>(Isa.</span> <span class='ocrx_word' id='word_1_867' title='bbox 1003 5659 1037 5705; x_wconf 76' lang='grc' dir='ltr'>ι,</span> <span class='ocrx_word' id='word_1_868' title='bbox 1075 5643 1184 5710; x_wconf 82' lang='grc'>16).</span> <span class='ocrx_word' id='word_1_869' title='bbox 1230 5643 1296 5696; x_wconf 87' lang='lat' dir='ltr'>Et</span> <span class='ocrx_word' id='word_1_870' title='bbox 1324 5641 1624 5696; x_wconf 85' lang='lat' dir='ltr'>diximus:</span> <span class='ocrx_word' id='word_1_871' title='bbox 1680 5639 1914 5695; x_wconf 84' lang='lat' dir='ltr'>Lavabis</span> <span class='ocrx_word' id='word_1_872' title='bbox 1961 5652 2066 5702; x_wconf 81' lang='lat' dir='ltr'>me,</span> <span class='ocrx_word' id='word_1_873' title='bbox 2099 5644 2148 5690; x_wconf 84' lang='lat' dir='ltr'>et</span> <span class='ocrx_word' id='word_1_874' title='bbox 2193 5651 2284 5690; x_wconf 86' lang='lat' dir='ltr'>su-</span> 
     </span>
    </p>
   </div>
   <div class='ocr_carea' id='block_1_106' title="bbox 1148 5685 1184 5711">
    <p class='ocr_par' dir='ltr' id='par_1_106' title="bbox 1148 5685 1184 5711">
     <span class='ocr_line' id='line_1_106' title="bbox 1148 5685 1184 5711; baseline 0 0"><span class='ocrx_word' id='word_1_875' title='bbox 1148 5685 1184 5711; x_wconf 58' lang='lat' dir='ltr'>II.</span> 
     </span>
    </p>
   </div>
   <div class='ocr_carea' id='block_1_107' title="bbox 643 5723 2280 5802">
    <p class='ocr_par' dir='ltr' id='par_1_107' title="bbox 643 5723 2280 5802">
     <span class='ocr_line' id='line_1_107' title="bbox 643 5723 2280 5802; baseline 0.001 -23"><span class='ocrx_word' id='word_1_876' title='bbox 643 5741 740 5798; x_wconf 85' lang='lat' dir='ltr'>per</span> <span class='ocrx_word' id='word_1_877' title='bbox 778 5728 960 5784; x_wconf 77' lang='lat' dir='ltr'>nivem</span> <span class='ocrx_word' id='word_1_878' title='bbox 1008 5729 1299 5792; x_wconf 76' lang='lat' dir='ltr'>dcalbabor</span> <span class='ocrx_word' id='word_1_879' title='bbox 1346 5731 1518 5802; x_wconf 79' lang='lat' dir='ltr'>(Psat.</span> <span class='ocrx_word' id='word_1_880' title='bbox 1553 5746 1604 5799; x_wconf 71' lang='grc' dir='ltr'><strong>ι,</strong></span> <span class='ocrx_word' id='word_1_881' title='bbox 1633 5729 1712 5801; x_wconf 82' lang='lat'>9).</span> <span class='ocrx_word' id='word_1_882' title='bbox 1745 5728 1859 5784; x_wconf 87' lang='lat' dir='ltr'>Nos</span> <span class='ocrx_word' id='word_1_883' title='bbox 1899 5739 2036 5797; x_wconf 85' lang='lat' dir='ltr'>ergo</span> <span class='ocrx_word' id='word_1_884' title='bbox 2064 5723 2280 5782; x_wconf 68' lang='lat' dir='ltr'>zEthio-</span> 
     </span>
    </p>
   </div>
   <div class='ocr_carea' id='block_1_108' title="bbox 2403 4728 4061 4823">
    <p class='ocr_par' dir='ltr' id='par_1_108' title="bbox 2403 4728 4061 4823">
     <span class='ocr_line' id='line_1_108' title="bbox 2403 4728 4061 4823; baseline -0.012 -22"><span class='ocrx_word' id='word_1_885' title='bbox 2403 4746 2598 4818; x_wconf 86' lang='lat' dir='ltr'>gimus</span> <span class='ocrx_word' id='word_1_886' title='bbox 2627 4739 2956 4814; x_wconf 89' lang='lat' dir='ltr'>apostolum</span> <span class='ocrx_word' id='word_1_887' title='bbox 2990 4737 3236 4792; x_wconf 86' lang='lat' dir='ltr'>Paulum</span> <span class='ocrx_word' id='word_1_888' title='bbox 3273 4751 3285 4790; x_wconf 92' lang='lat'>:</span> <span class='ocrx_word' id='word_1_889' title='bbox 3318 4731 3569 4823; x_wconf 86' lang='lat' dir='ltr'>legimus</span> <span class='ocrx_word' id='word_1_890' title='bbox 3600 4731 3856 4823; x_wconf 86' lang='lat' dir='ltr'>Petrum,</span> <span class='ocrx_word' id='word_1_891' title='bbox 3887 4729 3949 4784; x_wconf 86' lang='lat' dir='ltr'>et</span> <span class='ocrx_word' id='word_1_892' title='bbox 3972 4728 4061 4783; x_wconf 74' lang='lat' dir='ltr'>&#39;le-</span> 
     </span>
    </p>
   </div>
   <div class='ocr_carea' id='block_1_109' title="bbox 2404 4819 4058 4905">
    <p class='ocr_par' dir='ltr' id='par_1_109' title="bbox 2404 4819 4058 4905">
     <span class='ocr_line' id='line_1_109' title="bbox 2404 4819 4058 4905; baseline -0.011 -17"><span class='ocrx_word' id='word_1_893' title='bbox 2404 4834 2600 4905; x_wconf 88' lang='lat' dir='ltr'>gimus</span> <span class='ocrx_word' id='word_1_894' title='bbox 2630 4831 2797 4885; x_wconf 90' lang='lat' dir='ltr'>illum</span> <span class='ocrx_word' id='word_1_895' title='bbox 2825 4828 3111 4882; x_wconf 86' lang='lat' dir='ltr'>dicentem</span> <span class='ocrx_word' id='word_1_896' title='bbox 3141 4824 3267 4905; x_wconf 76' lang='lat' dir='ltr'>:An</span> <span class='ocrx_word' id='word_1_897' title='bbox 3297 4819 3733 4894; x_wconf 54' lang='lat' dir='ltr'>experimentum</span> <span class='ocrx_word' id='word_1_898' title='bbox 3765 4819 3880 4890; x_wconf 87' lang='lat' dir='ltr'>ejus</span> <span class='ocrx_word' id='word_1_899' title='bbox 3901 4832 4058 4905; x_wconf 33' lang='lat' dir='ltr'>quae?</span> 
     </span>
    </p>
   </div>
   <div class='ocr_carea' id='block_1_110' title="bbox 2405 4903 4061 4998">
    <p class='ocr_par' dir='ltr' id='par_1_110' title="bbox 2405 4903 4061 4998">
     <span class='ocr_line' id='line_1_110' title="bbox 2405 4903 4061 4998; baseline -0.01 -22"><span class='ocrx_word' id='word_1_900' title='bbox 2405 4903 2552 4987; x_wconf 60' lang='lat' dir='ltr'>ritis,</span> <span class='ocrx_word' id='word_1_901' title='bbox 2585 4921 2683 4990; x_wconf 84' lang='lat' dir='ltr'>qui</span> <span class='ocrx_word' id='word_1_902' title='bbox 2712 4921 2772 4971; x_wconf 87' lang='lat' dir='ltr'>in</span> <span class='ocrx_word' id='word_1_903' title='bbox 2811 4932 2898 4970; x_wconf 84' lang='lat' dir='ltr'>me</span> <span class='ocrx_word' id='word_1_904' title='bbox 2945 4904 3195 4986; x_wconf 74' lang='lat' dir='ltr'>loquitur</span> <span class='ocrx_word' id='word_1_905' title='bbox 3243 4912 3491 4967; x_wconf 75' lang='lat' dir='ltr'>Christus</span> <span class='ocrx_word' id='word_1_906' title='bbox 3539 4910 3610 4980; x_wconf 85' lang='grc'>(11</span> <span class='ocrx_word' id='word_1_907' title='bbox 3640 4909 3760 4966; x_wconf 85' lang='lat' dir='ltr'>Cor.</span> <span class='ocrx_word' id='word_1_908' title='bbox 3790 4923 3912 4973; x_wconf 83' lang='lat' dir='ltr'>xm,</span> 
     </span>
    </p>
   </div>
   <div class='ocr_carea' id='block_1_111' title="bbox 2405 4995 4066 5080">
    <p class='ocr_par' dir='ltr' id='par_1_111' title="bbox 2405 4995 4066 5080">
     <span class='ocr_line' id='line_1_111' title="bbox 2405 4995 4066 5080; baseline -0.011 -15"><span class='ocrx_word' id='word_1_909' title='bbox 2405 5011 2472 5066; x_wconf 89' lang='lat' dir='ltr'>Et</span> <span class='ocrx_word' id='word_1_910' title='bbox 2513 5008 2667 5080; x_wconf 91' lang='lat' dir='ltr'>quod</span> <span class='ocrx_word' id='word_1_911' title='bbox 2715 5004 2934 5062; x_wconf 90' lang='lat' dir='ltr'>Paulus</span> <span class='ocrx_word' id='word_1_912' title='bbox 2979 5002 3260 5076; x_wconf 90' lang='lat' dir='ltr'>loquitur,</span> <span class='ocrx_word' id='word_1_913' title='bbox 3291 5000 3552 5073; x_wconf 89' lang='lat' dir='ltr'>loquitur</span> <span class='ocrx_word' id='word_1_914' title='bbox 3599 4998 3883 5055; x_wconf 89' lang='lat' dir='ltr'>Christus.</span> <span class='ocrx_word' id='word_1_915' title='bbox 3935 4995 4066 5066; x_wconf 78' lang='lat' dir='ltr'>Qui</span> 
     </span>
    </p>
   </div>
   <div class='ocr_carea' id='block_1_112' title="bbox 2403 5083 4060 5166">
    <p class='ocr_par' dir='ltr' id='par_1_112' title="bbox 2403 5083 4060 5166">
     <span class='ocr_line' id='line_1_112' title="bbox 2403 5083 4060 5166; baseline -0.011 -11"><span class='ocrx_word' id='word_1_916' title='bbox 2403 5099 2566 5155; x_wconf 82' lang='lat' dir='ltr'>enim</span> <span class='ocrx_word' id='word_1_917' title='bbox 2600 5113 2692 5152; x_wconf 80' lang='lat' dir='ltr'>vos</span> <span class='ocrx_word' id='word_1_918' title='bbox 2738 5095 2949 5166; x_wconf 79' lang='lat' dir='ltr'>recipit,</span> <span class='ocrx_word' id='word_1_919' title='bbox 2980 5110 3068 5148; x_wconf 80' lang='lat' dir='ltr'>me</span> <span class='ocrx_word' id='word_1_920' title='bbox 3116 5093 3309 5162; x_wconf 82' lang='lat' dir='ltr'>recipit</span> <span class='ocrx_word' id='word_1_921' title='bbox 3358 5091 3568 5161; x_wconf 79' lang='lat' dir='ltr'>(Matth.</span> <span class='ocrx_word' id='word_1_922' title='bbox 3600 5107 3657 5151; x_wconf 89' lang='lat' dir='ltr'>x,</span> <span class='ocrx_word' id='word_1_923' title='bbox 3691 5087 3798 5156; x_wconf 81' lang='grc'>40).</span> <span class='ocrx_word' id='word_1_924' title='bbox 3853 5083 4060 5139; x_wconf 83' lang='grc' dir='ltr'>1)οωὶ-</span> 
     </span>
    </p>
   </div>
   <div class='ocr_carea' id='block_1_113' title="bbox 2402 5171 4066 5259">
    <p class='ocr_par' dir='ltr' id='par_1_113' title="bbox 2402 5171 4066 5259">
     <span class='ocr_line' id='line_1_113' title="bbox 2402 5171 4066 5259; baseline -0.01 -16"><span class='ocrx_word' id='word_1_925' title='bbox 2402 5205 2515 5243; x_wconf 92' lang='lat' dir='ltr'>nus</span> <span class='ocrx_word' id='word_1_926' title='bbox 2547 5202 2681 5259; x_wconf 90' lang='lat' dir='ltr'>ergo</span> <span class='ocrx_word' id='word_1_927' title='bbox 2734 5189 2930 5241; x_wconf 90' lang='lat' dir='ltr'>noster</span> <span class='ocrx_word' id='word_1_928' title='bbox 2961 5188 3135 5254; x_wconf 86' lang='lat' dir='ltr'>atque</span> <span class='ocrx_word' id='word_1_929' title='bbox 3165 5180 3424 5236; x_wconf 90' lang='lat' dir='ltr'>Salvator</span> <span class='ocrx_word' id='word_1_930' title='bbox 3453 5181 3653 5233; x_wconf 89' lang='lat' dir='ltr'>narrat</span> <span class='ocrx_word' id='word_1_931' title='bbox 3681 5173 3850 5232; x_wconf 91' lang='lat' dir='ltr'>nobis</span> <span class='ocrx_word' id='word_1_932' title='bbox 3877 5177 3936 5228; x_wconf 86' lang='lat' dir='ltr'>et</span> <span class='ocrx_word' id='word_1_933' title='bbox 3971 5171 4066 5227; x_wconf 85' lang='lat' dir='ltr'>lo-</span> 
     </span>
    </p>
   </div>
   <div class='ocr_carea' id='block_1_114' title="bbox 2402 5261 4062 5352">
    <p class='ocr_par' dir='ltr' id='par_1_114' title="bbox 2402 5261 4062 5352">
     <span class='ocr_line' id='line_1_114' title="bbox 2402 5261 4062 5352; baseline -0.009 -20"><span class='ocrx_word' id='word_1_934' title='bbox 2402 5276 2622 5349; x_wconf 90' lang='lat' dir='ltr'>quitur,</span> <span class='ocrx_word' id='word_1_935' title='bbox 2654 5275 2713 5330; x_wconf 89' lang='lat' dir='ltr'>in</span> <span class='ocrx_word' id='word_1_936' title='bbox 2763 5269 3069 5345; x_wconf 89' lang='lat' dir='ltr'>scripturis</span> <span class='ocrx_word' id='word_1_937' title='bbox 3099 5265 3430 5343; x_wconf 86' lang='lat' dir='ltr'>principum</span> <span class='ocrx_word' id='word_1_938' title='bbox 3471 5281 3732 5324; x_wconf 90' lang='lat' dir='ltr'>suorum.</span> <span class='ocrx_word' id='word_1_939' title='bbox 3792 5283 3819 5312; x_wconf 84' lang='lat'><strong>«</strong></span> <span class='ocrx_word' id='word_1_940' title='bbox 3851 5261 4062 5352; x_wconf 78' lang='lat' dir='ltr'>Domi-</span> 
     </span>
    </p>
   </div>
   <div class='ocr_carea' id='block_1_115' title="bbox 2400 5347 4053 5432">
    <p class='ocr_par' dir='ltr' id='par_1_115' title="bbox 2400 5347 4053 5432">
     <span class='ocr_line' id='line_1_115' title="bbox 2400 5347 4053 5432; baseline -0.011 -10"><span class='ocrx_word' id='word_1_941' title='bbox 2400 5347 2513 5422; x_wconf 79' lang='lat' dir='ltr'>nus</span> <span class='ocrx_word' id='word_1_942' title='bbox 2543 5363 2806 5421; x_wconf 87' lang='lat' dir='ltr'>narrabit</span> <span class='ocrx_word' id='word_1_943' title='bbox 2843 5362 2901 5418; x_wconf 89' lang='lat' dir='ltr'>in</span> <span class='ocrx_word' id='word_1_944' title='bbox 2941 5360 3256 5431; x_wconf 89' lang='lat' dir='ltr'>Scripturis</span> <span class='ocrx_word' id='word_1_945' title='bbox 3288 5354 3659 5432; x_wconf 89' lang='lat' dir='ltr'>populorum,</span> <span class='ocrx_word' id='word_1_946' title='bbox 3695 5377 3722 5404; x_wconf 86' lang='grc'>››</span> <span class='ocrx_word' id='word_1_947' title='bbox 3779 5352 3836 5408; x_wconf 91' lang='lat' dir='ltr'>in</span> <span class='ocrx_word' id='word_1_948' title='bbox 3886 5347 4053 5406; x_wconf 59' lang='grc' dir='ltr'>Βοὴ-ἰ-</span> 
     </span>
    </p>
   </div>
   <div class='ocr_carea' id='block_1_116' title="bbox 2399 5438 4051 5528">
    <p class='ocr_par' dir='ltr' id='par_1_116' title="bbox 2399 5438 4051 5528">
     <span class='ocr_line' id='line_1_116' title="bbox 2399 5438 4051 5528; baseline -0.008 -18"><span class='ocrx_word' id='word_1_949' title='bbox 2399 5455 2588 5528; x_wconf 90' lang='lat' dir='ltr'>pturis</span> <span class='ocrx_word' id='word_1_950' title='bbox 2620 5453 2856 5510; x_wconf 89' lang='lat' dir='ltr'>sanctis.</span> <span class='ocrx_word' id='word_1_951' title='bbox 2893 5453 3028 5516; x_wconf 67' lang='lat' dir='ltr'>Quae</span> <span class='ocrx_word' id='word_1_952' title='bbox 3059 5450 3358 5522; x_wconf 91' lang='lat' dir='ltr'>Scriptura</span> <span class='ocrx_word' id='word_1_953' title='bbox 3388 5444 3622 5520; x_wconf 91' lang='lat' dir='ltr'>populis</span> <span class='ocrx_word' id='word_1_954' title='bbox 3650 5438 3922 5500; x_wconf 88' lang='lat' dir='ltr'>omnibus</span> <span class='ocrx_word' id='word_1_955' title='bbox 3957 5439 4051 5496; x_wconf 87' lang='lat' dir='ltr'>le-</span> 
     </span>
    </p>
   </div>
   <div class='ocr_carea' id='block_1_117' title="bbox 2396 5528 4086 5618">
    <p class='ocr_par' dir='ltr' id='par_1_117' title="bbox 2396 5528 4086 5618">
     <span class='ocr_line' id='line_1_117' title="bbox 2396 5528 4086 5618; baseline -0.011 -19"><span class='ocrx_word' id='word_1_956' title='bbox 2396 5545 2576 5618; x_wconf 87' lang='lat' dir='ltr'>gitur,</span> <span class='ocrx_word' id='word_1_957' title='bbox 2608 5543 2716 5599; x_wconf 89' lang='lat' dir='ltr'>hoc</span> <span class='ocrx_word' id='word_1_958' title='bbox 2763 5545 2870 5608; x_wconf 88' lang='lat' dir='ltr'>est,</span> <span class='ocrx_word' id='word_1_959' title='bbox 2909 5545 2974 5594; x_wconf 85' lang='lat' dir='ltr'>ut</span> <span class='ocrx_word' id='word_1_960' title='bbox 3017 5556 3222 5595; x_wconf 91' lang='lat' dir='ltr'>omnes</span> <span class='ocrx_word' id='word_1_961' title='bbox 3270 5532 3620 5608; x_wconf 86' lang='lat' dir='ltr'>intelligant.</span> <span class='ocrx_word' id='word_1_962' title='bbox 3653 5531 3813 5599; x_wconf 90' lang='lat' dir='ltr'>Quod</span> <span class='ocrx_word' id='word_1_963' title='bbox 3869 5528 4048 5596; x_wconf 86' lang='lat' dir='ltr'>dicit,</span> <span class='ocrx_word' id='word_1_964' title='bbox 4083 5539 4086 5542; x_wconf 50' lang='grc' dir='ltr'>λ</span> 
     </span>
    </p>
   </div>
   <div class='ocr_carea' id='block_1_118' title="bbox 2402 5620 4054 5712">
    <p class='ocr_par' dir='ltr' id='par_1_118' title="bbox 2402 5620 4054 5712">
     <span class='ocr_line' id='line_1_118' title="bbox 2402 5620 4054 5712; baseline -0.01 -23"><span class='ocrx_word' id='word_1_965' title='bbox 2402 5634 2513 5690; x_wconf 89' lang='lat' dir='ltr'>hoc</span> <span class='ocrx_word' id='word_1_966' title='bbox 2543 5638 2632 5689; x_wconf 91' lang='lat' dir='ltr'>est</span> <span class='ocrx_word' id='word_1_967' title='bbox 2664 5651 2676 5687; x_wconf 91' lang='lat'>:</span> <span class='ocrx_word' id='word_1_968' title='bbox 2701 5631 2861 5686; x_wconf 89' lang='lat' dir='ltr'>Sicut</span> <span class='ocrx_word' id='word_1_969' title='bbox 2909 5629 3271 5702; x_wconf 90' lang='lat' dir='ltr'>scripserunt</span> <span class='ocrx_word' id='word_1_970' title='bbox 3300 5623 3660 5712; x_wconf 88' lang='lat' dir='ltr'>apostoli,sic</span> <span class='ocrx_word' id='word_1_971' title='bbox 3689 5625 3745 5677; x_wconf 90' lang='lat' dir='ltr'>et</span> <span class='ocrx_word' id='word_1_972' title='bbox 3772 5620 3895 5712; x_wconf 83' lang='lat' dir='ltr'>ipse</span> <span class='ocrx_word' id='word_1_973' title='bbox 3925 5623 4054 5674; x_wconf 79' lang='lat' dir='ltr'>Do-</span> 
     </span>
    </p>
   </div>
   <div class='ocr_carea' id='block_1_119' title="bbox 2395 5706 4054 5794">
    <p class='ocr_par' dir='ltr' id='par_1_119' title="bbox 2395 5706 4054 5794">
     <span class='ocr_line' id='line_1_119' title="bbox 2395 5706 4054 5794; baseline -0.01 -13"><span class='ocrx_word' id='word_1_974' title='bbox 2395 5723 2616 5794; x_wconf 85' lang='lat' dir='ltr'>minus,</span> <span class='ocrx_word' id='word_1_975' title='bbox 2642 5721 2752 5778; x_wconf 86' lang='lat' dir='ltr'>hoc</span> <span class='ocrx_word' id='word_1_976' title='bbox 2781 5723 2890 5788; x_wconf 90' lang='lat' dir='ltr'>est,</span> <span class='ocrx_word' id='word_1_977' title='bbox 2916 5713 3019 5792; x_wconf 86' lang='lat' dir='ltr'>per</span> <span class='ocrx_word' id='word_1_978' title='bbox 3049 5716 3360 5792; x_wconf 82' lang='lat' dir='ltr'>Evangelia</span> <span class='ocrx_word' id='word_1_979' title='bbox 3387 5730 3495 5775; x_wconf 84' lang='lat' dir='ltr'>sua</span> <span class='ocrx_word' id='word_1_980' title='bbox 3523 5707 3755 5772; x_wconf 86' lang='lat' dir='ltr'>locutus</span> <span class='ocrx_word' id='word_1_981' title='bbox 3785 5706 3892 5778; x_wconf 75' lang='lat' dir='ltr'>est,</span> <span class='ocrx_word' id='word_1_982' title='bbox 3915 5724 4054 5766; x_wconf 86' lang='lat' dir='ltr'>non</span> 
     </span>
    </p>
   </div>
  </div>
