4256 6578
262 455 423 524 1149

1439 464 1935 532 BBEVIARIUM
1978 464 2058 528 IN
2103 462 2487 527 PSALMOS.

3509 455 3668 519 1150

264 600 331 652 ut
360 595 530 667 pauci
562 595 974 670 intelligerent,
1006 599 1105 673 sed
1140 602 1204 654 ut
1232 615 1459 672 omnes,
1484 601 1642 657 Plato
1674 599 1911 672 scripsit
1937 609 1992 676 Α
2022 600 2179 658 Raab
2231 619 2244 658 :
2297 600 2398 656 illa
2444 599 2699 672 Babylon
2733 615 2745 653 :
2790 595 2892 653 illa
2922 612 3050 668 quas
3098 592 3436 652 divaricavit
3483 593 3662 665 pedes

266 685 324 741 in
353 686 663 760 scriptura,
697 689 796 744 sed
831 704 947 743 non
1000 688 1237 761 scripsit
1266 691 1520 762 populis,
1555 692 1654 747 sed
1686 690 1910 763 paucis.

261 775 369 830 Vix
417 777 572 832 enim
617 776 955 850 intelligunt
996 782 1114 833 tres
1166 778 1452 835 homines.
1492 780 1591 836 lsti
1622 796 1773 846 vero,
1808 780 1914 835 hoc

263 869 376 931 est,
427 865 721 937 principes
774 865 1048 922 Ecclesiae
1079 872 1138 922 et
1185 868 1479 940 principes
1527 869 1764 935 Christi,
1799 885 1911 924 non

265 953 628 1026 scripserunt
658 955 882 1026 paucis,
913 957 1013 1011 sed
1049 955 1318 1012 universo
1351 957 1585 1030 populo.
1608 981 1636 1008 ‹‹
1657 959 1723 1013 Et
1752 958 1911 1030 prin-

266 1042 507 1114 cipium,
537 1066 563 1092 »
593 1043 703 1100 hoc
733 1048 842 1108 est,
873 1045 1292 1116 apostolorum,
1314 1050 1369 1102 et
1398 1047 1910 1118 evangelistarum,

267 1154 290 1181 α
325 1132 534 1188 horum
579 1134 677 1205 qui
729 1134 966 1189 fuerunt
1015 1137 1072 1190 in
1104 1152 1191 1191 ea.
1230 1158 1256 1184 »
1287 1135 1486 1191 Videte
1535 1136 1673 1208 quid
1709 1136 1864 1191 dicat
1897 1153 1908 1188 :

271 1244 299 1270 «
334 1222 442 1288 Qui
495 1223 750 1291 fuerunt,
785 1246 811 1272 »
844 1241 958 1279 non
1006 1224 1106 1296 qui
1141 1230 1282 1279 sunt
1313 1241 1325 1279 :
1361 1229 1444 1295 ut,
1479 1225 1732 1297 exceptis
1783 1241 1915 1297 apo-

267 1311 459 1378 stolis,
492 1312 883 1384 quodcunque
915 1313 1074 1368 aliud
1107 1318 1308 1385 postea
1337 1315 1572 1380 dicitur,
1605 1315 1915 1370 abscinda-

263 1403 379 1469 tur,
414 1417 528 1455 non
561 1400 773 1456 habeat
802 1407 1006 1474 postea
1025 1403 1450 1458 auctoritatem.
1479 1404 1752 1469 Quamvis
1778 1420 1915 1475 ergo

264 1494 505 1544 sanctus
536 1489 612 1545 sit
654 1489 867 1562 aliquis
902 1496 1036 1562 post
1067 1491 1360 1563 apostolos
1391 1510 1404 1559 ;
1438 1493 1706 1564 quamvis
1737 1493 1915 1548 diser-

263 1584 360 1633 tus
392 1577 491 1648 sit,
525 1595 640 1634 non
675 1579 852 1636 habet
875 1580 1305 1636 auctoritatem.
1325 1582 1610 1647 Quoniam
1630 1582 1914 1638 Dominus

264 1672 464 1722 narrat
493 1667 552 1722 in
596 1668 887 1740 scriptura
940 1669 1312 1741 populorum,
1344 1676 1400 1726 et
1448 1671 1778 1743 principum
1812 1669 1913 1726 ho-

262 1771 394 1810 rum
428 1757 528 1828 qui
561 1756 797 1814 fuerunt
826 1759 884 1815 in
913 1775 1000 1814 ea.

339 1867 367 1895 «
398 1846 562 1902 Sicut
591 1845 914 1903 laatantium
948 1849 1234 1918 omnium,
1261 1849 1543 1905 habitatio
1575 1855 1665 1907 est
1695 1851 1750 1905 in
1787 1858 1914 1906 te.»

266 1935 556 2008 Propheta
589 1936 848 2008 loquitur
898 1937 968 1993 ad
999 1937 1340 2005 Ecclesiam,
1377 1943 1434 1994 et
1463 1939 1604 1994 dicit
1631 1940 1683 1994 ei
1717 1958 1728 1995 :
1764 1963 1792 1990 ‹‹
1825 1942 1912 1996 Si-

265 2028 363 2078 cut
393 2024 716 2081 lretantium
748 2027 1013 2082 omnium
1045 2027 1329 2083 habitatio
1351 2033 1440 2084 est
1469 2028 1525 2082 in
1555 2032 1630 2084 te.
1663 2051 1691 2079 »
1727 2031 1914 2095 Quare

264 2129 379 2168 non
413 2113 558 2168 dixit
589 2130 602 2169 :
638 2136 666 2164 «
703 2116 1042 2171 Laetantium
1089 2115 1352 2171 omnium
1401 2117 1682 2174 habitatio
1736 2123 1824 2174 est
1851 2119 1911 2174 in

264 2206 342 2270 te,
378 2224 406 2251 ››
440 2203 542 2257 sed
569 2202 739 2270 dixit,
780 2223 801 2252 α
835 2203 996 2259 Sicut
1044 2204 1361 2260 latentium
1414 2206 1725 2261 omnium?
1751 2229 1779 2257 »
1813 2207 1912 2262 Di-

264 2291 417 2346 citur
449 2291 509 2347 in
543 2292 656 2348 alio
704 2293 930 2364 psalmo
965 2311 977 2350 :
1009 2298 1080 2350 1η
1107 2295 1465 2350 convertenda
1495 2297 1757 2352 Dominus
1785 2289 1912 2368 cap-

265 2381 544 2436 tivitatem
564 2381 715 2446 Sion,
741 2381 885 2454 facti
901 2399 1094 2436 sumus
1113 2385 1253 2438 sicut
1272 2384 1536 2438 consolati
1551 2385 1722 2453 (Psal.
1746 2401 1910 2455 cxxv,

262 2470 360 2536 ‘1);
393 2472 450 2524 et
478 2485 593 2524 non
649 2469 814 2536 dixit,
849 2470 1150 2527 consolati.
1186 2471 1279 2526 Sic
1328 2475 1384 2526 et
1415 2471 1472 2525 in
1522 2472 1634 2528 isto
1665 2472 1788 2529 loco
1819 2474 1912 2528 di-

265 2556 344 2612 cit
376 2573 388 2611 :
422 2580 451 2607 «
482 2557 643 2613 Sicut
677 2558 1000 2615 laetantium
1048 2559 1314 2616 omnium
1344 2559 1625 2616 habitatio
1679 2561 1739 2616 in
1770 2568 1845 2616 te.
1881 2583 1909 2611 »

266 2646 385 2704 Hoc
414 2650 600 2702 totum
643 2664 823 2719 quare
855 2648 1045 2704 dixit?
1075 2650 1358 2716 Quoniam
1409 2650 1468 2704 in
1501 2651 1772 2721 prementi
1807 2668 1912 2705 sae-

267 2735 398 2791 culo
424 2737 692 2807 quamvis
714 2737 927 2810 aliquis
949 2745 1188 2795 sanctus
1209 2740 1306 2812 sit,
1331 2742 1601 2813 quamvis
1623 2743 1916 2798 renuntiet

266 2824 499 2892 saeculo,
546 2842 660 2881 non
713 2826 889 2882 habet
927 2828 1242 2898 perfectam
1298 2830 1621 2888 victoriam.
1656 2831 1914 2901 Denique

264 2913 481 2969 dicitur
507 2913 566 2969 in
599 2915 905 2992 Evangelia
932 2932 944 2970 :
979 2920 1141 2973 Beati
1159 2921 1256 2990 qui
1284 2920 1490 2990 lugent,
1519 2921 1778 2992 quoniam
1805 2922 1916 2990 ipsi

264 3003 696 3059 consolabuntur
732 3005 944 3074 (Matth.
975 3023 1030 3076 v,
1060 3008 1138 3075 5).
1171 3006 1228 3061 Si
1277 3013 1469 3064 autem
1521 3007 1744 3064 dictum
1775 3012 1864 3064 est
1897 3026 1911 3064 :

263 3093 427 3147 Beati
455 3095 550 3163 qui
591 3095 742 3162 ﬂent,
774 3095 1038 3166 quoniam
1067 3097 1180 3166 ipsi
1226 3096 1480 3152 ridebunt
1507 3097 1658 3168 (Luc.
1690 3114 1767 3165 v1,
1799 3097 1912 3167 21),

266 3180 647 3234 manifestum
683 3187 792 3249 est,
827 3182 1107 3253 quoniam
1140 3183 1198 3238 in
1232 3185 1502 3256 prmsenti
1557 3185 1768 3240 saeculo
1797 3202 1912 3240 non

266 3272 357 3323 est
385 3270 545 3322 certa
573 3257 776 3323 laetitia
808 3285 821 3322 :
867 3286 1003 3342 ergo
1033 3269 1234 3326 laetitia
1283 3275 1484 3328 nostra
1513 3272 1683 3343 quasi
1712 3272 1915 3328 laetitia

267 3357 376 3409 est.
415 3376 435 3402 ι
483 3353 770 3411 Habitatio
803 3357 862 3411 in
894 3338 968 3412 te.
1004 3380 1032 3407 ››
1064 3358 1267 3414 Videte
1315 3359 1456 3431 quid
1505 3338 1678 3423 dicat,
1714 3363 1779 3414 ut
1807 3359 1909 3414 ali-
1943 3338 1986 3405 C

268 3441 402 3513 quis
434 3460 739 3515 nunquam
771 3446 1005 3501 recedat
1022 3446 1094 3502 ab
1125 3446 1399 3503 Ecclesia.
1422 3447 1578 3502 Scire
1608 3448 1908 3516 debemus,

153 3574 160 3575 κ
270 3531 546 3601 quoniam
579 3533 733 3604 quod
767 3533 1131 3605 interpretati
1163 3551 1371 3591 sumus
1401 3537 1472 3591 de
1496 3535 1771 3602 Ecclesia,
1805 3551 1912 3608 po-

269 3622 385 3674 test
413 3623 468 3674 et
499 3619 749 3693 intelligi
780 3622 850 3677 de
904 3623 1100 3678 anima
1129 3627 1346 3678 nostra.
1381 3624 1440 3678 Si
1472 3625 1627 3680 enim
1655 3623 1790 3680 Sion
1822 3624 1911 3679 in-

267 3711 620 3780 terpretatur
658 3711 898 3782 specula,
929 3711 1130 3766 anima
1176 3715 1370 3768 autem
1403 3717 1622 3781 nostra,
1656 3729 1770 3768 non
1804 3713 1909 3769 ali-

265 3800 375 3864 ter,
411 3797 523 3852 nisi
567 3814 798 3871 semper
845 3798 1196 3856 sublimiora
1243 3800 1573 3858 considerat
1605 3818 1618 3856 :
1651 3817 1784 3858 vera
1807 3803 1910 3860 Ec-

267 3884 446 3942 clesia
474 3903 675 3942 verum
725 3888 1010 3960 templum
1041 3889 1254 3944 Christi
1285 3907 1402 3946 non
1433 3894 1540 3962 est,
1573 3890 1685 3946 nisi
1717 3890 1915 3946 anima

267 3973 548 4030 humana.
582 3975 838 4033 Ecclesia
865 3977 1074 4034 Christi
1127 3995 1237 4034 non
1272 3982 1360 4034 est
1401 3977 1535 4046 alia,
1571 3979 1684 4035 nisi
1717 3980 1915 4036 anima

265 4063 630 4119 credentium
663 4065 721 4120 in
746 4065 1066 4121 Christum.
1096 4068 1209 4133 Vos,
1242 4067 1454 4138 inquit,
1489 4070 1616 4123 estis
1647 4069 1914 4140 templum

264 4153 383 4217 Dei,
413 4160 464 4208 et
501 4153 732 4223 spiritus
763 4155 861 4208 Dei
909 4155 1119 4210 habitat
1169 4157 1229 4209 in
1281 4155 1426 4211 vobis
1456 4155 1503 4227 (Ι
1522 4158 1647 4213 Cor.
1682 4174 1765 4224 III,
1800 4156 1907 4230 1‘6).

265 4261 294 4289 ‹‹
327 4240 732 4296 Fundamenta
757 4242 883 4312 ejus
915 4242 974 4296 in
1005 4243 1305 4299 montibus
1336 4243 1574 4312 sanctis,
1601 4266 1628 4293 »
1660 4244 1768 4300 hoc
1799 4251 1906 4316 est,

264 4328 366 4385 Dei
397 4328 781 4385 fundamenta
802 4346 917 4384 non
941 4334 1098 4398 sunt,
1123 4331 1236 4387 nisi
1257 4331 1317 4387 in
1344 4333 1644 4390 montibus
1667 4335 1905 4402 sanctis,

262 4418 324 4472 in
358 4417 732 4490 dogmatibus
764 4417 970 4474 animm
998 4419 1309 4475 credentis.
1334 4443 1362 4470 «
1398 4420 1595 4494 Diligit
1622 4421 1908 4479 Dominus

263 4512 464 4580 portas
491 4506 649 4564 Sion.
687 4529 714 4556 ››
747 4507 929 4563 Habet
957 4507 1096 4563 Sion
1138 4513 1341 4564 nostra
1370 4509 1658 4581 plurimas
1687 4516 1905 4584 portas,

269 4613 415 4668 quas
445 4596 495 4652 si
542 4595 903 4668 aperuimus,
937 4596 1263 4669 ingreditur
1292 4599 1365 4654 ad
1407 4616 1512 4654 nos
1544 4615 1819 4671 sponsus,
1851 4605 1908 4656 et

2021 708 2158 746 suos
2207 690 2365 746 omni
2413 689 2760 757 transeunti,
2793 688 3116 744 secundum
3149 685 3406 742 Ezechiel
3437 683 3656 757 (Επειδὴ.

2020 797 2134 846 XVI,
2162 782 2254 848 ‘25)
2287 797 2300 834 :
2335 778 2436 836 illa
2461 779 2734 834 meretrix
2765 778 2812 832 si
2839 776 3104 841 voluerit,
3126 775 3286 847 virgo
3317 777 3553 846 repente
3582 773 3663 828 ef-

2023 871 2234 926 ficitur.
2266 869 2440 940 Virgo
2472 869 2557 936 ﬁt,
2575 873 2632 923 et
2660 867 2914 938 concipit
2935 865 3147 921 Filium
3168 863 3290 930 Dei,
3315 868 3372 919 et
3397 867 3657 936 generat.

2023 965 2064 1012 A
2098 961 2306 1015 timore
2333 963 2454 1026 tuo,
2477 958 2743 1026 Domine,
2767 955 3161 1027 concepimus,
3193 957 3250 1010 et
3275 952 3658 1024 parturimus,

2021 1049 2293 1120 spiritum
2325 1047 2534 1103 salutis
2570 1051 2682 1101 tuae
2712 1045 2959 1101 fecimus
2989 1059 3166 1116 super
3193 1046 3430 1098 terram.
3460 1041 3663 1096 Videte

2021 1153 2178 1209 ergo,
2211 1136 2486 1207 quoniam
2520 1135 2620 1190 illa
2648 1134 2923 1190 meretrix
2953 1151 2986 1188 a
3017 1139 3128 1188 Deo
3160 1132 3424 1203 concepit
3452 1134 3508 1186 et
3537 1147 3665 1202 par-

2023 1225 2230 1280 turivit
2275 1225 2629 1280 Salvatorem
2667 1241 2678 1278 :
2712 1223 2991 1293 Spiritum
3024 1221 3233 1276 salutis
3272 1225 3386 1274 tute
3421 1219 3663 1275 fecimus

2022 1331 2198 1385 super
2247 1317 2482 1368 terram.
2517 1313 2662 1385 Ergo
2710 1312 2909 1368 anima
2957 1315 3158 1366 nostra
3200 1308 3302 1364 illa
3351 1308 3529 1377 Raab,
3567 1307 3666 1362 illa

2024 1402 2319 1471 meretrix,
2353 1405 2540 1473 potest
2590 1403 2892 1473 concipere
2921 1407 2978 1456 et
3032 1415 3233 1472 parere
3282 1396 3660 1453 Salvatorem.

2031 1512 2058 1544 α
2090 1492 2160 1546 Et
2189 1491 2364 1546 homo
2396 1495 2570 1546 natus
2601 1495 2691 1546 est
2721 1491 2777 1545 in
2810 1507 2893 1546 ea.
2918 1512 2939 1538 ι
2979 1489 3036 1545 Si
3060 1487 3372 1556 voluimus,
3403 1483 3664 1557 quotidie

2025 1579 2286 1635 nascitur
2332 1579 2618 1636 Christus.
2650 1584 2759 1634 Per
2811 1578 3074 1650 singulas
3120 1576 3362 1631 virtutes
3408 1572 3666 1629 nascitur

2023 1667 2311 1725 Christus.
2358 1667 2418 1724 Si
2465 1669 2620 1723 enim
2669 1668 2934 1724 Christus
2963 1666 3064 1722 Dei
3109 1666 3294 1720 virtus
3341 1668 3398 1719 et
3435 1662 3535 1719 Dei
3566 1679 3664 1718 sa-

2024 1757 2243 1830 pientia
2269 1763 2378 1824 est,
2413 1757 2748 1830 quicunque
2775 1757 3046 1812 virtutem
3080 1755 3238 1819 facit,
3269 1753 3544 1809 virtutem
3576 1768 3669 1824 ge-

2025 1851 2208 1902 nerat.
2235 1870 2264 1896 α
2287 1848 2355 1902 Et
2385 1847 2509 1918 ipse
2535 1847 2798 1902 fundavit
2827 1862 2954 1902 eam
2977 1844 3336 1900 Altissimus.
3364 1863 3391 1892 »
3415 1843 3542 1913 Ipse
3565 1841 3664 1912 qui

2026 1936 2287 1992 nascitur
2334 1936 2395 1992 in
2425 1941 2483 1992 te
2515 1954 2528 1991 :
2561 1937 2686 2008 ipse
2735 1935 3183 1992 fundamentum
3216 1933 3316 1988 dat
3361 1931 3498 1987 Sion
3528 1933 3662 1984 tuas.

2024 2048 2053 2074 «
2085 2025 2367 2082 Dominus
2397 2026 2657 2082 narrabit
2687 2026 2745 2080 in
2777 2025 3066 2096 scriptura
3093 2021 3462 2094 populorum.
3499 2022 3667 2073 »Μει-

2026 2113 2303 2170 nifestum
2334 2120 2444 2179 est,
2477 2115 2754 2185 quoniam
2801 2114 2955 2184 quod
3005 2111 3286 2167 Dominus
3314 2108 3575 2180 loquitur
3602 2107 3663 2161 in

2024 2202 2348 2274 Scriptura,
2382 2199 2528 2258 nulli
2560 2204 2641 2258 ita
2678 2201 2938 2274 loquitur
2969 2200 3260 2272 quomodo
3291 2198 3448 2254 Sion.
3480 2197 3550 2251 Et
3575 2199 3664 2250 ta-

2023 2307 2157 2346 men
2188 2309 2322 2347 cum
2354 2292 2470 2348 ista
2499 2292 2699 2347 omnia
2729 2291 2945 2347 iuerint
2976 2309 2988 2346 :
3023 2306 3156 2345 cum
3187 2292 3362 2344 natus
3397 2284 3574 2341 fuerit
3603 2284 3660 2338 in

2022 2395 2090 2434 ea
2127 2380 2413 2449 Christus,
2450 2397 2564 2435 non
2611 2385 2701 2435 est
2729 2383 2886 2435 certa
2915 2383 2974 2433 et
3021 2394 3226 2432 secura
3273 2374 3528 2439 vicioria,
3563 2371 3664 2427 sed

2023 2485 2255 2541 semper
2280 2469 2340 2524 in
2372 2468 2626 2540 periculo
2671 2486 2899 2524 sumus.
2935 2491 2961 2518 «
2994 2466 3153 2522 Sicut
3184 2464 3507 2520 laetantium
3539 2478 3662 2518 om-

2023 2557 2187 2612 nium
2237 2556 2520 2612 habitatio
2567 2561 2656 2613 est
2683 2557 2743 2612 in
2773 2562 2850 2612 te.
2887 2581 2908 2610 ι
2946 2555 3053 2620 Qui
3083 2555 3251 2610 laetus
3297 2557 3406 2620 est,
3438 2568 3508 2607 ex
3536 2552 3666 2623 ipsa

2022 2645 2315 2701 hilaritate
2345 2662 2588 2701 securus
2618 2650 2726 2702 est.
2761 2645 2868 2712 Qui
2910 2649 3104 2700 autem
3137 2658 3381 2698 securus
3409 2645 3516 2707 est,
3553 2639 3664 2695 cito

2021 2734 2328 2806 decipitur.
2362 2735 2470 2800 Qui
2502 2739 2698 2790 autem
2750 2733 2993 2788 insidias
3026 2729 3382 2798 reformidat,
3416 2727 3528 2782 cito
3558 2743 3664 2798 po-

2021 2828 2136 2878 test
2183 2824 2442 2890 evadere,
2477 2827 2787 2896 przestante
2840 2822 3106 2888 Domino,
3141 2820 3234 2875 cui
3271 2822 3360 2874 est
3387 2816 3574 2890 gloria
3603 2816 3662 2871 in

2024 2913 2237 2968 sucula
2267 2913 2632 2968 saeculorum.
2663 2914 2868 2968 Amen.
3119 2918 3124 2925 ‘

2512 3001 2832 3057 PSALMUS
2873 2998 3185 3056 LXXXVII.

2027 3089 2555 3169 Ca_nti_cum_Psalmi
2573 3091 2716 3169 ﬁliis
2747 3090 3015 3169 Coi-eain
3043 3089 3209 3169 tinent
3233 3102 3333 3157 pro
3361 3086 3662 3169 Diahatuth,
3712 3151 3720 3158 Α

2095 3163 2231 3231 ΙαιΙι,
2263 3162 2332 3217 ad
2354 3158 2789 3234 respondentium
2813 3161 3123 3234 intellectus
3144 3160 3347 3234 Heman
3374 3158 3661 3234 Israelita).

2096 3229 2223 3289 Iste
2237 3229 2502 3304 psalmus
2535 3233 2825 3304 passionis
2858 3231 3172 3304 Dom-inicaa
3193 3229 3459 3304 continet
3477 3245 3666 3284 sacra-

2096 3299 2312 3374 menta,
2337 3321 2404 3359 ea
2432 3299 2730 3374 proferens
2761 3319 2946 3374 usque
2977 3303 3046 3357 ad
3073 3299 3660 3374 consummationem,

2094 3392 2221 3442 quae
2251 3349 2404 3431 idem
2432 3349 2726 3430 Dominus
2756 3349 2967 3446 passus
2998 3389 3100 3444 pro
3134 3372 3335 3426 mundi
3371 3371 3561 3426 salute
3590 3371 3661 3426 ad

2094 3446 2322 3500 Patrem
2353 3445 2584 3501 locutus
2614 3449 2720 3501 est.

2095 3555 2121 3581 ‹‹
2151 3534 2393 3588 Domine
2442 3539 2593 3590 Deus
2637 3532 2845 3589 salutis
2886 3548 3048 3598 meae,
3083 3533 3140 3587 in
3191 3530 3284 3586 die
3332 3529 3597 3586 clamavi.
3633 3552 3660 3579 »

2024 3623 2086 3677 In
2118 3621 2221 3677 illa
2244 3621 2507 3678 claritate
2536 3626 2731 3678 tecum
2763 3623 2980 3694 degens
2995 3637 3172 3693 quam
3203 3635 3433 3692 semper
3446 3618 3661 3674 habui:

2021 3710 2424 3782 pmnitentiam
2465 3711 2698 3784 populis
2728 3711 3052 3782 praedicavi.
3087 3731 3115 3759 ‹‹
3144 3709 3214 3764 Et
3258 3712 3426 3765 nocte
3466 3723 3661 3764 coram

2021 3803 2096 3855 te.
2133 3821 2160 3849 »
2192 3801 2347 3855 Inter
2377 3801 2650 3856 tenebras
2680 3801 3038 3856 Judaaorum.

2093 3911 2121 3937 «
2152 3889 2331 3945 Intret
2359 3889 2417 3944 in
2451 3893 2760 3961 conspectu
2789 3893 2890 3944 tuo
2911 3887 3094 3944 oratio
3125 3905 3254 3943 mea
3279 3906 3291 3955 ;
3325 3885 3542 3942 inclina
3566 3903 3662 3941 au-

2021 3994 2143 4033 rem
2175 3981 2336 4033 tuam
2376 3978 2449 4032 ad
2498 3995 2727 4049 precem
2760 3993 2972 4033 meam.
3008 3999 3036 4025 »
3068 3977 3252 4040 Quam
3301 3975 3359 4030 in
3391 3975 3499 4030 hoc
3529 3989 3659 4030 cor-

2022 4082 2161 4137 pore
2193 4065 2420 4136 positus
2459 4066 2768 4137 profundo.

2091 4176 2120 4203 «
2152 4154 2299 4216 Quia
2328 4154 2550 4225 repleta
2579 4157 2668 4210 est
2718 4153 2891 4210 malis
2922 4154 3118 4210 anima
3167 4170 3314 4210 mea.
3339 4173 3367 4202 »
3399 4149 3658 4208 Peccatis

2019 4241 2219 4315 populi
2267 4241 2586 4314 pereuntis.
2620 4265 2648 4292 ι(
2681 4247 2747 4297 Et
2774 4242 2867 4298 via
2918 4259 3049 4298 mea
3079 4243 3139 4298 in
3177 4242 3402 4298 inferno
3455 4259 3659 4315 appro-

2019 4330 2344 4403 pinquavit.
2383 4354 2402 4381 ο
2439 4335 2580 4386 Cum
2615 4348 2716 4402 pro
2747 4331 2838 4386 his
2870 4331 2968 4403 qui
3001 4335 3267 4402 pereunt,
3298 4323 3528 4387 trador.-

2094 4439 2121 4471 α
2140 4420 2480 4477 Estimatus
2503 4437 2635 4476 sum
2658 4437 2791 4475 cum
2813 4420 3300 4476 descendentibus
3321 4420 3382 4475 in
3404 4419 3652 4476 lacum.»

2016 4509 2179 4565 Sicut
2219 4509 2475 4582 reliquos
2517 4514 2848 4582 peccatores
2878 4525 2972 4565 me
3011 4509 3068 4564 in
3119 4513 3365 4565 mortem
3396 4511 3657 4582 redigere

2016 4599 2280 4656 arbitrati
2310 4604 2450 4654 sunt
2483 4614 2494 4654 :
2529 4615 2632 4654 nec
2654 4614 2964 4670 resurgere
2983 4597 3373 4655 crediderunt.
3395 4622 3422 4649 ‹‹
3445 4599 3655 4656 Factus

266 4685 484 4740 dormit
507 4685 832 4741 nobiscum.
869 4685 1128 4756 Denique
1166 4686 1291 4758 ipse
1323 4686 1464 4742 dicit
1495 4703 1507 4742 :
1545 4690 1673 4744 Ecce
1701 4704 1794 4759 ego
1822 4694 1910 4746 sto
1938 4699 1985 4765 Β
2016 4703 2149 4742 sum
2200 4688 2354 4742 sicut
2400 4687 2574 4743 homo
2622 4687 2748 4743 sine
2795 4687 3104 4756 adjutorio.
3142 4709 3171 4738 »
3210 4689 3354 4744 Cum
3402 4705 3517 4744 non
3567 4694 3657 4745 est

264 4777 393 4829 ante
421 4775 644 4844 ostium,
666 4782 717 4829 et
741 4775 935 4846 pulso:
954 4775 1015 4830 Si
1043 4776 1163 4846 quis
1194 4777 1336 4832 mihi
1363 4779 1658 4848 aperuerit,
1679 4779 1907 4834 intrabo

263 4871 318 4919 et
345 4863 561 4918 ccenabo
603 4879 728 4919 cum
778 4865 894 4935 ipso
946 4864 1130 4936 (Apoc.
1162 4882 1244 4931 ιιι,
1277 4866 1388 4936 20).
1440 4865 1702 4922 Gloriosa
1749 4867 1907 4922 dicta

264 4955 406 5007 sunt
454 4952 532 5006 de
568 4955 642 5018 te,
676 4951 877 5007 civitas
926 4952 1045 5007 Dei.
1079 4972 1105 5004 υ
1160 4953 1372 5010 Civitas
1417 4971 1534 5010 non
1581 4959 1670 5010 est
1718 4972 1904 5011 unum

262 5038 597 5108 aediﬁcium,
629 5039 729 5094 sed
760 5037 820 5094 in
849 5039 1051 5096 multis
1099 5040 1362 5097 aediﬁciis
1410 5041 1700 5100 consistit.
1732 5043 1823 5098 Sic
1851 5047 1908 5099 et

259 5127 394 5184 Sion
445 5130 664 5196 nostra,
698 5127 811 5184 nisi
859 5127 1057 5200 plures
1087 5129 1332 5186 virtutes
1381 5129 1673 5202 habuerit,
1707 5132 1906 5188 civitas

261 5218 360 5273 Dei
391 5234 507 5274 non
531 5216 666 5273 erit.
699 5239 727 5266 «
761 5216 983 5274 Memor
1001 5235 1098 5274 ero
1132 5219 1290 5275 Raab
1307 5223 1365 5275 et
1394 5220 1698 5292 Babylonis
1716 5221 1904 5277 scien-

245 5308 411 5364 tium
453 5322 566 5362 me.
600 5325 627 5358 ι)
664 5303 770 5361 Illa
816 5321 942 5376 quae
991 5308 1287 5378 quondam
1336 5312 1459 5364 erat
1489 5309 1547 5364 in
1596 5308 1906 5366 latitudine

261 5401 656 5469 peccatorum,
707 5395 971 5452 ascendit
1027 5400 1229 5468 postea
1281 5396 1339 5452 in
1390 5398 1731 5454 memoriam
1787 5399 1902 5454 Dei.

260 5507 290 5536 «
325 5484 622 5557 Numquid
655 5483 794 5540 Sion
825 5483 977 5541 dicet
1006 5483 1201 5554 homo,
1235 5490 1292 5542 et
1320 5486 1494 5543 homo
1527 5492 1698 5542 natus
1729 5492 1818 5562 est
1846 5489 1905 5544 in

262 5591 330 5631 ea
356 5573 384 5628 ?
418 5595 444 5620 »
480 5573 621 5628 Rem
652 5571 816 5628 vobis
847 5572 1058 5628 miram
1107 5573 1351 5646 loquor;
1385 5576 1486 5630 sed
1515 5592 1734 5632 veram.
1767 5567 1904 5632 Sion

261 5665 462 5720 nostra
483 5661 540 5716 in
566 5678 685 5733 qua
708 5660 1060 5733 aliquotiens
1081 5661 1418 5738 alienigene
1442 5669 1598 5738 sunt,
1618 5669 1674 5722 et
1695 5666 1904 5739 Tyrus,

262 5748 668 5824 et‘IEthiopes
717 5749 884 5809 :~illa
927 5750 1167 5824 specula
1211 5753 1378 5812 :villa
1424 5754 1698 5813 meretrix
1745 5773 1760 5815 :
1805 5753 1909 5815 illa

2015 4774 2271 4856 libertati
2321 4791 2459 4830 mea:
2508 4775 2702 4831 socius
2748 4775 2809 4830 in
2856 4774 3083 4831 inferno
3118 4794 3130 4832 :
3164 4791 3268 4833 nec
3320 4778 3554 4849 adjutor
3582 4779 3654 4835 ad

2015 4862 2404 4920 liberandum.
2439 4886 2466 4913 «
2504 4865 2656 4920 Inter
2703 4869 2965 4920 mortuos
3004 4864 3169 4922 liber.
3204 4888 3232 4916 »
3263 4867 3442 4922 Nemo
3473 4883 3564 4923 me
3593 4869 3652 4922 in

2014 4953 2240 5009 inferno
2278 4952 2460 5008 vinxit
2513 4971 2525 5008 :
2572 4954 2671 5008 sed
2703 4969 2808 5024 ego
2853 4953 3175 5011 vinctorum
3228 4960 3489 5012 catenam
3523 4973 3653 5028 pro-

2016 5043 2144 5115 pria
2171 5040 2383 5097 virtute
2414 5041 2622 5098 laxavi.

2089 5153 2116 5182 ‹‹
2149 5130 2311 5187 Sicut
2341 5129 2625 5187 vulnerati
2655 5132 3012 5189 dormientes
3040 5132 3099 5187 in
3142 5132 3426 5205 sepulcris
3464 5151 3476 5187 :
3511 5151 3653 5206 quo-

2016 5238 2146 5278 rum
2187 5238 2301 5277 non
2352 5237 2414 5276 es
2445 5237 2669 5276 memor
2714 5220 2986 5293 amplius.
3023 5244 3045 5273 ι
3085 5222 3247 5278 Sicut
3294 5222 3486 5278 satiati
3517 5223 3656 5279 divi-

2015 5311 2113 5366 tiis
2147 5309 2362 5376 saeculi,
2395 5314 2452 5366 et
2481 5309 2539 5364 in
2586 5310 2806 5382 stupris
2837 5315 3010 5381 atque
3054 5310 3532 5368 obscoenitatibus
3564 5330 3654 5368 se-

2017 5399 2186 5472 pulti,
2221 5417 2255 5455 a
2301 5403 2355 5454 te
2406 5416 2519 5455 non
2573 5403 2988 5467 memorantur,
3024 5400 3104 5455 ita
3132 5401 3198 5456 'et
3246 5414 3351 5473 ego
3403 5417 3437 5456 a
3484 5403 3654 5458 corde

2016 5492 2220 5560 raptus
2263 5503 2395 5544 sum
2424 5487 2776 5543 Iudaeorum.
2809 5509 2835 5537 «
2868 5487 2934 5542 Et
2982 5488 3094 5560 ipsi
3124 5489 3194 5544 de
3224 5505 3403 5546 manu
3434 5493 3535 5547 tua
3567 5507 3654 5548 re-

2015 5576 2172 5650 pulsi
2203 5581 2360 5633 sunt.
2394 5596 2419 5628 ι)
2460 5580 2504 5630 Α
2533 5575 2748 5632 virtute
2777 5580 2878 5632 tua
2907 5579 3179 5648 separati.

2089 5688 2117 5715 ‹‹
2152 5666 2480 5721 Posuerunt
2525 5681 2618 5720 me
2667 5667 2727 5721 in
2760 5664 2887 5721 lacu
2935 5665 3214 5723 inferiori.
3247 5688 3276 5716 »
3307 5669 3449 5725 Cum
3479 5668 3654 5728 latro-

2018 5754 2192 5816 nibus
2223 5759 2280 5814 et
2307 5753 2709 5829 peccatoribus
2748 5753 3031 5814 obnoxiis.
3066 5779 3094 5809 «
3129 5757 3193 5814 In
3222 5757 3476 5818 tenebris
3505 5763 3564 5818 et
3588 5759 3653 5820 in
