4256 6584
599 421 752 500 4154

2090 449 2510 512 APPENDIX.

3857 409 4032 516 nisi

596 573 810 628 umbra
854 573 1084 631 mortis.
1123 599 1142 625 η
1177 577 1262 633 Ad
1314 578 1627 640 infernales
1677 586 2001 658 angustias,
2035 585 2092 640 in
2124 585 2245 655 qui-
2277 585 2331 652 Α
2362 584 2468 639 daei
2499 585 2558 641 in
2592 585 2872 645 ﬂuctibus
2902 585 3393 659 persecutionum.
3427 609 3455 636 «
3478 586 4031 644 Circumdederunt

596 662 706 716 bus
744 679 902 718 mors
934 663 1060 720 sola
1090 666 1506 727 dominabitur.

673 771 700 803 α
731 752 919 824 Super
948 770 1043 808 me
1063 757 1444 816 conﬁrmatus
1474 766 1563 818 est
1585 763 1748 820 furor
1775 770 1932 836 tuus,
1964 774 2021 824 et
2042 787 2246 826 omnes

595 839 818 930 iluctus
851 847 982 898 tuos
1013 843 1292 902 induxisti
1347 866 1525 921 super
1554 869 1666 908 me.
1705 877 1724 902 ι
1765 857 1911 911 Iram
1944 863 2001 912 et
2033 858 2244 930 procel-

594 928 711 985 lam
768 932 1191 990 macellationis
1243 937 1455 994 furoris
1503 941 1609 1006 tui,
1671 959 1818 1013 quas
1863 945 1920 999 in
1974 928 2245 1017 gentibus

595 1019 893 1076 etl'usurus
947 1038 1096 1088 eras,
1149 1041 1326 1097 super
1370 1045 1462 1082 me
1508 1029 1811 1102 induxisti,
1859 1035 1960 1105 qui
2011 1042 2247 1106 peccata

599 1123 804 1163 eorum
833 1112 1065 1182 suscepi
1103 1128 1115 1168 :
1148 1113 1301 1170 sicut
1331 1115 1468 1172 alibi
1501 1119 1582 1174 ait
1614 1139 1627 1175 :
1660 1123 1887 1194 Pr0pter
1910 1129 2126 1195 peccatu
2157 1143 2248 1196 po-

591 1198 725 1268 puli
752 1199 862 1254 mei
887 1203 1135 1270 percussi
1159 1219 1281 1258 eum
1313 1205 1442 1275 (Isa.
1478 1225 1596 1279 Lm,
1628 1212 1703 1280 8).

672 1319 700 1345 «
737 1297 923 1369 Longe
956 1299 1137 1354 fecisti
1179 1306 1347 1358 notos
1399 1322 1556 1362 meos
1589 1325 1616 1362 a
1653 1325 1764 1364 me.
1803 1333 1829 1358 ››
1879 1312 2128 1384 Angelos
2160 1313 2244 1368 vel

597 1386 916 1456 apostolos,
967 1392 1032 1442 ut
1082 1389 1282 1446 nullus
1337 1395 1618 1464 praeberet
1664 1398 1968 1454 auxilium.
2001 1401 2147 1456 Nam
2192 1407 2248 1456 et

596 1490 703 1545 ego
747 1479 1009 1546 poteram
1060 1482 1114 1533 te
1163 1497 1385 1552 rogare,
1422 1482 1605 1548 Pater,
1643 1489 1706 1540 ut
1753 1488 2053 1544 exhiberes
2103 1489 2246 1545 mihi

596 1561 910 1635 plusquam
961 1566 1269 1623 duodecim
1321 1569 1579 1643 legiones
1625 1575 2004 1646 angelorum;
2039 1579 2138 1633 sed
2167 1579 2247 1633 si-

596 1649 700 1717 lui,
736 1655 799 1705 ut
829 1651 1218 1724 implerentur
1248 1658 1559 1730 Scriptura;
1591 1664 1798 1726 (Matth.
1831 1683 1980 1729 xxvx,
2011 1668 2101 1734 53,
2133 1669 2244 1737 54).

600 1763 628 1791 ‹‹
657 1743 987 1796 Posuerunt
1039 1759 1132 1798 me
1183 1745 1680 1806 abominationem
1713 1752 1846 1807 sibi.
1885 1776 1912 1803 ››
1943 1755 2066 1810 Non
2101 1755 2244 1822 noti,

601 1827 701 1882 sed
732 1829 937 1883 Judaei.

676 1938 704 1965 «
736 1917 1012 1974 Traditus
1044 1938 1174 1977 sum
1217 1927 1409 1991 morti,
1442 1932 1500 1982 et
1529 1932 1876 2001 nonegredie
1902 1932 2021 1988 bar.
2058 1958 2080 1985 ι
2121 1934 2244 1991 Non

603 2019 736 2058 sum
785 2005 1116 2076 disjunctus
1145 2029 1178 2066 ει
1227 2017 1468 2084 paterna
1515 2017 1855 2076 divinitate:
1890 2023 1989 2077 sed
2041 2040 2145 2078 nec
2175 2025 2244 2078 de

603 2091 870 2163 sepulcro
930 2098 1129 2154 statim
1182 2103 1388 2173 prodii,
1441 2109 1504 2159 ut
1550 2107 1751 2162 dilatio
1801 2113 2245 2168 resurrectionis

600 2181 901 2238 veritatem
942 2189 1276 2246 ostenderet
1323 2194 1546 2250 mortis.
1589 2217 1616 2248 (ι
1645 2197 1804 2253 Oculi
1862 2200 1973 2255 mei
2004 2199 2246 2272 langue-

602 2273 741 2324 runt
781 2287 896 2342 prae
946 2273 1160 2348 inopia.
1195 2300 1222 2328 ››
1256 2279 1476 2338 Sensus
1523 2284 1726 2357 utique
1773 2288 2077 2356 tenuitate,
2111 2306 2243 2344 cum

602 2359 869 2448 apostoli,
905 2361 1102 2420 relicto
1135 2381 1220 2436 eo,
1255 2367 1344 2423 vel
1391 2371 1687 2442 fugerunt,
1718 2374 1805 2429 vel
1839 2383 2196 2448 negaverunt
2229 2396 2242 2434 :

602 2447 741 2517 quia
769 2465 905 2505 eum
937 2467 1240 2526 resurgere
1291 2459 1647 2528 nescierunt,
1680 2463 1832 2520 sicut
1859 2447 1959 2521 ille
1997 2465 2246 2521 dilectus

602 2534 946 2607 discipulus.
1001 2542 1250 2599 Nondum
1297 2549 1450 2602 enim
1492 2551 1696 2606 sciebat
1743 2553 2080 2625 Scripturas,
2113 2558 2247 2627 quia

597 2635 871 2783 sporteret
931 2630 1093 2685 illum
1148 2651 1186 2688 a
1251 2640 1487 2693 mortuis
1553 2657 1836 2714 resurgere
1912 2645 2088 2715 (Joan.
2148 2663 2242 2712 xx,

672 2825 698 2852 «
731 2804 982 2862 Clamavi
1037 2811 1108 2866 ad
1160 2817 1235 2879 te,
1289 2817 1547 2872 Domine.
1599 2841 1626 2869 »
1680 2819 1888 2876 Dicens
1934 2839 1946 2876 :
2000 2821 2085 2876 Eli
2133 2821 2243 2889 Eli,

600 2889 822 2949 lemma
867 2897 1174 2956 azabthani
1223 2902 1428 2972 (Matth.
1477 2924 1653 2973 xxvu,
1707 2910 1816 2980 46).
1875 2932 1895 2959 α
1955 2911 2098 2966 Tota
2149 2911 2244 2966 die

601 2983 848 3052 expandi
883 3001 1093 3042 manus
1138 3006 1297 3046 meas
1328 2994 1398 3048 ad
1432 2999 1508 3050 te.
1545 3018 1572 3045 ››
1625 2997 1910 3053 Extensus
1958 2999 2016 3052 in
2052 3016 2239 3055 cruce.

679 3101 700 3127 ε
736 3079 1030 3152 Numquid
1066 3088 1310 3144 mortuis
1334 3091 1508 3148 facies
1537 3093 1876 3150 mirabilia?
1910 3117 1938 3146 »
1969 3097 2091 3152 Non
2125 3097 2241 3154 illis

604 3167 702 3237 qui
733 3169 990 3227 viventes
1022 3175 1235 3231 mortui
1266 3184 1425 3244 sunt,
1460 3183 1560 3237 sed
1611 3183 1753 3238 mihi
1786 3184 1885 3256 qui
1916 3185 1974 3240 in
2006 3190 2062 3241 te
2092 3187 2239 3243 vivo.

605 3276 634 3304 «
663 3258 777 3312 Aut
803 3259 1009 3315 medici
1057 3265 1448 3333 suscitabunt,
1483 3274 1540 3325 et
1583 3271 2020 3327 confitebuntur
2050 3273 2176 3329 tibi.
2215 3297 2236 3323 ι

2357 690 2448 729 me
2480 674 2678 731 simul.
2716 698 2744 724 »
2800 675 3075 732 Pharisaei
3122 692 3256 731 cum
3295 675 3700 732 sacerdotibus
3733 693 3746 730 :
3787 676 4030 731 Pilatus

2357 780 2492 818 cum
2526 764 2890 836 principibus
2921 770 2978 820 et
3008 763 3261 837 populis.

2433 875 2452 899 α
2491 853 2787 925 Elongasti
2820 871 2853 908 a
2883 869 2975 908 me
3007 854 3261 909 amicum
3316 856 3372 908 et
3400 853 3755 925 proximum.
3796 874 3824 902 ››
3874 855 4028 909 Pro-

2355 941 2550 996 ximus
2597 947 2704 1005 est,
2747 941 2846 1013 qui
2899 941 3036 998 facit
3079 941 3583 998 misericordiam:
3619 941 3720 1014 qui
3772 959 4024 998 mecum

2358 1047 2470 1084 non
2514 1034 2603 1084 est
2650 1030 2920 1085 inventus
2971 1047 2982 1083 :
3037 1053 3065 1079 «
3101 1030 3166 1085 Et
3195 1035 3363 1086 notos
3411 1046 3572 1086 meos
3616 1047 3651 1086 a
3680 1031 3956 1086 miseria.
3995 1055 4025 1079 »

2358 1117 2478 1173 Prae
2553 1120 2894 1174 confusione
2959 1119 3271 1190 passionis,
3333 1120 3506 1174 etiam
3584 1119 3695 1191 ipsi
3754 1120 4023 1192 apostoli

2357 1207 2612 1278 elongati
2645 1212 2785 1262 sunt
2832 1225 2866 1262 a
2896 1224 3008 1263 me.
3064 1207 3204 1262 Hinc
3229 1208 3351 1277 jam
3400 1208 3759 1264 descendens
3790 1209 3869 1262 ad
3927 1209 4024 1263 in-

2359 1296 2612 1365 fernum,
2645 1297 2716 1351 de
2746 1313 2924 1352 manu
2966 1295 3189 1367 alligati
3223 1297 3409 1360 tortis,
3442 1295 3628 1368 spolia
3675 1301 4020 1368 reportans,

2359 1383 2635 1454 praevenit
2691 1384 2980 1440 matutina
3023 1385 3152 1456 ejus
3208 1386 3466 1456 operatio
3513 1385 3739 1440 Patrem
3793 1403 3807 1438 :
3872 1402 4018 1440 cum

2357 1490 2530 1528 mane
2563 1491 2874 1545 resurgens
2926 1473 3200 1546 apparuit
3248 1473 3469 1530 multis.
3504 1475 3685 1540 Quem
3734 1491 3844 1530 nos
3878 1493 4022 1548 sup-

2359 1561 2540 1633 plices
2587 1563 2991 1634 deprecamur,
3028 1568 3092 1618 ut
3123 1561 3349 1634 plebem
3403 1579 3511 1618 sua
3560 1563 3834 1634 passione
3867 1581 3902 1619 a
3937 1565 4018 1620 la-

2358 1669 2508 1723 queo
2566 1651 2777 1707 inl‘erni
2838 1651 3102 1718 liberam,
3149 1669 3256 1707 sua
3321 1650 3659 1707 fortitudine
3707 1653 4014 1718 roborare,

2357 1757 2424 1795 ac
2454 1741 2526 1796 de
2558 1741 2825 1796 secundae
2853 1741 3058 1796 mortis
3080 1741 3326 1796 nexibus
3357 1740 3628 1811 dignetur
3653 1741 3960 1797 absolvere
3996 1759 4011 1797 :

2358 1833 2423 1885 ut
2469 1829 2720 1902 expediti
2766 1845 2831 1885 ac
2879 1829 3067 1898 liberi,
3119 1845 3296 1901 regno
3346 1830 3474 1900 ejus
3524 1844 3856 1886 mereamur
3899 1832 4012 1885 ad-

2349 1918 2545 1989 jungi.
2582 1918 2696 1990 Ipsi
2729 1917 2913 1990 gloria
2960 1923 3018 1973 et
3045 1917 3358 1989 imperium
3404 1934 3537 1973 cum
3587 1922 3800 1973 aeterno
3837 1918 4011 1974 Patre

2356 2010 2413 2060 et
2472 2007 2693 2079 Spiritu
2753 2011 2955 2062 sancto
3002 2007 3061 2061 in
3107 2011 3319 2062 cuncta
3366 2006 4011 2063 stecula‘saeculorum.

2355 2101 2561 2151 Amen.

2830 2186 3145 2242 PSALMUS
3187 2185 3526 2241 LXXXVI“.

2360 2278 2664 2333 Intellectus
2712 2277 2911 2330 AEthan
2953 2275 3244 2331 Isrealt'tze.
3287 2275 3401 2330 Iste
3445 2276 3709 2344 psalmus
3759 2274 3817 2328 in
3851 2273 4012 2328 mul-

2425 2349 2502 2404 tis
2533 2348 2774 2403 vocibus
2805 2348 3156 2402 continetur.
3182 2347 3367 2400 Habet
3397 2346 3554 2400 enim
3583 2361 3780 2400 vocem
3813 2347 4013 2402 Patris

2427 2421 2499 2476 ad
2543 2419 2778 2497 Filium,
2813 2418 2935 2497 Filii
2986 2417 3058 2472 ad
3091 2418 3342 2497 Patrem,
3369 2415 3668 2497 Ecclesiae,
3701 2416 4012 2497 ipsiusque

2427 2491 2741 2563 prophetae,
2776 2489 2863 2563 vel
2913 2487 3333 2563 apostolorum.
3369 2489 3446 2544 Ex
3488 2487 3824 2560 prophetica
3869 2505 4010 2560 ergo

2424 2561 2560 2618 voce
2587 2562 2670 2617 sic
2701 2561 2937 2616 inchoat
2968 2561 3038 2615 ad
3073 2565 3301 2615 Patrem
3336 2577 3349 2614 :

2427 2674 2454 2699 «
2490 2650 2913 2706 Misericordias
2943 2649 3174 2705 Domini
3226 2648 3285 2703 in
3342 2651 3624 2704 aeternum
3667 2648 3937 2702 cantabo.
3978 2670 4006 2694 η

2356 2739 2490 2796 Illas
2522 2738 2974 2803 misericordias,
3007 2737 3224 2810 quibus
3254 2736 3551 2792 hominem
3580 2740 3810 2808 peccato
3843 2751 4003 2790 mor-

2353 2834 2523 2885 tuum
2555 2827 2832 2900 dignatus
2862 2843 2924 2883 es
2952 2826 3188 2882 visitare
3219 2841 3320 2896 per
3348 2823 3576 2879 Filium.

2425 2941 2452 2967 ‹‹
2487 2919 2525 2973 Α
2569 2915 2940 2989 generatione
2991 2919 3048 2970 et
3097 2913 3488 2985 generatione.
3532 2935 3559 2960 ››
3607 2913 3652 2968 Α
3693 2911 3884 2967 Veteri
3935 2913 3999 2967 in

2351 3008 2508 3062 Novo
2539 3007 2935 3062 Testamento.
2971 3026 2999 3053 «
3030 3001 3405 3058 Annuntiabo
3425 3001 3725 3057 veritatem
3756 3005 3941 3055 tuam.
3971 3024 3993 3048 ι

2352 3096 2645 3152 Christum
2696 3099 2887 3149 tuum.
2921 3115 2951 3143 «
2985 3094 3046 3148 In
3077 3109 3175 3148 ore
3218 3108 3369 3148 meo.
3405 3113 3432 3141 »
3466 3095 3530 3146 In
3561 3106 3677 3162 quo
3707 3089 4002 3146 confessio

2353 3185 2417 3240 fit
2446 3185 2517 3240 ad
2550 3185 2820 3240 salutem.

2429 3298 2456 3324 ‹‹
2509 3274 2793 3341 Quoniam
2850 3271 3046 3328 dixisti
3095 3289 3106 3327 :
3162 3272 3225 3326 In
3273 3273 3553 3326 asternum
3601 3267 4006 3324 misericordia

603 3344 726 3401 Non
758 3354 1020 3406 aromata
1072 3353 1454 3432 medicorum,
1487 3360 1587 3414 sed
1621 3364 1706 3425 tu,
1743 3364 1931 3431 Pater,
1966 3378 2058 3417 me
2090 3379 2245 3418 resu-
2275 3323 2318 3389 Ο
2357 3363 2758 3420 aediﬁcabitur.
2793 3385 2820 3411 »
2862 3363 3106 3434 Semper
3151 3359 3308 3416 enim
3354 3357 3650 3414 miseratio
3697 3361 3797 3413 tua
3826 3356 4011 3413 subli-

605 3435 802 3492 scitas.
845 3437 1042 3511 Neque
1094 3441 1198 3508 illi,
1231 3445 1330 3500 sed
1379 3463 1485 3519 ego
1535 3449 1854 3505 confitebor
1902 3449 2005 3504 tibi
2055 3451 2112 3506 in
2146 3468 2247 3522 po-

605 3523 779 3595 pulis.

679 3636 707 3664 «
739 3615 1037 3688 Numquid
1081 3623 1343 3679 narrabit
1372 3625 1585 3697 aliquis
1632 3629 1690 3683 in
1723 3629 1989 3701 sepulcro
2022 3629 2248 3686 miseri-

607 3703 868 3760 cordiam
903 3711 1082 3775 tuam,
1117 3715 1174 3765 et
1201 3713 1504 3770 veritatem
1538 3722 1700 3772 tuam
1725 3717 1782 3772 in
1816 3718 2188 3789 perditione?
2221 3741 2244 3771 ι

607 3789 730 3846 Non
762 3796 818 3848 te
848 3793 1112 3851 laudabit
1158 3800 1429 3872 sepultus
1476 3803 1534 3859 in
1567 3804 1784 3860 divitiis
1816 3806 2036 3877 saeculi,
2065 3823 2252 3878 neque

611 3878 882 3937 habitans
913 3883 969 3939 in
1003 3886 1323 3956 perditione
1353 3893 1592 3961 peccati.

684 3991 712 4017 ‹‹
741 3969 1040 4044 Numquid
1093 3985 1521 4048 cognoscentur
1551 3981 1608 4036 in
1653 3983 1912 4039 tenebris
1961 3983 2254 4040 mirabilia

611 4060 733 4123 tua,
766 4064 823 4116 et
863 4063 1099 4132 justitia
1128 4069 1230 4122 tua
1278 4067 1335 4122 in
1385 4073 1541 4125 terra
1587 4071 1942 4128 oblivionis?
1975 4095 2002 4121 »
2049 4073 2254 4129 Omnis

611 4147 766 4202 enim
801 4150 898 4221 qui
929 4151 1066 4208 facit
1095 4162 1418 4226 peccatum,
1443 4158 1566 4214 odit
1599 4160 1787 4216 lucem
1828 4163 2004 4233 (Joan.
2031 4179 2112 4229 ιιι,
2136 4163 2252 4232 20),

612 4241 670 4290 et
699 4254 733 4292 a
763 4253 1000 4311 corpore
1048 4245 1294 4302 terrenis
1339 4263 1618 4319 oppresso
1668 4249 1847 4318 vitiis,
1869 4250 2108 4321 justitia
2153 4256 2256 4307 tua

610 4325 951 4386 occultatur.

682 4438 710 4465 ‹‹
770 4416 914 4473 Nam
987 4437 1092 4494 ego
1146 4424 1218 4478 ad
1286 4428 1363 4490 te,
1423 4425 1689 4492 Domine,
1772 4427 2037 4483 clamavi.
2101 4451 2127 4476 »
2190 4429 2252 4485 In

611 4507 891 4564 orationis
943 4526 1174 4566 arcano.
1233 4535 1261 4561 «
1294 4514 1364 4568 Et
1415 4531 1587 4571 mane
1624 4516 1808 4571 oratio
1859 4533 1987 4573 mea
2037 4534 2255 4590 praave-

611 4593 734 4648 niet
759 4599 834 4649 te.
875 4618 894 4644 ι
931 4597 1079 4662 Quia
1126 4601 1418 4659 matutina
1449 4620 1543 4661 me
1589 4605 2010 4661 resurrectione
2040 4606 2255 4662 clarifi-

609 4681 789 4737 cabis.

683 4791 711 4817 ‹‹
745 4770 979 4844 thuid,
1027 4775 1290 4846 Domine,
1347 4781 1580 4853 repellis
1629 4784 1950 4841 orationem
2014 4801 2248 4852 meam;

610 4859 821 4914 avertis
847 4861 1051 4919 faciem
1081 4870 1242 4921 tuam
1275 4885 1309 4922 a
1338 4871 1477 4925 me?
1505 4893 1534 4922 »
1568 4871 1640 4928 Ut
1669 4889 1784 4929 non
1816 4877 2076 4929 transeat
2104 4873 2253 4929 calix

606 4946 734 5003 iste.

679 5061 707 5088 ‹‹
741 5040 968 5115 Pauper
1015 5061 1145 5100 sum
1201 5063 1325 5119 ego,
1358 5054 1414 5104 et
1441 5049 1498 5104 in
1547 5049 1846 5108 laboribus
1876 5069 1911 5108 a
1944 5052 2250 5123 juventute

610 5145 758 5187 mea.
791 5154 818 5180 ››
867 5135 912 5187 Α
965 5137 1222 5208 tempore
1273 5138 1464 5194 carnis
1513 5146 1846 5212 assumptaa.
1893 5165 1921 5191 «
1952 5141 2250 5197 Exaltatus

609 5223 823 5275 autem.
864 5244 884 5271 ι»
912 5225 974 5278 In
1007 5242 1194 5283 cruce.
1241 5249 1269 5277 «
1303 5227 1658 5285 Humiliatus
1705 5247 1858 5285 sum.
1895 5253 1921 5280 »
1955 5236 2018 5286 In
2050 5230 2251 5302 sepul-

609 5329 725 5370 cro.
765 5315 887 5369 «Et
917 5317 1320 5374 conturbatus.
1355 5340 1382 5369 »
1415 5321 1475 5373 In
1511 5324 1714 5375 morte.

683 5431 710 5457 ι(
747 5407 806 5462 In
842 5422 932 5460 me
979 5406 1340 5464 transierunt
1385 5409 1486 5464 ira“:
1518 5413 1648 5463 tuas.
1685 5430 1711 5457 »
1759 5409 2166 5476 Transierunt,
2197 5413 2253 5464 et

614 5515 726 5552 non
758 5499 1159 5569 perstiterunt.
1197 5520 1224 5547 α
1265 5499 1333 5552 Et
1365 5501 1614 5553 terrores
1646 5498 1728 5552 tui
1760 5498 2255 5553 conturbaverunt

615 5603 726 5641 me.
753 5612 774 5640 ι
814 5587 976 5658 Ipsos
1006 5604 1151 5658 quos
1183 5587 1453 5657 superius
1482 5585 1541 5641 in
1574 5590 1774 5658 gentes
1805 5601 1898 5642 me
1927 5587 2252 5641 etl'usurum

613 5675 998 5744 pronuntiavi.

693 5784 715 5815 σ
749 5763 1392 5837 Circumdederuntme
1423 5765 1576 5823 sicut
1625 5780 1778 5837 aqua
1807 5769 1930 5823 tota
1957 5763 2068 5822 die.
2105 5786 2134 5815 »
2158 5763 2257 5824 Ju-

2359 3456 2574 3517 matur,
2609 3455 2666 3507 et
2712 3467 3018 3522 nunquam
3070 3447 3412 3504 destruitur.
3452 3469 3473 3495 ι
3511 3447 3575 3501 In
3604 3445 3762 3502 caelis
3789 3461 4012 3518 praepa-

2359 3541 2587 3596 rabitur
2623 3540 2838 3596 veritas
2868 3543 2988 3594 tua.
3028 3559 3055 3587 »
3089 3537 3151 3592 In
3205 3534 3490 3608 apostolis
3543 3533 4014 3607 praedestinatur.

2358 3629 2506 3685 Hinc
2535 3646 2644 3685 vox
2675 3627 2860 3683 Patris
2893 3645 2906 3682 :

2435 3739 2463 3767 «
2507 3717 2746 3789 Diposui
2798 3718 3221 3772 testamentum
3272 3730 3470 3770 meum
3518 3713 3717 3770 electis
3760 3712 3928 3768 meis.
3987 3734 4017 3760 ι)

2362 3807 2711 3863 Doctoribus
2741 3803 3158 3868 Ecclesiarum,
3192 3807 3256 3858 ut
3285 3801 3603 3875 acquisitos
3632 3818 3734 3874 per
3762 3800 4018 3874 gratiam

2363 3895 2630 3968 populos,
2683 3893 2768 3950 vel
2824 3894 3092 3957 doceant,
3151 3891 3241 3947 vel
3291 3892 3611 3948 informent
3660 3908 3672 3945 :
3737 3911 3765 3938 «
3810 3890 4015 3944 Juravi

2362 3983 2544 4040 David
2578 3999 2742 4039 servo
2774 3998 2923 4037 meo.
2958 4003 2985 4029 ››
3031 3979 3125 4035 Dei
3161 3979 3381 4052 quippe
3402 3979 3645 4050 juratio,
3678 3977 4019 4051 promissio-

2363 4073 2454 4129 nis
2487 4076 2576 4129 est
2618 4069 3005 4128 conﬁrmatio.
3069 4092 3090 4118 ι
3128 4069 3308 4124 David
3355 4085 3519 4125 servo
3566 4085 3716 4135 meo,
3751 4089 3778 4115 »
3807 4065 3866 4120 id
3899 4070 4012 4134 est,

2363 4161 2592 4217 Christo
2619 4159 2864 4216 Domino
2898 4175 2911 4215 :
2945 4157 3046 4230 qui
3091 4174 3161 4213 ex
3207 4174 3418 4230 genere
3448 4157 3627 4214 David
3657 4171 3890 4213 carnem
3923 4173 4016 4211 as-

2363 4250 2637 4322 sumpsit.
2673 4272 2701 4298 ‹‹
2733 4251 2945 4320 :Usque
2989 4247 3049 4302 in
3095 4251 3377 4303 aeternum
3421 4246 3756 4318 prasparabo
3785 4245 4017 4316 {semen

2362 4342 2551 4395 tuum.
2587 4360 2614 4387 ››
2649 4338 2709 4393 In
2743 4336 3118 4393 credentibus
3147 4335 3436 4392 Ecclesiae.

2435 4451 2465 4477 «
2499 4431 2567 4483 Et
2621 4425 2920 4482 aediﬁcabo
2988 4425 3046 4479 in
3124 4425 3518 4496 generatione,
3576 4426 3632 4477 et
3691 4420 4020 4494 generatio-

2365 4532 2498 4573 nem
2559 4517 2758 4573 sedem
2819 4519 3004 4570 tuam.
3066 4536 3095 4563 «
3152 4515 3345 4585 Ipsam
3403 4508 3717 4566 Ecclesiam
3777 4508 3836 4562 in
3903 4526 4020 4582 qua

2365 4623 2467 4664 ceu
2522 4622 2620 4662 rex
2679 4603 2908 4661 sedebis
2969 4603 3026 4657 in
3085 4605 3388 4657 aeternum.
3451 4598 3669 4652 Iterum
3730 4597 4022 4671 propheta

2287 4693 2490 4758 Dait:

2437 4808 2464 4833 «
2509 4783 2956 4840 Confitebuntur
3001 4777 3129 4833 coeli
3185 4775 3478 4832 mirabilia
3521 4779 3643 4832 tua.
3697 4774 3944 4833 Domine
3998 4795 4014 4831 :

2361 4872 2576 4929 etenim
2624 4869 2926 4925 veritatem
2976 4870 3139 4921 tuam
3169 4862 3229 4919 in
3278 4863 3537 4921 Ecclesia
3584 4868 3944 4920 sanctorum.
3978 4886 4013 4913 »

2357 4957 2620 5033 Apostoli
2682 4957 2835 5012 enim
2894 4953 3294 5028 praedicabunt
3337 4954 3540 5011 Jesum
3588 4952 3902 5017 Christum,
3949 4959 4014 5009 et

2359 5067 2486 5123 quae
2532 5065 2635 5121 per
2664 5063 2798 5103 eum
2858 5043 3119 5120 operaris
3175 5043 3235 5100 in
3267 5043 3718 5118 congregatione
3776 5044 4009 5098 sancto-

2359 5155 2513 5196 rum.

2434 5250 2463 5280 «
2488 5226 2775 5294 Quoniam
2802 5224 2936 5298 quis
2961 5223 3020 5279 in
3042 5221 3298 5279 nubibus
3317 5221 3644 5293 aequabitur
3667 5218 3910 5276 Domino
3926 5219 3956 5272 ‘2
3974 5241 4004 5269 ιδ

2365 5318 2427 5374 In
2479 5313 2778 5389 prophetis
2820 5313 3043 5386 utique.
3073 5333 3095 5363 ι
3149 5315 3265 5366 Aut
3315 5312 3450 5384 quis
3502 5309 3712 5367 similis
3757 5307 3866 5363 erit
3898 5311 4012 5364 Do-

2363 5407 2522 5462 mino
2553 5406 2610 5460 in
2646 5403 2782 5459 ﬁliis
2831 5401 2978 5458 Dei?
3010 5423 3036 5450 ››
3091 5399 3260 5456 Multi
3293 5405 3434 5457 sunt
3463 5400 3568 5456 ﬁlii
3598 5399 3699 5458 Dei
3732 5413 3830 5470 per
3859 5397 4009 5454 ado-

2363 5496 2622 5568 ptionem
2657 5511 2670 5549 :
2705 5492 2804 5547 sed
2843 5488 3045 5546 nullus
3095 5489 3396 5562 unigenito
3427 5489 3570 5545 Filio
3600 5503 3733 5544 vero
3762 5486 3875 5542 Deo
3908 5503 4014 5558 po-

2362 5589 2481 5641 test
2509 5579 2846 5639 assimilari.

2437 5696 2466 5723 «
2498 5673 2675 5739 Deus,
2707 5670 2810 5743 qui
2840 5667 3200 5742 glorificatur
3228 5669 3288 5725 in
3319 5668 3562 5726 consilio
3592 5669 3951 5740 sanctorum.
3981 5688 4011 5716 »

2366 5761 2697 5823 Paracletus
2727 5757 2970 5827 scilicet,
2992 5757 3094 5833 qui
3123 5759 3184 5817 in
3215 5756 3662 5832 congregatione
3689 5751 4016 5830 apostolica
