4256 6572
279 439 436 500 1153

1455 435 1952 502 BREVIARIUM
1997 437 2075 500 IN
2117 435 2263 500 PSA
2275 435 2505 501 LMOS.

3522 443 3679 511 H54

279 571 616 629 adorandus
664 573 810 638 erat,
842 567 1083 640 aequalis
1131 583 1262 623 esse
1302 569 1457 624 Patri
1507 587 1572 626 ac
1601 570 1740 627 Filio
1771 588 1919 643 prea-
1951 573 2003 640 Α
2031 575 2188 638 Jesu,
2221 574 2276 626 et
2324 571 2714 641 sacerdotum,
2743 570 2972 628 Jericho
3011 575 3249 644 corruit,
3285 580 3490 636 mundi
3523 582 3678 655 ligu-

280 661 527 716 dicatur.
561 659 706 715 Nam
738 663 795 714 et
823 658 1104 713 Dominus
1133 657 1309 712 Jesus
1351 657 1622 714 Christus
1653 675 1787 714 cum
1819 659 1922 715 Pa-

279 755 366 805 tre
405 754 462 804 et
508 747 725 820 Spiritu
773 750 997 812 sancto,
1031 763 1148 801 una
1178 745 1447 802 subsistit
1477 747 1922 820 omnipotentis.

281 838 592 910 «Magnus
621 840 679 892 et
706 836 1033 891 horrendus
1079 851 1255 908 super
1303 851 1507 890 omnes
1554 837 1655 908 qui
1707 837 1765 892 in
1813 837 1924 891 cir-

280 927 440 982 cuitu
470 927 598 998 ejus
628 931 788 982 sunt.
825 949 853 974 ››
885 926 990 990 Qui
1022 925 1072 981 ei
1105 942 1206 997 per
1235 925 1628 981 innocentiam
1661 926 1790 982 vitae
1823 942 1924 997 ap-

281 1015 673 1088 propinquare
711 1021 1069 1070 meruerunt.

355 1121 654 1178 «Domine
705 1125 855 1177 Deus
907 1121 1214 1190 virtutum,
1262 1120 1397 1192 quis
1445 1119 1658 1176 similis
1707 1121 1862 1175 tibi?
1897 1143 1925 1170 ››

280 1211 547 1267 Potentia
585 1215 642 1266 et
685 1210 921 1265 virtute.
976 1232 1004 1258 «
1039 1209 1248 1265 Potens
1275 1226 1358 1277 es,
1391 1209 1656 1276 Domine,
1689 1215 1748 1265 et
1778 1209 1926 1264 veri-

280 1305 370 1355 tas
401 1305 501 1354 tua
528 1299 587 1354 in
619 1298 864 1354 circuitu
893 1302 1012 1352 tuo.
1052 1320 1079 1346 ››
1128 1297 1196 1352 Ηί
1226 1297 1298 1352 de
1327 1298 1546 1368 quibus
1576 1298 1700 1369 ipse
1731 1298 1831 1369 qui
1863 1313 1926 1354 es

281 1389 511 1455 veritas,
543 1387 663 1442 ait:
696 1393 882 1455 Pater,
916 1387 1057 1453 volo,
1090 1389 1148 1441 ut
1177 1386 1273 1440 ubi
1301 1401 1397 1454 ego
1424 1403 1569 1455 sum,
1602 1391 1651 1440 et
1680 1388 1787 1458 ipsi
1815 1389 1930 1442 sint

282 1493 488 1532 mecum
513 1477 689 1548 (Joan.
721 1493 862 1540 xvn,
893 1476 1010 1546 24).

353 1605 381 1633 ‹‹
413 1584 500 1638 Tu
534 1581 930 1638 dominaberis
963 1581 1232 1652 potestati
1266 1580 1468 1638 maris.
1501 1600 1527 1632 η
1586 1580 1774 1652 Hujus
1822 1598 1926 1636 sae-

281 1672 396 1728 culi
446 1670 849 1743 potestatibus.
903 1669 1188 1724 «Motum
1238 1674 1432 1726 autem
1484 1670 1766 1724 fluctuum
1800 1671 1928 1739 ejus

283 1767 345 1816 tu
378 1761 634 1832 mitigas.
674 1782 694 1807 »
751 1758 1127 1814 Tentationes
1172 1775 1320 1830 quas
1352 1763 1714 1814 commovent
1745 1758 1928 1814 servis

285 1851 424 1905 tuis.

2035 677 2160 715 ram
2191 664 2396 714 tenens
2426 660 2622 726 (Iosue.
2655 676 2732 731 vr,
2763 661 2879 732 20).

2109 789 2130 815 α
2166 766 2427 828 Domine,
2462 766 2520 820 in
2549 765 2771 822 lumine
2813 767 3008 824 vultus
3060 771 3145 825 tui
3202 773 3610 832 ambulabunt.
3649 801 3677 827 »

2035 860 2097 910 In
2145 855 2574 910 illuminatione
2633 857 2832 927 utique
2886 857 3138 928 Spiritus
3187 864 3394 918 sancti.
3454 887 3481 914 ι(
3513 866 3581 920 Et
3619 867 3678 922 in

2036 945 2270 1000 nomine
2302 951 2401 999 tuo
2432 944 2809 999 exsultabunt
2839 951 2958 1000 tota
2988 948 3100 1002 die.
3140 971 3165 997 ››
3220 951 3280 1006 In
3316 954 3548 1009 nomine
3581 954 3680 1011 illo

2036 1050 2180 1088 novo
2233 1033 2383 1104 quod
2435 1033 2798 1088 benedicitur
2844 1035 2902 1088 in
2952 1038 3144 1104 terris,
3180 1039 3234 1093 id
3278 1045 3366 1096 est
3399 1043 3681 1100 Christia-

2037 1138 2110 1177 no
2178 1145 2205 1171 «
2241 1125 2307 1176 Et
2335 1121 2392 1176 in
2428 1129 2528 1176 tua
2549 1122 2786 1193 justitia
2815 1123 3246 1183 exaltabuntur.
3283 1154 3303 1181 ι
3359 1134 3682 1204 Sequentes

2036 1215 2210 1281 atque
2241 1209 2632 1265 custodientes
2665 1226 2816 1266 eam.

2116 1334 2136 1362 α
2164 1314 2446 1379 Quoniam
2479 1314 2667 1387 gloria
2708 1318 2942 1374 virtutis
2991 1336 3190 1376 eorum
3237 1326 3298 1378 tu
3334 1341 3414 1380 es.
3454 1350 3480 1374 ››
3531 1328 3593 1382 In
3629 1331 3684 1384 te

2036 1403 2192 1458 enim
2225 1403 2567 1475 gloriantur,
2598 1408 2657 1459 et
2686 1423 2800 1460 non
2836 1407 2890 1462 in
2926 1408 3059 1463 alio.
3113 1434 3140 1460 «
3177 1412 3246 1465 Et
3296 1413 3352 1468 in
3406 1415 3684 1488 benepla-

2037 1492 2152 1546 cito
2185 1496 2282 1546 tuo
2313 1490 2663 1547 exaltabitur
2692 1510 2868 1549 cornu
2905 1501 3195 1554 nostrum.
3232 1524 3252 1551 ι
3311 1502 3475 1558 Sicut
3523 1506 3680 1562 enim

2037 1581 2120 1635 eis
2178 1581 2538 1652 beneplacita
2603 1583 2838 1638 fuerunt
2897 1593 3178 1659 przecepta
3246 1595 3366 1660 tua,
3428 1593 3509 1649 ita
3575 1595 3683 1652 tibi

2038 1669 2465 1740 beneplacitum
2523 1676 2629 1737 est,
2683 1677 2747 1726 ut
2799 1673 2856 1726 in
2915 1679 2966 1728 te
3014 1675 3301 1732 exaltetur
3353 1679 3535 1737 virtus
3586 1699 3680 1738 eo-

2041 1774 2192 1813 rum.

2113 1887 2141 1915 ‹‹
2181 1865 2464 1930 Quoniam
2537 1867 2758 1922 Domini
2827 1874 2916 1924 est
2989 1874 3315 1944 assumptio
3381 1881 3599 1933 nostra.
3655 1902 3682 1929 n

355 1961 383 1988 ‹‹
417 1939 505 1994 Tu
537 1937 862 1992 humiliasti
912 1937 1066 1992 sicut
1102 1935 1474 1992 vulneratum
1523 1935 1864 2008 superbum.
1898 1957 1926 1985 »

2051 1953 2243 2009 Carnis
2295 1955 2516 2027 utique.
2567 1981 2592 2005 α
2629 1956 2697 2010 Et
2743 1959 2929 2013 sancti
2984 1961 3158 2017 Israel
3212 1964 3366 2035 regis
3415 1967 3617 2023 nostri.
3654 1991 3682 2016 ››

284 2025 614 2093 Diabolum,
647 2025 746 2096 qui
794 2023 970 2080 clavis
1009 2023 1200 2080 crucis
1239 2029 1351 2079 tuae
1381 2024 1701 2092 sauciatus,
1733 2023 1928 2079 humi-

284 2115 462 2170 liatus
491 2117 581 2169 est
607 2113 668 2167 in
701 2112 923 2185 spoliis.
959 2135 988 2162 «
1017 2113 1104 2168 'l‘u
1134 2112 1193 2167 in
1223 2113 1435 2168 virtute
1467 2113 1688 2168 brachii
1710 2112 1792 2168 tui
1817 2113 1932 2169 dis-

286 2203 518 2276 persisti
549 2203 819 2258 inimicos
847 2205 1001 2257 tuos.
1036 2224 1059 2254 ι
1104 2200 1394 2257 Satellites
1423 2202 1572 2273 ejus.

359 2333 386 2360 ‹‹
419 2309 526 2365 Tui
557 2313 701 2364 sunt
727 2308 878 2379 coeli,
909 2314 964 2363 et
994 2313 1096 2363 tua
1126 2311 1215 2364 est
1242 2311 1416 2363 terra.
1454 2329 1482 2356 ››
1531 2307 1792 2380 Apostoli
1843 2306 1931 2362 vel

287 2398 497 2470 reliqui
529 2397 717 2453 sancti
746 2415 758 2453 :
793 2396 893 2469 qui
925 2396 982 2450 in
1015 2396 1184 2452 terris
1212 2395 1406 2467 positi,
1431 2395 1720 2452 caelestem
1751 2396 1928 2450 vitam

290 2492 490 2560 agunt.
543 2510 569 2536 ‹‹
605 2486 814 2542 Orbem
845 2491 1133 2541 terrarum
1165 2489 1221 2541 et
1261 2485 1680 2557 plenitudinem
1712 2485 1840 2555 ejus
1869 2489 1933 2538 tu

291 2575 571 2632 fundasti.
599 2597 627 2624 »
657 2575 823 2633 Haud
846 2575 1094 2630 dubium
1122 2579 1212 2630 est
1242 2573 1422 2645 hujus
1451 2575 1659 2629 mundi
1690 2573 1933 2646 plenitu-

292 2666 486 2721 dinem
520 2681 554 2720 a
583 2669 638 2720 te
669 2668 1053 2736 procreatam.
1088 2663 1198 2719 Sed
1232 2668 1288 2718 et
1319 2662 1481 2719 illam
1529 2663 1788 2719 vivorum
1820 2668 1932 2718 ter-

293 2771 440 2822 ram,
472 2754 529 2808 in
561 2770 680 2824 qua
709 2752 1009 2824 plenitudo
1041 2752 1392 2824 sanctitatis,
1425 2758 1482 2808 te
1513 2753 1933 2818 introducente,

293 2842 664 2909 inhabitabit,
694 2847 758 2897 tu
782 2841 1121 2914 praeparasti
1143 2841 1339 2897 electis
1360 2842 1498 2897 tuis.
1539 2866 1559 2891 α
1585 2841 1936 2912 Aquilonem

291 2937 350 2988 et
380 2947 540 2988 mare
561 2935 624 2986 tu
645 2930 874 2986 creasti.
902 2952 930 2980 »
977 2930 1188 3002 Aquilo
1233 2930 1626 2986 Antichristus
1670 2930 1942 3002 intelligi-

296 3025 413 3077 tur.
445 3020 526 3076 De
559 3036 674 3092 quo
714 3020 795 3075 ait
835 3023 982 3075 Deus
1030 3020 1102 3074 ad
1150 3019 1465 3074 Jeremiam
1503 3036 1516 3074 :
1565 3020 1642 3074 Ab
1688 3021 1943 3091 aquilone

295 3109 572 3183 pandetur
623 3109 832 3164 malum
883 3124 1046 3180 super
1109 3112 1328 3165 cunctos
1393 3109 1725 3165 habitatores
1777 3118 1944 3166 terra:

299 3199 518 3270 (Jerem.
552 3214 591 3266 ι,
627 3197 735 3266 14).

2042 2043 2229 2115 Ipsius
2277 2043 2507 2098 Domini
2557 2045 2741 2100 nostri
2787 2046 2924 2103 Jesu
2978 2049 3212 2119 Christi,
3248 2053 3345 2124 qui
3390 2053 3449 2108 in
3484 2056 3682 2112 Eccle-

2039 2132 2127 2186 sia
2157 2137 2380 2202 regnat.
2415 2131 2558 2187 Hinc
2597 2136 2807 2189 iterum
2859 2137 3138 2208 propheta
3192 2143 3263 2194 ad
3312 2145 3538 2198 Patrem
3598 2144 3680 2200 lo-

2040 2217 2244 2288 quitur
2271 2234 2284 2271 :

2116 2326 2340 2380 «Tunc
2390 2325 2621 2382 locutus
2699 2345 2760 2383 es
2809 2329 2868 2384 in
2928 2331 3146 2387 visione
3205 2335 3421 2392 sanctis
3479 2337 3617 2394 tuis.
3651 2359 3678 2392 ο

2041 2413 2366 2484 Prophetis,
2401 2413 2757 2487 reliquisque
2806 2417 3025 2475 electis.
3089 2442 3110 2472 ι
3145 2422 3214 2476 Et
3263 2423 3480 2491 dixisti,
3515 2429 3683 2499 posui

2045 2503 2424 2574 adiutorium.
2459 2524 2487 2552 »
2529 2505 2746 2577 Populo
2777 2506 3016 2563 scilicet.
3050 2532 3078 2559 «
3116 2515 3176 2564 ln
3211 2518 3522 2582 potentem.
3559 2537 3585 2563 ››
3622 2516 3684 2571 Id

2044 2596 2134 2646 est
2180 2608 2358 2662 super
2412 2592 2732 2663 diabolum,
2781 2595 2878 2665 qui
2939 2598 3293 2669 opprimeret
3350 2604 3684 2674 superbiam

2045 2681 2192 2749 ejus.
2265 2681 2407 2734 «Et
2471 2681 2713 2737 exaltavi
2781 2683 3031 2741 electum
3098 2687 3168 2742 de
3235 2689 3399 2760 plebe
3462 2709 3610 2748 mea.
3660 2717 3681 2743 ιι

2046 2769 2342 2824 Christum
2376 2769 2707 2826 Dominum.
2743 2772 2847 2837 Qui
2881 2780 3182 2846 propterea
3211 2776 3428 2834 electus
3466 2781 3538 2836 de
3585 2799 3687 2854 po-

2049 2857 2184 2929 pulo
2215 2857 2450 2925 dicitur,
2481 2859 2619 2930 quia
2659 2875 2893 2917 carnem
2944 2865 3270 2936 assumpsit
3316 2884 3384 2922 ex
3429 2868 3686 2928 homine.

2123 2986 2150 3012 «
2186 2964 2380 3018 luveni
2415 2965 2586 3018 David
2619 2981 2850 3022 servum
2896 2983 3114 3024 meum.
3151 2995 3172 3022 ι
3227 2972 3451 3028 Invenit
3502 2991 3635 3030 eum
3674 2994 3686 3030 :

2051 3052 2226 3123 elegit
2252 3054 2474 3123 utique,
2500 3057 2565 3108 ut
2593 3069 2661 3109 ex
2688 3055 2816 3124 ejus
2845 3072 3056 3127 genere
3081 3067 3411 3117 assumeret
3431 3079 3687 3120 carnem.

2053 3142 2215 3206 Quod
2249 3144 2442 3197 autem
2474 3143 2574 3212 ait,
2605 3159 2841 3210 servum,
2871 3146 3183 3217 Apostolus
3213 3150 3485 3223 explanat
3516 3168 3529 3208 :
3564 3157 3690 3210 Non

2053 3232 2322 3301 rapinam
2349 3231 2654 3286 arbitratus
2702 3241 2780 3288 est
2822 3250 2942 3288 esse
2987 3250 3044 3290 se
3082 3238 3352 3307 aequalem
3399 3241 3504 3296 Deo
3534 3259 3553 3296 :
3603 3241 3698 3297 sed

367 3326 396 3353 ‹‹
427 3302 679 3369 Thabor,
712 3305 770 3356 et
823 3301 1076 3357 Hermon
1135 3301 1194 3356 in
1254 3302 1491 3358 nomine
1532 3309 1639 3371 tuo
1687 3304 1942 3360 exsulta-

2053 3321 2289 3389 formam
2340 3321 2484 3374 servi
2523 3322 2726 3391 accepit
2769 3323 3014 3393 (Philpp.
3051 3301 3216 3395 ΙΙ,
3271 3350 3298 3375 α
3331 3327 3468 3384 Oleo
3498 3334 3700 3385 sancto

298 3393 465 3447 bunt.
503 3413 530 3439 »
586 3391 802 3458 Hermo,
836 3390 1098 3462 inquam,
1145 3391 1435 3446 anathema
1479 3391 1939 3464 interpretatur:

298 3481 453 3537 sicut
489 3479 547 3536 in
581 3479 1034 3551 quadragesimo
1066 3479 1255 3552 primo
1284 3481 1663 3552 exposuimus
1693 3481 1940 3552 psalmo.

300 3569 508 3626 Thabor
553 3585 686 3625 vero
739 3570 960 3624 veniens
1007 3569 1211 3637 lumen,
1243 3568 1330 3624 vel
1379 3568 1571 3624 veniat
1610 3568 1728 3625 lux.
1765 3570 1947 3642 Igitur

300 3659 411 3714 iste
442 3659 541 3731 qui
587 3657 675 3714 vel
719 3657 994 3730 optative,
1028 3657 1112 3714 vel
1145 3657 1483 3730 prophetice
1513 3658 1782 3714 advenire
1811 3676 1946 3731 pro-

299 3747 604 3804 nuntiatur
633 3747 854 3816 lumen,
887 3746 1068 3803 Vetus
1112 3746 1458 3819 intelligitur
1486 3748 1944 3803 Testamentum.

303 3837 406 3893 Ille
451 3855 585 3894 vero
633 3836 736 3910 qui
790 3836 1124 3907 anathema,
1158 3837 1212 3892 id
1256 3843 1346 3892 est
1375 3837 1782 3908 perditionem,
1818 3855 1948 3910 pro-

305 3927 435 3983 fert.
463 3927 688 3982 Novum
709 3926 1147 3982 Testamentum
1179 3927 1456 3992 ostendit,
1480 3927 1537 3981 in
1571 3943 1686 3998 quo
1719 3930 1951 3998 peccata

308 4016 790 4072 anathematizari
843 4017 1148 4086 jubentur,
1207 4016 1436 4071 dicente
1488 4015 1782 4072 Domino:
1832 4016 1954 4071 Nisi

302 4107 688 4176 paenitentiam
716 4105 961 4172 egeritis,
993 4120 1181 4158 omnes
1205 4105 1470 4159 similiter
1493 4105 1750 4175 peribitis
1800 4107 1950 4175 (Luc.

307 4211 433 4263 xm,
465 4195 543 4263 3).
594 4192 901 4247 Exsultent
929 4208 1064 4263 ergo
1095 4193 1269 4248 ambo
1299 4193 1356 4246 in
1390 4194 1624 4247 nomine
1674 4193 1901 4248 Domini
1934 4210 1947 4248 :

309 4299 445 4337 cum
475 4280 561 4335 vel
592 4280 688 4335 ille
720 4281 915 4335 lumen
949 4280 1152 4335 mundi
1183 4281 1378 4336 venire
1419 4281 1771 4337 vaticinatur
1803 4299 1816 4336 :
1865 4282 1953 4337 vel

309 4373 420 4427 iste
449 4386 582 4426 eum
613 4369 672 4424 in
702 4368 830 4440 ipso
861 4369 1080 4424 mundo
1105 4370 1229 4440 jam
1263 4369 1474 4437 lucere,
1509 4371 1696 4443 signis
1725 4371 1951 4426 virtuti-

309 4460 537 4532 busque
559 4459 940 4514 demonstrat.
977 4478 1006 4507 «
1028 4458 1220 4512 Tuum
1249 4457 1556 4514 brachium
1582 4476 1716 4514 cum
1750 4464 1952 4530 poten-

310 4549 413 4606 tia.
448 4571 475 4598 »
509 4547 810 4603 Fortitudo
840 4551 942 4602 tua
971 4563 1102 4602 cum
1135 4563 1202 4603 ea
1231 4563 1358 4619 quae
1390 4547 1663 4616 volueris,
1695 4548 1957 4604 efficacia

316 4637 668 4710 praevalebit.

387 4767 415 4794 ‹‹
450 4744 741 4799 Firmetur
793 4760 1003 4800 manus
1061 4749 1183 4799 tua.
1244 4744 1430 4815 Opera
1494 4760 1626 4816 quae
1689 4744 1831 4800 facis
1897 4745 1957 4800 in

318 4833 560 4888 mundo.
593 4833 663 4887 Et
692 4835 976 4890 exaltetur
1003 4833 1235 4889 dextera
1277 4837 1396 4888 tua.
1434 4856 1462 4882 »
1517 4833 1789 4905 Majestas
1836 4838 1958 4906 tua,

313 4922 402 4978 vel
452 4921 708 4978 Ecclesia
763 4922 822 4977 in
880 4923 1154 4995 gentibus
1202 4921 1509 4994 acquisita.
1563 4946 1590 4973 «
1621 4922 1858 4978 Justitia
1904 4927 1962 4979 et

307 5011 602 5082 judicium
652 5011 996 5083 praeparatio
1029 5012 1186 5067 sedis
1229 5015 1360 5066 tuas.
1398 5035 1426 5060 »
1477 5011 1598 5068 Nisi
1649 5014 1749 5083 qui
1797 5012 1959 5084 prius

309 5099 606 5171 justitiam
656 5100 1068 5173 judiciumque
1123 5099 1338 5166 fecerit,
1389 5116 1503 5155 non
1562 5103 1753 5172 potest
1809 5101 1960 5157 effici

318 5189 488 5245 sedes
529 5193 646 5244 tua.

392 5300 419 5327 «
466 5275 859 5332 Misericordia
931 5282 989 5333 et
1059 5278 1274 5334 veritas
1347 5277 1681 5350 praecedunt
1753 5278 1960 5334 faciem

321 5371 506 5422 tuam.
546 5387 567 5414 ι
621 5365 727 5421 Ubi
777 5365 934 5422 enim
987 5366 1388 5423 misericordia
1436 5383 1502 5422 ac
1538 5367 1751 5423 veritas
1781 5366 1961 5423 comi-

319 5459 538 5525 tantur,
583 5454 702 5510 illic
750 5459 808 5510 et
852 5456 1134 5528 inspectio
1193 5455 1359 5512 faciei
1413 5459 1526 5511 tua:
1584 5455 1959 5512 convertitur.

326 5549 598 5600 «Beatus
638 5544 890 5617 populus
933 5545 1033 5616 qui
1084 5545 1197 5600 scit
1234 5543 1669 5616 jubilationem.
1705 5567 1734 5593 »
1782 5545 1962 5617 Spiri-

320 5633 538 5689 tualem
572 5632 778 5705 utique
819 5631 1256 5703 jubilationem,
1286 5649 1390 5705 per
1417 5649 1594 5705 quam
1627 5633 1830 5688 mundi
1863 5649 1964 5689 ne-

321 5722 519 5796 quitiae
545 5719 933 5778 collidentur:
967 5720 1118 5778 sicut
1142 5722 1436 5794 quondam
1460 5723 1531 5780 ad
1550 5722 1963 5796 jubilationem

2053 3422 2182 3461 meo
2216 3407 2351 3460 unxi
2383 3423 2538 3462 eum.
2575 3431 2602 3457 ››
2643 3409 2768 3464 Non
2800 3410 2952 3465 tristi
2983 3416 3038 3466 et
3068 3419 3362 3486 corrupto,
3395 3417 3495 3472 sed
3529 3416 3698 3489 pleno

2055 3494 2255 3549 laetitia
2283 3501 2338 3549 et
2374 3496 2702 3552 sanctitate.

2127 3624 2154 3650 «
2192 3601 2396 3656 Manus
2425 3601 2580 3656 enim
2614 3619 2743 3659 mea
2773 3603 3149 3662 auxiliabitur
3175 3608 3226 3663 ei
3262 3626 3274 3663 :
3306 3614 3362 3665 et
3391 3610 3696 3668 brachium

2057 3705 2253 3745 meum
2285 3689 2635 3746 confortabit
2663 3709 2818 3748 eum.
2855 3715 2882 3742 »
2941 3695 3001 3749 In
3033 3701 3338 3769 assumpto
3367 3715 3624 3772 corpore.

2131 3820 2156 3846 «
2193 3796 2346 3851 Nihil
2379 3797 2638 3869 proﬁciet
2668 3799 2944 3856 inimicus
2977 3802 3033 3856 in
3065 3819 3151 3859 eo.
3190 3826 3218 3852 »
3274 3804 3552 3863 Diabolus
3583 3807 3702 3863 sci-

2057 3887 2212 3942 licet.
2271 3907 2292 3934 π
2328 3887 2397 3941 Et
2443 3887 2599 3943 filius
2652 3887 2980 3960 iniquitatis
3031 3908 3145 3948 non
3200 3898 3454 3965 apponet
3498 3912 3703 3952 nocere

2060 3977 2131 4031 ei.
2171 3997 2191 4025 ιι
2248 3975 2433 4030 Judas
2462 3975 2727 4043 traditor,
2761 3979 2860 4049 qui
2893 3978 3098 4034 merito
3143 3979 3298 4036 filius
3348 3981 3701 4053 iniquitatis,

2062 4064 2116 4118 id
2152 4067 2239 4118 est
2269 4062 2505 4132 diaboli,
2540 4064 2753 4118 dicitur
2786 4083 2798 4120 :
2848 4066 2988 4137 quia
3029 4067 3298 4124 diabolus
3351 4069 3587 4126 intravit
3643 4071 3703 4126 in

2063 4168 2162 4206 cor
2189 4153 2336 4222 ejus,
2374 4155 2435 4205 ut
2483 4152 2737 4206 traderet
2778 4153 3097 4209 Christum.
3695 4157 3698 4162 ’

2136 4283 2162 4308 ‹‹
2199 4258 2264 4313 Et
2294 4258 2667 4314 conscindam
2700 4276 2734 4315 a
2772 4259 2916 4315 facie
2947 4260 3133 4332 ipsius
3178 4262 3446 4322 inimicos
3491 4267 3640 4336 ejus.
3672 4289 3702 4319 ››

2061 4348 2296 4404 ,ἷυόωοε
2327 4348 2549 4419 utique,
2582 4349 2682 4420 qui
2730 4366 2880 4421 saepe
2931 4367 2964 4405 a
3012 4350 3258 4408 Domino
3309 4354 3536 4410 confusi
3569 4360 3704 4410 tan-

2065 4454 2241 4508 quam
2292 4437 2572 4493 conscissi
2626 4436 2858 4510 gladiis,
2891 4439 3268 4496 discedebant
3312 4459 3346 4497 a
3391 4447 3704 4515 conspectu

2065 4527 2212 4598 ejus.
2264 4550 2291 4577 ‹‹
2328 4531 2393 4582 Et
2421 4526 2723 4582 audientes
2751 4543 2885 4582 eum
2931 4528 2989 4583 in
3040 4528 3236 4601 fugam
3286 4536 3640 4589 convertam.
3677 4555 3707 4582 »

2068 4620 2144 4670 De
2171 4615 2536 4671 daemonibus
2567 4615 2706 4698 dicit
2735 4609 2954 4687 iniquis
2980 4634 2993 4671 :
3038 4618 3137 4690 qui
3169 4635 3364 4675 coram
3396 4637 3462 4676 eo
3493 4622 3708 4694 saepius

1988 4674 2034 4738 D
2067 4704 2392 4776 fugiebant,
2449 4691 2769 4760 clamantes
2809 4674 3018 4776 :‘Quid
3055 4674 3272 4765 ‘venisti
3313 4674 3450 4766 ante

2069 4797 2325 4862 torquere
2368 4807 2466 4847 nos
2486 4795 2511 4844 .9
2556 4792 2773 4848 Scimus
2815 4795 2944 4866 quia
2975 4804 3035 4850 tu
3062 4812 3118 4852 es
3149 4799 3324 4854 Filius
3354 4800 3451 4856 Dei
3493 4800 3709 4873 (Matth.

2068 4898 2190 4952 vm,
2221 4881 2337 4949 29).

2077 5059 2082 5062 _
2141 5011 2169 5038 «
2204 4987 2268 5042 Et
2297 4984 2506 5041 veritas
2537 5003 2684 5054 mea,
2718 4991 2774 5043 et
2805 4991 3204 5048 misericordia
3233 5010 3362 5050 mea
3390 5011 3524 5050 cum
3555 4995 3705 5066 ipso.

2070 5076 2376 5142 Veritas,»
2426 5075 2566 5146 quia
2611 5092 2677 5130 ea
2725 5093 2850 5148 qua:
2901 5096 2935 5134 a
2983 5095 3076 5135 me
3133 5082 3370 5145 audivit,
3429 5081 3708 5153 loquitur.

2075 5189 2103 5216 ‹‹
2135 5163 2528 5222 Misericordia
2550 5187 2578 5213 »
2611 5165 2749 5236 quia
2777 5173 2944 5223 sanat
2974 5168 3259 5240 infirmos,
3283 5175 3402 5226 tam
3435 5171 3493 5225 in
3521 5177 3713 5228 mente

2072 5271 2248 5326 quam
2283 5254 2341 5308 in
2372 5269 2628 5325 corpore.
2682 5277 2709 5304 «
2746 5255 2812 5309 Et
2843 5255 2901 5310 in
2936 5257 3170 5312 nomine
3201 5275 3330 5314 meo
3360 5259 3712 5316 exaltabitur

2073 5360 2252 5399 cornu
2284 5344 2430 5414 ejus.
2479 5365 2506 5391 ‹‹
2543 5343 2841 5400 Fortitudo
2873 5344 3135 5402 Ecclesiae
3168 5348 3452 5421 sanguine
3483 5365 3592 5404 suo
3622 5364 3711 5405 re-

2074 5434 2340 5504 dempta.

2145 5565 2173 5591 ‹‹
2207 5541 2277 5596 Et
2307 5555 2517 5611 ponam
2551 5537 2609 5592 in
2649 5539 2793 5594 mari
2845 5557 3084 5596 manum
3135 5543 3282 5612 eius.
3320 5565 3347 5591 »
3395 5542 3712 5600 Ostendam

2074 5647 2243 5704 opera
2299 5629 2428 5699 ejus
2478 5627 2715 5683 mundo.
2771 5652 2798 5678 ‹‹
2831 5629 2900 5684 Et
2943 5630 3001 5684 in
3043 5630 3386 5687 ﬂuminibus
3415 5631 3713 5693 dexteram

2073 5721 2221 5794 ejus.
2253 5738 2280 5772 ι)
2332 5718 2520 5791 Super
2560 5715 2921 5791 principatus
2948 5722 3005 5775 et
3032 5723 3348 5794 potestates
3377 5720 3604 5789 mundi,
