4256 6596
595 445 753 512 “55

2085 417 2506 483 APPENDIX.

3847 417 4016 482 H56

670 600 697 628 ‹‹
731 575 861 646 Ipse
879 565 1168 628 invocabit
1185 565 1484 634 me,Pater
1509 574 1676 616 meus
1697 574 1759 613 es
1785 561 1878 612 tu:
1900 559 2050 611 Deus
2074 570 2240 610 meus
2270 559 2324 624 Α
2425 580 2452 607 ‹‹
2485 556 2862 628 Diripuerunt
2893 571 3028 612 eum
3075 569 3279 610 omnes
3333 557 3708 610 transeuntes
3756 552 3940 609 viam.
3983 576 4005 602 ι

597 672 654 722 et
685 666 989 734 susceptor
1017 656 1225 714 salutis
1257 669 1417 709 mete.
1452 673 1479 701 »
1512 648 1740 720 Sapius
1770 662 1906 702 eum
1934 647 2244 734 invocasse

596 755 823 810 Patrem
854 732 1060 815 Deum,
1094 746 1153 801 in
1183 739 1509 814 Evangeliis
1550 737 1839 809 legimus;
1899 733 2051 790 sicut
2098 732 2242 788 illud

596 848 730 902 est:
781 844 967 905 Pater,
1018 835 1265 904 clariﬁca
1319 846 1407 884 me
1463 827 1610 899 apud
1664 825 2009 894 temetipsum
2056 822 2242 891 (Joan.

595 949 735 999 xvu,
767 931 844 1001 5).
890 928 960 983 Et
1003 925 1264 980 iterum:
1317 921 1501 984 Pater,
1555 918 1614 970 in
1670 929 1869 967 manus
1925 919 2045 966 tuas
2092 926 2242 1001 com-

596 999 814 1076 mendo
847 1017 1107 1088 spiritum
1158 1025 1342 1065 meum
1401 1007 1552 1078 (Luc.
1612 1019 1812 1069 xxxm,
1866 1002 1975 1070 46).
2027 999 2245 1054 «Deus

598 1125 786 1165 meus.
822 1129 849 1156 »
882 1106 1034 1161 Deus
1065 1106 1258 1156 autem
1289 1100 1454 1153 vocat
1483 1109 1620 1150 cum
1653 1091 1794 1148 dicit
1828 1103 1842 1145 :
1894 1091 2058 1158 Deus,
2110 1089 2248 1143 Deus

597 1213 770 1268 meus,
829 1193 1024 1265 utquid
1077 1206 1162 1245 me
1218 1185 1568 1256 dereliquisti
1623 1182 1834 1252 (Matth.
1899 1195 2047 1246 xxw,
2107 1176 2247 1248 46)?

598 1294 654 1344 et
684 1285 869 1342 multa
900 1282 1032 1337 alia.

672 1399 700 1426 «
735 1377 803 1430 Et
847 1387 952 1443 ego
1007 1365 1460 1441 primogenitum
1511 1376 1724 1433 ponam
1770 1357 1917 1413 illud
1954 1354 2247 1412 excelsum

598 1481 717 1537 prie
747 1461 983 1534 regibus
1012 1463 1196 1513 terrae.
1232 1477 1259 1503 ››
1297 1455 1396 1508 Est
1427 1451 1584 1508 enim
1615 1447 1900 1503 Dominus
1931 1449 2098 1502 Jesus
2129 1443 2247 1537 pri-

601 1531 932 1625 mogenitus
989 1564 1057 1602 ex
1114 1543 1359 1600 mortuis
1419 1540 1642 1611 (Cotoss.
1677 1555 1715 1602 1,
1765 1535 2110 1625 18):Asicut
2170 1531 2251 1585 ait

597 1623 931 1714 Apostolus,
964 1633 1234 1690 Excelsus
1275 1631 1480 1695 factus,
1513 1627 1687 1682 cmlos
1736 1623 2057 1679 ascendens
2092 1637 2105 1675 :
2153 1637 2248 1675 re-

599 1747 717 1803 gna
746 1725 952 1783 mundi
984 1726 1197 1779 cuncta
1226 1718 1570 1789 subjiciens.

675 1841 697 1867 ι
733 1817 797 1871 In
827 1819 1107 1869 aeternum
1147 1807 1388 1864 servabo
1420 1804 1504 1858 illi
1537 1800 1996 1860 misericordiam
2032 1814 2244 1865 meam,

599 1912 656 1963 et
703 1903 1122 1960 testamentum
1170 1912 1366 1951 meum
1417 1892 1583 1948 ﬁdele
1632 1891 1826 1963 ipsi.»
1887 1889 1948 1944 In
1999 1886 2252 1942 Ecclesia

599 2010 777 2066 quam
826 2008 929 2064 per
975 1983 1458 2054 misericordiam,
1491 1986 1548 2038 et
1583 1984 2003 2036 testamentum
2036 1992 2246 2066 prace-

601 2065 837 2158 ptorum
887 2094 1129 2136 suorum
1177 2072 1444 2139 redemit,
1478 2071 1599 2126 hzec
1644 2070 1702 2124 in
1735 2085 1802 2124 ea
1832 2065 2250 2140 perpetualiler

603 2172 1046 2230 conservantur.

679 2285 707 2313 ‹‹
737 2261 806 2316 Et
834 2273 1047 2331 ponam
1077 2254 1136 2308 in
1168 2250 1446 2308 saeculum
1500 2245 1695 2304 saeculi
1746 2261 1946 2300 semen
2001 2244 2252 2331 ejus,et

606 2330 883 2406 thronum
915 2346 1045 2416 ejus
1076 2343 1228 2398 sicut
1261 2340 1385 2394 dies
1415 2337 1562 2393 coeli.
1598 2357 1625 2385 »
1680 2333 2061 2404 Congregatio
2091 2330 2248 2386 enim

607 2442 943 2496 sanctorum
995 2449 1120 2504 qua:
1164 2431 1224 2486 in
1267 2427 1525 2484 Ecclesia
1553 2431 1662 2491 est,
1697 2425 1755 2478 in
1789 2441 1905 2495 qua
1937 2429 2091 2476 Deus
2122 2425 2250 2475 tan-

606 2543 784 2600 quam
814 2525 874 2580 in
905 2523 1116 2579 throno
1146 2518 1380 2587 residet,
1409 2516 1562 2572 sicut
1590 2513 1675 2569 sol
1706 2511 1951 2584 fulgebit
1981 2512 2039 2565 in
2073 2524 2251 2580 regno

610 2616 818 2674 Patris.

679 2730 705 2756 «
737 2705 795 2760 Si
817 2708 1012 2760 autem
1044 2696 1462 2769 dereliquerint
1483 2693 1586 2748 filii
1610 2694 1738 2763 ejus
1768 2691 1952 2762 legem
1982 2703 2193 2752 meam,
2222 2708 2250 2735 »

604 2801 712 2851 etc.
744 2793 906 2858 Quod
938 2789 1307 2847 derelictores
1348 2785 1515 2857 legis,
1539 2782 1900 2854 judiciorum
1949 2778 2250 2843 oblitores,

604 2871 2060 2956 profanatoresjustiﬁcationum,mandatorumque
2075 2873 2259 2956 trans-

610 2953 928 3044 gressores,
962 2969 1022 3022 in
1068 2967 1254 3036 virga,
1284 2964 1341 3017 id
1373 2965 1461 3018 est
1489 2961 1548 3016 in
1581 2958 1892 3030 disciplina
1922 2956 2044 3022 Dei,
2077 2953 2252 3011 corri-

611 3043 868 3132 piantur,
892 3062 949 3112 et
971 3051 1373 3110 misericordia
1393 3049 1589 3105 divina
1608 3065 1722 3103 non
1747 3048 2043 3102 auferatur
2066 3061 2078 3098 ε
2110 3043 2254 3098 illud

611 3146 956 3213 ostenditur,
991 3148 1056 3198 ut
1108 3139 1306 3197 nullus
1353 3139 1479 3195 sine
1529 3153 1632 3208 spe
1680 3133 2136 3207 recuperationis
2182 3133 2254 3188 ab

609 3235 864 3292 Ecclesia
895 3235 1160 3289 arceatur
1192 3247 1203 3286 :
1255 3227 1393 3300 quia
1423 3226 1575 3283 sicut
1603 3225 1882 3280 severitas
1914 3223 2111 3278 divina
2138 3226 2254 3277 ter-

2350 645 2681 701 Transeunt
2710 645 2866 701 enim
2897 645 3065 699 illum
3115 643 3216 715 qui
3263 643 3407 698 dixit
3440 661 3452 698 :
3505 645 3615 712 Ego
3653 660 3774 698 sum
3803 644 3920 710 via,
3957 652 4011 699 et

2355 737 2573 801 veritas,
2605 743 2655 790 ct
2701 736 2815 790 vita
2846 735 3023 806 (Joan.
3056 750 3172 799 xxv,
3217 733 3271 804 6)
3306 748 3332 796 ς,
3371 749 3505 788 cum
3535 731 3620 787 vel
3652 731 4008 789 vestimenta

2356 824 2484 895 ejus
2513 824 2801 890 dividunt,
2833 823 2919 878 vel
2973 839 3184 894 corpus
3236 821 3414 877 clavis
3457 825 3515 876 et
3561 837 3841 877 mucrone
3870 838 4007 876 con-

2356 912 2604 968 fodiunt.
2640 934 2667 962 «
2695 913 2903 968 Factus
2929 917 3018 967 est
3041 911 3422 984 opprobrium
3443 910 3650 966 vicinis
3676 909 3822 966 suis.
3849 930 3877 962 ι
3903 910 4006 966 Ju-

2355 1001 2517 1067 dmis,
2553 1017 2618 1056 ac
2671 1000 3030 1072 principibus
3085 1001 3476 1069 sacerdotum,
3527 999 3628 1071 qui
3677 1000 4002 1056 dicebant:

2361 1092 2508 1147 Vah!
2539 1092 2637 1161 qui
2680 1091 2993 1146 destruebas
3044 1090 3307 1160 templum
3351 1090 3466 1155 Dei,
3499 1097 3550 1144 et
3591 1093 3712 1160 post
3752 1089 4002 1145 triduum

2354 1179 2664 1251 reaediﬁcas
2712 1180 2852 1236 illud
2883 1198 2901 1234 :
2955 1179 3214 1237 descende
3265 1179 3330 1233 de
3378 1194 3538 1234 cruce
3582 1178 3789 1248 (Matth.
3822 1195 4004 1247 xxvn,

2355 1271 2467 1339 4ο).

2433 1379 2460 1407 ιι
2489 1357 2768 1415 Exaltasti
2801 1358 3097 1413 dexteram
3128 1355 3581 1428 deprimentium
3614 1372 3769 1413 eum.
3797 1379 3826 1409 ››
3856 1361 4001 1415 Cum

2357 1447 2638 1502 humilius
2667 1463 2801 1501 eum
2833 1446 2890 1500 in
2925 1450 3193 1501 mortem.
3237 1465 3258 1492 α
3295 1445 3623 1502 Laetiﬁcasti
3655 1462 3858 1503 omnes
3891 1449 4003 1503 ini-

2359 1535 2542 1590 micos
2574 1536 2722 1606 ejus.
2757 1556 2785 1584 ››
2818 1533 3071 1590 Pilatum
3104 1549 3239 1589 cum
3269 1535 3540 1606 gentibus
3569 1539 3628 1591 et
3653 1535 3889 1592 Judaeis.

2433 1646 2460 1675 ‹‹
2491 1625 2763 1680 Avertisti
2818 1622 3177 1695 adjutorium
3221 1623 3402 1696 gladii
3450 1625 3597 1696 ejus.
3633 1647 3660 1673 n
3709 1625 3852 1680 Cum
3887 1642 4004 1684 non

2360 1714 2576 1786 profuit
2629 1713 2848 1768 Judzeis
2907 1729 3098 1769 sermo
3157 1713 3587 1786 praedicationis
3645 1713 3822 1772 illius.
3875 1739 3905 1766 (ι
3933 1715 4006 1771 Et

2359 1819 2474 1857 non
2507 1819 2568 1857 es
2602 1801 2916 1858 auxiliatus
2947 1802 2996 1857 ei
3030 1801 3089 1856 in
3121 1801 3294 1858 bello.
3325 1822 3355 1854 ιι
3405 1802 3468 1858 In
3499 1803 3767 1858 conflictu
3800 1803 4004 1876 utique

2360 1891 2674 1966 passionis.

2431 2003 2458 2030 «
2492 1980 2836 2036 Destruxisti
2881 1996 3015 2036 eum
3065 1980 3136 2036 ab
3184 1982 3620 2044 emundatione.
3652 2004 3680 2032 »
3738 1982 3798 2039 Si
3844 1984 4003 2042 enim

2359 2069 2597 2142 alligata
2644 2069 2853 2125 fuisset
2905 2069 3201 2125 munditia
3249 2071 3398 2139 ejus,
3432 2087 3546 2127 non
3597 2071 3798 2142 utique
3827 2073 4003 2130 vesti-

2361 2165 2558 2214 menta
2582 2159 2709 2228 ejus
2732 2164 2934 2214 nostra
2956 2158 3214 2214 facinora
3238 2158 3684 2231 inquinassent:
3710 2161 3861 2216 sicut
3877 2161 4006 2233 ipse

2361 2249 2486 2304 ait:
2536 2249 2799 2318 Aspersus
2848 2253 2928 2302 est
2975 2249 3199 2318 sanguis
3246 2265 3434 2304 eorum
3478 2264 3643 2320 super
3686 2252 4005 2306 vestimenta

2359 2353 2502 2401 mea,
2532 2341 2585 2392 et
2613 2338 2802 2392 omnia
2832 2336 3161 2391 indumenta
3200 2354 3319 2394 mea
3350 2340 3642 2410 inquinavi
3686 2340 3811 2410 (Isa.
3844 2356 4004 2408 LX111,

2362 2427 2434 2494 3).
2469 2425 2615 2480 Nam
2646 2429 2704 2480 et
2734 2425 2882 2480 inter
2928 2424 3164 2497 iniquos
3211 2427 3545 2498 deputatus,
3578 2434 3636 2483 et
3667 2445 3798 2483 cum
3829 2427 4008 2484 latro-

2363 2516 2537 2570 nibus
2568 2515 2882 2569 cruciﬁxus
2911 2520 3018 2570 est.
3074 2537 3101 2565 «
3133 2516 3202 2570 Et
3232 2517 3430 2572 sedem
3463 2517 3590 2586 ejus
3621 2517 3676 2572 in
3712 2523 3864 2573 terra
3895 2517 4007 2573 col-

2362 2601 2557 2660 lisisti.
2581 2623 2606 2654 υ
2645 2604 2992 2658 Sanctorum
3027 2604 3255 2660 animas
3286 2621 3462 2676 super
3482 2621 3626 2677 quas
3647 2605 4004 2676 quiescebat,

2364 2711 2491 2766 quae
2524 2693 3025 2748 conturbabantur
3053 2693 3122 2749 de
3153 2693 3314 2749 obitu
3346 2695 3495 2765 ejus.

2436 2806 2463 2833 «
2495 2781 2796 2837 Minorasti
2822 2782 2946 2838 dies
2975 2782 3256 2854 temporis
3279 2783 3428 2854 ejus.
3457 2805 3482 2831 ››
3515 2782 3647 2838 Dies
3680 2783 4009 2856 illiushsunt

2364 2871 2659 2939 diminuti,
2694 2877 2757 2926 ut
2803 2871 3056 2926 velocius
3098 2877 3379 2927 remearet
3409 2873 3479 2927 ad
3513 2872 3761 2929 Patrem;
3817 2898 3843 2923 ‹‹
3880 2875 4007 2931 Per-

2366 2961 2570 3016 fudisti
2601 2978 2732 3016 eum
2769 2960 3130 3015 confusione.
3168 2983 3188 3009 ι
3233 2960 3586 3017 Confusione
3617 2961 3819 3034 utique
3847 2979 4004 3020 mor-

2364 3049 2460 3105 tis.
2496 3049 2624 3104 Heec
2656 3049 2927 3104 dicebant
2955 3049 3223 3120 apostoli,
3258 3050 3591 3121 ignorantes
3621 3067 3754 3107 eum
3788 3070 3821 3108 a
3849 3069 4003 3110 mor-

2363 3139 2482 3195 tuis
2512 3139 2723 3194 debere
2755 3153 3075 3210 resurgere.
3129 3138 3291 3203 Quod
3323 3143 3517 3194 autem
3549 3139 3658 3195 hoc
3690 3141 4003 3211 nescirent,

2364 3227 2722 3300 evangelista
2743 3244 2867 3283 com
2880 3231 3181 3283 memorat.
3207 3227 3352 3285 Nam
3387 3229 3457 3284 de
3487 3228 3695 3285 dilecto
3724 3230 4010 3301 discipulo

609 3330 714 3390 ret,
747 3327 1024 3396 urguente
1073 3318 1300 3390 iustitia
1332 3334 1345 3372 :
1398 3317 1479 3372 ita
1529 3315 1713 3386 pietas
1763 3317 2012 3385 reparat,
2055 3311 2250 3366 mode-
2284 3311 2327 3378 C
2366 3318 2483 3372 ait:
2515 3316 2770 3374 Nondum
2800 3317 2948 3371 enim
2975 3316 3176 3372 sciebat
3194 3318 3510 3388 Scripturas
3537 3336 3556 3371 :
3589 3320 3720 3390 quia
3738 3324 4014 3390 oporteret

607 3419 771 3471 rante
801 3410 1130 3469 clementia.

675 3526 703 3555 «
736 3501 927 3559 Semel
951 3498 1145 3570 juravi
1176 3498 1236 3552 in
1267 3500 1467 3552 sancto
1499 3510 1647 3550 meo.
1681 3515 1708 3542 »
1765 3494 1826 3548 In
1867 3490 2102 3546 homine
2149 3488 2249 3546 illo

603 3593 925 3648 Dominico.
960 3612 987 3640 α
1023 3587 1082 3645 Si
1120 3586 1290 3642 David
1325 3583 1600 3650 mentiar,
1633 3604 1659 3634 ››
1695 3580 1864 3636 Nullo
1895 3580 2052 3635 enim
2084 3595 2247 3634 men-

603 3682 769 3737 dacio
799 3675 1303 3736 circumscribitur
1331 3674 1485 3728 Deus
1512 3689 1524 3727 :
1558 3671 1710 3726 sicut
1739 3670 1820 3726 ait
1849 3667 2204 3740 evangelista
2232 3683 2244 3723 :

603 3761 716 3825 Iota
765 3784 939 3822 unum
989 3769 1086 3821 aut
1139 3779 1283 3818 unus
1330 3777 1470 3833 apes:
1518 3776 1629 3815 non
1674 3759 1984 3829 prwteribit
2032 3775 2065 3812 a
2114 3759 2245 3828 tege,

603 3857 772 3914 donec
814 3857 1002 3912 omnia
1048 3855 1203 3924 ﬁant,
1237 3850 1452 3923 (Matth.
1487 3867 1539 3915 v,
1574 3848 1678 3919 18).
1734 3871 1753 3896 ει
1789 3847 1999 3902 Semen
2029 3847 2157 3916 ejus
2189 3848 2249 3901 in

606 3951 888 4003 aternum
907 3941 1224 4000 manebit.»
1239 3939 1495 4012 Populus
1513 3936 1858 4009 acquisitus.
1876 3959 1903 3985 ‹‹
1920 3935 1986 3990 Et
2005 3935 2250 3990 thronus

605 4037 734 4107 ejus
765 4035 917 4091 sicut
945 4031 1031 4088 sol
1061 4030 1117 4086 in
1144 4032 1457 4100 conspectu
1481 4042 1629 4081 meo.
1665 4049 1692 4075 «
1719 4025 1911 4096 Ipsam
1935 4023 2249 4078 Ecclesiam

606 4125 665 4180 in
699 4124 959 4180 claritate
991 4121 1198 4176 futurae
1232 4115 1611 4174 beatitudinis
1643 4129 2005 4187 permanere,
2039 4114 2250 4167 iterum

604 4218 781 4283 atque
809 4213 1022 4268 iterum
1052 4207 1357 4282 promittit.
1399 4228 1427 4254 ‹‹
1459 4205 1529 4259 Et
1559 4203 1712 4258 sicut
1742 4202 1882 4258 luna
1914 4201 2164 4274 perfecta
2193 4201 2250 4256 in

605 4306 906 4357 aeternum.
942 4321 969 4348 ››
1021 4299 1166 4353 Tota
1195 4294 1410 4361 lucida,
1443 4297 1566 4348 tota
1596 4291 1851 4363 perfecta
1883 4308 1894 4345 :
1931 4289 2011 4345 nil
2042 4292 2249 4346 obscu-

604 4391 794 4446 ritatis
824 4388 1134 4446 continens
1164 4386 1221 4439 in
1255 4401 1336 4440 se.
1372 4406 1398 4432 ‹‹
1430 4382 1498 4435 Et
1525 4380 1693 4436 testis
1725 4380 1783 4434 in
1808 4380 1949 4435 coelo
1983 4379 2194 4436 fidelis.
2223 4402 2250 4428 »

605 4480 733 4550 Ipse
781 4477 1048 4534 Christus
1109 4471 1412 4537 Dominus,
1463 4468 1563 4542 qui
1625 4468 1790 4524 ﬁdele
1846 4469 2251 4524 testimonium

606 4567 860 4621 reddidit
905 4567 976 4620 de
1023 4579 1195 4634 opere
1229 4560 1410 4616 Patris
1461 4559 1519 4613 in
1571 4558 1809 4626 mundo,
1844 4557 1902 4612 in
1947 4556 2119 4613 caelos
2166 4563 2256 4615 est

606 4653 958 4709 evehendus.
994 4652 1138 4706 Hinc
1169 4651 1240 4704 ad
1273 4650 1502 4704 Patrem
1532 4665 1640 4702 vox
1665 4645 2001 4719 apostolica.

679 4765 707 4794 ‹‹
739 4743 826 4798 Tu
857 4757 990 4797 vero
1022 4737 1285 4812 repulisti
1334 4741 1390 4793 et
1438 4735 1772 4809 despexisti.
1810 4758 1836 4784 ››
1891 4736 2038 4800 Quia
2085 4753 2252 4809 sepa-

607 4847 810 4888 ramur
859 4849 892 4886 a
942 4846 1073 4902 rege
1133 4831 1350 4898 nostro,
1407 4827 1546 4881 dum
1605 4825 1847 4897 patitur.
1904 4849 1930 4874 ‹‹
1967 4825 2253 4882 Distulisti

607 4920 902 4978 Christum
936 4924 1127 4975 tuum.
1163 4940 1189 4968 ››
1239 4915 1546 4971 Tradendo
1594 4929 1728 4969 eum
1761 4913 2035 4970 inimicis.

678 5034 706 5061 ‹‹
739 5008 1015 5066 Avertisti
1046 5010 1465 5063 testamentum
1515 5004 1664 5058 servi
1713 5002 1883 5058 tui.»
1937 5008 2045 5060 Per
2096 5005 2250 5078 quod

607 5100 956 5173 promiserat
1012 5114 1118 5153 nos
1176 5111 1374 5152 secum
1433 5108 1696 5163 regnare.
1733 5114 1760 5142 «
1814 5094 2138 5150 Profanasti
2191 5095 2250 5150 in

607 5197 762 5247 terra
790 5186 1190 5246 sanctuarium
1225 5186 1373 5256 ejus.
1405 5203 1432 5235 ιο
1490 5181 1843 5238 Promiseras
1889 5183 2042 5238 enim
2095 5185 2251 5256 quod

609 5296 727 5336 non
760 5279 930 5334 dares
962 5281 1234 5334 sanctum
1264 5278 1433 5329 tuum
1472 5271 1666 5326 videre
1712 5273 2164 5343 corruptionem,
2199 5279 2254 5329 et

609 5385 766 5424 nunc
790 5369 916 5438 jam
948 5366 1007 5421 in
1040 5363 1306 5437 sepulcro
1342 5362 1575 5435 tegitur.
1925 5361 1927 5363 ’

681 5480 710 5508 ‹‹
743 5455 1045 5512 Deduxisti
1077 5470 1280 5509 omnes
1312 5469 1478 5524 sepes
1508 5451 1657 5522 ejus.
1695 5475 1718 5502 ι
1776 5451 1964 5507 Verba
1996 5451 2164 5522 Legis
2197 5454 2254 5506 et

610 5545 1030 5617 prophetarum
1063 5544 1122 5599 in
1153 5541 1368 5614 quibus
1400 5540 1780 5597 retinebatur.
1815 5564 1841 5590 «
1875 5539 2127 5596 Posuisti
2161 5540 2254 5595 fir-

611 5637 974 5690 mamentum
1023 5633 1152 5704 ejus
1196 5630 1587 5688 formidinem.
1623 5653 1645 5682 ι)
1702 5633 1819 5686 Nos
1851 5629 1954 5702 qui
1985 5645 2118 5685 eum
2149 5648 2252 5687 au-

613 5717 918 5788 diebamus
947 5737 1084 5780 cum
1116 5719 1348 5780 doceret
1385 5719 1611 5777 turbas.

2357 3407 2521 3461 illum
2571 3424 2604 3461 a
2651 3407 2886 3461 mortuis
2933 3422 3218 3476 resurgere
3261 3407 3440 3476 (Joan.
3473 3423 3566 3477 xx,
3599 3408 3675 3478 9).
3728 3411 3793 3462 Et
3841 3409 4013 3465 Petro

2357 3495 2525 3566 quasi
2576 3494 2959 3550 deliramenta
3006 3496 3130 3550 visa
3182 3499 3321 3550 sunt
3362 3496 3537 3550 verba
3570 3496 4013 3556 resurrectionis

2357 3585 2559 3654 hujus.
2592 3583 2849 3639 Thomas
2883 3589 3079 3638 autem
3112 3583 3195 3639 ait
3223 3601 3237 3636 :
3270 3585 3391 3639 Nisi
3421 3585 3625 3650 videro,
3653 3601 3763 3640 non
3792 3585 4014 3642 credam

2358 3672 2521 3742 (Ibid.
2571 3674 2691 3744 25).
2753 3673 2885 3727 Ideo
2941 3689 3078 3745 ergo
3129 3672 3267 3728 talia
3320 3671 3709 3746 loquebantur
3765 3675 4016 3746 apostoli

2360 3763 2528 3835 quasi
2552 3762 2967 3833 exprobrantes
2995 3761 3144 3816 Patri
3171 3778 3183 3817 :
3221 3762 3360 3832 quia
3389 3762 3743 3835 ignorabant
3771 3780 3905 3818 eum
3936 3765 4012 3822 ab

2359 3853 2584 3906 inferno
2655 3850 2865 3906 redire.
2928 3850 3030 3906 His
3099 3850 3278 3922 igitur
3343 3853 3697 3920 succedens,
3758 3852 4016 3910 Ecclesia

2360 3941 2504 3996 dicit
2538 3957 2549 3994 :

2432 4052 2458 4078 ‹‹
2495 4029 2827 4100 Usquequo,
2861 4028 3038 4096 Deus,
3072 4028 3341 4084 irasceris
3390 4029 3446 4084 in
3494 4031 3670 4087 finem
3706 4048 3718 4086 :
3771 4032 4011 4087 exarde-

2360 4122 2481 4174 scet
2510 4118 2664 4174 sicut
2693 4116 2845 4189 ignis
2896 4117 2982 4172 ira
3029 4117 3183 4194 tua?
3213 4140 3240 4168 »
3292 4119 3562 4183 Quandiu
3615 4120 3904 4188 irasceris,
3942 4127 4014 4176 ut

2362 4223 2495 4262 eum
2527 4223 2561 4262 a
2589 4210 2773 4262 morte
2805 4223 2918 4261 non
2953 4223 3184 4263 revoces
3207 4207 3236 4260 ‘?

2434 4320 2460 4344 ‹‹
2497 4296 2837 4362 Memorare,
2871 4295 3130 4363 Domine,
3165 4314 3290 4369 quae
3323 4297 3398 4353 sit
3428 4298 3758 4355 substantia
3789 4314 3942 4370 mea,
3979 4323 4011 4349 ››

2364 4383 2536 4442 Nulla
2567 4383 2711 4438 mihi
2741 4389 2830 4440 est
2857 4385 2984 4441 vita:
3018 4385 3367 4457 substantia,
3401 4386 3514 4442 nisi
3562 4388 3622 4442 in
3667 4403 3800 4443 eum
3831 4402 4012 4458 quem

2363 4472 2661 4546 praestoler
2690 4473 2896 4530 reverti
2929 4474 3000 4529 de
3029 4479 3268 4530 tartaro.
3304 4498 3331 4524 «
3354 4475 3647 4544 Numquid
3674 4475 3831 4530 enim
3863 4491 4013 4531 vane

2362 4561 2715 4618 constituisti
2746 4579 2950 4618 omnes
2978 4562 3126 4618 filios
3159 4562 3464 4618 hominum
3486 4561 3514 4615 ?
3541 4584 3562 4610 ι
3603 4561 3660 4615 Si
3685 4561 3843 4618 enim
3875 4563 4011 4620 illos

2283 4673 2330 4737 Ι)
2364 4669 2477 4708 non
2511 4669 2676 4723 vane,
2714 4652 2815 4708 sed
2845 4652 3125 4707 veraciter
3171 4650 3230 4704 in
3262 4666 3363 4721 spe
3393 4651 3838 4706 resurrectionis
3869 4667 4011 4709 con-

2363 4741 2626 4807 stituisti,
2659 4745 2877 4812 quanto
2933 4740 3121 4810 magis
3150 4737 3363 4793 Filium
3415 4743 3583 4795 tuum
3631 4740 3806 4797 debes
3848 4758 4014 4798 resu-

2365 4831 2574 4886 scitare
2601 4829 2614 4884 ι

2434 4942 2461 4969 ‹‹
2497 4917 2634 4984 Quis
2664 4921 2755 4972 est
2784 4917 2957 4972 homo
2987 4916 3089 4987 qui
3118 4915 3288 4987 vivet,
3320 4921 3377 4972 et
3415 4935 3530 4974 non
3574 4919 3793 4976 videbit
3847 4935 4009 4976 mor—

2361 5013 2477 5064 tem
2512 5024 2525 5062 :
2579 5010 2679 5061 aut
2730 5005 2862 5078 quis
2909 5011 3074 5062 eruet
3114 5005 3370 5062 animam
3411 5024 3578 5064 suam
3613 5008 3682 5066 de
3714 5025 3889 5064 manu
3922 5009 4012 5066 in-

2363 5097 2513 5153 feri?
2535 5118 2562 5145 ››
2592 5095 2718 5152 Scio
2749 5096 2890 5168 quia
2921 5096 3122 5152 nullus
3151 5095 3326 5151 homo
3358 5113 3604 5154 carneus
3636 5097 3825 5154 evadit
3854 5115 4011 5154 mor-

2359 5189 2499 5254 tem,
2534 5200 2720 5256 neque
2751 5185 3007 5240 animam
3039 5201 3205 5240 suam
3239 5186 3493 5242 servabit
3521 5187 3590 5242 ab
3621 5187 3839 5243 inferis.
3889 5187 4005 5244 Sed

2363 5275 2492 5332 novi
2525 5273 2664 5346 quia
2693 5275 2848 5330 Deus
2879 5275 2987 5330 sub
3018 5273 3342 5329 velamento
3395 5276 3588 5331 carnis
3629 5275 3845 5332 latebat
3875 5277 4010 5333 abs-

2362 5363 2653 5434 conditus,
2685 5381 2857 5435 quem
2891 5379 3048 5418 mors
3081 5367 3138 5418 et
3168 5363 3432 5420 infernus
3473 5381 3587 5420 non
3633 5365 3880 5421 debeant
3912 5381 4005 5422 re-

2361 5453 2565 5509 tinere.

2356 5617 2362 5624 .
2435 5565 2463 5593 «
2498 5542 2603 5598 Ubi
2636 5546 2775 5598 sunt
2821 5541 3230 5598 misericordiae
3261 5546 3372 5598 tuas
3404 5544 3678 5616 antiques,
3711 5543 3958 5600 Domine
3990 5561 4003 5602 :

2362 5632 2517 5688 sicut
2537 5630 2755 5702 jurasti
2785 5629 2962 5686 David
3016 5632 3075 5688 in
3117 5633 3360 5690 veritate
3409 5638 3511 5690 tua
3533 5632 3562 5689 ?
3595 5655 3622 5683 ››
3669 5633 3726 5689 Si
3759 5632 3855 5690 hic
3887 5650 4007 5691 non

2363 5721 2749 5780 resuscitatur
2772 5720 2800 5779 ?
