4256 6578
265 461 418 522 115⁸7

1436 454 1932 519 BREVIARIUM
1977 453 2056 515 IN
2102 444 2488 516 PSALMOS.

3511 459 3675 524 H58

334 615 361 643 «
397 592 619 650 Memor
690 594 832 660 esto,
897 587 1163 656 Domine,
1236 589 1530 662 opprobrii
1605 601 1905 643 servorum
1940 595 1990 659 Α
2023 602 2214 656 Lxxui,
2252 585 2356 655 19).
2391 586 2458 640 Et
2490 601 2594 640 nos
2638 585 2835 642 hostes
2881 590 3354 658 prosequuntur:
3407 595 3673 662 propter.

266 687 522 737 tuorum.
559 703 588 731 »
621 681 727 744 Qui
757 696 890 735 eum
935 682 1268 750 expectant.
1302 700 1329 728 ‹‹
1362 678 1524 742 Quod
1551 675 1816 731 continui
1849 675 1906 728 in

268 772 400 826 sinu
434 787 562 826 meo
612 768 932 824 multarum
980 766 1262 840 gentium.
1299 790 1325 815 «
1361 767 1514 830 Quos
1563 762 1909 836 congregavi

268 865 551 932 tanquam
585 859 644 912 in
678 858 833 926 sinu,
865 857 925 912 in
960 873 1076 912 una
1105 856 1276 910 domo
1309 853 1694 910 credulitatis.

341 948 561 1014 «Quod
615 945 1104 1018 exprobraverunt
1152 942 1374 998 inimici
1423 943 1529 1009 tui,
1583 940 1845 996 Domine.
1886 961 1911 987 ››

265 1036 471 1105 Judaei,
523 1035 819 1102 Pharisaei,
869 1033 1307 1104 Sadducaeique.
1342 1052 1368 1084 ι
1407 1031 1567 1094 Quod
1607 1030 1914 1101 exprobra-

267 1129 553 1181 verunt.»
594 1123 742 1188 Quid
794 1119 1332 1193 exprobraverunt?
1382 1117 1911 1174 Commutationem

267 1213 477 1269 Christi
509 1212 615 1268 tui.
654 1252 670 1268 ..
703 1212 847 1266 Cum
880 1227 942 1266 se
975 1210 1046 1264 ab
1067 1209 1160 1264 his
1185 1213 1578 1273 commutans,
1608 1206 1676 1260 ad
1709 1209 1912 1278 gentes

268 1304 517 1359 diceret:
552 1305 683 1358 Ecce
710 1301 1056 1371 relinquetur
1085 1298 1236 1354 vobis
1265 1297 1459 1354 domus
1493 1299 1673 1351 vestra
1703 1295 1914 1350 deserta

268 1393 416 1464 (Luc.
450 1408 567 1457 xm,
599 1391 711 1459 35).

342 1503 368 1529 ‹‹
406 1479 748 1535 Benedictus
793 1477 1078 1533 Dominus
1123 1475 1182 1530 in
1214 1479 1520 1541 aeternum,
1573 1473 1694 1538 ﬁat,
1731 1473 1848 1537 fiat,
1883 1494 1909 1520 ››

269 1569 408 1624 Ecce
438 1568 799 1636 benedictus,
849 1581 980 1620 ecce
1026 1563 1316 1636 gloriosus
1365 1578 1498 1617 cum
1550 1562 1696 1616 redit
1727 1577 1794 1616 ex
1824 1560 1913 1614 in-

268 1659 448 1712 feris:
497 1673 632 1712 cum
682 1671 742 1710 se
800 1654 1017 1724 praebet
1075 1651 1402 1724 discipulis,
1459 1667 1592 1706 cum
1646 1649 1912 1705 Ecclesiae

269 1752 402 1802 vota
430 1751 487 1801 et
516 1745 611 1818 pia
642 1729 932 1799 desideria
962 1741 1234 1806 restituit,
1267 1742 1466 1795 dicens
1499 1741 1716 1796 sanctis
1743 1757 1755 1794 :
1787 1740 1916 1794 Ecce

270 1851 363 1907 ego
387 1835 664 1889 vobiscum
691 1849 814 1888 sum
857 1831 1112 1888 omnibus
1141 1830 1330 1885 diebus
1371 1845 1540 1901 usque
1566 1828 1636 1883 ad
1666 1844 1912 1883 consum-

271 1926 568 1980 mationem
618 1923 809 1978 saeculi
865 1920 1050 1992 (Matth
1122 1936 1318 1985 xxvm,
1375 1920 1487 1990 20).
1555 1919 1661 1984 Qui
1718 1933 1825 1972 nos
1883 1933 1916 1972 a

274 2012 447 2068 malis
491 2011 720 2067 actibus
767 2013 1128 2065 commutare
1175 2008 1449 2080 dignetur
1493 2008 1550 2062 in
1600 2007 1808 2075 honos,
1848 2022 1914 2060 a3

273 2120 381 2158 sua
410 2102 622 2174 pietate
669 2100 878 2171 dignos
922 2097 1175 2167 effectos,
1226 2096 1447 2167 Spiritu
1496 2100 1697 2152 sancto
1730 2095 1914 2167 reple-

274 2198 388 2260 tos,
434 2189 493 2244 in
551 2205 728 2261 regno
783 2204 888 2244 suo
941 2185 1113 2243 solita
1169 2185 1540 2241 miseratione
1579 2185 1914 2240 constituat.

270 2281 417 2346 Quia
444 2277 556 2352 ipsi
586 2283 674 2333 est
703 2275 888 2350 gloria
914 2281 972 2332 et
1002 2275 1312 2348 imperium
1346 2291 1479 2330 cum
1506 2279 1720 2329 aeterno
1752 2273 1920 2329 Patre

273 2375 330 2425 et
356 2369 578 2441 Spiritu
611 2371 812 2422 sancto
840 2365 899 2420 in
931 2363 1144 2420 saecula
1173 2362 1543 2419 saeculorum.
1577 2365 1780 2419 Amen.

772 2470 1094 2527 PSALMUS
1137 2469 1421 2525 LXXXIX.

275 2567 461 2624 Oratio
507 2565 679 2634 Moysi
726 2561 964 2617 hominis
1011 2561 1127 2614 Dei.
1179 2559 1440 2622 Quatuor
1485 2563 1625 2634 sunt
1657 2561 1680 2634 ‘_
1708 2557 1918 2630 psalmi

345 2637 444 2709 qui
502 2630 762 2709 oratione
819 2634 1268 2709 praenotantur,_
1303 2635 1504 2709 sextus
1561 2630 1823 2685 decimus
1865 2634 1922 2709 et

347 2701 740 2779 octogesimus
771 2701 1035 2779 quintus,
1092 2706 1148 2757 et
1185 2701 1577 2779 octogesimus
1624 2718 1834 2779 nonus,
1867 2705 1924 2755 et

349 2773 706 2834 centesimus
736 2773 982 2847 primus.
1012 2774 1074 2828 In
1107 2774 1424 2847 centesimo
1452 2773 1639 2847 primo
1671 2773 1917 2847 dicitur:

355 2850 552 2908 Oratio
591 2845 852 2919 pauperis
905 2861 1032 2902 cum
1063 2846 1332 2919 anxiatus
1360 2845 1561 2919 fuerit,
1592 2847 1643 2898 et
1700 2845 1768 2919 irt‘
1789 2859 1920 2919 con_-

348 2925 532 2992 specta
561 2915 658 2974 Dei
706 2915 918 2992 fuderit
952 2918 1258 2992 (orationem
1303 2932 1512 2992 suamt
1543 2915 1673 2968 Iste.
1719 2916 1924 2992 _Qrati_o

349 2985 810 3064 Mog/sithominis
860 2989 976 3042 Dei.
1036 2987 1308 3060 Legimus
1363 2985 1656 3064 canticum
1719 2985 1922 3057 Moysi.

351 3055 507 3135 quod
538 3062 596 3135 in
628 3061 820 3135 Exodo
841 3076 907 3115 eo
937 3055 1199 3135 tempore
1231 3058 1463 3135 quando
1485 3055 1736 3135 populus
1768 3055 1925 3135 mare

355 3128 626 3190 transivit
649 3132 938 3193 Rubrum,
969 3128 1294 3184 etdemerso
1323 3128 1643 3198 Pharaone,
1675 3131 1731 3182 et
1767 3128 1926 3183 omni

356 3209 486 3276 ejus
515 3275 518 3276 ν
544 3202 838 3276 exercitu,
877 3201 1062 3276 Maria
1091 3200 1301 3276 cecinit
1366 3203 1424 3253 et
1464 3199 1688 3276 Moyses
1727 3200 1923 3276 (Exod:

354 3269 446 3346 x'v,
478 3275 550 3344 1).
575 3271 1076 3346 Deindelegimus
1115 3275 1173 3325 et
1203 3271 1260 3346 in
1285 3269 1745 3346 Deuteronomio,
1769 3271 1925 3341 quod

2019 690 2086 729 ea
2115 675 2326 730 subtus
2368 673 2492 730 alas
2541 681 2672 729 tuas
2705 675 3050 746 refugimus.
3109 700 3128 725 ιι
3184 682 3246 730 In
3287 679 3668 748 generatione

2021 768 2078 818 et
2105 763 2561 834 generationem.
2596 787 2622 813 »
2656 765 2724 818 Et
2757 763 2814 819 in
2851 764 3159 836 praeterito,
3195 770 3251 820 et
3280 765 3337 820 in
3372 769 3670 839 praesenti,

2022 857 2078 906 et
2107 853 2165 906 in
2198 853 2410 908 futuro.
2461 851 2678 907 Aliter:
2731 877 2758 903 ‹‹
2812 853 2874 907 In
2918 855 3290 924 generatione
3337 860 3392 911 et
3422 872 3672 927 genera-

2020 941 2260 995 tionem.
2299 964 2325 988 »
2359 941 2502 995 Etin
2537 943 2711 997 veteri
2737 941 2947 1014 populo
2968 943 3323 1012 Judaeorum,
3351 950 3407 1000 et
3430 946 3488 1001 in
3523 963 3671 1002 novo

2021 1029 2506 1084 Christianorum.

2093 1142 2118 1166 «
2159 1116 2498 1188 Priusquam
2534 1123 2760 1175 montes
2792 1121 3014 1192 fierent,
3048 1127 3101 1176 et
3134 1124 3486 1180 formaretur
3519 1129 3672 1182 terra

2022 1211 2080 1260 et
2105 1207 2283 1261 orbis.
2317 1231 2343 1256 ››
2397 1208 2672 1280 Subrepit
2700 1210 2721 1242 ³
2753 1209 2811 1264 in
2862 1209 2969 1265 hoc
3017 1209 3142 1266 loco
3191 1212 3452 1269 haeresis.
3487 1215 3546 1269 Si
3577 1232 3670 1270 re-

2021 1295 2247 1365 fugium
2282 1295 2468 1350 factus
2499 1301 2586 1352 est
2615 1296 2783 1352 nobis
2824 1303 3139 1369 antequam
3187 1308 3413 1357 montes
3445 1304 3671 1374 fierent,

2022 1389 2078 1438 et
2109 1384 2457 1439 formaretur
2485 1385 2677 1440 orbis:
2725 1402 2860 1458 ergo
2900 1388 3108 1443 anima:
3159 1396 3326 1446 erant
3354 1397 3672 1463 antequam

2025 1473 2187 1526 fieret
2216 1473 2393 1527 orbis.
2425 1475 2570 1536 Quid
2604 1476 2761 1529 enim
2795 1477 2934 1530 dicit
2965 1478 3266 1549 Scriptura
3289 1480 3315 1533 ?
3343 1504 3362 1528 α
3411 1480 3674 1549 Domine,

2025 1561 2314 1632 refugium
2349 1563 2535 1618 factus
2566 1581 2626 1618 es
2681 1566 2871 1631 nobis,
2920 1566 2975 1620 in
3023 1569 3418 1638 generatione,
3457 1569 3674 1640 inquit,

2023 1656 2078 1706 et
2108 1652 2559 1721 generationem.
2599 1675 2626 1701 »
2659 1659 2705 1706 A
2738 1654 3019 1726 principio
3057 1656 3302 1711 mundi:
3337 1663 3471 1712 ante
3503 1659 3668 1730 prin-

2023 1739 2242 1810 cipium
2291 1741 2516 1795 mundi.
2570 1745 2684 1796 Hoc
2735 1741 2816 1796 illi
2865 1743 3086 1798 dicunt.
3134 1747 3200 1800 Et
3251 1761 3320 1800 ne
3351 1752 3520 1816 putes
3553 1764 3666 1815 me,

2025 1828 2235 1899 inquit,
2288 1829 2476 1884 dicere
2525 1831 2869 1902 priusquam
2922 1837 3148 1888 montes
3200 1833 3426 1898 ﬁerent,
3457 1841 3513 1890 et
3548 1835 3667 1890 for-

2027 1921 2284 1972 maretur
2313 1923 2486 1984 terra,
2519 1923 2576 1973 et
2605 1918 2781 1987 orbis,
2816 1924 2873 1973 tu
2910 1920 3121 1992 inquit,
3155 1921 3449 1994 refugium
3485 1923 3674 1978 factus

2025 2022 2086 2059 es
2118 2004 2304 2060 nobis.
2353 2005 2411 2060 Si
2461 2011 2654 2062 autem
2705 2007 2994 2080 refugium
3045 2014 3314 2065 nostrum
3369 2010 3477 2066 fuit
3510 2017 3680 2067 ante-

2027 2109 2204 2164 quam
2236 2093 2393 2148 orbis
2425 2095 2606 2162 fieret,
2635 2111 2769 2167 ergo
2801 2102 2934 2151 ante
2967 2097 3176 2152 anima}
3205 2097 3461 2166 fuerunt,
3499 2117 3674 2171 quam

2027 2181 2285 2236 mundus
2342 2183 2519 2251 fieret,
2582 2183 2728 2238 Male
2787 2183 3126 2256 distinguis,
3184 2186 3440 2243 hieresis.
3489 2190 3677 2253 Quare

2027 2268 2383 2324 calumniam
2417 2271 2559 2325 facis
2584 2272 2824 2343 Spiritui
2858 2273 3104 2329 sancto?
3136 2275 3229 2329 Sic
3267 2275 3673 2349 loquere,quo-

2029 2358 2201 2412 modo
2232 2358 2484 2430 Spiritus
2516 2366 2753 2416 sanctus
2786 2361 3018 2417 locutus
3051 2368 3156 2417 est.
3191 2364 3284 2418 Sic
3321 2381 3457 2436 ergo
3487 2365 3680 2438 legen-

2030 2447 2169 2501 dum
2203 2452 2327 2502 est:
2368 2469 2394 2496 «
2428 2451 2687 2516 Domine,
2738 2451 3029 2522 refugium
3082 2452 3269 2508 factus
3301 2469 3363 2508 es
3396 2454 3586 2524 nobis,
3620 2457 3678 2511 in
3767 2521 3770 2524 ,

2028 2536 2399 2607 generatione
2447 2543 2502 2591 et
2547 2539 3003 2610 generationem,
3043 2563 3068 2587 ι)
3123 2541 3428 2614 hucusque
3469 2542 3680 2598 distin-

2030 2624 2162 2678 ctio.
2194 2625 2448 2678 Rursum
2473 2624 2628 2680 aliud
2654 2626 3007 2697 principium
3037 2646 3048 2683 :
3077 2653 3103 2677 ‹‹
3140 2628 3488 2700 Priusquam
3511 2649 3676 2700 nion-

2031 2716 2118 2765 tes
2150 2712 2370 2781 fierent,
2395 2720 2451 2766 et
2478 2714 2824 2768 formaretur
2846 2718 3018 2782 terra,
3051 2720 3108 2771 et
3137 2717 3314 2781 orbis,
3345 2741 3372 2766 »
3405 2736 3438 2772 a
3465 2695 3677 2775 szizculo

2030 2806 2087 2854 et
2118 2817 2300 2871 usque
2332 2801 2387 2855 in
2421 2795 2697 2856 saeculum
2729 2807 2787 2857 tu
2821 2821 2882 2858 es
2919 2804 3090 2859 Deus.
3124 2805 3207 2859 Tu
3242 2822 3303 2860 es
3335 2805 3488 2862 Deus
3520 2814 3682 2863 ante-

2032 2905 2208 2953 quam
2243 2895 2468 2945 montes
2493 2892 2728 2946 tierent:
2763 2898 2823 2946 tu
2857 2909 2920 2948 es
2947 2893 3102 2948 Deus
3127 2899 3442 2966 antequam
3476 2898 3684 2951 forma-

2036 2983 2192 3032 retur
2223 2984 2394 3043 terra,
2446 2983 2502 3034 et
2531 2981 2707 3034 orbis.
2745 3003 2772 3030 ‹‹
2823 2984 2866 3035 A
2899 2983 3109 3037 saculo
3161 2990 3217 3038 et
3266 3001 3450 3055 usque
3492 2985 3549 3039 in
3578 3002 3680 3040 sae-

2034 3067 2230 3122 culum
2279 3072 2339 3121 tu
2382 3085 2443 3121 es
2493 3068 2727 3123 Deus.»
2779 3070 2866 3124 Tu
2915 3087 2975 3125 es
3008 3087 3256 3144 semper,
3309 3077 3372 3126 tu
3421 3091 3482 3128 es
3518 3078 3681 3129 aeter-

2036 3174 2166 3212 DUS.

2112 3268 2132 3292 α
2172 3244 2250 3302 Ne
2279 3250 2507 3300 avertas
2529 3245 2822 3302 hominem
2848 3247 2906 3302 in
2933 3247 3349 3316 humilitatem,
3381 3255 3437 3306 et
3457 3251 3677 3323 dixisti,

358 3324 1179 3467 cantica—miiilwud's‘izripserat
1223 3324 1290 3394 in
1311 3324 1752 3396 Deuteronomio
1955 3324 1998 3391 C
2037 3334 2462 3399 convertimini,
2512 3334 2615 3388 filii
2666 3335 2994 3390 hominum.
3031 3361 3051 3388 ι
3108 3337 3150 3392 Ο
3187 3340 3447 3406 Domine,
3480 3346 3544 3396 υἱ
3576 3341 3685 3397 hOO

358 3417 553 3467 xxxnl.
587 3414 646 3467 Si
679 3414 858 3467 igitur
888 3429 991 3467 osa
1019 3411 1094 3466 mi
1121 3411 1237 3467 isti.
1269 3415 1324 3466 et
1356 3411 1582 3466 cantica
1610 3411 1721 3466 ista
1747 3412 1926 3467 ΜΟνεί
2038 3423 2360 3467 audeamus
2395 3425 2600 3467 natare-
2634 3426 2690 3467 at.
2720 3423 3021 3467 dinnmnqe
3059 3446 3086 3467 ιι
3123 3425 3203 3467 Nn
3237 3432 3458 3467 πυρρίας
3489 3428 3684 3467 hnmi-

356 3417 553 3488 xxxn).
587 3414 646 3470 Si
679 3414 858 3488 igitur
888 3411 1094 3488 psalmi
1121 3411 1237 3488 isti,
1269 3411 1582 3488 etcantica
1610 3411 1723 3488 ista
1747 3412 1926 3488 Moysi

356 3481 523 3569 sunt,
547 3481 729 3569 quare
759 3487 817 3540 in
850 3481 1099 3556 propriis
1130 3482 1527 3569 voluminibus
1563 3498 1676 3536 non
1711 3481 1929 3563 haben-

356 3560 501 3616 tur?
534 3553 792 3613 Diximus
823 3553 1280 3627 ergo’quomodo
1314 3553 1670 3608 centesimus
1705 3554 1931 3627 primus

356 3630 622 3704 psalmus
680 3625 1037 3704 inscribitur:
1105 3626 1605 3704 Oratiaupauperis
1661 3631 1718 3679 et
1780 3625 1931 3704 alius

357 3695 449 3778 est
475 3701 586 3778 qui
629 3699 864 3778 scripsit
918 3698 991 3778 de
1019 3699 1165 3778 ipso,
1198 3702 1255 3752 et
1283 3695 1378 3778 ille
1434 3695 1654 3778 pauper
1694 3697 1930 3778 qui‘pro

358 3769 526 3829 nobis
556 3769 921 3844 deprecatur.
953 3769 1236 3844 Dominus
1280 3772 1418 3844 (est:

356 3849 512 3912 esset,
538 3840 748 3916 pauper
799 3844 1003 3916 factus_
1031 3843 1352 3916 estproer
1393 3855 1510 3906 nos,
1544 3843 1600 3916 et
1630 3840 1936 3916 castera_(ll

355 3911 746 3985 Cor.vm,'9).
783 3911 875 3970 Sic
905 3917 962 3968 et
991 3911 1368 3985 hieMoyses,
1393 3911 1670 3985 quoniam
1697 3928 1744 3985 Aa
1775 3911 1934 3985 prin-

358 3989 508 4060 cipio
539 3981 769 4060 generis
797 3983 1042 4041 humani
1084 3981 1330 4060 historia
1356 3981 1480 4053 ipse
1505 3981 1738 4060 scripsit
1760 3981 1821 4060 :1i
1833 3999 1934 4060 pse

357 4053 513 4116 enim
540 4053 783 4130 scripsit
849 4055 1139 4130 quomodo
1177 4053 1406 4130 _cmlum
1437 4124 1447 4130 _
1473 4058 1535 4130 et
1578 4053 1936 4130 terra__facta

361 4131 503 4196 sint,
534 4124 826 4200 quomodo
867 4124 932 4181 ξι
966 4127 1136 4200 homo
1171 4126 1356 4200 factus
1401 4124 1576 4200 sitde
1606 4124 1936 4200 conditione

358 4195 635 4256 hominis.
668 4199 736 4253 Et
765 4197 873 4251 iste
905 4197 1174 4250 Psalmus
1205 4197 1276 4251 de
1319 4195 1649 4250 conditione
1683 4196 1936 4251 hominis

359 4273 659 4343 loquitur;
693 4269 836 4343 quid
868 4267 945 4322 sit
966 4266 1168 4343 homo,
1201 4272 1261 4343 et
1286 4282 1466 4343 quare
1497 4271 1669 4321 natus
1701 4268 1799 4343 s_i_t._
1830 4267 1934 4332 Qui

361 4337 498 4418 ergo
530 4343 587 4397 in
623 4337 830 4418 Genesi
865 4338 1099 4418 scripsit
1129 4339 1199 4418 de
1247 4337 1936 4418 hominumconditione,

361 4408 484 4486 ipse
513 4419 579 4486 et
598 4427 752 4486 nunc
803 4408 1104 4464 inducitur
1131 4408 1383 4478 aSpiritu
1416 4413 1615 4464 sancto
1638 4409 1938 4482 disputare

363 4483 502 4558 quid
535 4484 613 4539 sit
643 4483 836 4538 homo.

1454 3766 1570 3836 Qui
1611 3766 1733 3822 cuni
1783 3766 1933 3822 dives

361 4598 388 4624 ‹‹
427 4571 683 4641 Domine,
717 4569 1004 4642 refugium
1060 4569 1246 4623 factus
1278 4584 1340 4624 es
1390 4567 1557 4624 nobis
1605 4568 1664 4622 in
1697 4583 1937 4641 genera-

2038 3423 2360 3476 audeamus
2390 3425 2602 3492 petere,
2634 3426 2690 3477 et
2720 3423 3021 3479 dicamus:
3059 3446 3086 3474 «
3123 3425 3203 3480 Ne
3236 3432 3459 3482 avertas
3488 3428 3684 3485 homi-

2040 3527 2171 3564 nem
2204 3510 2260 3563 in
2293 3509 2704 3582 humilitatem,
2761 3534 2788 3560 »
2823 3517 2882 3566 tu
2931 3513 3097 3569 nobis
3139 3515 3351 3569 dedisti
3384 3517 3682 3586 fiduciam,

2039 3599 2238 3653 dicens
2264 3616 2275 3652 :
2306 3600 2661 3654 ltevertimini
2707 3601 2781 3655 ait
2803 3617 2912 3668 me,
2959 3603 3088 3671 ﬁlii,
3128 3614 3477 3676 revertentes,
3509 3611 3557 3661 et
3588 3623 3684 3675 ego

2039 3689 2242 3743 sanabo
2295 3690 2650 3744 contritiones
2712 3699 2917 3745 vestras
2976 3693 3190 3762 (Ezech.
3245 3711 3406 3760 xviii,
3449 3695 3504 3763 5,
3534 3696 3682 3764 Osee,

2040 3794 2155 3842 xw,
2203 3779 2314 3849 32).
2362 3799 2388 3825 α
2451 3778 2515 3832 Et
2571 3778 2792 3846 dixisti,
2846 3781 3270 3848 convertimini,
3332 3782 3434 3837 filii
3496 3784 3684 3838 homi-

2042 3883 2204 3921 num.
2241 3888 2268 3914 )›

2116 3978 2143 4005 ‹‹
2173 3956 2456 4020 Quoniam
2493 3956 2646 4012 mille
2678 3956 2815 4012 anni
2837 3961 2970 4012 ante
2991 3958 3190 4013 oculos
3216 3964 3371 4026 tuos,
3404 3966 3684 4032 tanquam

2043 4047 2167 4100 dies
2195 4062 2311 4099 una
2343 4062 2469 4115 quis
2514 4045 2806 4116 praeteriit.
2859 4047 2926 4099 Et
2962 4047 3228 4101 custodia
3257 4048 3317 4101 in
3363 4053 3529 4104 nocte
3559 4067 3685 4122 qua

2047 4152 2147 4206 pro
2177 4131 2358 4187 nihilo
2391 4132 2678 4188 habentur
2706 4151 2906 4189 eorum
2937 4135 3073 4189 anni
3105 4141 3298 4190 erunt.
3339 4160 3362 4184 ››
3398 4139 3690 4194 Debemus

2046 4222 2366 4277 secundum
2401 4221 2702 4278 historiam
2731 4221 2876 4277 scire
2907 4223 3045 4293 quia
3091 4240 3201 4279 nox
3233 4225 3290 4278 in
3325 4233 3577 4296 quatuor
3607 4227 3686 4280 vi-

2044 4311 2214 4383 gilias
2243 4309 2540 4365 dividitur.
2594 4310 2853 4381 Denique
2883 4316 2939 4365 et
2988 4310 3044 4366 in
3097 4312 3406 4385 Evangelio
3434 4314 3688 4370 dicitur:

2051 4404 2106 4456 In
2141 4405 2348 4472 quarta
2377 4406 2570 4454 autem
2621 4399 2814 4471 vigilia
2863 4400 3072 4472 (Matth.
3125 4419 3236 4467 xiv,
3287 4404 3377 4464 25,
3423 4407 3480 4457 et
3509 4407 3688 4460 Marc.

2047 4508 2121 4556 v1,
2155 4490 2262 4560 48).
2301 4489 2422 4543 Una
2451 4504 2586 4560 ergo
2630 4487 2825 4560 vigilia
2856 4494 2974 4545 tres
3024 4489 3176 4544 horae
3209 4493 3364 4545 sunt.
3399 4491 3522 4547 Nox
3551 4507 3688 4565 ergo

2046 4579 2326 4633 dividitur
2357 4579 2413 4632 in
2447 4583 2696 4649 quatuor
2725 4577 2970 4648 vigilias.
3003 4577 3263 4649 Denique
3297 4579 3510 4636 milites
3541 4598 3686 4653 qua-

288 4665 446 4719 tione
476 4668 534 4717 et
562 4659 1026 4734 generationem.
1062 4679 1090 4706 »
1123 4657 1229 4723 Qui
1264 4657 1554 4730 refugium
1582 4658 1807 4728 qumrit,
1839 4675 1920 4712 au

2050 4674 2183 4724 tuor
2212 4667 2492 4722 stationes
2541 4665 2773 4732 habent,
2823 4667 3057 4738 quando
3103 4667 3369 4739 vigilant,
3419 4673 3476 4724 et
3517 4688 3690 4726 excu-

288 4753 360 4807 ab
412 4755 559 4805 aestu
605 4748 786 4805 nimio
839 4746 1046 4820 quaerit
1083 4751 1140 4801 et
1183 4746 1389 4814 calore,
1413 4751 1513 4801 aut
1557 4745 1746 4802 bestia
1773 4745 1940 4800 illum

286 4839 674 4913 persequitur,
707 4841 808 4893 aut
836 4837 1033 4891 hostes
1063 4834 1230 4890 illum
1263 4839 1716 4907 persequuntur,
1754 4839 1818 4889 ut
1848 4834 1932 4889 in-

287 4928 594 4984 terficiant.
631 4927 696 4981 Et
725 4941 830 4980 nos
861 4924 1037 4996 igitur
1058 4923 1115 4978 in
1147 4927 1292 4978 astu
1319 4940 1526 4978 sumus
1557 4923 1727 4979 istius
1757 4941 1933 4978 saccu-

289 5016 427 5084 culi,
457 5019 514 5070 et
543 5032 649 5070 nos
689 5014 880 5069 bestia
928 5011 1318 5084 persequitur,
1370 5011 1440 5066 de
1489 5030 1605 5084 qua
1637 5013 1924 5068 dicimus:

289 5107 362 5163 Ne
392 5104 576 5161 tradas
609 5103 796 5159 bestiis
826 5104 1075 5158 animam
1104 5101 1446 5170 conﬁtentem
1483 5103 1589 5156 tibi
1619 5102 1784 5172 (Psal,

366 5252 380 5284 ³
410 5246 523 5302 Nec
556 5249 751 5302 tamen
811 5248 1033 5311 auctor,
1066 5244 1220 5314 quod
1264 5242 1341 5314 in
1382 5249 1649 5314 promptu
1685 5247 1826 5305 erat,
1860 5259 1930 5298 ex

290 5320 398 5376 hoc
429 5317 600 5374 titulo
630 5315 924 5389 psalmum
975 5313 1151 5386 Moysi
1203 5313 1594 5389 tribuendum
1613 5314 1926 5370 concludit.

295 5394 572 5448 Docuerat
630 5384 760 5444 vero
840 5384 1219 5459 Hieronymus
1276 5402 1406 5441 cum
1460 5384 1618 5459 alibi,
1679 5391 1803 5459 tum
1863 5402 1931 5440 ex

291 5461 554 5545 Origenis
605 5459 895 5516 sententia
940 5456 1086 5513 libfi
1134 5463 1327 5545 contra
1361 5457 1655 5538 Ruﬁnum:
1705 5456 1932 5545 «Deto-

290 5528 579 5604 gesimum
613 5545 1114 5604 quoque_n_on_um
1167 5529 1485 5604 psalmum,
1526 5528 1933 5604 quiscribitur

289 5599 484 5662 Oratio
515 5599 689 5660 Mosis
717 5599 975 5658 Hominis
1005 5600 1218 5672 Dei,7et
1246 5600 1500 5672 reliquos
1531 5599 1799 5672 undecim
1831 5600 1931 5670 qui

288 5694 402 5734 non
434 5673 652 5730 habent
679 5671 901 5739 titulos,
936 5671 1257 5727 secundum
1291 5671 1468 5728 Huilli
1514 5671 1931 5739 expositionem

287 5745 553 5826 ejusdem
585 5744 768 5822 Moysi
815 5742 1137 5818 (Origenes)
1184 5746 1387 5816 putat:
1445 5759 1548 5802 nec
1579 5742 1932 5818 dedignatur

2051 4759 2212 4822 bant,
2245 4761 2302 4811 et
2331 4755 2610 4810 serviunt.
2643 4753 2844 4810 Videte
2872 4771 3008 4828 ergo
3043 4756 3184 4829 quid
3215 4758 3390 4814 dicat.
3423 4760 3468 4815 Ο
3498 4761 3694 4817 brevis

2042 4852 2242 4904 nostra
2271 4844 2562 4900 mternitas
2588 4843 2599 4897 !
2634 4843 2818 4898 Adam
2851 4843 2946 4900 ille
2977 4852 3331 4918 propagator
3364 4853 3560 4905 noster
3591 4849 3694 4922 qui

2040 4935 2176 4992 vixit
2201 4933 2509 5004 nongentis
2541 4937 2597 4987 et
2629 4932 2867 5003 triginta
2885 4934 3054 4990 annis
3080 4953 3092 5002 ;
3119 4935 3291 4990 etiam
3333 4935 3428 4990 ille
3459 4937 3695 4991 Mathu-

2039 5025 2242 5092 salem,
2275 5023 2377 5094 qui
2429 5022 2570 5076 vixit
2619 5022 2950 5093 nongentis,
2983 5029 3039 5077 et
3086 5025 3391 5096 sexaginta
3433 5025 3695 5095 quinque

2039 5113 2207 5170 annis
2237 5112 2391 5182 (Gen.
2425 5127 2479 5176 ν,
2509 5111 2600 5181 25)
2629 5128 2641 5176 ;
2669 5110 2776 5176 fac,
2812 5110 2965 5181 quod
2991 5111 3198 5166 vixerit
3228 5111 3408 5178 mille,
3432 5113 3503 5166 ad
3535 5128 3698 5192 com_

2040 5257 2338 5327 Hebrazam
2362 5251 2727 5327 scripturam
2754 5250 3158 5327 interpretans,
3189 5269 3291 5324 per
3312 5253 3545 5327 singula
3567 5253 3696 5310 loco.

2039 5324 2468 5400 quid_Hiebrze_is
2493 5322 2762 5400 videatur
2793 5322 3068 5400 inserere.
3105 5345 3131 5371 ››

2109 5402 2130 5432 ³
2161 5397 2290 5452 Vid.
2325 5397 2498 5467 epist,
2533 5395 2587 5449 in
2623 5398 2820 5467 nostra
2851 5395 3186 5467 recensione
3217 5397 3334 5460 MO,
3367 5396 3437 5450 ad
3461 5397 3696 5467 Cypria-

2041 5488 2192 5539 num,
2226 5466 2392 5523 num.
2424 5468 2481 5539 6,
2512 5471 2568 5520 et
2613 5482 2739 5539 quae
2792 5466 2850 5539 in
2903 5482 3035 5539 eum
3082 5466 3274 5521 locum
3308 5466 3690 5524 adnotamus.

2042 5535 2189 5596 lnde'
2208 5545 2264 5596 et
2283 5537 2578 5611 conficias,
2601 5535 2770 5611 plane
2802 5535 2977 5591 simili
3011 5542 3342 5611 recurrente
3374 5542 3689 5611 sententia,

2040 5613 2454 5684 Hieronymum
2476 5610 2546 5684 de
2576 5607 2682 5684 suo
2707 5607 2814 5684 hoc
2844 5623 3015 5679 opere
3042 5607 3166 5665 fieri
3201 5625 3312 5666 non
3337 5611 3598 5684 potuisse
3624 5607 3694 5669 ut

2038 5679 2274 5755 taceret,
2308 5683 2356 5740 si
2387 5681 2544 5738 istud
2583 5679 3008 5738 elucubrasset.
