4256 6580
616 465 772 532 “59

2105 447 2498 518 APPENDIX
2511 495 2528 516 .

3859 451 4004 513 1160

613 599 972 675 perationem
1022 593 1363 652 aeternitatis
1409 599 1541 665 tuae,
1597 592 1753 666 quod
1799 589 2019 664 grande
2059 589 2253 657 luerit,
2284 601 2340 666 Α
2369 589 2427 644 Si
2458 592 2654 644 autem
2706 585 2837 659 plus
2888 583 3230 652 vixerimus,
3275 581 3403 653 jam
3452 599 3567 640 non
3607 586 3698 641 est
3735 584 3870 652 vita,
3903 586 3990 641 sed

610 693 782 747 breve
812 693 918 744 est.
971 686 1118 752 Quid
1168 685 1324 741 enim
1355 687 1546 756 potest
1589 682 1811 755 grande
1842 696 1969 736 esse
2000 679 2158 751 quod
2191 678 2258 732 ﬂ-

614 796 747 837 nem
778 777 998 832 habet?
1031 774 1188 831 Milie
1218 773 1355 830 anni
1387 772 1571 828 nostri
1599 776 1914 842 antequam
1942 769 2258 824 offendere-

616 886 770 935 mus,
806 883 924 922 una
954 866 1077 921 dies
1122 864 1278 938 apud
1327 868 1382 918 te
1412 866 1554 918 erat.
1603 860 1750 926 Quid
1784 859 1912 914 dico
1946 873 2064 912 una
2092 855 2261 911 dies?

620 959 746 1014 Una
778 955 994 1029 vigilia.
1027 954 1170 1009 Vide
1218 953 1356 1025 quid
1390 952 1580 1006 dicat:
1615 949 1901 1021 Dignatus
1937 964 1998 1002 es
2026 962 2126 1018 pro
2158 961 2260 1000 no-

617 1054 740 1103 stra
769 1045 957 1102 salute
1006 1042 1396 1098 descendere:
1453 1038 1656 1096 fudisti
1687 1054 1789 1110 pro
1822 1036 1991 1092 nobis
2023 1033 2262 1107 sangui-

617 1151 795 1193 nem:
829 1151 902 1190 ne
947 1132 1184 1206 patiaris
1233 1131 1419 1203 perire
1466 1145 1593 1199 nos,
1644 1131 1700 1184 et
1748 1125 1896 1182 mori
1929 1126 1987 1180 in
2022 1122 2262 1179 humili-

615 1230 754 1282 tate.
780 1226 910 1297 Ipse
931 1221 1160 1278 dixisti:
1186 1221 1320 1276 Cum
1340 1220 1617 1275 exattatus
1634 1220 1813 1289 fuero,
1836 1216 2023 1270 omnia
2041 1213 2262 1269 traham

616 1315 685 1369 ad
715 1329 801 1369 me
831 1314 1006 1384 (Joan.
1035 1328 1134 1378 xu,
1159 1309 1269 1381 32).
1301 1308 1596 1364 Exaltatus
1617 1323 1699 1372 es,
1732 1308 1789 1360 et
1817 1302 2084 1360 exaltasti
2118 1318 2259 1358 nos:

611 1402 725 1459 noli
757 1401 1176 1473 derelinquere,
1209 1404 1276 1455 ut
1302 1397 1738 1454 contrahamur.

684 1533 711 1559 «
747 1509 915 1564 Mane
945 1507 1098 1564 sicut
1119 1505 1300 1562 herba
1322 1510 1578 1561 transeat
1600 1523 1612 1561 :
1637 1521 1808 1561 mane
1833 1506 2037 1560 ﬂoreat
2063 1503 2118 1555 et
2140 1514 2266 1571 per-

604 1603 911 1655 transeat:
946 1611 1184 1668 vespere
1229 1595 1483 1662 decidat,
1527 1593 1764 1651 induret
1797 1599 1853 1649 et
1882 1593 2121 1648 arescat.
2163 1611 2190 1637 »
2221 1587 2264 1642 Ο

617 1687 899 1761 mysteria
928 1684 1396 1756 Scripturaruml
1435 1705 1461 1731 ‹‹
1490 1686 1654 1738 Mane
1685 1683 1839 1740 sicut
1869 1681 2050 1736 herba
2077 1683 2266 1733 trans-

617 1781 730 1834 eat.
781 1797 808 1826 »
875 1773 1152 1846 Loquitur
1207 1772 1490 1828 Dominus
1536 1777 1735 1828 noster
1781 1776 1955 1843 atque
2006 1768 2268 1824 Salvator

620 1866 680 1920 in
739 1861 1048 1934 Evangelio
1099 1861 1168 1916 de
1226 1860 1356 1916 feno
1416 1861 1569 1932 quod
1630 1861 1687 1915 in
1749 1877 1868 1916 una
1919 1858 2011 1913 die
2059 1855 2263 1922 oritur,

619 1944 675 2010 et
730 1969 848 2008 una
920 1950 1016 2006 die
1079 1949 1298 2042 arescit
1371 1948 1580 2019 (Matth.
1652 1966 1728 2017 v1,
1787 1950 1899 2019 30).
1966 1944 2346 2042 QuomodoB

620 2043 800 2099 herba
857 2057 985 2112 quae
1042 2019 1188 2095 viret
1235 2043 1291 2094 et
1348 2038 1534 2105 ﬂoret,
1593 2054 1764 2093 mane
1813 2037 2042 2091 videtur
2097 2033 2265 2106 quasi

620 2133 726 2188 ﬂos
757 2146 884 2186 esse
915 2135 973 2186 et
1001 2128 1230 2184 virens:
1265 2131 1539 2183 caeterum
1566 2126 1653 2184 sol
1683 2143 1817 2182 cum
1848 2125 2069 2182 venerit
2098 2127 2155 2178 et
2184 2127 2266 2178 te-

616 2221 766 2277 xerit
795 2218 960 2290 illud,
994 2219 1065 2274 ad
1094 2233 1395 2290 vesperam
1440 2216 1608 2288 quasi
1639 2213 2038 2282 demarcescit,
2083 2216 2137 2268 et
2169 2213 2269 2266 de-

621 2310 786 2377 cidit,
819 2308 902 2364 sic
931 2313 989 2364 et
1034 2306 1225 2363 omnis
1273 2307 1389 2361 vita
1437 2310 1637 2362 nostra
1683 2305 1849 2376 quasi
1896 2305 2003 2359 ﬂos
2041 2301 2268 2357 videtur

621 2413 749 2455 esse
781 2413 915 2453 cum
943 2396 1088 2451 viret
1117 2399 1174 2450 et
1202 2393 1436 2450 arescit.
1489 2393 1738 2449 Vidistis
1769 2400 1903 2448 ante
1933 2394 2133 2447 decem
2167 2407 2268 2446 an-

623 2504 730 2543 nos
751 2482 1275 2542 adolescentulum.
1303 2482 1458 2540 Nihil
1483 2483 1579 2538 illo
1604 2481 1908 2555 pulchrius
1934 2499 1946 2536 :
1975 2481 2088 2535 huc
2111 2479 2273 2534 illuc-

623 2591 736 2648 que
766 2574 1054 2631 currebat.
1107 2573 1166 2628 Si
1197 2589 1332 2628 eum
1383 2589 1539 2628 nunc
1587 2571 1903 2644 aspexeris,
1951 2569 2181 2626 videtur
2211 2569 2270 2622 in

622 2668 918 2725 senectute
976 2661 1144 2735 quasi
1207 2667 1497 2718 mortuus.
1560 2661 1714 2716 Licet
1760 2660 1912 2715 vivat
1951 2661 2272 2724 senectute,

623 2759 819 2811 tamen
843 2751 1234 2810 adolescentia
1262 2751 1431 2824 perit.
1467 2771 1493 2803 α
1518 2750 1687 2806 Mane
1709 2749 1862 2805 sicut
1886 2748 2066 2804 herba
2087 2751 2274 2802 trans-

628 2848 738 2915 eat,
773 2866 802 2894 »
832 2843 943 2898 hoc
990 2845 1098 2908 est,
1142 2841 1421 2912 juventus
1471 2845 1706 2896 nostra:
1760 2840 1957 2911 Ipsum
1999 2840 2088 2892 est
2117 2835 2272 2890 enim

629 2949 820 2989 mane.
855 2954 884 2982 ‹‹
934 2931 1096 2986 Sicut
1142 2929 1324 2986 herba
1371 2931 1667 2984 transeat:
1725 2943 1896 2982 mane
1947 2926 2168 2991 ﬂoreat,
2219 2928 2277 2979 et

624 3023 906 3078 transeat.
941 3041 968 3067 ‹‹
1019 3017 1320 3072 Floremus
1370 3017 1429 3071 in
1481 3015 1906 3072 adolescentia:
1956 3013 2275 3070 arescimus

625 3111 688 3165 in
735 3111 1054 3166 senectute.
1107 3129 1134 3156 ‹‹
1183 3105 1437 3178 Vespere
1486 3103 1739 3173 decidat,
1788 3103 2024 3159 induret
2071 3106 2126 3157 et
2152 3119 2270 3157 are-

627 3203 768 3256 seat.

705 3306 734 3338 ‹‹
763 3285 910 3350 Quia
939 3281 1256 3340 defecimus
1279 3283 1337 3339 in
1367 3283 1450 3338 ira
1474 3286 1594 3350 tua,
1629 3285 1685 3338 et
1711 3282 1770 3337 in
1803 3281 1995 3337 furore
2027 3285 2126 3336 tuo
2157 3283 2278 3335 tur-

632 3377 750 3434 bati
782 3391 1010 3431 sumus.
1046 3397 1067 3426 ι
1106 3373 1426 3446 Nongentis
1459 3372 1698 3444 triginta
1728 3371 1898 3427 annis
1930 3374 2099 3426 antea
2129 3369 2280 3424 vive-

633 3469 865 3536 bamus,
900 3480 1087 3536 usque
1137 3463 1209 3518 ad
1261 3461 1420 3517 mille
1465 3461 1584 3517 fere
1632 3477 1998 3517 veneramus.
2044 3461 2186 3514 Ecce
2217 3458 2275 3513 in

632 3557 868 3612 brevem
897 3553 1078 3609 vitam
1108 3552 1226 3608 vita
1257 3555 1460 3607 nostra
1488 3555 1784 3624 cpntracta
1813 3554 1918 3605 est.

703 3668 746 3710 (ε
767 3659 1017 3717 Posuisti
1039 3657 1378 3730 iniquitates
1411 3661 1642 3713 nostras
1663 3657 1722 3711 in
1755 3660 2068 3728 conspectu
2101 3660 2220 3710 tuo.
2250 3677 2276 3704 »

635 3748 792 3806 Nihil
838 3753 895 3804 te
939 3747 1108 3813 celat,
1156 3746 1266 3801 hoc
1309 3750 1416 3817 est,
1467 3750 1703 3817 peccata
1751 3750 1969 3812 nostra,
2023 3761 2126 3799 nec
2165 3760 2279 3800 nox

632 3837 805 3906 celat,
835 3852 942 3892 nec
985 3833 1316 3890 involutum
1368 3834 1640 3889 tenebrae.
1675 3833 1882 3888 Omnia
1913 3835 2076 3905 apud.
2098 3838 2153 3888 te
2184 3833 2276 3888 lu-

634 3930 800 3982 cent:
836 3949 864 3976 «
898 3922 1188 3980 Smculum
1235 3929 1499 3979 nostrum
1533 3923 1592 3978 in
1631 3921 2060 3978 illuminatione
2085 3921 2279 3977 vultus

634 4015 742 4071 tui.
779 4037 806 4064 ››
837 4013 1044 4070 Melius
1066 4012 1317 4068 habetur
1344 4010 1403 4066 in
1427 4011 1706 4066 Hebraico
1733 4028 1745 4065 :
1779 4034 1805 4059 ››
1839 4011 1970 4066 Vita
1999 4016 2199 4066 nostra
2220 4011 2277 4065 in

635 4102 1062 4160 illuminatione
1092 4101 1287 4157 vultus
1320 4101 1424 4156 tui.
1461 4124 1488 4150 ››
1511 4099 1804 4173 Quidquid
1836 4101 2090 4172 agimus,
2118 4101 2280 4171 quid-

634 4191 774 4264 quid
805 4191 863 4246 in
895 4196 1115 4248 secreto
1148 4206 1254 4246 nos
1285 4189 1470 4246 facere
1521 4193 1818 4262 putamus,
1863 4193 2018 4261 patet
2047 4189 2104 4245 in
2138 4206 2280 4245 ocu-

637 4281 710 4336 lis
742 4280 881 4337 tuis.

712 4410 740 4438 «
771 4388 1055 4452 Quoniam
1087 4402 1291 4442 omnes
1338 4385 1462 4440 dies
1507 4384 1690 4440 nostri
1721 4384 2076 4441 defecerunt.
2111 4408 2138 4434 »
2171 4389 2278 4439 Cu-

635 4477 819 4533 currit
845 4482 1023 4533 mtas:
1060 4481 1118 4531 et
1146 4476 1287 4530 dum
1318 4473 1680 4546 ignoramus,
1712 4473 1965 4546 graviter
1995 4474 2276 4546 perimus.

636 4570 704 4620 Et
732 4565 841 4621 hoc
871 4565 1066 4636 ipsum
1093 4565 1246 4635 quod
1281 4561 1598 4635 loquimur,
1633 4563 1703 4618 de
1726 4568 1908 4618 morte
1938 4567 2046 4632 est,
2077 4568 2133 4618 et
2164 4579 2278 4618 non

634 4653 1039 4724 intelligimus.

709 4784 736 4810 ‹‹
768 4760 917 4815 Anni
949 4760 1131 4815 nostri
1179 4760 1331 4815 sicut
1368 4775 1580 4816 aranea
1629 4749 2092 4815 meditabuntur.’
2126 4783 2152 4807 ››
2183 4759 2280 4814 Vi-

635 4850 766 4905 dete
797 4848 935 4921 quid
968 4848 1140 4903 dicat.
1175 4849 1473 4914 Quomodo
1504 4864 1715 4905 aranea
1745 4848 1912 4919 quasi
1946 4849 2131 4904 mittit
2162 4849 2280 4914 fila,

635 4945 692 4995 et
722 4938 835 4994 huc
865 4936 1120 5009 illucque
1150 4937 1446 5007 discurrit,
1478 4940 1535 4993 et
1562 4937 1705 4994 texit
1742 4941 1864 4993 tota
1893 4937 2004 5007 die,
2035 4942 2092 4994 et
2120 4937 2285 4994 labor

635 5027 873 5100 quidem
906 5027 1146 5100 grandis
1176 5032 1286 5098 est,
1319 5027 1420 5083 sed
1451 5027 1690 5082 eﬂ‘ectus
1734 5025 1934 5082 nullus
1973 5030 2082 5095 est,
2114 5028 2199 5083 sic
2227 5031 2284 5084 et

629 5117 750 5173 vita
777 5117 1086 5172 hominum
1119 5115 1234 5171 huc
1263 5115 1521 5187 illucque
1545 5115 1838 5170 discurrit.
1878 5116 2282 5174 Possessiones

632 5205 974 5277 quaerimus,
1008 5205 1241 5261 divitias
1290 5204 1642 5277 appetimus,
1697 5220 2074 5275 procreamus
2106 5205 2280 5277 ﬁlios,

629 5295 986 5367 laboramus,
1035 5294 1098 5350 in
1163 5311 1345 5367 regna
1397 5292 1787 5361 sustollimur,
1839 5299 1896 5350 et
1945 5295 2143 5350 omnia
2194 5296 2278 5351 fa-

631 5384 844 5452 cimus,
878 5390 937 5440 et
967 5402 1082 5441 non
1113 5383 1520 5456 intelligimus,
1552 5383 1692 5456 quia
1731 5401 1953 5440 aranea:
1986 5384 2163 5440 telam
2194 5389 2280 5440 ιθ.

635 5489 851 5529 leus.

709 5601 737 5627 ‹‹
769 5579 903 5637 Dies
933 5597 1220 5636 annorum
1249 5585 1582 5637 nostrorum
1629 5581 1688 5633 in
1721 5579 1865 5651 ipsis
1908 5581 2282 5652 septuaginta

635 5665 827 5722 annis.
862 5690 890 5716 ››
919 5668 1024 5724 Ubi
1055 5673 1194 5726 sunt
1215 5669 1374 5724 mille
1405 5668 1589 5724 anni?
1618 5669 1677 5722 ln
1708 5667 2081 5740 septuaginta
2110 5668 2280 5726 annis

629 5754 907 5816 contracti
963 5773 1191 5816 sumus.
1249 5759 1307 5814 Si
1368 5763 1566 5817 autem
1625 5755 1900 5830 multum,
1960 5757 2278 5832 octoginta.

2372 695 2551 732 mors.

2444 788 2471 814 ‹‹
2522 766 2580 821 Si
2626 770 2819 820 autem
2870 764 2928 818 in
2980 762 3396 835 potentatibus,
3448 761 3741 836 octoginta
3791 765 3944 820 anni.
3975 788 3997 817 κ

2371 856 2552 919 Quem
2584 853 2740 910 enim
2767 853 3026 909 invenies
3052 851 3489 924 octogenarium
3520 867 3648 908 esse
3676 856 3734 908 et
3762 855 4002 911 sanum?

2371 945 2519 1000 Dicit
2558 947 2614 999 et
2669 943 2864 998 Graeca
2910 942 3234 998 sententia:
3286 947 3557 998 senectus
3605 943 3735 1015 ipsa
3774 945 4003 1000 morbus

2373 1038 2480 1088 est.
2518 1053 2544 1084 (ι
2574 1032 2639 1086 Et
2669 1031 2923 1104 amplius
2943 1047 3143 1086 eorum
3166 1029 3330 1085 labor
3359 1035 3416 1086 et
3443 1029 3624 1086 dolor.
3661 1054 3687 1080 ››
3720 1031 4001 1105 Quidquid

2373 1121 2507 1194 plus
2547 1120 2743 1189 fuerit,
2796 1137 2912 1176 non
2965 1124 3052 1176 est
3084 1119 3218 1188 vita,
3270 1119 3370 1175 sed
3415 1119 3597 1174 dolor.
3630 1120 3746 1175 Hoc
3778 1120 3999 1177 interim

2373 1210 2630 1266 diximus
2675 1211 3001 1266 secundum
3049 1208 3378 1264 historiam.
3429 1211 3709 1265 Caeterum
3749 1209 4002 1267 dicamus

2374 1301 2697 1356 secundum
2745 1314 3067 1370 anagogen.
3119 1298 3185 1352 Et
3241 1297 3433 1353 omnis
3482 1298 3718 1370 quidem
3750 1299 4006 1372 psalmus

2373 1390 2577 1461 recipit
2607 1388 3014 1461 tropologiam,
3047 1392 3103 1442 et
3134 1394 3393 1459 poteram
3439 1404 3592 1443 nunc
3623 1404 3726 1460 per
3755 1388 4006 1462 singulos

2372 1477 2692 1534 versiculos
2752 1494 3002 1545 currere,
3036 1481 3092 1532 et
3149 1475 3516 1548 spiritualem
3574 1477 4006 1550 intelligentiam

2375 1567 2434 1621 in
2467 1565 2717 1638 singulis
2747 1567 2963 1634 dicere,
3004 1566 3103 1620 sed
3150 1565 3294 1621 hora
3337 1564 3717 1621 excludimur.
3772 1565 3890 1623 Uno
3923 1571 4011 1623 ta-

2376 1671 2510 1710 men
2541 1654 2826 1710 versiculo
2876 1654 3042 1727 quasi
3089 1659 3328 1727 gustum
3376 1655 3539 1710 vobis
3587 1656 3658 1711 do
3691 1655 4004 1728 spiritualis

2374 1743 2792 1816 intelligentiae,
2825 1749 2890 1799 ut
2919 1743 3204 1815 quidquid
3249 1743 3342 1798 hic
3389 1748 3641 1812 tacuere,
3675 1746 3885 1817 putetis
3915 1745 4006 1801 hic

2375 1833 2596 1889 dictum
2651 1850 2793 1890 esse.
2846 1833 2975 1890 Dies
3036 1849 3323 1889 annorum
3373 1839 3706 1890 nostrorum
3765 1835 3820 1889 in
3866 1835 4006 1907 ipsis

2377 1923 2748 1996 septuaginta
2793 1924 2985 1978 annis.
3021 1944 3049 1971 ι)
3099 1922 3481 1995 Septuaginta
3526 1923 3684 1994 anni,
3732 1946 3761 1974 ››
3794 1929 4011 1996 septem

2379 2013 2622 2068 decades
2672 2016 2832 2080 sunt,
2865 2036 2892 2062 «
2925 2016 2982 2068 et
3029 2012 3325 2085 octoginta
3367 2011 3526 2082 anni,
3556 2035 3583 2062 »
3615 2017 3744 2068 octo
3774 2014 4017 2070 decades

2377 2106 2534 2157 sunt.
2585 2101 2789 2157 Videte
2837 2117 2972 2173 ergo
3021 2102 3313 2173 quomodo
3364 2101 3670 2174 septimus,
3702 2106 3758 2158 et
3785 2107 4020 2159 octavus

2378 2207 2659 2246 numerus
2692 2190 3063 2262 praedicatur.
3105 2190 3171 2246 Et
3202 2192 3496 2262 quomodo
3521 2190 3808 2248 diximus:
3843 2198 3903 2247 tu
3934 2210 4018 2248 re-

2379 2279 2604 2352 fugium
2638 2281 2825 2335 factus
2871 2297 2933 2335 cs
2981 2279 3150 2334 nobis
3182 2281 3240 2335 in
3290 2280 3656 2352 generatione
3699 2286 3754 2337 et
3781 2297 4016 2354 genera-

2381 2369 2623 2437 tionem,
2656 2373 2712 2424 et
2741 2369 2797 2422 in
2827 2368 3020 2423 Veteri
3064 2373 3122 2424 et
3150 2367 3209 2423 in
3263 2373 3418 2424 Novo
3450 2373 3815 2426 Testamento
3842 2389 3854 2421 :
3887 2387 4017 2443 pro-

2381 2463 2579 2529 pterea
2627 2475 2782 2513 nunc
2832 2463 2888 2513 et
2935 2458 3253 2530 septimum
3303 2465 3359 2514 et
3401 2464 3670 2514 octavum
3711 2476 4020 2515 numerum

2382 2546 2566 2619 ponit.
2600 2551 2719 2602 Hoc
2749 2546 2892 2602 dicit
2920 2548 2979 2602 in
3025 2547 3408 2603 Ecclesiaste:
3459 2549 3539 2603 Da
3558 2558 3770 2620 partem
3797 2558 4021 2622 septem,

2379 2639 2431 2691 et
2459 2636 2528 2690 da
2554 2639 2766 2707 partem
2795 2640 2907 2692 octo
2955 2637 3147 2707 (Eccle.
3196 2653 3274 2704 χι,
3305 2638 3382 2709 2).
3433 2637 3738 2711 Propterea
3767 2643 3821 2694 et
3850 2639 4019 2710 quin-

2383 2725 2570 2779 decim
2603 2729 2742 2780 sunt
2787 2726 3078 2797 graduum
3129 2725 3362 2798 psalmi,
3414 2725 3522 2782 hoc
3572 2731 3660 2783 est
3706 2732 3922 2800 septem
3965 2734 4021 2784 et

2383 2818 2547 2869 octo:
2583 2813 2915 2885 quindecim
2948 2816 3164 2887 pariter
3208 2831 3314 2871 nos
3344 2816 3567 2872 ducunt
3606 2817 3677 2872 ad
3709 2832 3886 2890 regna
3913 2834 4022 2873 cce-

2382 2902 2612 2957 lorum:
2673 2903 2925 2975 denique
3001 2909 3311 2976 postquam
3388 2905 3674 2977 septimus
3731 2906 4019 2978 graduum

2384 2989 2649 3062 psalmus
2696 2991 2958 3063 expletus
3007 2996 3115 3059 est,
3168 2992 3309 3064 quid
3359 2992 3570 3048 dicitur
3625 2993 3685 3048 in
3737 2994 4024 3066 scriptura

2386 3077 2540 3152 ipius
2567 3079 2825 3151 psalmi?
2858 3080 3144 3153 Psalmus,
3177 3081 3390 3154 inquit,
3426 3081 3774 3152 Salomonis,
3805 3083 3904 3154 qui
3936 3099 4028 3139 ex-

2386 3174 2677 3226 struxerat
2705 3175 2954 3226 veterem
2987 3171 3250 3227 domum.
3284 3172 3351 3226 Et
3393 3171 3531 3243 quid
3570 3172 3743 3228 dicit:
3773 3174 3896 3230 Nisi
3921 3173 4028 3228 Do-

2386 3262 2573 3315 minus
2602 3259 2961 3330 aediﬁcaverit
3007 3261 3248 3327 domum,
3302 3263 3361 3315 in
3398 3278 3600 3316 vanum
3647 3262 4031 3318 laboraverunt

2309 3339 2351 3406 C
2391 3351 2488 3419 qui
2514 3347 2799 3420 mitiﬁcant
2827 3366 2948 3404 eam
2996 3351 3146 3420 (Psat
3200 3367 3382 3418 cxxvr,
3434 3350 3508 3422 4).
3542 3350 3690 3416 Quid
3718 3367 3850 3423 ergo
3884 3351 4030 3407 dicit

2389 3438 2511 3510 ipse
2542 3437 2835 3504 Salomon,
2870 3439 2967 3510 qui
3001 3439 3400 3512 praescribitur
3423 3439 3481 3494 in
3504 3439 3630 3512 ipso
3650 3439 4028 3513 titulo?Ergo

2389 3527 2664 3582 aediﬁcavi
2693 3527 3000 3600 templum,
3036 3529 3136 3584 sed
3170 3528 3283 3585 nisi
3318 3534 3557 3586 octavus
3588 3544 3865 3585 numerus
3895 3530 4034 3584 edi-

2389 3617 2662 3683 ﬂcaverit,
2694 3617 2752 3671 in
2781 3633 2996 3673 vanum
3027 3622 3118 3673 est
3162 3618 3372 3674 domus
3421 3617 3722 3674 aediﬁcata.
3756 3618 4034 3691 Legimus

2390 3711 2444 3761 et
2475 3707 2530 3760 in
2564 3705 2870 3778 Evangelio
2921 3708 3245 3762 secundum
3299 3707 3669 3764 Matthmum:
3712 3710 3865 3764 Beati
3887 3725 4032 3780 pau-

2384 3811 2577 3866 peres:
2637 3797 2790 3850 Beati
2842 3797 3038 3850 mites:
3085 3798 3244 3851 Beati
3302 3799 3623 3864 esurientes,
3675 3806 3728 3852 et
3782 3799 4031 3854 sitientes

2390 3883 2596 3955 (Matth.
2630 3901 2682 3950 v,
2727 3883 2905 3954 3-11),
2956 3889 3013 3939 et
3042 3891 3267 3956 caetera,
3315 3891 3372 3942 et
3428 3891 3569 3942 sunt
3613 3890 3738 3942 octo
3771 3885 4034 3942 Beatitu-

2388 3974 2574 4028 dines.
2610 3973 2756 4045 Ergo
2789 3973 3072 4028 Dominus
3094 3979 3294 4030 noster
3312 3975 3604 4032 octonario
3627 3992 3867 4032 numero
3899 3992 4038 4032 con-

2389 4062 2563 4117 clusit
2618 4062 3014 4134 Evangelium.
3079 4063 3335 4137 Denique
3393 4082 3644 4137 usquam
3701 4063 4040 4121 invenimus

2389 4157 2517 4207 octo
2550 4152 2766 4224 pariter
2794 4151 3213 4223 Beatitudines,
3250 4154 3361 4210 nisi
3409 4155 3466 4209 in
3499 4155 3824 4228 Evangelio.
3856 4155 4037 4210 Octo-

2389 4241 2552 4296 nario
2583 4257 2847 4309 numero,
2872 4241 2978 4297 hoc
3009 4247 3116 4310 est,
3143 4243 3199 4298 in
3223 4243 3316 4299 die
3339 4244 3806 4300 resurrectionis.
3844 4265 3875 4293 ‹‹
3902 4245 4040 4300 Dies

2391 4346 2681 4386 annorum
2715 4335 3050 4386 nostrorum
3082 4332 3139 4386 in
3190 4332 3333 4406 ipsis
3383 4334 3753 4406 septuaginta
3781 4333 3979 4389 annis.
4021 4358 4046 4381 η

2391 4419 2579 4476 Vultis
2625 4421 2929 4476 ostendam
2962 4420 3124 4476 vobis
3171 4421 3406 4478 interim
3456 4411 3612 4493 quod
3661 4421 3949 4494 septimus
3981 4427 4045 4478 et

2385 4513 2623 4566 octavus
2663 4525 2944 4565 numerus
2986 4510 3284 4567 continent
3329 4509 3586 4583 plurima
3615 4511 4038 4567 sacramenta?

2387 4601 2670 4673 Legamus
2700 4597 2980 4669 Ezechiel,
3013 4605 3070 4654 et
3111 4600 3168 4654 in
3196 4616 3313 4654 una
3355 4602 3521 4669 porta
3563 4595 3813 4655 dicitur:
3845 4600 3913 4654 Et
3943 4602 4042 4654 in-

2312 4709 2358 4775 D
2389 4689 2696 4758 grediatur,
2747 4687 2937 4760 inquit
2987 4705 3092 4759 per
3129 4693 3353 4758 portam
3413 4687 3648 4744 Orientis
3677 4689 3735 4743 in
3771 4690 4046 4758 templum

2391 4778 2532 4850 quod
2588 4777 2894 4846 aediﬁcatur
2952 4775 3163 4844 (Ezech.
3227 4793 3314 4848 χι,
3366 4777 3478 4848 20).
3544 4777 3608 4832 In
3639 4777 3921 4849 Ezechiel,
3990 4778 4056 4832 in

2393 4871 2655 4922 extrema
2701 4868 2900 4936 parte:
2955 4867 3023 4919 Et
3071 4865 3346 4932 ascendet,
3381 4865 3598 4938 inquit,
3645 4866 3899 4922 sacerdos
3922 4869 4058 4940 pri-

2392 4971 2566 5022 mum,
2595 4969 2695 5026 per
2727 4955 2926 5024 septem
2955 4961 3006 5008 et
3047 4962 3164 5012 octo
3211 4955 3415 5026 gradus
3465 4955 3633 5028 (Ibid.
3674 4956 3786 5027 26).
3821 4956 3893 5010 Et
3923 4955 4064 5012 fieri

2391 5047 2617 5117 poterat
2646 5047 2712 5098 ut
2742 5042 2800 5097 in
2832 5057 2901 5098 ea
2948 5047 3116 5116 porta
3147 5047 3204 5099 et
3249 5049 3471 5116 septem
3511 5049 3708 5101 essent
3735 5043 3957 5117 gradus
3995 5050 4058 5100 et

2390 5138 2538 5188 octo.
2571 5131 2681 5188 Sed
2718 5131 2905 5186 videte
2951 5131 3092 5203 quid
3140 5131 3318 5188 dicit:
3370 5133 3666 5189 Orientalis
3707 5137 3862 5204 porta
3897 5134 4062 5190 unde

2391 5224 2572 5279 tamen
2601 5224 2746 5278 venit
2794 5221 2970 5293 (Ibid:
3000 5222 3078 5293 6),
3130 5222 3415 5279 Dominus
3457 5227 3658 5279 noster
3701 5227 3874 5294 atque
3908 5223 4060 5279 Sal-

2388 5316 2570 5368 vator.
2604 5312 2730 5367 Una
2755 5311 2991 5383 quidem
3043 5313 3212 5382 porta
3256 5317 3364 5380 est,
3417 5315 3474 5368 et
3505 5329 3673 5368 nemo
3711 5311 4062 5379 ingreditur

2390 5401 2446 5455 in
2479 5417 2605 5457 eam
2637 5401 2750 5456 nisi
2781 5400 3051 5456 sacerdos
3082 5415 3351 5472 magnus.
3385 5402 3454 5456 Et
3493 5401 3633 5474 quid
3664 5401 3878 5457 dicitur
3912 5402 4004 5456 ibi
4030 5402 4063 5456 ‘?

2388 5491 2553 5546 Porta
2581 5490 2697 5547 haec
2720 5505 2930 5560 semper
2972 5489 3162 5545 clausa
3211 5492 3318 5546 erit
3366 5492 3578 5560 (Ezech.
3624 5507 3771 5563 κων,
3803 5490 3880 5561 2).
3917 5490 4063 5547 Non

2389 5583 2589 5635 autem
2621 5579 2880 5651 aperitur
2909 5576 3022 5632 nisi
3049 5579 3353 5635 sacerdoti.
3387 5580 3478 5635 Sic
3508 5579 3691 5652 igitur
3718 5583 3774 5635 et
3804 5578 4062 5635 Novum

2388 5673 2445 5724 et
2474 5669 2652 5724 Vetus
2682 5669 3124 5724 Testamentum
3163 5684 3400 5742 semper
3437 5668 3702 5725 clausum
3735 5667 3884 5724 fuit:
3926 5685 4070 5726 non

2387 5762 2477 5817 est
2505 5761 2774 5833 apertum
2806 5755 2921 5814 nisi
2945 5755 3252 5818 Salvatori.
3289 5758 3405 5817 Iste
3431 5761 3521 5818 est
3549 5758 3708 5816 enim
3739 5759 3840 5834 qui
3867 5756 4081 5824 habet
