4256 6576
271 452 418 510 1161

263 579 505 653 clavem,
538 581 640 654 qui
677 581 882 654 aperit,
913 587 972 638 et
1001 597 1172 642 nemo
1220 582 1438 640 claudit
1474 603 1486 640 :
1533 586 1632 657 qui
1663 585 1904 652 claudit,
1936 588 1992 652 Α

266 674 323 726 et
371 687 544 728 nemo
593 671 797 744 aperit.
834 672 958 728 Una
1006 688 1142 745 ergo
1174 678 1341 745 porta
1371 673 1546 731 habet
1585 679 1805 747 septem
1858 679 1914 731 et

266 764 393 816 octo
424 761 662 834 gradus.
698 763 766 816 Et
793 761 852 816 in
897 762 1088 818 Veteri
1123 763 1359 834 quidem
1391 765 1764 820 Testamento
1817 783 1913 821 sa-

268 856 568 906 cramenta
617 854 755 905 sunt
783 851 1134 923 evangelica,
1169 857 1226 908 et
1266 853 1324 907 in
1358 853 1511 910 Novo
1564 857 1912 910 testamento

268 945 632 996 sacramenta
684 945 823 996 sunt
868 940 1033 1012 legis.
1078 942 1287 998 Audite
1338 943 1561 1014 majora
1612 944 1909 1016 mysteria.

267 1027 342 1083 Eo
391 1033 654 1101 tempore
702 1031 934 1102 quando
988 1030 1286 1095 Salomon,
1319 1031 1428 1086 hoc
1476 1036 1584 1098 est,
1635 1033 1912 1104 pacificus

265 1123 478 1188 noster,
512 1118 611 1189 qui
661 1118 800 1173 dicit
841 1120 1018 1190 (Joan.
1070 1136 1186 1187 xw,
1215 1122 1305 1186 27)
1339 1136 1351 1175 :
1386 1122 1584 1177 Pacem
1625 1137 1799 1176 meam
1844 1121 1910 1177 do

261 1205 426 1276 vobis,
457 1209 667 1277 (pacem
712 1223 888 1263 meam
937 1208 1186 1280 relinquo
1235 1211 1386 1264 uobis
1418 1226 1430 1264 :
1466 1211 1590 1282 ipse
1633 1213 1722 1265 est
1751 1210 1908 1265 enim

259 1311 372 1366 pax
419 1303 616 1352 nostra
659 1296 871 1367 (Ephes.
925 1314 987 1362 Il,
1031 1298 1141 1367 li),
1175 1303 1231 1353 et
1279 1315 1385 1370 pax
1433 1316 1558 1371 quae
1602 1305 1911 1370 exsuperat

259 1399 492 1438 omnem
553 1400 794 1440 sensum
843 1385 1107 1457 (Philipp.
1162 1404 1237 1454 IV,
1295 1389 1372 1458 7),
1423 1388 1546 1459 ipse
1605 1389 1910 1443 aediﬁcavit

257 1471 546 1543 templum
577 1472 714 1528 Deo.
747 1475 817 1528 Et
847 1475 979 1529 vide
1009 1474 1090 1529 ibi
1123 1475 1421 1547 Scriptura
1453 1477 1592 1548 quid
1627 1478 1801 1532 dicat.
1840 1479 1908 1532 Et

258 1565 442 1629 erant,
475 1559 688 1632 inquit,
720 1560 1072 1618 latomorum
1105 1565 1477 1638 septuaginta
1502 1564 1704 1633 millia,
1727 1570 1783 1620 et
1813 1581 1906 1621 eo-

259 1664 389 1704 rum
423 1650 521 1721 qui
554 1651 861 1722 portabant
889 1651 1182 1723 octoginta
1212 1653 1398 1708 millia
1432 1656 1531 1725 (III
1559 1657 1681 1725 Reg.
1705 1671 1761 1720 v,
1796 1656 1902 1723 15).

258 1737 461 1793 Videte
493 1755 826 1796 numerum.
861 1740 1085 1796 Latomi
1119 1741 1219 1813 qui
1266 1742 1491 1814 lapides
1522 1745 1772 1815 caedunt,
1807 1744 1907 1815 qui

262 1826 432 1892 quasi
470 1826 853 1884 fundamenta
881 1828 1259 1884 aedificiorum
1313 1835 1661 1902 praeparant,
1695 1831 1794 1902 qui
1824 1829 1908 1885 la-

258 1913 425 1985 pides
457 1916 527 1970 ad
573 1916 980 1972 aediﬁcandum
1013 1918 1070 1972 in
1117 1918 1335 1990 templo
1367 1919 1466 1975 Dei
1498 1921 1568 1976 de
1613 1925 1768 1974 terra
1798 1919 1907 1974 tol-

256 2001 409 2070 lunt,
444 2003 502 2058 in
549 2005 798 2076 septimo
829 2022 1074 2062 numero
1124 2012 1442 2079 ponuntur,
1475 2009 1533 2062 in
1584 2008 1905 2080 prophetis,

256 2090 315 2145 in
347 2093 716 2163 patriarchis.
753 2093 839 2149 Illi
871 2093 1028 2150 enim
1062 2095 1389 2152 humanum
1420 2113 1607 2169 genus
1637 2098 1804 2169 quasi
1835 2099 1906 2153 de

256 2185 415 2236 terra
463 2181 785 2252 ejicientes,
832 2183 889 2238 in
932 2183 1218 2256 templum
1271 2185 1497 2242 Domini
1545 2202 1905 2258 praeparave-

259 2274 418 2326 runt.
455 2271 556 2326 Isti
583 2287 741 2337 vero,
774 2271 882 2328 hoc
910 2278 1000 2328 est
1024 2275 1322 2347 octoginta
1339 2275 1521 2330 millia
1547 2293 1559 2330 :
1587 2275 1907 2347 apostolica

258 2359 590 2429 praedicatio
621 2365 679 2416 et
725 2361 1075 2433 evangelica,
1110 2363 1203 2418 isti
1241 2363 1340 2435 qui
1373 2381 1507 2420 cum
1558 2365 1673 2420 Deo
1707 2365 1903 2421 Salva-

258 2451 380 2503 tore
412 2452 470 2503 et
499 2449 626 2520 ipso
658 2448 968 2506 Salomone
999 2452 1200 2524 gravia
1228 2455 1492 2525 gentium
1515 2458 1748 2526 peccata
1779 2471 1906 2526 por-

257 2538 478 2592 tabant.
513 2537 827 2611 Hucusque
854 2540 1086 2595 videtur
1114 2541 1345 2596 finitum
1377 2558 1504 2598 esse
1537 2544 1900 2614 mysterium.

249 2625 463 2681 Audite
514 2627 741 2696 majora
791 2628 1091 2699 mysteria.
1123 2631 1190 2684 Et
1218 2632 1316 2701 qui
1362 2641 1657 2703 praeerant,
1691 2633 1902 2704 inquit,

251 2715 377 2769 istis
407 2715 669 2785 operibus
699 2725 751 2772 et
779 2717 1003 2789 templo,
1038 2720 1150 2773 tria
1197 2720 1379 2774 millia
1409 2725 1565 2775 erant
1599 2721 1754 2792 (Ibid.
1793 2723 1901 2793 16).

248 2801 380 2856 Non
413 2808 664 2874 possunt
711 2820 839 2861 esse
873 2807 1146 2876 majores.
1181 2809 1249 2862 Et
1296 2808 1396 2879 qui
1429 2814 1686 2880 praesunt
1717 2810 1902 2881 operi-

251 2889 383 2962 bus,
419 2891 528 2947 nisi
578 2891 662 2947 illi
711 2894 812 2964 qui
864 2895 1182 2966 praedicant
1231 2896 1634 2952 Trinitatem?
1689 2922 1717 2947 «
1771 2898 1902 2954 Dies

253 2995 543 3035 annorum
595 2986 929 3038 nostrorum
960 2983 1019 3038 in
1051 2984 1196 3056 ipsis
1245 2986 1615 3058 septuaginla
1648 2986 1836 3042 annis.
1871 3009 1899 3036 ››

252 3068 436 3124 Multa
482 3075 622 3125 sunt
662 3089 788 3142 qua:
845 3072 1136 3143 dicantur,
1172 3075 1270 3129 sed
1321 3074 1464 3130 hora
1515 3075 1900 3131 excludimur.

329 3178 356 3206 «
387 3158 689 3214 Dexteram
741 3164 905 3215 tuam
936 3161 1022 3216 sic
1071 3165 1269 3216 notam
1299 3162 1407 3233 fac,
1441 3167 1499 3218 et
1544 3165 1904 3235 compeditos

252 3247 426 3302 corde
465 3246 522 3300 in
554 3247 860 3318 sapientia.
905 3269 933 3300 π
970 3249 1033 3304 In
1067 3251 1422 3321 quibusdam
1454 3252 1758 3308 codicibus
1806 3254 1901 3308 di-

1428 454 1917 516 BltEVlAltlUM
1965 455 2043 515 ΙΝ
2088 456 2235 514 PSA
2252 456 2481 517 LMllS.

3523 460 3678 521 “62

2095 609 2121 635 ‹‹
2154 591 2510 654 Convertere,
2544 586 2808 658 Domine,
2831 602 3156 659 usquequo.
3194 608 3220 635 ››
3253 587 3502 644 Multum
3531 606 3678 661 pec-

2023 675 2300 743 cavimus,
2323 675 2532 730 avertis
2565 676 2771 731 faciem
2802 679 2964 730 tuam
2991 692 3002 731 :
3030 693 3143 732 non
3178 679 3316 732 sunt
3337 677 3513 749 digna
3535 695 3674 750 pec-

2022 768 2150 818 cata
2185 771 2384 820 nostra
2421 765 2538 820 tuis
2568 765 2750 820 videri
2801 765 3007 820 oculis.
3046 766 3348 836 Propterea
3398 767 3673 840 depreca-

2023 869 2176 919 mur,
2217 875 2244 907 α
2275 859 2625 919 convertere,
2657 854 2927 920 Domine,
2954 871 3282 926 usquequo.
3319 879 3346 904 »
3376 857 3520 912 Ecce
3541 859 3670 928 jam

2023 946 2186 997 tanta
2213 944 2506 999 ﬂuxerunt
2535 943 2748 999 saecula
2771 963 2784 1000 ε
2809 961 3040 1016 semper
3064 950 3118 1001 te
3140 944 3434 1017 prophetas
3464 951 3674 1002 ventu-

2021 1047 2151 1086 rum
2182 1031 2642 1102 praedicaverunt
2672 1033 2969 1104 gentibus,
2993 1038 3049 1089 et
3077 1034 3268 1089 adhuc
3292 1051 3404 1089 non
3436 1036 3668 1092 venisti.

2023 1139 2050 1166 ‹‹
2082 1119 2150 1172 Et
2179 1119 2362 1191 dirige
2395 1120 2547 1175 ﬁlios
2599 1121 2927 1176 hominum.
2965 1145 2992 1171 »
3024 1122 3131 1186 Qui
3185 1123 3344 1194 pravi
3375 1140 3604 1196 sumus,
3638 1142 3671 1180 a

2019 1211 2076 1261 te
2125 1207 2468 1279 dirigamur.
2513 1233 2540 1258 «
2573 1210 2642 1264 Et
2691 1210 2876 1280 dirige
2907 1209 3058 1266 filios
3102 1210 3431 1266 hominum.
3468 1235 3495 1261 ››
3527 1218 3672 1269 Pro-

2017 1299 2210 1365 pterea
2231 1312 2328 1351 eos
2369 1296 2574 1368 dirige,
2602 1297 2740 1369 quia
2762 1297 2864 1352 filii
2891 1297 3197 1353 hominum
3223 1303 3379 1355 sunt.
3416 1301 3475 1356 Si
3505 1301 3662 1358 enim

2016 1389 2212 1438 essent
2257 1384 2358 1438 filii
2408 1385 2516 1452 tui,
2557 1385 2758 1440 directi
2809 1389 3022 1440 essent.
3075 1386 3160 1440 Tu
3211 1386 3366 1440 enim
3416 1387 3660 1444 dixisti:

2018 1475 2124 1542 Ego
2145 1473 2286 1542 dixi,
2319 1475 2403 1528 (lii
2431 1475 2574 1539 estis,
2605 1482 2654 1529 et
2681 1475 2790 1544 ﬁlii
2817 1475 3031 1530 Ercelsi
3059 1489 3241 1530 omnes
3269 1477 3439 1546 (Psal.
3473 1493 3660 1546 LXXXI,

2015 1563 2094 1631 6).
2127 1561 2242 1616 Vos
2265 1567 2460 1618 autem
2483 1567 2548 1618 ut
2568 1563 2837 1619 homines
2858 1563 3210 1634 moriemini,
3234 1569 3289 1618 et
3306 1565 3477 1635 quasi
3509 1582 3663 1622 unus

2017 1650 2088 1704 de
2130 1649 2494 1723 principibus
2544 1652 2781 1708 cadetis.
2819 1653 2886 1706 Et
2914 1651 2974 1706 in
3025 1650 3136 1706 alio
3181 1652 3306 1708 loco
3341 1671 3352 1708 :
3387 1654 3504 1708 Non
3529 1670 3661 1726 per-

2015 1741 2260 1794 manebit
2289 1742 2522 1811 spirilus
2551 1757 2700 1796 meus
2748 1743 2807 1795 in
2839 1741 3150 1795 hominibus
3179 1743 3298 1796 istis
3329 1760 3347 1796 :
3377 1746 3511 1814 quia
3537 1760 3662 1800 caro

2014 1838 2140 1884 sunt
2170 1829 2322 1898 (Gen.
2353 1846 2430 1898 VI,
2454 1831 2530 1897 3).
2564 1831 2849 1894 Quoniam
2880 1830 3149 1885 homines
3180 1835 3338 1896 sunt,
3363 1837 3667 1904 propterea

2017 1934 2148 1973 caro
2179 1923 2336 1973 sunt.
2369 1919 2514 1991 Ergo
2545 1919 2684 1990 quia
2715 1918 2813 1973 filii
2851 1918 3176 1985 hominum,
3211 1925 3266 1974 et
3299 1920 3662 1992 perdidimus

2018 2024 2145 2063 esse
2174 2008 2274 2062 lilii
2300 2007 2424 2075 Dei,
2447 2013 2503 2063 et
2533 2009 2693 2080 pravi
2725 2008 2857 2063 facti
2886 2025 3092 2063 sumus
3119 2026 3131 2063 :
3156 2013 3462 2081 propterea
3481 2011 3666 2082 dirige

2017 2112 2142 2166 nos,
2175 2099 2231 2150 et
2261 2113 2495 2151 rursum
2526 2097 2611 2151 tui
2643 2096 2968 2152 efficiamur
2997 2096 3122 2150 filii.

2091 2207 2116 2233 ((
2149 2185 2218 2238 Et
2247 2185 2324 2240 sit
2350 2184 2625 2255 splendor
2659 2185 2882 2240 Domini
2937 2184 3029 2240 Dei
3063 2185 3248 2239 nostri
3272 2201 3449 2257 super
3473 2201 3600 2242 nos.
3628 2208 3656 2237 »

2015 2273 2164 2328 Dicit
2184 2278 2240 2327 et
2264 2272 2578 2344 Apostolus
2608 2274 2680 2328 ad
2716 2273 2986 2328 Hebraeos
3012 2291 3024 2328 :
3050 2275 3334 2339 Quoniam
3367 2274 3654 2330 Dominus

2015 2367 2190 2433 atque
2219 2361 2477 2416 Salvator
2521 2362 2797 2433 splendor
2828 2361 2904 2416 sit
2951 2361 3146 2432 gloria:
3179 2361 3363 2417 Patris
3393 2363 3580 2431 (Hebr.
3616 2381 3656 2431 ι,

2012 2450 2088 2508 3).
2125 2472 2152 2498 «
2188 2451 2254 2504 Et
2284 2450 2360 2505 sit
2388 2449 2668 2522 splendor
2697 2449 2929 2504 Domini
2962 2450 3061 2504 Dei
3089 2451 3272 2506 nostri
3297 2467 3474 2522 super
3496 2469 3655 2507 nos.»

2014 2539 2130 2594 Hoc
2161 2543 2249 2594 est
2279 2539 2431 2609 quod
2485 2538 2702 2593 dicitur
2743 2543 2800 2594 el.
2829 2539 2886 2592 in
2921 2538 3035 2594 alio
3067 2539 3190 2593 loco
3224 2556 3236 2593 :
3268 2539 3554 2607 Sz'gnalum
3583 2547 3662 2595 est

2011 2643 2173 2698 super
2221 2643 2317 2682 nos
2365 2628 2549 2682 lumen
2576 2629 2756 2681 vultus
2800 2629 2902 2694 tui,
2957 2628 3178 2682 Domine
3229 2628 3406 2699 (Psal.
3453 2646 3526 2698 ιν,
3581 2631 3661 2696 7).

2022 2716 2264 2788 Signum
2298 2715 2509 2782 crucis,
2531 2713 2803 2770 vexillum
2829 2721 3094 2770 nostrum
3128 2721 3234 2771 est.
3272 2717 3397 2770 llaec
3427 2717 3661 2772 interim

2013 2805 2085 2859 de
2115 2803 2341 2875 psalmo
2375 2804 2649 2871 diximus,
2671 2808 2820 2870 et,ut
2842 2804 3086 2875 aestimo,
3107 2804 3328 2860 diutius
3357 2821 3532 2876 quam
3558 2806 3660 2861 de-

2011 2894 2350 2959 bueramus,
2428 2893 2722 2948 immorati
2799 2910 3025 2949 sumus.
3090 2893 3476 2966 Intelligimus
3552 2911 3660 2950 nos

2014 2981 2200 3036 multo
2238 2981 2404 3053 plura
2452 2982 2667 3036 dixisse
2717 2998 2892 3053 quam
2943 2983 3256 3037 debuimus
3287 2983 3517 3048 dicere;
3550 2984 3653 3039 sed

2013 3088 2128 3126 non
2161 3087 2479 3142 possumus
2522 3070 2753 3125 Domini
2804 3070 2988 3124 nostri
3018 3071 3196 3126 verba
3245 3072 3507 3137 reticere,
3542 3088 3659 3126 non

2011 3176 2330 3232 possumus
2361 3158 2698 3214 inchoatum
2732 3159 3026 3230 psalmum
3047 3159 3392 3231 relinquere.
3413 3160 3538 3214 Non
3570 3164 3661 3216 est

2015 3249 2289 3311 multum,
2324 3249 2714 3319 quodcunque
2761 3249 3000 3319 prodest
3049 3248 3256 3302 animae
3291 3265 3303 3302 :
3339 3247 3483 3303 nihil
3517 3249 3660 3304 satis

257 3333 431 3401 citur,
462 3335 699 3390 eruditos
722 3352 741 3396 ,°
774 3335 834 3390 in
883 3335 1014 3392 aliis
1063 3319 1298 3408 dicitur,
1328 3339 1678 3410 compeditos.
1723 3340 1898 3396 Aliud
1931 3319 1980 3392 (ἶ.
2013 3341 2122 3401 est,
2154 3337 2307 3408 quod
2353 3337 2570 3390 bonum
2622 3341 2730 3403 est,
2764 3336 2813 3390 si
2845 3340 3039 3390 tamen
3091 3338 3328 3391 bonum.
3367 3337 3658 3408 Rogemus

254 3422 541 3493 eruditus,
583 3423 740 3478 aliud
791 3425 1172 3496 compedibus
1223 3427 1532 3498 signiﬁcat.
1568 3428 1716 3492 Quid
1764 3445 1900 3500 ergo

253 3508 432 3565 dicit:
468 3535 496 3560 ‹‹
533 3515 834 3568 Dexteram
866 3517 1028 3568 tuam
1077 3518 1277 3569 notam
1313 3515 1420 3570 fac.
1459 3538 1486 3564 ››
1514 3517 1661 3580 Quid
1694 3518 1899 3574 tandiu

250 3599 548 3655 dexteram
571 3606 731 3656 tuam
767 3601 1065 3657 contrahis
1081 3602 1108 3657 ?
1131 3602 1306 3669 Deus,
1334 3620 1518 3675 quare
1537 3605 1749 3661 avertis
1776 3623 1899 3661 ma-

249 3704 393 3743 num
449 3694 612 3745 tuam
655 3689 714 3744 in
767 3691 962 3746 sinum
993 3695 1160 3746 tuum
1182 3692 1209 3746 ‘2
1236 3692 1294 3747 in
1327 3692 1440 3748 alio
1489 3693 1714 3765 psalmo
1752 3695 1900 3750 dici-

249 3781 364 3834 tur.
416 3780 561 3844 Quid
612 3779 872 3835 dicitur?
919 3781 1034 3836 Hoc
1082 3786 1188 3853 est,
1222 3782 1283 3837 in
1335 3783 1678 3854 aegritudine
1726 3784 1899 3855 positi

251 3884 481 3936 sumus,
507 3869 562 3923 in
588 3867 841 3941 peccatis
862 3871 1132 3942 jacemus
1162 3888 1172 3925 :
1197 3871 1362 3926 mitte
1384 3872 1679 3927 dexteram
1714 3878 1899 3944 tuam,

249 3961 307 4011 et
338 3957 497 4014 eleva
526 3975 654 4016 nos.
693 3961 880 4025 Quare
918 3961 1122 4015 tandiu
1167 3961 1462 4016 dexteram
1513 3965 1674 4016 tuam
1723 3961 1902 4019 habes

252 4045 310 4100 in
357 4046 488 4102 sinu
539 4046 688 4102 tuo?
739 4049 969 4104 Eructet
1015 4066 1114 4106 cor
1162 4052 1330 4104 tuum
1382 4051 1623 4105 verbum
1681 4056 1899 4108 tuum:

253 4134 421 4190 mitte
455 4135 751 4190 dexteram
784 4140 969 4203 tuam,
1001 4140 1056 4190 et
1087 4135 1272 4190 libera
1322 4153 1448 4192 nos.
1483 4137 1700 4192 Notum
1734 4140 1903 4195 nobis

250 4222 342 4275 fac
382 4223 725 4293 mysterium
776 4224 929 4295 quod
984 4225 1391 4280 absconditum
1441 4225 1550 4280 fuit
1581 4243 1613 4281 a
1658 4243 1903 4298 genera-

252 4310 532 4366 tionibus.
564 4334 584 4361 α
604 4312 905 4367 Dexteram
927 4317 1089 4368 tuam
1113 4318 1311 4369 notam
1334 4315 1442 4370 fac.
1472 4337 1498 4363 »
1526 4315 1672 4379 Quid
1697 4317 1901 4373 subre-

251 4399 364 4471 pis,
385 4400 480 4454 Ari
501 4401 528 4454 ?
548 4400 672 4455 Non
705 4400 870 4466 dixit,
896 4401 1190 4456 dexteram
1222 4407 1384 4457 tuam
1419 4403 1524 4458 fac.
1554 4404 1708 4459 Deus
1745 4406 1901 4460 enim

250 4487 380 4543 sine
410 4489 644 4544 dextera
683 4506 791 4544 sua
840 4506 1141 4562 nunquam
1192 4491 1324 4545 fuit.
1358 4491 1469 4548 Sed
1523 4493 1662 4564 quid
1713 4493 1904 4550 dixit?

251 4601 279 4626 ‹‹
317 4579 616 4634 Dexteram
665 4581 848 4644 tuam,
885 4601 912 4626 »
947 4595 1071 4650 qua:
1125 4595 1356 4650 semper
1410 4580 1540 4647 fuit,
1573 4585 1629 4637 et
1661 4582 1717 4636 in
1767 4583 1901 4638 sinu

2012 3425 2191 3495 igitur
2220 3424 2534 3478 Dominum
2565 3429 2834 3479 nostrum
2868 3424 3248 3490 Salvatorcm,
3283 3429 3350 3479 ut
3381 3424 3661 3496 splendor

2011 3515 2137 3584 ejus
2165 3513 2355 3568 luceat
2385 3513 2441 3567 in
2494 3513 2768 3568 cordibus
2820 3511 3055 3579 nostris,
3091 3518 3153 3567 ut
3185 3513 3380 3582 ejiciat
3426 3530 3460 3567 a
3490 3513 3659 3568 nobis

2012 3602 2384 3657 tenebrarum
2430 3602 2924 3674 impugnationes,
2974 3607 3030 3657 et
3061 3601 3328 3657 sordidas
3360 3601 3658 3674 cogitatio-

2013 3707 2138 3758 nes,
2169 3695 2224 3745 et
2270 3690 2466 3746 omnia
2496 3697 2731 3762 peccata
2783 3689 3067 3762 propellat
3111 3691 3182 3746 de
3212 3691 3488 3746 cordibus
3520 3707 3660 3746 nos-

2011 3780 2136 3840 tris.
2173 3783 2236 3834 ut
2265 3779 2561 3835 illuminat
2610 3784 2840 3835 nostras
2887 3780 3179 3849 tenebras,
3209 3784 3272 3834 ut
3326 3779 3555 3852 fugiant
3585 3784 3663 3835 te-

2012 3870 2224 3939 nebrae,
2249 3875 2304 3924 et
2326 3869 2547 3925 habitet
2569 3871 2844 3942 splendor
2864 3867 3013 3948 lucis
3037 3869 3093 3924 in
3119 3869 3396 3924 cordibus
3421 3868 3658 3925 nostris.

2011 3958 2317 4029 Templum
2344 3959 2596 4025 Domini,
2625 3963 2681 4013 et
2712 3957 3176 4023 tabernaculum,
3201 3962 3257 4012 et
3286 3961 3496 4012 Sancta
3526 3974 3660 4012 san-

2013 4052 2259 4113 ctorum,
2285 4062 2518 4117 semper
2547 4046 2844 4100 lucernam
2870 4046 3122 4101 habeant
3141 4047 3474 4113 ardentem;
3499 4061 3660 4100 sem-

2013 4152 2115 4207 per
2140 4135 2508 4206 superlu‘ceat
2539 4133 2778 4189 lucerna
2826 4134 2883 4188 in
2918 4135 3089 4189 domo
3122 4134 3375 4188 Domini.
3411 4133 3468 4188 Si
3497 4133 3656 4189 enim

2013 4224 2296 4279 exstincta
2323 4224 2497 4278 fuerit
2543 4223 2802 4290 lucerna,
2837 4223 3118 4278 Dominus
3151 4223 3206 4276 in
3256 4222 3511 4278 tenebris
3544 4240 3660 4279 non

2012 4313 2259 4369 habitat.
2313 4313 2583 4367 Dicamus
2631 4311 2812 4385 igitur
2855 4315 2912 4366 et
2959 4328 3064 4366 nos
3099 4328 3110 4365 :
3147 4315 3391 4366 Lucerna
3435 4311 3663 4382 pedibus

2012 4405 2236 4457 verbum
2283 4407 2458 4472 tuum,
2510 4404 2736 4456 Domine
2785 4402 2956 4473 (Psol.
3006 4418 3202 4470 cxvm,
3237 4401 3361 4469 105)
3394 4417 3406 4454 :
3441 4400 3532 4455 cui
3583 4401 3661 4456 sit

2014 4491 2196 4564 gloria
2227 4492 2285 4547 in
2321 4492 2532 4547 saecula
2562 4490 2930 4548 szeculorum.
2962 4496 3170 4546 Amen.

2596 4581 2924 4636 PSALMUS
2965 4580 3072 4636 XC.

247 4669 350 4721 tuo
383 4652 513 4734 fuit,
550 4688 578 4716 (ι
611 4670 806 4722 notam
832 4639 941 4722 i‘ac.
964 4639 1001 4714 ³»
1038 4639 1321 4732 Quoniam
1353 4639 1900 4742 illum'permanen-
1933 4690 1978 4754 D
2013 4670 2125 4724 Iste
2157 4669 2566 4754 Psalmus_non
2594 4669 2770 4754 habet
2799 4668 3148 4754 titulum,eo
3173 4669 3326 4754 quod
3356 4669 3426 4724 de
3452 4639 3664 4754 capite,

247 4759 369 4809 tem
402 4755 460 4809 in
489 4755 703 4811 deitate
733 4773 842 4811 sua
871 4774 1042 4812 nosse
1076 4774 1190 4813 non
1243 4775 1558 4829 possumus
1592 4776 1604 4813 :
1639 4765 1902 4816 assumat

250 4843 574 4915 hominem,
621 4850 677 4900 et
735 4845 817 4901 sic
874 4845 1277 4919 intelligamus
1330 4865 1485 4904 eum.
1531 4874 1558 4900 ‹‹
1594 4849 1898 4905 Dexteram

252 4937 414 4988 tuam
446 4934 530 4988 sic
580 4938 776 4990 notam
824 4936 934 5003 fac,
982 4940 1038 4990 et
1087 4938 1450 5008 compeditos
1500 4941 1670 4994 corde
1718 4940 1774 4994 in
1809 4957 1900 4994 sa-

253 5022 494 5095 pientia.
529 5044 557 5072 ››
589 5023 699 5078 Eos
730 5026 827 5095 qui
863 5025 1159 5097 sapientiae
1189 5025 1406 5082 habent
1432 5029 1763 5100 compedes,
1796 5028 1904 5085 hoc

250 5116 360 5181 est,
396 5111 495 5184 qui
535 5113 850 5184 compediti
899 5118 1038 5169 sunt
1067 5113 1126 5168 in
1179 5115 1352 5170 corde
1405 5131 1508 5187 per
1554 5118 1904 5188 sapientiam

249 5206 436 5257 tuam.
472 5201 596 5257 Non
627 5201 792 5257 vobis
834 5203 911 5257 sit
959 5203 1296 5273 molestum,
1332 5205 1469 5276 quia
1503 5207 1788 5262 obscurus
1819 5212 1907 5263 est

248 5291 434 5355 locus,
465 5291 764 5364 Propheta:
797 5291 1090 5348 habebant
1113 5293 1458 5364 sapientiam
1491 5296 1627 5350 :sed
1661 5296 1790 5367 ipsa
1819 5313 1907 5351 sa-

248 5381 474 5454 pientia
503 5381 910 5455 compediebat
940 5399 1059 5448 eos,
1094 5400 1207 5438 non
1260 5387 1527 5455 poterant
1556 5383 1748 5440 volare
1780 5385 1906 5440 sine

247 5470 500 5528 Christo.
551 5471 754 5527 Videte
803 5487 941 5544 ergo
1000 5471 1099 5544 qui
1149 5471 1351 5527 dicat:
1401 5473 1562 5528 Mitte
1607 5475 1904 5530 dexteram

245 5564 434 5627 tuam,
483 5560 591 5616 hoc
635 5565 723 5616 est
772 5560 984 5615 Filium
1034 5565 1224 5616 tuum.
1259 5561 1482 5618 Notum
1533 5563 1698 5617 nobis
1737 5562 1904 5618 illum

245 5651 373 5706 fac:
406 5653 471 5704 ut
491 5653 548 5703 et
579 5649 870 5721 propheta
897 5649 995 5720 qui
1038 5649 1203 5720 quasi
1247 5650 1740 5723 prophetaverunt
1770 5667 1906 5706 um-

250 5741 444 5812 bram,
483 5737 768 5810 incipiant
796 5737 1113 5794 Dominum
1167 5740 1537 5798 manifestius
1568 5741 1902 5815 praedicare.

542 5866 804 5930 PATBOL.
851 5863 1061 5931 XXVI.

2084 4743 2169 4796 vel
2201 4742 2481 4796 membris
2512 4746 2801 4795 cantatur.
2838 4741 3025 4812 Caput
3077 4742 3134 4795 in
3168 4741 3309 4795 coelo
3344 4758 3356 4795 :
3394 4742 3658 4812 membra

2083 4814 2143 4866 in
2175 4817 2347 4868 terra.
2386 4814 2448 4866 Et
2483 4813 2710 4884 proprie
2739 4811 3087 4883 intelligitur
3113 4813 3182 4868 de
3205 4813 3452 4883 jejunio,
3482 4818 3538 4868 et
3563 4811 3665 4867 illa

2082 4885 2322 4938 tentatio
2380 4883 2968 4956 eremi.iPrzevidebat
2999 4884 3300 4956 propheta,
3335 4885 3487 4954 quod
3525 4900 3660 4937 ven-

2085 4961 2252 5010 turus
2301 4959 2424 5010 erat
2466 4955 2758 5010 Christum
2810 4956 2865 5009 in
2916 4955 3209 5021 carne,’ut
3256 4959 3582 5010 tentaretur
3628 4971 3663 5009 a

2087 5026 2317 5082 diabolo
2348 5026 2558 5095 (Ma/th.
2593 5028 2690 5096 ιν).

2086 5139 2112 5164 ‹‹
2147 5116 2251 5179 Qui
2276 5115 2574 5170 habitatin
2595 5115 2884 5185 adjutorio
2916 5115 3222 5170 Altissimi.
3245 5112 3662 5184 nAdjutorium

2015 5205 2454 5277 interpretatur,
2502 5209 2691 5260 Erras.
2747 5203 3008 5274 Denique
3061 5203 3260 5276 βοηθὸς
3310 5203 3480 5258 Ezras
3530 5219 3664 5274 pro-

2016 5294 2192 5366 pheta
2239 5295 2471 5349 dicitur.
2525 5296 2639 5349 Iste
2690 5298 2777 5348 est
2821 5294 2921 5364 qui
2976 5293 3209 5347 reduxit
3256 5290 3537 5364 populum
3588 5292 3660 5346 de

2016 5383 2352 5456 captivitate
2384 5383 2731 5455 Babyloniae,
2765 5387 2821 5438 et
2853 5381 3081 5436 induxit
3109 5382 3166 5436 in
3200 5385 3415 5435 terram
3467 5395 3664 5451 repro-

2017 5473 2334 5528 missionis.
2383 5473 2487 5539 Qui
2538 5488 2672 5543 ergo
2725 5471 2950 5526 habitat
2995 5471 3054 5525 in
3107 5471 3299 5534 Ezras,
3333 5468 3556 5525 habitat
3605 5469 3664 5524 in

2014 5562 2176 5618 Jesu.
2215 5562 2447 5617 Interim
2489 5561 2815 5616 secundum
2866 5560 3248 5632 tropologiam
3285 5577 3296 5614 :
3331 5558 3437 5622 Qui
3487 5557 3666 5613 aedili-

2016 5651 2166 5706 cavit
2195 5652 2435 5706 domum
2485 5649 2608 5705 sine
2661 5651 2932 5705 manibus
2972 5650 3143 5720 juxta
3193 5647 3559 5721 Apostolum,
3592 5647 3667 5703 il-

2014 5740 2130 5798 lam
2164 5742 2405 5799 domum
2435 5757 2608 5816 quam
2637 5740 3021 5799 aediﬁcaverat
3043 5739 3330 5798 Dominus
3356 5737 3530 5796 etiam
3563 5739 3666 5818 obs

3308 5866 3384 5936 37
