4256 6586
647 446 803 507 1163

2139 434 2555 495 APPENDIX.

3888 441 4025 504 1164

644 576 980 634 stetricibus
1010 572 1070 628 in
1098 572 1340 644 [Egypto
1365 570 1560 641 (Exod.
1587 587 1621 640 1,
1654 569 1766 641 21).
1793 591 1821 619 ‹‹
1848 573 1910 624 In
1934 567 2288 640 protectione
2317 567 2373 633 Α
2403 568 2704 624 cumdabit
2732 574 2788 624 te
2816 570 3030 626 veritas
3081 570 3229 641 ejus.
3265 593 3287 622 ι
3325 571 3608 636 Quoniam
3669 557 3909 644 dixerat,
3937 596 3966 625 κ
3995 593 4025 632 a

642 668 742 724 Dei
775 665 903 722 coeli
932 660 1410 720 commorabitur.
1445 659 1608 715 Dicet
1653 659 1898 714 Domino
1931 676 1943 714 :
1975 659 2287 728 Susceptor

643 773 810 814 meus
841 772 902 812 es
933 759 996 810 tu
1027 756 1086 809 et
1113 750 1406 822 refugium
1430 765 1648 817 meum,
1678 750 1827 804 Deus
1853 764 2038 804 meus.
2070 769 2097 797 »
2122 745 2285 801 Multi

642 846 802 904 enim
851 859 944 900 me
994 845 1428 915 persequuntur
1474 838 1719 904 hostes;
1758 842 2065 908 prepterea
2111 841 2174 890 tu
2225 852 2287 891 es

644 935 937 1008 refugium
968 948 1187 995 meum,
1234 931 1384 985 Deus
1415 944 1601 984 meus.
1638 927 1892 998 Sperabo
1924 926 1984 981 in
2017 925 2284 995 Domino,

643 1024 923 1098 quoniam
956 1023 1082 1095 ipse
1113 1019 1384 1075 liberabit
1411 1033 1503 1072 me
1533 1018 1605 1072 de
1631 1016 1838 1087 laqueo
1868 1015 2228 1071 venantium.
2255 1036 2284 1065 ››

641 1116 767 1172 Non
829 1112 994 1179 dixit,
1049 1125 1240 1182 spero,
1295 1108 1417 1174 sed,
1477 1105 1724 1177 sperabo.
1785 1105 2076 1167 Quamdiu
2129 1103 2286 1158 enim

640 1219 970 1278 peccamus,
1020 1215 1134 1255 non
1185 1213 1511 1269 speramus.
1544 1195 1600 1250 Si
1651 1211 1888 1266 peccare
1935 1192 2285 1249 desierimus

638 1308 965 1367 speramus.
1016 1311 1044 1339 «
1108 1287 1394 1354 Quoniam
1446 1286 1572 1358 ipse
1619 1283 1891 1340 liberabit
1941 1299 2032 1338 me
2081 1283 2152 1338 de
2201 1281 2285 1337 la-

638 1399 788 1457 queo
836 1380 1192 1437 venantium.
1247 1401 1269 1427 »
1323 1374 1490 1432 Multi
1539 1379 1679 1429 sunt
1725 1377 2029 1429 venatores
2060 1373 2120 1426 in
2171 1373 2282 1426 isto

637 1473 879 1540 mundo,
939 1469 1041 1540 qui
1100 1467 1358 1523 animam
1415 1468 1678 1519 nostram
1731 1463 1930 1518 venari
1979 1466 2280 1516 conantur.

635 1563 897 1633 Denique
947 1563 1004 1615 et
1053 1556 1307 1612 Nemrod
1351 1553 1448 1610 ille
1477 1554 1674 1624 gigas,
1726 1568 1976 1623 magnus
2023 1550 2083 1604 in
2115 1567 2283 1605 cons-

636 1655 807 1724 pectu
839 1648 939 1706 Dei
977 1651 1216 1703 venator
1255 1643 1365 1698 fuit
1395 1641 1546 1713 (Gen.
1577 1659 1635 1709 x,
1664 1642 1742 1709 9),
1776 1644 1832 1695 et
1861 1641 2014 1694 Esau
2045 1643 2285 1694 venator

636 1739 923 1810 erat(Gen.
948 1735 1212 1804 xxvu,3),
1242 1731 1519 1804 quoniam
1549 1735 1818 1802 peccator
1838 1734 1961 1784 erat
1987 1747 1999 1796 ;
2035 1734 2091 1782 et
2119 1729 2282 1798 peni-

636 1835 735 1886 tus
766 1844 882 1884 non
913 1824 1244 1881 invenimus
1292 1821 1351 1875 in
1383 1819 1703 1890 Scripturis
1736 1817 1978 1888 sanctis,
2013 1821 2280 1872 sanctum

2396 658 2568 712 verbo
2608 675 2834 730 aspero,
2895 683 2921 707 ››
2979 664 3038 714 et
3093 661 3335 716 verbum
3394 678 3667 734 asperum
3727 680 4023 736 possumus

2399 747 2723 820 intelligere
2782 749 3184 804 haereticorum
3213 755 3272 805 et
3321 749 3828 824 philosophorum,
3859 757 3911 810 et
3933 753 4025 809 Ju-

2397 837 2674 908 deorum,
2708 842 2764 893 et
2795 838 2902 894 hoc
2934 837 3103 909 quasi
3145 839 3390 894 verbum
3448 856 3742 911 asperum,
3775 857 3888 897 non
3939 847 4022 899 est

2395 943 2620 992 verum,
2651 928 2753 982 sed
2800 929 3048 983 mendax
3103 932 3211 984 est.
3270 931 3584 999 Propterea
3637 931 3794 986 enim
3849 932 4020 987 turbi-

2397 1017 2538 1070 dum
2580 1016 2718 1087 quia
2765 1018 2977 1072 menda
3034 1022 3140 1072 est.
3202 1016 3510 1089 PrOpterea
3568 1019 3868 1075 turbidum
3919 1025 4020 1090 est,

2395 1104 2534 1175 quia
2563 1107 2871 1161 conturbat
2910 1107 3137 1161 animas
3196 1111 3447 1174 nostras,
3508 1123 3609 1179 per
3665 1109 4018 1167 mendacium

2395 1211 2591 1248 suum.
2628 1195 2911 1250 Dominus
2942 1211 3078 1267 ergo
3139 1197 3239 1266 qui
3300 1197 3514 1251 veritas
3569 1201 3676 1264 est,
3733 1202 3790 1252 et
3852 1198 4018 1254 dicit:

2397 1288 2512 1352 ligo
2567 1299 2690 1337 sum
2737 1286 2947 1339 veritas
3006 1285 3182 1353 (Joau.
3255 1301 3367 1354 xm,
3425 1286 3503 1354 6),
3565 1291 3728 1340 scuto
3786 1286 4022 1343 circum-

2396 1373 2494 1427 dat
2555 1389 2661 1428 nos
2726 1373 2945 1428 veritas
3041 1374 3198 1442 ejus,
3261 1390 3334 1430 ne
3399 1375 3739 1431 ardentibus
3806 1377 4022 1449 sagittis

2395 1460 2609 1516 diaboli
2641 1461 3057 1533 percutiamur.
3092 1463 3399 1534 Propterea
3444 1463 3732 1534 Christus,
3792 1466 3893 1536 qui
3939 1471 4024 1522 est

2392 1550 2626 1618 veritas,
2658 1551 2939 1622 supponit
2969 1556 3204 1607 scutum
3240 1568 3438 1616 suum,
3471 1557 3537 1607 ut
3583 1558 3746 1609 scuto
3776 1555 4021 1611 veritatis

2392 1646 2628 1711 superet
2657 1641 3052 1697 mendacium.
3093 1665 3112 1690 α
3147 1639 3271 1696 Non
3332 1641 3569 1697 timebis
3621 1659 3654 1698 a
3694 1642 3900 1699 timore
3925 1661 4020 1700 no-

2392 1735 2619 1784 cturno.
2655 1753 2683 1780 »
2716 1729 2996 1786 Diabolus
3024 1731 3183 1786 enim
3235 1747 3466 1802 semper
3520 1731 3581 1787 in
3613 1733 3865 1790 tenebris
3892 1739 3974 1789 est
4004 1753 4018 1803 ;

2392 1824 2457 1872 ut
2484 1819 2790 1890 percutiat,
2823 1819 3034 1890 inquit,
3069 1821 3126 1875 in
3154 1820 3400 1876 occultis
3459 1821 3822 1878 innocentem
3853 1824 4017 1891 (Prol.

637 1918 895 1990 aliquem
911 1917 1242 1969 venatorem
1264 1913 1303 1966 ³.
1327 1909 1649 1963 Piscatores
1679 1907 2007 1962 invenimus
2027 1911 2277 1962 sanctos.
2312 1943 2358 2008 B
2395 1925 2468 1978 ιχ,
2502 1909 2592 1974 :39,
2627 1917 2676 1963 et
2708 1925 2864 1979 LXIII,
2898 1910 2973 1980 5).
3009 1909 3186 1965 Vides
3247 1926 3383 1982 ergo
3437 1911 3592 1982 quod
3651 1912 3748 1982 qui
3781 1911 4021 1984 simplex

708 2029 738 2058 ‹‹
768 2005 1054 2074 Quoniam
1099 2001 1224 2072 ipse
1252 1997 1523 2054 liberabit
1571 2013 1664 2052 me
1707 1997 1778 2051 de
1827 1995 2032 2067 laqueo
2064 2012 2276 2051 venan-

635 2098 807 2154 tium.
863 2118 884 2146 ρ
939 2094 1143 2149 Anima
1190 2093 1380 2144 nostra
1426 2090 1566 2142 sicut
1607 2103 1802 2158 passer
1850 2090 2039 2156 erepta
2087 2094 2166 2141 est
2218 2086 2281 2141 de

637 2190 829 2260 laqueo
881 2183 1228 2239 venantium.
1289 2180 1533 2249 Laqueus
1595 2178 1863 2232 contritus
1915 2181 2016 2243 est,
2077 2184 2131 2230 et
2182 2191 2281 2231 nos

640 2276 863 2332 liberati
912 2287 1102 2328 sumus
1150 2269 1321 2340 (Psal.
1371 2284 1566 2333 cxxm,
1615 2266 1691 2336 7).
1745 2266 1852 2330 Qui
1897 2271 1988 2320 est
2033 2265 2141 2319 iste
2192 2265 2280 2319 la-

636 2381 824 2438 queus
854 2362 954 2434 qui
985 2359 1269 2416 contritus
1299 2356 1432 2412 est?
1460 2357 1745 2422 Dominus,
1794 2355 2006 2426 inquit,
2036 2359 2283 2410 con-terat

637 2457 906 2512 Satanam
950 2449 1050 2506 sub
1088 2448 1324 2520 pedibus
1369 2447 1572 2502 nostris
1617 2445 1883 2500 velociter
1930 2446 2103 2514 (Rom.
2160 2461 2278 2515 xvr,

637 2544 760 2616 20);
788 2547 846 2598 et
876 2537 1189 2612 Apostolus
1217 2535 1358 2591 dicit
1386 2551 1397 2590 :
1430 2536 1494 2591 Ut
1530 2534 1848 2589 liberamini
1877 2550 1911 2588 a
1940 2533 2129 2604 laqueo
2159 2534 2278 2588 dia-

642 2635 752 2690 boli
781 2632 852 2704 (II
874 2632 1008 2686 Tim.
1038 2645 1099 2697 ιι,
1123 2627 1234 2698 26).
1262 2625 1432 2682 Vides
1454 2640 1590 2696 ergo
1611 2623 1889 2695 quoniam
1916 2623 2024 2678 iste
2044 2627 2285 2678 venator

637 2721 854 2794 est,qui
877 2719 1108 2776 animas
1125 2720 1354 2772 nostras
1371 2713 1568 2770 venari
1581 2713 1743 2784 cupit
1765 2713 1835 2767 ad
1854 2713 2238 2783 perditionem
2255 2712 2282 2766 ?

636 2812 852 2870 Multos
881 2810 1058 2865 habet
1105 2803 1373 2862 diabolus
1421 2803 1685 2874 laqueos,
1717 2806 1773 2856 et
1821 2801 2079 2857 diversos
2109 2801 2284 2858 habet

631 2903 894 2975 laqueos.
934 2895 1190 2953 Avaritia
1219 2892 1436 2949 diaboli
1487 2891 1736 2964 laqueus
1783 2896 1872 2946 est
1904 2910 1917 2947 :
1952 2892 2058 2959 ira,
2092 2892 2281 2946 detra-

633 2993 768 3057 ctio,
801 2994 911 3046 etc.
946 3011 974 3038 «
1008 2988 1078 3042 Et
1121 3003 1156 3040 a
1183 2985 1358 3039 verbo
1405 2997 1632 3052 aspero.
1669 3002 1690 3029 ι
1727 2981 1994 3045 Quandiu
2051 2981 2110 3034 in
2143 2997 2279 3035 san-

633 3082 832 3136 ctitate
864 3073 1302 3140 sumus,anima
1329 3074 1533 3125 nostra
1558 3067 1877 3139 tranquilla
1898 3073 2005 3124 est.
2037 3069 2280 3132 Quando

630 3186 766 3226 vero
796 3168 868 3223 de
915 3163 1169 3238 peccatis
1200 3161 1453 3232 cogitare
1513 3159 1752 3231 coeperit
1808 3158 2005 3213 anima
2058 3164 2280 3236 nostra,

631 3257 924 3322 turbatur,
955 3259 1014 3310 et
1044 3251 1212 3325 quasi
1244 3250 1597 3322 quibusdam
1633 3248 1907 3304 fluctibus
1948 3249 2280 3304 concutitur

2392 2002 2499 2063 est,
2534 1998 2814 2053 innocens
2844 2004 2955 2058 est.
2987 2003 3043 2054 et
3072 2014 3307 2070 semper
3364 1999 3423 2054 in
3481 1999 3723 2056 occultis
3780 2003 4022 2073 percuti-

2389 2091 2502 2144 tur.
2542 2109 2570 2137 «
2600 2087 2724 2143 Non
2757 2087 2990 2142 timebis
3015 2104 3050 2142 a
3071 2089 3282 2144 timore
3330 2093 3636 2145 nocturno.
3695 2111 3723 2140 »
3757 2091 3911 2155 Quod
3939 2091 4026 2145 di-

2391 2177 2487 2244 cit,
2522 2176 2629 2232 hoc
2661 2181 2750 2232 est
2782 2195 2794 2232 :
2828 2175 2964 2232 licet
2995 2176 3053 2231 in
3086 2192 3278 2233 errore
3313 2177 3514 2248 fueris,
3571 2195 3698 2250 qua:
3754 2195 3862 2234 nox
3917 2184 4023 2248 est,

2392 2270 2586 2321 tamen
2621 2282 2736 2321 non
2786 2265 3042 2333 timebis,
3076 2266 3215 2336 quia
3271 2265 3452 2322 babes
3492 2271 3723 2322 scutum
3753 2268 4027 2324 veritatis.

2462 2380 2488 2406 «
2518 2361 2566 2409 A
2597 2356 2810 2427 sagitta
2833 2355 3064 2410 volante
3096 2356 3153 2409 in
3185 2355 3296 2411 die.
3336 2378 3362 2404 ››
3392 2355 3614 2428 Sagitta
3668 2355 3869 2413 volans
3899 2357 4024 2413 dia-

2391 2445 2532 2515 boli,
2583 2445 2811 2500 videtur
2865 2444 3012 2499 mihi
3069 2461 3262 2500 sermo
3332 2461 3461 2501 esse
3515 2445 3914 2504 hereticorum
3970 2454 4025 2504 et

2393 2533 2897 2606 philosophorum.
2933 2535 3000 2588 Et
3046 2534 3142 2590 isti
3175 2536 3332 2590 enim
3364 2536 3554 2592 lucem
3612 2536 3864 2593 scientiae
3896 2553 4022 2609 prec

2393 2626 2639 2679 mittunt
2671 2630 2728 2679 et
2777 2623 2980 2679 dicunt
3009 2639 3071 2679 se
3125 2623 3338 2680 habere
3396 2625 3590 2693 diem;
3632 2630 3688 2682 et
3744 2643 3857 2682 non
3894 2643 4026 2698 pos-

2393 2720 2552 2782 sunt,
2600 2714 2883 2785 decipere,
2944 2713 3057 2768 nisi
3103 2713 3292 2768 lucem
3345 2715 3736 2786 promiserint.
3815 2716 4023 2773 Verum

2392 2804 2504 2858 ista
2529 2820 2707 2874 quam
2743 2803 3114 2874 promittunt,
3161 2805 3230 2858 de
3281 2804 3624 2860 ardentibus
3681 2805 3884 2878 sagitis
3914 2811 4022 2862 est.

2391 2894 2460 2947 Et
2491 2899 2792 2964 propterea
2818 2892 3035 2947 dicitur
3067 2909 3078 2948 :
3117 2915 3144 2942 «
3177 2897 3222 2948 A
3254 2895 3468 2965 sagitta
3495 2893 3724 2950 volante
3755 2895 3814 2950 in
3843 2896 3957 2964 die,
3991 2914 4026 2952 a

2391 2981 2620 3053 negotio
2651 2981 3092 3053 perambulante
3123 2982 3180 3036 in
3203 2983 3514 3039 tenebris.»
3547 2984 3768 3056 Sagitta
3793 2984 4028 3056 quidem

2391 3070 2544 3126 volat
2574 3070 2743 3142 quasi
2774 3071 2834 3126 in
2866 3071 2978 3138 die,
3013 3073 3112 3126 sed
3146 3073 3442 3144 negotium
3474 3077 3563 3129 est
3616 3075 4029 3145 perambulans

2391 3161 2448 3215 id
2480 3161 2762 3217 tenebris:
2798 3184 2817 3210 σι
2851 3161 2936 3216 Ab
2968 3161 3204 3217 incursu
3238 3166 3294 3217 et
3324 3163 3611 3219 daemonio
3646 3163 4026 3220 meridiano.»

2391 3249 2599 3305 Melius
2624 3255 2714 3306 est
2745 3250 2937 3306 dicere
2977 3250 3170 3306 Greece
3230 3250 3331 3304 ἇπὸ
3392 3252 3815 3324 συμπτώματος.
3878 3251 4030 3324 Σύμ-

709 3370 738 3398 ‹‹
767 3315 1033 3418 Scapulis
1063 3315 1186 3398 suis
1217 3315 1595 3395 obumbrabit
1625 3337 1750 3394 tibi.
1787 3361 1815 3388 »
1875 3339 1985 3394 Sed
2033 3339 2154 3394 haec
2185 3355 2278 3395 se-
2310 3315 2352 3383 (ἶ
2388 3359 2588 3411 πτωμα
2619 3345 2813 3395 autem
2845 3341 3060 3396 dicitur
3089 3345 3350 3409 eventus,
3381 3315 3491 3397 hoc
3517 3315 3640 3408 est,“
3659 3343 3890 3414 quando
3913 3315 4030 3399 non

631 3438 893 3496 cundum
925 3432 1067 3488 illud
1099 3428 1568 3487 Deuteronomii:
1603 3427 1884 3482 Dominus
1941 3429 2107 3499 quasi
2143 3429 2276 3500 pul-

628 3529 718 3584 los
748 3542 910 3594 suos,
943 3521 1074 3578 aliis
1106 3519 1230 3576 suis
1262 3517 1514 3591 protegit
1534 3534 1640 3573 nos
1666 3517 1835 3589 quasi
1869 3517 2063 3589 aquila
2094 3519 2273 3590 (Deut.

627 3633 807 3682 χχχιι,
840 3615 950 3684 11).
985 3610 1209 3667 Dicitur
1237 3607 1394 3662 enim
1425 3607 1526 3674 ibi,
1551 3606 1718 3676 quasi
1750 3606 1947 3677 aquila
1976 3613 2278 3679 protegere

629 3704 825 3779 pullos
857 3718 1017 3758 suos.
1050 3699 1213 3754 Dicet
1243 3713 1377 3767 ergo
1409 3695 1706 3766 possimus
1737 3695 1927 3750 dicere
1957 3695 2084 3763 hoc,
2119 3699 2274 3768 quod

630 3795 786 3851 Deus
818 3790 986 3864 quasi
1018 3792 1182 3860 pater
1230 3801 1334 3840 nos
1393 3785 1664 3856 protegit,
1721 3788 1777 3838 et
1834 3783 2002 3855 quasi
2060 3786 2277 3856 gallina

629 3882 882 3956 protegit
908 3877 1100 3952 pullos
1129 3892 1269 3933 suos
1299 3874 1511 3944 (Matth.
1536 3889 1696 3940 χχιιι,
1724 3872 1836 3940 37),
1872 3890 1943 3928 ne
1975 3876 2278 3947 rapiantur

631 3975 702 4029 ab
743 3970 1020 4043 accipitre
1053 3985 1067 4033 ;
1098 3971 1293 4022 tamen
1337 3969 1396 4019 et
1451 3963 1610 4018 aliud
1671 3975 1988 4034 possumus
2037 3965 2226 4021 dicere
2260 3985 2272 4022 :

632 4086 654 4114 α
689 4059 958 4134 Scapulis
989 4057 1114 4114 suis
1145 4053 1524 4111 obumbrabit
1554 4053 1682 4108 tibi.
1714 4075 1741 4104 »
1796 4053 2161 4109 Exaltabitur
2192 4055 2276 4109 in-

626 4167 820 4220 cruce,
847 4147 1118 4205 extendet
1148 4161 1378 4215 manus,
1418 4147 1474 4199 et
1528 4147 1790 4214 proteget
1821 4160 1946 4198 nos.
1983 4166 2011 4192 ‹‹
2067 4145 2135 4198 Et
2164 4146 2274 4200 sub

624 4240 834 4315 pennis
866 4240 994 4310 ejus
1025 4234 1311 4308 sperabis.
1363 4256 1390 4282 »
1421 4232 1752 4303 Aspiciens,
1814 4232 2025 4303 inquit,
2060 4250 2273 4289 manus

623 4333 753 4403 ejus
783 4327 1112 4393 cruciﬁxas,
1143 4329 1202 4380 et
1231 4323 1280 4379 si
1323 4327 1380 4378 te
1412 4338 1654 4393 serpens
1715 4322 2113 4389 momorderit,
2175 4341 2274 4378 sa-

623 4419 858 4476 naberis
891 4416 1074 4489 (Num.
1124 4431 1238 4468 xxx.
1299 4413 1374 4482 9).
1428 4410 1587 4464 Licet
1630 4410 1898 4465 ambules
1950 4410 2008 4464 in
2043 4413 2273 4467 deserto

623 4509 798 4566 istius
829 4505 1026 4563 seaculi
1060 4521 1073 4558 :
1108 4502 1157 4557 si
1189 4506 1245 4557 te
1276 4499 1896 4572 percusseritscorpio,
1931 4499 1980 4556 si
2007 4501 2272 4572 regulus,

626 4598 676 4654 si
730 4595 908 4667 aspis,
960 4594 1007 4648 si
1069 4597 1273 4647 caetera
1325 4593 1606 4645 venenata
1662 4588 1960 4661 animalia,
2027 4607 2272 4646 securus

2387 3447 2714 3502 speramus,
2750 3434 2806 3484 et
2835 3429 3052 3502 aliquid
3087 3430 3216 3486 novi
3249 3432 3521 3487 evenerit.
3570 3433 3683 3487 Aut
3714 3430 4027 3504 σύμπτωμα

2387 3519 2620 3587 dicitur,
2653 3521 2886 3590 quando
2919 3520 3094 3576 simul
3127 3520 3298 3576 multi
3348 3522 3584 3576 cadunt.
3647 3521 3844 3577 Videte
3883 3537 4023 3596 ergo

2387 3610 2525 3680 quid
2558 3609 2714 3664 dicat
2747 3627 2758 3664 :
2794 3608 2953 3664 Licet
2983 3607 3179 3680 plures
3236 3610 3454 3666 indocti
3515 3612 3764 3677 fuerunt,
3822 3616 4024 3669 tamen

2386 3706 2448 3755 tu
2482 3700 2583 3770 qui
2614 3704 2854 3755 sanctus
2874 3715 2958 3768 es,
2991 3715 3106 3754 non
3140 3699 3460 3766 induceris,
3524 3701 3606 3756 Do
3661 3701 4028 3775 exemplum,

2387 3794 2451 3843 ut
2481 3788 2868 3860 simpliciores
2898 3788 3126 3859 possint
3156 3789 3481 3861 intelligere
3508 3791 3644 3861 quid
3673 3790 3887 3846 dicitur
3921 3809 3934 3847 :
3965 3793 4029 3848 Si

2386 3877 2522 3933 ieris
2579 3878 2638 3932 in
2696 3876 2986 3932 civitatem
3058 3877 3383 3934 monachus
3437 3877 3619 3950 solus,
3670 3883 3727 3934 et
3781 3881 4034 3952 coeperis

2385 3965 2786 4035 deambulare,
2819 3970 2873 4021 et
2930 3967 3187 4022 audieris
3245 3967 3561 4024 clamorem
3626 3969 3684 4023 in
3742 3969 3914 4037 circo,
3975 3975 4037 4025 et

2387 4055 2601 4128 aliquis
2633 4056 2740 4112 tibi
2773 4055 3004 4126 dixerit,
3037 4055 3166 4110 veni
3197 4061 3256 4111 et
3311 4062 3510 4129 specta
3541 4075 3553 4113 :
3591 4058 3780 4114 circus
3811 4063 3936 4125 est;
3969 4063 4034 4114 et

2386 4145 2629 4216 coeperis
2663 4144 2714 4201 ei
2746 4148 2808 4199 tu
2841 4145 3056 4212 dicere,
3117 4161 3234 4202 non
3294 4144 3429 4203 licet
3463 4164 3475 4203 :
3510 4163 3622 4203 non
3675 4163 3888 4220 pnsum
3921 4147 4035 4203 ire.

2384 4235 2443 4290 Si
2474 4233 2570 4289 ille
2601 4233 2707 4288 tibi
2737 4233 3057 4289 ostenderit
3088 4235 3320 4290 inﬁnita
3372 4235 3681 4292 hominum
3737 4236 3945 4306 millia,
3981 4243 4045 4294 et

2385 4323 2592 4378 dixerit
2621 4323 2727 4376 tibi
2762 4340 2774 4377 :
2809 4322 3068 4378 Ducenta
3099 4323 3408 4380 hominum
3466 4325 3653 4382 millia
3707 4325 3786 4382 ibi
3841 4332 3993 4382 sunt
4027 4345 4042 4384 :

2383 4429 2517 4484 ergo
2549 4411 2633 4467 illi
2667 4427 2872 4468 omnes
2898 4413 3142 4484 perituri
3185 4420 3325 4470 sunt
3355 4457 3367 4481 ,
3402 4419 3458 4470 et
3490 4420 3550 4470 tu
3611 4414 3770 4471 solus
3825 4415 4042 4472 salvus

2382 4504 2495 4557 eris
2523 4502 2550 4556 ?
2579 4503 2662 4556 Tu
2694 4503 2872 4558 debes
2903 4501 3252 4575 intelligere,
3275 4503 3415 4573 quia
3446 4510 3778 4577 symptoma
3807 4505 4042 4561 diaboli

2379 4597 2488 4659 est,
2523 4591 2628 4647 hoc
2661 4597 2767 4662 est,
2803 4607 2950 4647 seire
2984 4591 3161 4647 debes
3192 4592 3330 4663 quia
3362 4592 3559 4666 plures
3617 4595 3854 4650 cadunt.
3894 4619 3924 4646 ‹‹
3960 4596 4039 4651 Et

622 4690 746 4743 esto
778 4686 849 4740 de
875 4682 1127 4739 sanitate
1162 4697 1173 4734 :
1207 4681 1459 4752 Serpens
1492 4679 1551 4733 in
1579 4695 1772 4734 eremo
1801 4695 2126 4750 suspensus
2157 4685 2264 4739 est.
2300 4690 2345 4754 1)
2378 4682 2664 4736 daemonio
2696 4681 3039 4737 meridiano.
3075 4704 3104 4730 »
3136 4681 3352 4737 Dicunt
3377 4682 3615 4751 quidem
3647 4683 3813 4739 multi
3847 4701 3862 4738 :
3894 4685 4046 4757 quia

696 4797 725 4826 ‹‹
756 4777 962 4829 Secuto
995 4769 1385 4828 circumdabit
1412 4773 1467 4824 te
1497 4769 1712 4824 veritas
1758 4769 1908 4839 ejus.
1946 4791 1965 4816 υ
2027 4775 2265 4826 Scutum

620 4868 892 4923 nostrum
927 4860 1246 4918 rotundum
1280 4863 1388 4925 est,
1430 4858 1539 4915 hoc
1591 4863 1702 4923 est,
1762 4875 1829 4912 ex
1887 4858 2047 4914 omni
2104 4863 2305 4930 parte.

621 4971 726 5012 nos
757 4953 929 5026 sepit.
962 4952 1087 5008 Non
1120 4949 1312 5006 solum
1344 4952 1578 5004 scutum
1609 4952 1718 5013 est,
1783 4947 1881 5003 sed
1917 4953 1976 5003 et
2035 4965 2264 5004 murus.

615 5043 882 5113 Domine,
915 5047 981 5098 ut
1013 5045 1178 5097 scuto
1213 5040 1377 5095 bona:
1436 5036 1752 5092 voluntatis
1812 5045 1920 5092 tuze
1975 5038 2266 5093 coronasti

615 5153 741 5192 nos.
773 5133 1018 5206 Aliquos
1053 5132 1124 5187 de
1155 5134 1321 5186 scuto
1352 5131 1613 5184 coronat.
1648 5127 1852 5182 Videte
1884 5127 2024 5198 quid
2059 5127 2216 5183 dicat
2249 5145 2261 5184 :

610 5225 861 5293 Domine,
892 5231 954 5278 ut
982 5229 1132 5277 scuto
1163 5220 1313 5275 bonae
1341 5218 1641 5272 voluntatis
1700 5226 1809 5270 tum
1864 5220 2141 5273 coronasti
2169 5232 2265 5273 nos

613 5313 792 5383 (Psal.
825 5329 878 5381 v,
915 5311 1024 5382 15).
1061 5309 1208 5375 Quid
1239 5308 1382 5363 dicit
1422 5307 1450 5361 ‘I
1481 5306 1754 5378 Proteges
1786 5322 1892 5362 nos
1928 5325 1939 5371 ;
1974 5312 2029 5362 et
2087 5307 2262 5362 facies

608 5404 860 5470 vincere,
889 5406 946 5456 et
976 5405 1108 5472 post
1134 5397 1436 5454 victoriam
1469 5395 1797 5451 coronabis.
1833 5419 1861 5444 «
1923 5396 2099 5450 Scuto
2150 5396 2259 5450 cir-

683 5547 698 5580 ¹
731 5545 919 5600 Verus
952 5543 1284 5613 Hieronym.
1318 5543 1372 5596 in
1409 5539 1708 5613 Micboeam
1741 5556 1867 5613 cap,
1903 5556 1937 5592 v
1969 5554 1981 5592 :
2021 5561 2048 5587 ››
2073 5541 2262 5603 Quan-

612 5622 738 5672 tum
770 5631 874 5689 ego
906 5632 1147 5687 possum
1167 5609 1309 5670 'mea
1339 5612 1592 5689 recolere
1626 5609 2257 5689 memoria,nunqpam

611 5681 942 5758 venatorem
973 5689 1031 5742 in
1058 5689 1272 5743 bonam
1306 5690 1530 5758 partem
1565 5681 1698 5753 legi.
1752 5681 1962 5758 Ismael
2021 5688 2077 5737 et
2108 5683 2255 5758 Esau

614 5756 916 5830 “venatores
947 5761 1201 5832 fuerunt,
1234 5761 1292 5814 et
1309 5755 1743 5830 'praacesserunt
1775 5756 1833 5812 in
1863 5759 1997 5828 typo
2055 5755 2256 5830 populi

2379 4776 2517 4826 sunt
2547 4771 2846 4825 daemones
2878 4773 2935 4826 et
2959 4771 3288 4837 meridiani,
3337 4776 3392 4827 et
3420 4772 3528 4828 hoc
3556 4772 3726 4846 vulgo
3786 4774 4042 4831 dicitur.

2377 4861 2660 4916 Caeterum
2693 4875 2799 4931 ego
2857 4859 2986 4915 dico
3045 4860 3438 4932 simpliciter:
3476 4863 3752 4934 quoniam
3810 4863 4046 4920 deamo-

2381 4951 2543 5005 nium
2575 4965 2641 5005 eo
2675 4954 2935 5021 tempore
2966 4955 3317 5021 potestatem
3357 4951 3532 5008 habet
3561 4952 3621 5007 in
3677 4969 3804 5019 nos,
3837 4970 4049 5024 quan-

2377 5041 2450 5095 do
2482 5055 2812 5112 peccamus.
2859 5039 2990 5095 Sive
3048 5056 3220 5096 mane
3275 5042 3734 5112 peccaverimus,
3797 5043 4050 5100 daemon

2377 5129 2706 5201 ingreditur
2761 5129 2818 5183 in
2881 5131 3073 5197 nobis,
3133 5130 3259 5186 sine
3314 5148 3576 5203 vespere,
3634 5131 3752 5188 sive
3810 5138 4052 5189 nocte:

2376 5235 2750 5291 quacumque
2809 5219 3241 5290 peccaverimus
3299 5220 3461 5290 hora,
3523 5221 3753 5278 daemon
3831 5222 4059 5295 ingre-

2373 5309 2532 5363 ditur
2561 5308 2618 5362 in
2666 5308 2853 5364 nobis.
2915 5307 3135 5363 Videtis
3192 5325 3325 5380 ergo
3386 5311 3541 5382 quod
3600 5310 3880 5367 frivolum
3953 5318 4064 5368 est

2373 5398 2528 5469 quod
2560 5397 2731 5470 vulgo
2765 5398 2996 5452 dicitur.
3031 5397 3177 5459 Quid
3227 5415 3363 5470 ergo
3421 5400 3582 5470 dicit,
3619 5424 3646 5451 α
3707 5418 3740 5456 8.
3797 5399 4048 5457 daemo-

2368 5540 2615 5596 Judaici.
2655 5539 2973 5615 »__Qu_ibus_
3008 5541 3257 5615 succinit
3309 5542 3674 5615 Ambrosius,
3733 5542 3792 5597 in
3862 5543 4048 5615 psal.

2369 5629 2587 5667 cxvm:
2629 5635 2648 5660 ε
2686 5609 2927 5665 Nullum
2961 5609 3293 5668 invenimus
3347 5613 3402 5668 in
3465 5609 3795 5671 divinarum
3848 5609 4046 5675 s'erie

2369 5685 2716 5740 Litterarum
2740 5684 2810 5738 de
2839 5683 3212 5741 venatoribus
3235 5685 3490 5760 justum.
3527 5709 3548 5737 ιο
