4256 6598
702 482 853 541 1167

2186 477 2577 539 APPENDIX
2593 524 2607 537 .

3960 482 4126 542 “68

769 612 850 684 ni,
883 627 1033 684 opus
1062 606 1267 668 servile
1296 610 1655 684 faceretnon
1684 610 2016 684 debet,ghoc
2045 616 2152 676 est,
2186 612 2341 680 quod
2371 614 2427 679 Α
2456 612 2514 666 in
2550 596 2878 683 parabolis:
2916 614 2978 669 Ut
3007 612 3244 668 videntes
3272 628 3383 667 non
3437 612 3678 682 videant,
3739 619 3793 668 et
3830 614 4132 672 audiente:

768 683 839 738 ad
864 682 1151 740 mundum
1178 684 1358 739 istum
1381 683 1672 754 pertinet:
1702 684 1803 739 sed
1834 682 1978 738 illud
2002 684 2173 738 debet
2194 700 2342 754 opus

769 701 839 738 an
864 701 1151 740 mundum
1178 701 1358 739 istum
1422 701 1672 739 orunet:
1702 701 1803 739 seu
1834 701 1978 738 uiua
2002 701 2173 738 debet
2194 701 2342 754 opus

769 755 978 827 facere,
1012 756 1170 827 quod
1201 756 1273 811 ad
1301 701 1621 811 Sagbatum
1654 756 1921 827 pertinet.
1974 754 2168 827 Vultis
2198 756 2347 809 scire

770 826 1049 898 quoniam
1104 827 1184 898 in,
1222 828 1474 883 Sahbato
1515 832 1850 898 ioperantur
1904 826 2235 881 sacerdotes
2285 827 2346 880 in

768 896 988 971 templo
1019 896 1299 954 Domini?
1330 899 1455 953 Non
1512 896 1644 954 licet
1698 898 1757 953 in
1818 898 2346 971 Sabbatoicuicun-

771 969 911 1041 que“
940 969 1102 1041 ligna
1153 970 1368 1025 caedere
1425 971 1605 1040 (Num.
1657 987 1747 1030 xv.
1810 970 2015 1039 32-36).
2088 970 2348 1039 Denique

771 1039 927 1096 unus
957 1039 1060 1112 qui
1091 1041 1363 1097 inventus
1394 1040 1568 1096 estin
1628 1057 1844 1109 eremo,
1901 1040 2196 1112 lapidatus
2237 1046 2344 1107 est,

772 1116 831 1167 et
850 1111 1096 1193 occisus.
1132 1112 1686 1193 D_enique__nonlicet
1729 1113 1923 1193 ignem
1956 1111 2345 1193 succendere:

773 1199 888 1265 non
919 1182 1056 1239 licet
1112 1182 1315 1265 etiam'
1347 1183 1567 1265 aliquid
1630 1182 1822 1255 cperis
1844 1183 2348 1265 _facere._Vid.etis

770 1258 964 1327 autem
996 1255 1274 1327 quoniam
1305 1254 1504 1311 omnia
1532 1254 1812 1327 haecque:
1842 1254 1901 1309 in
1929 1256 2148 1311 mundo
2172 1254 2347 1327 alicui

772 1326 959 1382 facere
989 1325 1103 1382 non
1133 1325 1269 1381 licet
1297 1327 1357 1381 in
1416 1325 1720 1392 Sabhatoj
1752 1328 2152 1383 sacerdotibus
2205 1326 2348 1381 solis

772 1397 927 1482 licet.
962 1397 1417 1482 Nametnligna‘
1471 1399 1839 1482 caedunthet
1887 1398 2348 1482 ignem-suppo-

772 1474 941 1537 nunt,
973 1474 1032 1525 et
1062 1468 1176 1525 alia
1205 1468 1426 1526 faciunt
1473 1469 1818 1537 ministeria,
1874 1468 1935 1525 et
1986 1468 2215 1524 hostias
2237 1468 2348 1523 im-

772 1539 1014 1597 molant.
1047 1544 1168 1596 Hoc
1198 1545 1389 1596 totum
1421 1557 1600 1611 quare
1632 1540 1795 1595 dixi?
1852 1540 1925 1595 Ut
1981 1542 2348 1595 ostenderem

771 1611 1470 1684 scriptumiesseinlege,
1495 1613 1705 1667 debere
1757 1628 1864 1684 nos
1913 1628 2141 1667 cessare
2170 1613 2348 1684 etiam

770 1683 831 1738 in
864 1683 957 1738 die
984 1683 1229 1755 Sabbati
1258 1683 1330 1739 ab
1360 1683 1634 1755 operibus
1666 1683 1895 1755 mundi,
1924 1688 2008 1755 Aet
2064 1699 2131 1739 ea
2164 1683 2349 1738 facere

769 1770 897 1825 quae
928 1754 1002 1808 ad
1024 1753 1217 1825 Deum
1251 1753 1566 1825 pertinent.
1602 1754 1870 1810 Psalmus
1919 1753 2097 1825 igitur
2135 1756 2345 1809 cantici

769 1824 859 1898 est
877 1825 938 1879 in
977 1824 1070 1880 die
1114 1824 1384 1880 Sabbati:
1412 1826 1647 1898 quando
1696 1843 1811 1881 non
1835 1824 2147 1896 operemur
2175 1843 2347 1881 mun-

767 1895 863 1965 do,
895 1900 952 1951 et
980 1910 1294 1968 operamur
1323 1895 1457 1953 Deo.
1490 1896 1809 1952 Videamus
1864 1895 2006 1968 quid
2067 1899 2235 1953 nobis
2274 1898 2349 1952 sit

2458 719 2568 757 non
2597 703 2921 773 intelligant
2953 702 3138 772 (Marc.
3173 720 3248 770 1v,
3284 704 3393 773 12).
3446 704 3715 775 Legimus
3760 704 3819 758 in
3865 704 4045 772 Osee,
4076 711 4135 762 et

2456 797 2511 846 et
2542 792 2760 845 dicitur
2806 793 2879 845 ad
2915 791 3293 862 prophetam:
3355 792 3425 845 Tu
3482 792 3633 859 vade,
3689 803 3742 847 et
3795 796 3997 865 accipe
4026 796 4132 850 tibi

2456 896 2703 950 uxorem,
2736 896 2966 934 uxorem
2996 880 3368 952 feminarium
3424 883 3585 949 (Osee
3643 898 3684 947 ι,
3712 882 3768 953 2)
3795 897 3809 938 :
3838 883 4040 938 Judaei
4070 888 4126 940 et

2459 969 2703 1040 gentiles
2750 969 2959 1024 rident.
2995 971 3182 1034 Quare
3215 969 3452 1023 rident?
3480 969 3766 1033 Quoniam
3797 971 4025 1027 veritas
4065 972 4124 1027 in

2459 1063 2625 1112 nocte
2648 1058 2839 1128 posita
2868 1063 2974 1127 est,
3011 1076 3126 1113 non
3155 1058 3214 1112 in
3247 1059 3358 1115 die.
3394 1057 3583 1114 Vultis
3642 1059 3791 1115 scire
3829 1061 4117 1131 quoniam

2456 1147 2670 1201 veritas
2693 1147 2791 1201 Dei
2816 1146 2874 1201 in
2909 1153 3077 1202 nocte
3120 1155 3211 1201 est
3241 1152 3297 1202 et
3327 1147 3494 1219 quasi
3552 1148 3612 1202 in
3645 1149 3931 1217 tenebris,
3964 1155 4031 1205 et
4060 1151 4117 1205 in

2459 1234 2753 1307 parabolis
2784 1236 2973 1307 posita
3003 1240 3091 1291 est
3111 1237 3137 1291 ?
3170 1237 3398 1308 Moyses
3438 1237 3701 1293 ascendit
3757 1238 3816 1292 in
3848 1242 4114 1295 montem

2456 1325 2615 1394 Sina,
2650 1330 2705 1379 et
2726 1326 3028 1395 ingressus
3054 1330 3167 1392 est,
3188 1324 3402 1395 inquit,
3452 1326 3511 1379 in
3538 1326 3859 1394 turbinem,
3892 1331 3952 1382 et
3980 1327 4115 1383 cali-

2458 1414 2676 1483 ginem,
2709 1419 2763 1468 et
2794 1414 2853 1468 in
2884 1414 3177 1483 tenebras,
3202 1420 3259 1469 et
3292 1414 3369 1468 ibi
3401 1414 3633 1470 locutus
3690 1423 3781 1470 est
3836 1431 3976 1471 cum
4006 1420 4115 1472 Do-

2460 1503 2619 1556 mino
2653 1503 2850 1570 (Exod.
2882 1520 3039 1567 xxrv,
3073 1504 3159 1568 15,
3192 1503 3303 1573 46).
3346 1502 3543 1574 Neque
3574 1504 3731 1559 enim
3762 1508 3993 1575 poterat
4026 1506 4108 1559 ls-

2459 1590 2575 1645 rael
2623 1591 2874 1663 populus
2904 1592 3097 1647 videre
3128 1591 3406 1663 mysteria
3436 1593 3531 1647 Dei
3558 1609 3570 1647 :
3632 1592 3771 1661 quia
3821 1594 3882 1647 in
3914 1592 4111 1666 caligi-

2462 1696 2597 1741 nem
2628 1674 2725 1735 Dei
2761 1698 2876 1735 non
2911 1681 3247 1736 intraverat.

2530 1814 2638 1868 «In
2660 1815 3023 1870 decachordo
3044 1814 3315 1887 psalterio
3343 1832 3477 1870 cum
3501 1815 3725 1871 cantico
3742 1819 3799 1871 et
3816 1816 4099 1873 cithara.»

2458 1904 2815 1975 Simpliciter
2845 1905 2993 1969 dico,
3053 1904 3515 1977 quotiescunque
3572 1904 3834 1961 levamus
3893 1923 4104 1963 manus

1250 1968 1523 2038 sabbato,
1557 1969 1791 2040 quando
1824 1985 1856 2023 ³
1885 1967 2106 2024 mundi
2155 1986 2346 2025 cessa"
2376 1985 2423 2050 B
2456 1967 3129 2064 sinecogitationibuset
3149 1967 3691 2066 disceptationibus,
3717 1994 3774 2049 in
3798 1994 4108 2052 decachor-

770 2053 906 2095 mus
936 2040 1234 2112 operibus.

774 2147 804 2179 α
833 2127 1062 2184 Bonum
1092 2132 1182 2185 est
1197 2129 1457 2185 confiteri
1482 2130 1751 2197 Domino,
1777 2133 1832 2184 et
1853 2128 2100 2201 psallere
2123 2130 2345 2185 nomini

699 2220 822 2287 tuo,
853 2216 1169 2274 Altissime.
1206 2239 1234 2268 »
1268 2217 1395 2273 Non
1427 2217 1605 2274 dixit:
1640 2218 1860 2273 bonum
1888 2223 1975 2273 est
2000 2218 2266 2291 psallere,
2291 2223 2347 2274 et

698 2310 904 2379 postea
932 2305 1226 2362 confiteri:
1287 2306 1388 2362 sed
1442 2306 1572 2362 vide
1619 2307 1921 2362 ordinem:
1984 2312 2207 2363 Bonum
2257 2313 2347 2363 est

698 2394 985 2464 conﬁteri,
1016 2399 1073 2451 et
1103 2395 1325 2451 bonum
1354 2399 1442 2451 est
1471 2395 1739 2468 psallere.
1775 2397 2033 2452 Primum
2083 2414 2188 2469 age
2219 2415 2342 2471 poe-

695 2484 1027 2556 nitentiam,
1051 2489 1109 2541 et
1129 2483 1404 2558 lacrymis
1425 2484 1552 2541 dele
1580 2489 1835 2557 peccata,
1858 2491 1916 2542 et
1938 2492 2138 2558 postea
2170 2493 2342 2544 canta

689 2572 979 2631 Domino:
1013 2598 1040 2625 «
1101 2574 1326 2631 Bonum
1386 2578 1474 2631 est
1529 2575 1788 2631 conﬁteri
1853 2576 2128 2643 Domino;
2165 2599 2185 2625 ιι
2225 2594 2339 2633 non

689 2662 1049 2735 hominibus,
1074 2664 1175 2720 sed
1199 2669 1350 2731 Deo;
1384 2662 1467 2718 illi
1499 2664 1775 2719 confitere
1808 2668 2066 2735 peccata,
2115 2666 2213 2736 qui
2246 2684 2338 2721 sa-

685 2768 828 2810 nare
851 2757 1058 2825 potest.
1084 2775 1112 2804 «
1147 2754 1214 2808 Et
1239 2752 1485 2824 psallere
1514 2752 1737 2809 nomini
1775 2758 1899 2822 tuo,
1957 2754 2271 2811 Altissime.
2307 2777 2335 2805 ››

763 2862 792 2895 α
818 2842 904 2898 Ad
935 2842 1410 2898 annuntiandum
1438 2858 1609 2897 mane
1640 2842 2104 2897 misericordiam
2150 2849 2332 2915 tuam,

684 2936 743 2988 et
768 2931 1072 2987 veritatem
1103 2936 1266 2987 tuam
1300 2948 1403 3003 per
1430 2936 1681 2986 noctem.
1716 2953 1745 2981 »
1800 2930 2118 3003 Diligenter
2159 2931 2336 2989 intel-

686 3018 850 3092 ligitc
882 3020 1037 3090 quod
1067 3018 1303 3074 dicitur.
1337 3042 1363 3068 ‹‹
1398 3020 1486 3073 Ad
1518 3019 1991 3075 annuntiandum
2024 3037 2198 3077 mane
2232 3022 2335 3077 mi-

685 3107 1066 3166 sericordiam
1096 3112 1283 3174 tuam,
1306 3112 1363 3163 et
1389 3106 1692 3163 veritatem
1716 3112 1875 3163 tuam
1900 3125 2000 3180 per
2025 3116 2275 3167 noctem.
2304 3135 2332 3162 ››

686 3196 916 3271 Singuli
942 3196 1211 3253 versiculi
1242 3197 1312 3253 ad
1344 3196 1608 3269 singulos
1650 3198 1999 3253 referuntur.
2035 3222 2063 3248 ‹‹
2104 3200 2330 3257 Bonum

690 3291 781 3344 est
835 3287 1099 3343 conﬁteri
1158 3286 1436 3343 Domino:
1498 3288 1571 3342 ad
1624 3288 2098 3344 annuntiandum
2158 3306 2329 3347 mane

2458 2084 2528 2135 do
2546 2081 2855 2153 psallimus
2870 2082 3132 2138 Domino.
3156 2104 3182 2132 ‹‹
3200 2084 3259 2137 In
3280 2082 3639 2139 decachordo
3655 2066 3951 2155 psalterio,
3964 2101 4098 2140 cum

2455 2171 2680 2226 cantico
2713 2172 2768 2226 in
2803 2171 3027 2227 cithara
3058 2197 3083 2220 ‹‹
3122 2173 3182 2227 In
3216 2172 3439 2227 cithara
3472 2177 3698 2242 nostra,
3724 2177 3778 2229 et
3807 2190 4021 2246 corpus
4051 2180 4102 2231 et

2454 2259 2669 2328 anima,
2696 2266 2751 2315 et
2772 2260 3037 2332 spiritus,
3062 2261 3337 2316 omnibus
3354 2260 3584 2317 chordis
3598 2262 4091 2333 compositasunt.

2529 2415 2551 2442 α
2586 2395 2731 2460 Quia
2760 2394 3063 2449 delectasti
3095 2411 3207 2459 me,
3246 2395 3509 2464 Domine,
3543 2395 3601 2449 in
3635 2396 3853 2452 factura
3885 2401 4011 2465 tua,
4041 2404 4092 2453 et

2450 2482 2507 2538 in
2527 2485 2805 2555 operibus
2836 2500 3117 2537 manuum
3144 2489 3378 2538 tuarum
3397 2483 3719 2539 exsultabo.
3755 2506 3783 2534 »
3805 2484 4086 2541 Christia-

2449 2590 2562 2628 nus
2592 2573 2983 2644 quodcunque
3042 2572 3260 2639 vicerit,
3322 2589 3553 2645 semper
3606 2572 3945 2629 aedificatur.
3980 2576 4090 2631 Mo-

2448 2662 2703 2716 nachum
2722 2662 2867 2716 nihil
2895 2646 3175 2729 destruet,
3203 2661 3314 2716 nisi
3335 2666 3658 2733 peccatum.
3690 2663 4087 2735 Quodcunque

2448 2751 2762 2823 aspexeris,
2794 2751 3108 2805 aedificium
3139 2754 3307 2805 tuum
3342 2760 3448 2806 est.
3479 2750 3652 2806 Vides
3673 2750 3908 2819 cmlum,
3928 2754 4085 2809 vides

2446 2840 2652 2907 solem,
2684 2841 2845 2895 vides
2876 2838 3096 2905 stellas,
3127 2840 3285 2894 vides
3317 2839 3540 2911 lunam,
3574 2840 3683 2896 hoc
3733 2840 3983 2896 aedificat
4014 2848 4082 2897 te.

2444 2928 2629 2984 Debes
2660 2930 2815 2984 enim
2849 2930 3101 3001 cogitare
3131 2932 3188 2983 et
3217 2929 3444 2984 dicere:
3480 2929 3538 2984 Si
3568 2928 3675 2997 sol,
3729 2934 3786 2984 et
3839 2929 4003 2997 luna,
4033 2936 4083 2985 et

2443 3018 2974 3086 cmlum,etstell:n
3021 3018 3136 3072 Deo
3194 3019 3487 3073 serviunt:
3549 3035 3728 3089 quare
3782 3035 3916 3091 ergo
3972 3036 4080 3075 non

2442 3109 2688 3163 serviam
2712 3109 2739 3164 ‘?
2772 3108 2937 3164 Vides
2966 3112 3201 3176 terram,
3233 3108 3396 3163 vides
3453 3107 3748 3175 animalia,
3798 3113 3855 3163 et
3885 3109 4082 3165 omnia

2443 3215 2568 3270 qum
2600 3198 2658 3252 in
2690 3198 2860 3253 terris
2892 3202 3049 3264 sunt,
3085 3202 3142 3252 et
3171 3198 3278 3252 hoc
3309 3198 3505 3253 confer
3536 3214 3667 3253 cum
3697 3198 3893 3254 animo
3939 3204 4077 3254 tuo:

2440 3291 2496 3341 et
2525 3288 2770 3342 mdificat
2800 3291 2877 3353 te,
2936 3291 2992 3341 et
3048 3286 3139 3341 dic
3194 3286 3389 3341 animo
3446 3290 3584 3343 tuo:
3645 3286 3852 3342 Omnia
3882 3287 3939 3342 in
3972 3304 4079 3344 suo

685 3376 1149 3434 misericordiam
1179 3381 1364 3432 tuam.
1398 3397 1427 3428 »
1459 3377 1516 3430 Si
1573 3377 1867 3437 conﬁteris
1922 3377 2190 3444 Domino,
2223 3398 2325 3436 an-
2357 3355 2401 3423 Ο
2437 3378 2698 3449 tempore
2737 3380 2999 3430 currunt.
3031 3376 3329 3447 Siquidem
3378 3393 3477 3431 ver
3525 3380 3581 3431 et
3623 3380 3811 3444 aestas,
3843 3382 4079 3433 autum-

680 3466 963 3523 nuntians
987 3482 1159 3523 mane
1175 3465 1607 3522 misericordias
1635 3467 1880 3522 Domini.
1915 3490 1943 3515 «
1978 3468 2045 3522 Et
2079 3469 2325 3540 psallere

585 3558 591 3573 ‘
678 3556 904 3613 nomini
933 3560 1059 3624 tuo,
1087 3555 1405 3611 Altissime.
1443 3577 1471 3605 ››
1502 3556 1688 3610 Istum
1743 3557 2098 3613 versiculum
2149 3560 2325 3615 refert

678 3645 751 3701 ad
782 3645 940 3701 hunc
972 3644 1074 3715 qui
1132 3644 1418 3715 sequitur,
1460 3663 1481 3692 α
1542 3644 1611 3699 Et
1654 3644 1958 3700 veritatem
2018 3651 2180 3703 tuam
2222 3666 2325 3720 per

675 3738 928 3804 noctem,
964 3755 993 3783 ››
1015 3732 1256 3798 Quando
1277 3731 1432 3789 enim
1465 3732 1813 3788 conﬁtemur
1833 3735 2096 3802 Domino,
2130 3754 2323 3808 spera-

675 3839 813 3880 mus
842 3821 1325 3879 misericordiam.
1361 3822 1606 3886 Quando
1634 3838 1767 3877 vero
1818 3823 2147 3895 psallimus,
2182 3843 2319 3898 ope-

675 3928 879 3968 ramur
905 3911 1171 3991 virtutes.
1202 3934 1223 3959 ι»
1259 3911 1338 3966 Ad
1366 3910 1839 3966 annuntiandum
1880 3929 2051 3969 mane
2091 3915 2320 3971 miseri-

672 4002 933 4059 cordiam
964 4006 1150 4079 tuam.
1182 4021 1209 4051 »
1245 4000 1352 4057 Ubi
1387 4005 1523 4055 sunt
1554 4000 1653 4072 qui
1686 4002 2007 4057 secundum
2061 4003 2315 4061 litteram

669 4090 1004 4164 Seripturas
1035 4089 1418 4164 intelligunt?
1476 4090 1666 4146 Media
1721 4091 1817 4146 die
1856 4094 2313 4152 misericordiam

669 4180 771 4236 Dei
802 4181 1149 4237 annuntiare
1180 4197 1295 4237 non
1326 4197 1644 4253 possumus
1664 4180 1692 4234 ?
1718 4181 1787 4236 Et
1843 4188 1998 4238 certe
2036 4183 2313 4240 Christia-

665 4284 878 4325 norum
910 4275 967 4325 et
1020 4268 1442 4325 monachorum
1501 4274 1590 4323 est
1645 4268 1897 4325 maxime
1950 4270 2008 4326 in
2042 4274 2311 4329 noctibus

662 4363 903 4431 peccata
922 4375 1032 4416 sua
1055 4357 1337 4415 confiteri.
1360 4358 1430 4413 Et
1451 4357 1742 4428 quomodo
1770 4375 1925 4413 nunc
1954 4359 2096 4415 dicit
2122 4378 2135 4416 :
2161 4385 2188 4412 «
2224 4364 2307 4417 Ad

660 4447 1135 4503 annuntiandum
1156 4462 1327 4501 mane
1350 4442 1809 4502 misericordiam
1842 4451 2000 4503 tuam
2027 4450 2054 4504 ?
2087 4472 2107 4498 ι
2145 4451 2306 4514 Quod

657 4535 823 4601 dicit,
856 4535 966 4591 hoc
986 4539 1111 4591 est:
1136 4534 1261 4589 Non
1287 4550 1605 4605 possumus
1636 4536 1896 4591 confiteri
1954 4538 2219 4609 Domino,
2252 4545 2307 4597 et

655 4623 1119 4680 misericordiam
1141 4626 1269 4693 ejus
1297 4624 1599 4696 consequi,
1632 4624 1743 4680 nisi
1777 4626 2012 4697 coeperit
2042 4627 2099 4682 in
2133 4630 2305 4685 corde

2436 3483 2547 3521 nus
2578 3470 2633 3521 et
2690 3465 2899 3531 hiems,
2964 3481 3269 3536 nunquam
3331 3469 3636 3520 mutantur
3689 3465 3810 3521 haec
3850 3470 4077 3539 tempo-

2435 3572 2517 3623 ra,
2588 3556 2687 3610 sed
2756 3555 3079 3610 secundum
3146 3554 3593 3626 dispositionem
3658 3554 3886 3610 Domini
3952 3573 4076 3612 om-

2432 3645 2529 3699 nia
2595 3645 2873 3699 serviunt.
2952 3642 3168 3697 Ccnlum
3246 3644 3443 3709 servit,
3520 3649 3577 3698 et
3650 3648 3802 3699 terra
3875 3646 4073 3713 servit,

2432 3739 2485 3789 et
2552 3733 2749 3789 infelix
2815 3749 2920 3805 ego
2989 3732 3163 3788 homo
3232 3749 3345 3787 non
3416 3733 3621 3788 servio.
3655 3733 3977 3789 Veniamus
4004 3736 4074 3790 ad

2431 3825 2658 3878 minuta
2714 3822 3033 3877 animalia:
3090 3821 3325 3877 dimitto
3383 3839 3538 3877 nunc
3596 3823 3667 3878 de
3720 3822 4069 3894 elephantis,

2430 3912 2659 3967 dimitto
2727 3913 2798 3966 de
2865 3911 3152 3977 leonibus,
3229 3912 3459 3967 dimitto
3538 3913 3607 3967 de
3670 3910 3916 3967 diversis
3956 3915 4071 3969 ani-

2429 4001 2702 4066 malibus,
2734 4002 2898 4056 venio
2928 4001 2999 4055 ad
3034 4000 3261 4056 minuta
3283 4001 3578 4057 animalia.
3612 4002 3857 4073 Respice
3875 4018 4067 4073 apem,

2426 4092 2648 4163 respice
2680 4091 2980 4145 formicam
3008 4106 3021 4144 :
3052 4089 3180 4145 vide
3212 4105 3446 4162 corpus,
3471 4095 3527 4146 et
3578 4091 3806 4163 inquire
3834 4091 4068 4162 sapien-

2423 4181 2564 4236 tiam
2598 4182 2779 4251 (Prov.
2812 4196 2886 4246 vi,
2918 4181 2971 4246 6,
2999 4187 3049 4234 et
3078 4196 3208 4244 xxx,
3239 4180 3349 4249 25).
3386 4179 3568 4251 Major
3586 4179 4066 4251 sapientiaquem

2422 4270 2681 4341 corporis
2711 4268 3075 4339 magnitudo.
3107 4271 3257 4339 Apes
3285 4273 3342 4322 et
3374 4269 3624 4326 formicae
3657 4268 3916 4340 cogitant
3944 4269 4063 4325 hie-

2421 4376 2553 4413 men
2583 4374 2710 4413 esse
2732 4363 3075 4425 venturam;
3128 4361 3183 4412 et
3234 4358 3558 4413 monachus
3606 4362 3664 4413 et
3692 4358 4061 4415 Christianus

2418 4465 2531 4503 non
2564 4447 3127 4518 cogitantjudicium
3159 4463 3289 4503 esse
3319 4452 3650 4503 venturum.
3676 4446 3786 4502 illae
3804 4447 4061 4520 cogitant

2417 4538 2694 4610 quoniam
2726 4538 2878 4592 fame
2909 4536 3224 4607 periclitari
3255 4541 3521 4608 possunt,
3555 4536 3603 4591 si
3626 4553 3739 4591 non
3769 4535 4059 4593 laborave~

2414 4627 2530 4681 rint
2553 4628 2607 4681 in
2637 4632 2837 4681 mstate
2870 4626 3023 4681 unde
3049 4626 3245 4681 vivant
3274 4625 3331 4679 in
3381 4625 3609 4681 hieme:
3656 4641 3763 4680 nos
3806 4642 3925 4682 non
3965 4643 4059 4682 co-

646 4716 856 4785 .nostro
886 4711 1112 4767 clarum
1161 4711 1359 4768 lumen
1391 4712 1604 4768 lucere.
1634 4714 1755 4770 Nisi
1789 4716 2193 4786 praecesserint
2226 4722 2303 4773 te-
2337 4737 2382 4801 Β
2413 4718 2691 4789 gitamus,
2724 4716 2863 4788 quia
2896 4716 3022 4769 sine
3054 4730 3225 4786 opere
3257 4715 3663 4785 torquebimur
3689 4715 3747 4769 in
3768 4715 4056 4787 gehenna.

651 4800 867 4867 nebrae,
898 4806 956 4856 et
984 4816 1158 4856 mane
1187 4802 1403 4856 factum
1448 4802 1642 4870 fuerit,
1697 4802 2159 4860 misericordiam
2191 4806 2303 4862 Do-

650 4889 799 4948 mini
829 4890 1107 4962 consequi
1140 4907 1253 4946 non
1287 4907 1624 4962 possumus.
1655 4892 1818 4947 Tunc
1849 4898 2047 4949 autem
2072 4911 2298 4951 annun-

646 4980 763 5037 tias
795 4996 967 5037 mane
989 4980 1452 5036 misericordiam
1484 4980 1738 5050 Domini,
1767 4999 1899 5038 cum
1934 4983 2024 5039 Sol
2047 4984 2293 5054 justitire

646 5075 811 5127 ortus
840 5070 901 5126 in
933 5071 1105 5126 corde
1133 5075 1235 5126 tuo
1265 5069 1461 5125 fuerit.
1495 5089 1522 5121 α
1553 5070 1619 5125 Et
1646 5072 1944 5128 veritatem
1997 5078 2159 5129 tuam
2192 5091 2295 5146 per

643 5165 947 5217 noctem.»
981 5160 1208 5216 Veritas
1230 5159 1459 5215 Domini
1494 5176 1609 5216 non
1643 5162 2046 5230 annuntiatur,
2081 5165 2193 5219 nisi
2217 5165 2288 5220 ad

638 5255 911 5308 noctem:
944 5249 1003 5304 in
1036 5250 1128 5305 die
1160 5265 1276 5303 non
1307 5253 1498 5320 potest
1555 5251 1913 5307 annuntiari.
1974 5253 2096 5307 Non
2131 5253 2287 5309 enim

635 5344 887 5413 possunt
914 5338 1215 5395 imbeciles
1262 5338 1411 5394 ferre
1442 5355 1569 5410 quas
1615 5357 1829 5413 magna
1879 5346 2054 5396 sunt:
2100 5355 2287 5415 neque

631 5433 885 5503 possunt
913 5446 982 5485 ea
1006 5427 1297 5485 sustinere
1356 5444 1483 5499 qua:
1515 5430 1772 5501 pretiosa
1802 5434 1959 5485 sunt.
1994 5430 2156 5484 Unde
2196 5431 2283 5485 di-

628 5518 784 5575 citur
812 5524 870 5575 et
900 5518 958 5573 in
990 5518 1103 5574 alio
1135 5517 1259 5573 loco
1289 5518 1361 5573 de
1391 5517 1506 5573 Deo
1533 5534 1544 5572 :
1596 5522 1793 5574 Posuit
1847 5520 2096 5573 tenebras
2150 5518 2281 5576 lali-

630 5608 819 5663 bulam
845 5624 1008 5663 suum
1037 5607 1207 5679 (Psal.
1240 5624 1351 5662 xvn
1387 5606 1496 5678 12),
1538 5606 1646 5661 hoc
1703 5613 1809 5679 est,
1861 5607 2147 5663 Dominus
2179 5627 2279 5682 po-

628 5696 750 5753 suit
777 5696 1049 5753 tenebras
1080 5696 1394 5751 latibulum
1427 5712 1625 5751 suum.
1657 5696 1727 5750 Et
1756 5697 1968 5752 veritas
2001 5713 2137 5769 ergo
2172 5704 2278 5755 Do-

628 5784 771 5841 mini
805 5785 1193 5841 annuntiatur
1213 5784 1271 5839 in
1295 5790 1462 5840 nocte
1491 5802 1503 5839 :
1533 5786 1696 5858 quasi
1760 5785 2115 5859 quibusdam
2148 5805 2274 5845 ver-

625 5873 838 5941 borum
870 5873 1126 5931 tenebris
1148 5872 1488 5933 obvolvitur.
1523 5875 1585 5932 In
1618 5876 1925 5949 aenigmate
1954 5876 2187 5949 dicitur,
2220 5883 2277 5937 et

2414 4810 2531 4861 Hoc
2563 4810 2749 4860 totum
2782 4821 2961 4876 quare
3009 4803 3174 4860 dixi?
3230 4803 3515 4867 Quoniam
3574 4820 3728 4859 nunc
3767 4803 4056 4877 scriptum

2406 4901 2533 4951 est:
2561 4895 2758 4959 «Quia
2780 4893 3078 4949 delectasti
3101 4910 3213 4961 me,
3237 4894 3495 4959 Domino,
3524 4893 3579 4947 in
3614 4893 3837 4948 factura
3868 4899 3994 4950 tua.
4028 4916 4055 4943 ιο

2405 4985 2803 5056 Quodcunque
2835 4999 3131 5055 aspexero,
3174 4983 3423 5038 delectat
3453 4998 3565 5037 me.
3602 4982 3867 5054 Intelligo
3894 4984 4055 5039 enim

2403 5074 2699 5142 factorem,
2734 5079 2790 5129 ct
2820 5073 3097 5131 benedice
3134 5075 3334 5128 Deum.
3370 5095 3397 5121 ‹‹
3431 5073 3500 5127 Et
3528 5072 3588 5126 in
3620 5072 3895 5144 operibus
3927 5089 4054 5127 ma-

2400 5180 2585 5220 nuum
2618 5168 2849 5218 tuarum
2884 5163 3207 5219 cxsultabo.
3239 5182 3265 5211 ι»
3305 5162 3484 5217 Video
3514 5163 3806 5229 arborem,
3827 5166 3890 5217 et
3916 5178 4056 5218 con-
4140 5184 4141 5201 ἢ

2399 5254 2589 5309 sidere
2639 5253 2930 5324 quomodo
2979 5256 3171 5307 cortex
3223 5252 3449 5307 arboris
3499 5255 3588 5307 est
3635 5250 3800 5323 quasi
3846 5253 4056 5307 tunica
4138 5272 4139 5295 ι

2398 5360 2513 5416 qua
2542 5343 2807 5412 vestitur,
2841 5346 2897 5396 et
2924 5340 3090 5412 quasi
3124 5356 3363 5411 germen
3393 5340 3559 5395 viret.
3594 5341 3662 5395 Et
3718 5338 3934 5394 deinde
3967 5343 4052 5396 vi-

2395 5433 2501 5487 deo
2533 5432 2824 5503 quomodo
2856 5430 2961 5484 ﬂos
2994 5430 3093 5482 fit:
3129 5429 3421 5500 quomodo
3455 5428 3560 5483 ﬂos
3591 5428 3779 5493 cadat,
3826 5427 3962 5500 ipse
3997 5437 4053 5485 et

2393 5520 2499 5575 flos
2530 5524 2787 5574 vertatur
2816 5519 2873 5572 in
2908 5534 3168 5589 pomum.
3206 5519 3383 5572 Video
3416 5516 3697 5589 paulatim
3718 5532 3818 5588 per
3842 5516 4054 5589 singu-

2390 5609 2479 5664 los
2510 5609 2656 5677 dies,
2688 5608 2747 5662 in
2780 5606 3012 5678 singula
3042 5612 3305 5678 tempora
3328 5606 3473 5661 mihi
3494 5611 3765 5661 naturam
3789 5608 4051 5677 Operari,

2389 5700 2528 5755 etin
2562 5715 2722 5753 meos
2752 5698 2912 5751 cibos
2973 5713 3251 5752 crescere.
3312 5696 3492 5751 Video
3551 5695 3843 5766 quomodo
3890 5697 4054 5753 Deus

2386 5788 2445 5843 in
2477 5788 2752 5844 omnibus
2784 5786 2928 5841 mihi
2958 5786 3201 5856 laborat,
3237 5789 3300 5841 ut
3330 5785 3473 5840 mihi
3505 5784 3647 5841 nihil
3685 5782 3858 5847 desit.
3901 5788 4054 5846 Pro-

2385 5884 2581 5954 pterea
2610 5876 2834 5935 exsulto
2865 5876 2925 5934 in
2955 5881 3031 5951 te,
3065 5876 3326 5934 Domine.
