4256 6570
224 441 380 503 1169

1403 439 1898 503 BItEVlARlUM
1945 439 2023 501 IN
2070 438 2453 504 PSALMOS.

3480 441 3636 504 H70

295 599 315 626 «ι
352 577 527 645 Quam
554 575 909 645 magniﬁcam
935 582 1063 631 sunt
1091 587 1264 646 apem
1295 579 1409 643 tua,
1446 577 1705 637 Domine!
1738 597 1764 626 »
1803 577 1863 632 In
1897 575 1951 642 Α
1981 575 2250 646 Cogitata
2278 575 2468 649 magis
2498 573 2756 632 dolorem
2790 573 3218 648 faciunt,quam
3250 571 3634 649 voluptatem.

219 665 328 722 hoc
384 665 508 722 loco
556 667 766 721 Marcio
824 671 879 718 et
939 665 1293 720 Manichacus
1341 671 1679 737 erumpunt.
1721 666 1869 729 Quid

219 755 375 812 enim
406 755 643 811 dicunt?
674 755 731 808 Si
765 754 960 810 omnia
991 755 1145 808 Deus
1177 755 1330 820 fecit,
1363 760 1418 809 et
1459 755 1515 809 in
1555 755 1868 810 utilitatem

219 844 526 900 hominum
561 844 693 899 fecit
728 862 739 898 :
775 844 913 914 quid
949 859 1182 897 necesse
1214 843 1322 897 fuit
1353 843 1619 898 cimicem
1681 846 1869 900 facere

218 938 273 989 et
313 932 612 1004 pulicem?
655 935 770 1003 Ego
821 933 925 987 tibi
983 933 1226 986 breviter
1274 934 1596 1003 respondeo
1631 951 1642 988 :
1680 938 1742 987 ut
1773 950 1865 988 os-

217 1023 573 1087 tenderetur,
607 1039 638 1076 o
670 1023 866 1085 homo,
899 1020 1186 1091 fragilitas
1236 1025 1352 1074 tua.
1408 1021 1512 1085 Qui
1564 1021 1720 1076 enim
1772 1039 1866 1076 co-

213 1112 559 1184 gitationem
592 1117 754 1165 tuam
789 1111 846 1164 in
875 1110 1085 1164 omium
1122 1110 1866 1180 ponis,respice,morderis

216 1219 249 1256 a
280 1201 505 1268 cimice,
538 1205 594 1254 et
624 1199 1043 1254 contremiscis.
1080 1198 1225 1262 Quid
1261 1191 1499 1269 erigaris
1530 1198 1587 1252 in
1630 1199 1863 1270 coelum,

212 1295 268 1344 et
293 1289 567 1361 cogitatio
601 1293 702 1342 tua
733 1288 1094 1342 transcendit
1125 1288 1184 1341 in
1217 1286 1466 1342 cmlum?
1496 1292 1636 1342 Ecce
1683 1306 1715 1342 a
1752 1305 1864 1359 pu-

209 1377 316 1433 lice
360 1377 704 1432 vulneraris.
763 1401 781 1425 α
839 1380 1023 1441 Quam
1076 1377 1451 1446 magniﬁcata
1501 1382 1640 1430 sunt
1689 1394 1864 1448 opera

216 1469 338 1532 tua,
373 1466 641 1521 Domine!
681 1487 706 1514 ‹‹
741 1466 920 1520 Parva
952 1465 1190 1534 quidem
1222 1481 1483 1534 corpora,
1517 1465 1616 1518 sed
1653 1481 1867 1535 magna

215 1556 382 1610 ratio.
409 1554 653 1626 Singula
709 1554 929 1608 habent
961 1553 1241 1608 utilitates
1264 1554 1546 1624 suas.Ego
1575 1553 1656 1608 sic
1687 1554 1866 1608 miror

211 1643 528 1700 Dominum
563 1645 621 1698 in
653 1643 1000 1713 elephantis,
1047 1643 1340 1713 quomodo
1373 1647 1428 1696 et
1458 1643 1516 1696 in
1549 1643 1792 1697 tormica
1848 1659 1858 1696 :

211 1733 294 1788 sic
323 1732 488 1787 illum
522 1732 773 1804 praedico
804 1732 862 1785 in
893 1730 1136 1797 camelo,
1169 1732 1462 1801 quomodo
1486 1736 1541 1785 et
1565 1731 1622 1786 in
1656 1731 1858 1786 culice.

211 1822 355 1876 Vide
390 1821 636 1877 culicem
672 1820 964 1892 quomodo
1016 1819 1184 1891 quasi
1236 1824 1518 1892 punctum
1551 1821 1859 1890 cujusdam

210 1910 542 1982 corpusculi
575 1915 682 1975 est,
717 1914 771 1964 et
803 1913 996 1964 tamen
1029 1909 1158 1962 vide
1207 1909 1266 1962 in
1317 1909 1443 1979 ipso
1496 1913 1708 1979 puncto
1741 1927 1862 1964 cor-
1891 1946 1938 2009 Β

209 1998 464 2071 pusculi,
498 1999 696 2053 omnia
728 2013 855 2053 esse
887 1997 1152 2052 membra
1172 1997 1377 2052 divisa.
1411 1999 1599 2053 Habet
1625 2016 1725 2053 sex
1761 2015 1861 2069 pe-

211 2090 335 2155 des,
371 2088 549 2142 habet
588 2088 735 2142 duos
790 2085 1008 2153 oculos,
1062 2085 1238 2142 habet
1268 2103 1354 2148 os,
1398 2086 1574 2142 habet
1620 2092 1675 2141 et
1723 2104 1859 2142 ven-

204 2182 375 2245 trem,
409 2177 585 2231 habet
617 2182 672 2231 et
702 2175 903 2230 tubam
934 2175 1113 2240 vocis,
1149 2175 1324 2230 habet
1355 2179 1411 2230 et
1441 2175 1585 2231 alas.
1624 2177 1683 2231 Si
1724 2193 1860 2232 con-

207 2264 550 2321 sideraveris
587 2265 870 2328 membra,
904 2280 1114 2334 corpus
1145 2281 1262 2318 non
1297 2263 1541 2331 invenis,
1577 2269 1632 2319 et
1665 2269 1858 2320 tamen

207 2355 619 2427 magniﬁcatur
651 2353 977 2424 Deus,quia
1007 2353 1132 2407 sine
1165 2369 1402 2423 corpore
1437 2354 1699 2408 membra
1722 2359 1861 2409 sunt

207 2444 422 2499 omnia.
457 2465 484 2492 ‹‹
521 2442 708 2499 Nimis
742 2441 1045 2512 profundae
1079 2441 1239 2495 factae
1291 2447 1430 2496 sunt
1475 2442 1856 2513 cogitationes

206 2537 339 2587 tuae.
393 2531 791 2601 Quodcunque
837 2529 1184 2600 cogitavcro,
1233 2530 1489 2586 invenire
1551 2548 1665 2585 non
1725 2548 1856 2602 pos-

205 2638 358 2676 sum.
391 2621 652 2692 Abyssus
675 2618 898 2689 judicia
921 2624 1039 2674 tua.
1073 2619 1115 2674 Ο
1140 2619 1498 2689 profundum
1524 2619 1858 2674 divitiarum

205 2709 503 2781 sapientia:
535 2714 591 2764 et
622 2708 876 2763 scicntia:
902 2709 1026 2762 Dei!
1057 2708 1253 2762 Dicam
1273 2712 1330 2763 et
1361 2726 1465 2779 ego
1488 2725 1621 2763 cum
1663 2709 1857 2766 Eccle-

205 2799 386 2854 siaste
419 2816 430 2853 :
467 2797 612 2867 Dixi,
649 2798 882 2869 sapiens
929 2796 1168 2864 efﬁciar,
1199 2803 1254 2852 et
1286 2797 1413 2868 ipsa
1443 2796 1676 2868 longius
1708 2799 1859 2854 facta

209 2891 299 2944 est
329 2904 362 2941 a
391 2903 482 2942 me
517 2905 529 2941 :
567 2886 800 2958 longius
835 2886 1017 2940 multo
1058 2903 1236 2956 quam
1289 2890 1431 2940 erat.
1467 2887 1533 2940 Et
1568 2887 1858 2956 profunda

206 2976 341 3047 quis
369 2975 627 3031 invenire
659 2980 849 3047 potest
883 2976 1104 3046 (Ecclcs.
1138 2993 1238 3040 vn,
1273 2975 1361 3046 2’1,
1394 2975 1528 3045 25)?
1572 2976 1856 3032 Ecclesia-

201 3070 320 3121 stes
351 3067 505 3137 quod
542 3065 704 3133 dicit,
736 3064 845 3120 hoc
877 3068 965 3120 est
1016 3082 1028 3118 :
1074 3066 1404 3135 Antequam
1447 3065 1857 3135 cogitationem

204 3171 395 3210 meam
427 3155 486 3209 in
514 3170 684 3224 opere
725 3169 1144 3224 ponerem,non
1175 3152 1444 3207 videbam
1478 3156 1857 3224 magnificen-

199 3243 344 3299 tiam
376 3241 495 3298 Dei.
533 3241 674 3305 Dixi,
710 3241 945 3313 sapiens
976 3241 1214 3306 efﬁciar,
1248 3241 1356 3295 hoc
1389 3241 1651 3311 est,dixi,
1678 3244 1855 3298 debeo

1979 665 2136 720 Nihil
2168 669 2256 720 est
2287 666 2485 736 itaque
2516 667 2758 733 bonum,
2794 665 2906 720 nisi
2940 666 3092 737 quod
3125 669 3474 738 perpetuum
3520 671 3632 725 est.

2055 777 2081 804 ‹‹
2115 756 2201 809 Tu
2254 761 2447 810 autem
2499 755 2842 810 Altissimus
2890 754 2950 809 in
2997 759 3304 826 aeternum,
3361 756 3629 824 Domine,

1979 843 2257 914 quoniam
2303 841 2433 898 ecce
2481 843 2704 898 inimici
2737 844 2843 912 tui,
2869 844 3140 910 Domine;
3174 845 3452 916 quoniam
3497 862 3632 905 ecce

1977 931 2199 988 inimici
2251 933 2335 986 tui
2388 933 2682 1004 peribunt,
2725 937 2781 987 et
2830 933 3243 1005 dispergentur
3287 951 3494 992 omnes
3524 936 3628 1008 qui

1976 1026 2294 1092 operantur
2346 1021 2738 1092 iniquitatem.
2793 1043 2821 1071 »
2871 1022 2931 1078 Si
2986 1023 3279 1093 peribunt,
3333 1025 3626 1096 quomodo

1976 1110 2426 1181 dispergentur?
2471 1112 2577 1174 Qui
2629 1111 2786 1166 enim
2837 1111 3015 1167 semel
3065 1112 3322 1183 perierit,
3367 1113 3625 1187 dispergi

1976 1215 2092 1252 non
2146 1203 2356 1268 potest.
2392 1199 2603 1253 Debuit
2632 1200 2823 1255 dicere
2879 1215 2892 1256 :
2945 1201 3087 1256 Ecce
3127 1200 3541 1273 dispergentur
3569 1205 3627 1260 et

1975 1287 2269 1357 peribunt.
2305 1288 2468 1352 Quod
2523 1305 2659 1359 ergo
2712 1287 2869 1359 dicit,
2902 1288 3011 1345 hoc
3041 1293 3150 1355 est,
3182 1312 3210 1340 «
3244 1289 3472 1346 Inimici
3515 1291 3624 1357 tui,

1975 1375 2238 1441 Domine,
2271 1377 2577 1447 peribunt;
2614 1399 2641 1426 »
2675 1394 2807 1433 cum
2841 1377 3038 1434 omnia
3067 1378 3171 1434 tibi
3206 1379 3475 1450 subjecta
3505 1381 3627 1437 fue-

1975 1464 2111 1528 rint,
2139 1465 2332 1519 omnis
2366 1466 2464 1536 qui
2495 1466 2774 1522 inimicus
2823 1471 2959 1522 tuus
3007 1468 3199 1538 fuerit,
3250 1472 3454 1540 postea
3500 1469 3627 1525 efﬁ-

1974 1551 2158 1630 cietur
2186 1553 2430 1620 amicus,
2465 1554 2573 1610 hoc
2612 1559 2721 1624 est,
2756 1573 2870 1610 non
2898 1556 3110 1628 peribit
3137 1556 3334 1622 homo,
3365 1557 3466 1614 sed
3495 1575 3626 1630 per-

1972 1641 2081 1695 ibit
2115 1627 2434 1697 dnimicus.
2496 1643 2603 1708 Qui
2662 1644 2940 1700 inimicus
2998 1645 3128 1711 fuit,
3186 1645 3411 1701 amicus
3475 1650 3622 1714 erat,

1970 1733 2027 1783 et
2083 1729 2164 1784 sic
2223 1731 2434 1800 peribit
2494 1732 2796 1788 inimicus.
2832 1757 2859 1782 ‹‹
2894 1735 3179 1799 Quoniam
3223 1751 3354 1790 ecce
3397 1734 3622 1792 inimici

1970 1819 2053 1872 tui
2079 1819 2370 1888 peribunt,
2401 1824 2457 1874 et
2487 1821 2897 1893 dispergentur
2925 1839 3128 1878 omnes
3159 1822 3259 1894 qui
3306 1827 3622 1894 operantur

1969 1906 2400 1977 iniquitantem.
2450 1933 2476 1958 ››
2530 1912 2830 1975 Quomodo
2889 1911 2938 1966 si
2997 1912 3185 1968 sancti
3245 1912 3421 1968 simul
3454 1918 3617 1982 sunt,

1970 1997 2296 2067 gratiosum
2328 2002 2434 2067 est,
2461 1999 2545 2052 sic
2577 1999 2625 2054 si
2658 2004 2992 2070 peccatores
3022 2000 3200 2056 simul
3233 2001 3619 2075 fuerint,qua-

1968 2085 2018 2139 si
2051 2086 2308 2156 pessima
2354 2087 2722 2159 congregatio
2766 2094 2855 2143 est
2905 2089 3061 2159 (Gen.
3113 2107 3273 2158 xvm,
3323 2091 3389 2145 24
3427 2091 3617 2162 seqq.).

1968 2174 2190 2237 Quanto
2223 2175 2379 2229 enim
2412 2175 2608 2247 plures
2655 2175 2831 2232 simul
2880 2177 3117 2244 fuerint,
3168 2182 3330 2234 tanto
3388 2180 3617 2251 pejores

1970 2269 2127 2318 sunt.
2162 2265 2423 2334 Denique
2455 2281 2520 2320 eo
2556 2270 2818 2337 tempore
2851 2283 2964 2338 quo
2994 2267 3174 2323 turris
3219 2267 3620 2325 aedificabatur

1969 2359 2170 2408 contra
2200 2353 2406 2422 Deum,
2445 2355 2933 2426 dispergebantur
2970 2355 3027 2411 in
3061 2355 3377 2412 utilitatem
3425 2374 3616 2414 suam.

1968 2443 2302 2498 Consensus
2333 2461 2536 2498 eorum
2567 2444 2760 2500 malus
2793 2444 2902 2500 fuit
2935 2463 2947 2500 :
2983 2445 3271 2517 dispersio
3301 2463 3432 2503 vero
3479 2464 3617 2520 pro-

1969 2530 2079 2586 fuit
2110 2531 2287 2586 etiam
2322 2531 2439 2587 illis
2474 2531 2618 2602 ipsis
2651 2533 2750 2604 qui
2781 2532 3030 2604 dispersi
3061 2538 3219 2589 sunt.

2043 2642 2069 2668 ‹‹
2102 2619 2463 2675 Exaltabitur
2488 2620 2639 2676 sicut
2659 2621 2958 2678 unicornis
2979 2638 3160 2678 cornu
3184 2638 3401 2678 meum.
3429 2628 3618 2681 nSem-

1969 2725 2070 2780 per
2100 2725 2279 2764 cornu
2313 2710 2371 2765 in
2404 2726 2583 2782 regno
2611 2710 2866 2782 ponitur.
2902 2711 2966 2766 In
2995 2714 3052 2766 te
3081 2709 3352 2767 inimicos
3382 2716 3615 2770 nostros

1966 2797 2380 2853 ventilabimus
2411 2816 2591 2854 cornu
2624 2800 2801 2870 (Psal.
2853 2816 3006 2870 XLIII,
3053 2802 3135 2867 6).
3177 2799 3438 2872 Denique
3485 2800 3618 2857 nul-

1967 2885 2090 2940 lum
2124 2887 2339 2941 animal
2363 2886 2421 2942 in
2445 2887 2664 2959 templo
2691 2887 3030 2944 immolatur
3048 2887 3294 2945 Domino
3316 2889 3429 2946 nisi
3456 2891 3615 2962 quod

1968 2991 2148 3030 cornu
2183 2975 2375 3030 habet.
2408 2977 2542 3031 Tria
2571 2975 3032 3033 immolabantur
3082 2977 3324 3034 Domino
3372 2977 3433 3034 in
3465 2982 3612 3034 tem-

1967 3062 2083 3133 plo,
2116 3063 2533 3119 immolabatur
2578 3068 2804 3132 taurus,
2837 3065 3253 3122 immolabatur
3298 3065 3469 3134 aries,
3502 3066 3615 3123 im-

1968 3151 2299 3208 molabatur
2329 3153 2546 3208 hircus.
2582 3153 2718 3210 Tria
2746 3154 3227 3223 immolabantur,
3261 3159 3319 3212 et
3345 3155 3618 3214 universa

1966 3245 2212 3296 cornuta
2262 3245 2421 3296 sunt.
2473 3241 2595 3298 Nisi
2644 3242 2799 3298 enim
2848 3243 3062 3315 aliquis
3110 3243 3382 3301 habuerit
3435 3261 3617 3304 cornu

202 3346 462 3404 quaerere
510 3329 763 3384 rationes
783 3311 796 3313 ﬁ
822 3329 1188 3400 singularum
1247 3345 1580 3397 causarum,
1625 3334 1680 3384 et
1727 3331 1856 3402 ipsa
1887 3311 1928 3376 C
1967 3327 2026 3383 in
2057 3346 2172 3399 quo
2202 3329 2470 3386 inimicos
2500 3330 2759 3396 ventilet,
2790 3348 2905 3386 non
2938 3335 3027 3387 est
3055 3331 3272 3404 dignus
3320 3332 3616 3390 immolari

202 3419 374 3491 longe
392 3419 542 3474 facta
554 3417 1053 3491 est_ame,longius
1077 3415 1260 3471 multo
1277 3433 1452 3487 quam
1469 3417 1725 3484 erat,hoc
1744 3423 1853 3489 est,

202 3488 552 3580 sapientiam
586 3488 761 3578 quam
793 3511 926 3561 ante
960 3523 1071 3560 non
1103 3505 1428 3574 inquirens,
1461 3506 1805 3576 ignorabam
1836 3526 1848 3575 ;

202 3601 402 3669 postea
431 3612 685 3669 quazrere
717 3595 884 3666 coepi,
915 3611 1092 3666 quam
1124 3593 1379 3649 invenire
1420 3612 1532 3649 non
1567 3600 1849 3666 poteram.

276 3709 304 3735 ‹‹
334 3685 438 3740 Vir
468 3685 752 3757 insipiens
785 3702 900 3740 non
932 3685 1250 3755 cognoscit,
1284 3689 1339 3738 et
1372 3683 1590 3740 stultus
1615 3702 1727 3739 non
1763 3686 1850 3740 in-

199 3774 412 3847 telligit
441 3775 578 3829 haec.
619 3797 638 3822 υ
675 3774 1018 3845 Quicunque
1051 3790 1162 3828 non
1196 3779 1284 3828 est
1317 3773 1851 3841 Christianus,etin

201 3865 477 3936 operibus
507 3881 621 3919 non
653 3863 924 3933 intelligit
957 3865 1283 3918 Creatorem
1308 3863 1416 3918 iste
1434 3862 1718 3935 insipiens
1741 3868 1848 3920 est.

274 3977 301 4003 «
336 3955 482 4010 Cum
509 3953 687 4009 exorti
721 3953 937 4008 fuerint
970 3959 1302 4024 peccatores
1353 3953 1504 4008 sicut
1555 3954 1772 4008 fenum.
1825 3977 1850 4002 »

200 4041 413 4099 Vidisti
443 4043 848 4114 imperatores:
874 4041 1071 4096 vidisti
1100 4043 1397 4113 prmfectos
1424 4059 1435 4108 ;
1469 4041 1666 4096 vidisti
1689 4059 1854 4098 exer-

200 4130 382 4199 citus;
417 4129 613 4186 vidisti
639 4129 909 4185 victorias
958 4134 1014 4184 et
1064 4129 1416 4201 triumphos.
1453 4129 1585 4184 Ileri
1630 4131 1762 4196 fuit,
1795 4135 1852 4186 et

201 4219 377 4274 hodie
409 4235 523 4274 non
556 4223 663 4273 est.
703 4239 724 4268 α
777 4218 844 4272 Et
888 4217 1266 4289 apparuerint
1313 4233 1515 4274 omnes
1566 4218 1666 4289 qui
1715 4235 1850 4290 ope--

203 4311 409 4364 rantur
428 4305 891 4378 iniquitatem,ut
912 4305 1198 4362 intereant
1221 4307 1276 4362 in
1293 4306 1570 4362 sacculum
1596 4307 1851 4363 saeculi.»

203 4396 337 4452 Heri
371 4394 642 4467 apparuit
671 4393 838 4465 quasi
873 4395 1000 4460 ﬂos;
1033 4395 1207 4451 hodie
1239 4396 1342 4451 flos
1372 4397 1495 4468 ipse
1536 4415 1649 4452 non
1701 4414 1856 4452 com-

203 4490 384 4558 paret.
421 4483 553 4539 Heri
603 4483 824 4538 virebat
873 4483 1074 4549 herba,
1127 4484 1298 4539 hodie
1349 4486 1563 4540 siccata
1601 4490 1706 4541 est.
1738 4485 1848 4541 Ubi

200 4580 290 4631 est
338 4573 439 4630 illa
488 4571 901 4645 pulchritudo?
949 4571 1102 4627 Nihil
1147 4573 1366 4628 bonum
1410 4579 1515 4644 est,
1551 4574 1662 4628 nisi
1695 4575 1848 4646 quod

1964 3417 2100 3472 Deo.
2135 3417 2448 3489 Propterea
2478 3422 2534 3473 et
2564 3419 2848 3475 Dominus
2879 3436 3060 3475 cornu
3092 3419 3328 3491 dicitur,
3375 3420 3468 3478 his
3514 3423 3615 3495 qui

1963 3506 2208 3560 credunt
2257 3505 2316 3560 in
2371 3523 2505 3560 eum
2541 3523 2552 3562 :
2589 3508 2657 3562 Et
2688 3507 2743 3561 in
2779 3508 3054 3564 cornibus
3101 3509 3294 3565 crucis
3323 3526 3442 3566 suis
3471 3527 3615 3567 ven-

1962 3591 2150 3649 tilavit
2181 3594 2471 3650 inimicos.
2507 3596 2591 3649 lbi
2626 3595 2872 3651 confulit
2921 3596 3242 3668 diabolum,
3274 3602 3331 3654 et
3375 3615 3612 3656 omnem

1962 3683 2090 3752 ejus
2138 3683 2452 3738 exercitum
2488 3701 2502 3737 :
2536 3684 2802 3740 Christus
2851 3686 3089 3757 quidem
3137 3687 3449 3743 crucifixus
3489 3693 3614 3745 erat

1963 3772 2019 3825 in
2050 3788 2290 3844 corpore
2319 3788 2331 3825 :
2367 3773 2466 3827 sed
2495 3790 2622 3829 vere
2653 3774 3029 3848 cruciﬁgebat
3050 3775 3130 3831 ibi
3154 3777 3610 3836 daemonesNon

1963 3861 2073 3915 fuit
2102 3878 2244 3916 crux
2278 3878 2289 3916 :
2327 3861 2426 3917 sed
2461 3861 2798 3933 triumphus
2847 3864 2978 3934 fuit,
3025 3865 3126 3921 sed
3168 3865 3444 3922 vexillum
3476 3866 3605 3925 fuit.

1962 3953 2274 4021 Propterea
2328 3950 2667 4006 conscendit
2695 3967 2950 4020 crucem,
2981 3956 3046 4008 ut
3092 3969 3198 4008 nos
3245 3954 3317 4009 de
3363 3957 3517 4010 terra
3545 3953 3607 4011 in

1963 4037 2149 4093 altum
2200 4037 2441 4094 tolleret.
2484 4043 2550 4093 Et
2595 4042 2733 4111 puto
2778 4056 3008 4095 crucem
3068 4039 3384 4099 Salvatoris
3430 4040 3606 4099 istam

1962 4143 2088 4182 esse
2121 4125 2339 4183 scalam
2371 4143 2547 4196 quam
2578 4127 2724 4182 vidit
2752 4127 2948 4183 Jacob.
2997 4129 3057 4184 In
3107 4129 3220 4186 ista
3269 4130 3428 4186 scala
3472 4131 3606 4187 des-

1962 4215 2286 4271 cendebant
2325 4213 2533 4288 angeli,
2585 4219 2640 4270 et
2685 4217 3155 4274 conscendebant
3200 4219 3353 4291 (Gen.
3405 4238 3604 4280 xxvm.

1963 4305 2072 4376 42).
2112 4306 2171 4359 In
2205 4304 2317 4359 ista
2349 4303 2525 4370 scala,
2575 4303 2683 4360 hoc
2730 4309 2820 4360 est
2866 4321 3058 4373 cruce,
3106 4307 3469 4364 descendunt
3501 4309 3606 4365 Ju-

1962 4395 2089 4460 daei,
2135 4398 2191 4449 et
2233 4395 2636 4449 conscendunt
2683 4395 2948 4467 gentiles.
2984 4418 3011 4444 «
3047 4396 3114 4450 Et
3144 4396 3493 4453 exaltabitur
3524 4398 3605 4452 si-

1962 4487 2060 4539 cut
2091 4483 2390 4539 unicornis
2437 4500 2616 4539 cornu
2662 4501 2879 4540 meum.
2913 4505 2940 4538 η
2975 4485 3086 4541 Alii
3133 4484 3392 4542 habeant
3435 4485 3608 4560 plura

1960 4589 2179 4628 cornua
2211 4591 2222 4628 :
2258 4590 2362 4646 ego
2395 4589 2576 4628 unum
2609 4573 2800 4629 solum
2839 4590 3017 4629 cornu
3067 4574 3272 4631 habeo.
3325 4575 3460 4631 Mihi
3502 4593 3608 4631 au-

200 4668 487 4719 asternum
519 4661 787 4717 est.Nihil
811 4663 1026 4718 bonum
1056 4667 1162 4731 est,
1197 4663 1305 4718 nisi
1329 4664 1481 4735 quod
1508 4669 1850 4735 perpetuum
1882 4681 1930 4746 Β
1960 4665 2068 4717 tem
2108 4663 2246 4716 absit
2293 4663 2527 4732 gloriari
2555 4663 2669 4718 nisi
2718 4664 2775 4718 in
2823 4678 2980 4720 cruce
3006 4663 3228 4721 Domini
3255 4681 3275 4721 .°
3303 4681 3404 4737 per
3445 4682 3608 4738 quem

200 4756 310 4807 est.
345 4750 742 4821 Quodcunque
775 4750 950 4806 finem
983 4750 1178 4822 habet,
1213 4769 1314 4807 nec
1362 4752 1514 4807 inter
1561 4752 1714 4807 bona
1744 4770 1852 4808 nu-

203 4840 555 4896 merandum
608 4842 714 4895 ost.
771 4840 917 4904 Quid
961 4840 1117 4896 enim
1159 4841 1302 4897 mihi
1343 4843 1598 4913 prodest,
1647 4841 1693 4897 si
1729 4841 1851 4897 heri

205 4929 511 5002 praefectus
561 4928 664 4994 fui,
697 4932 752 4984 et
801 4928 974 4984 hodie
1005 4930 1156 4985 fame
1191 4930 1451 4987 morior?
1500 4931 1646 4998 Quid
1697 4931 1850 4986 enim

208 5017 355 5076 mihi
388 5017 644 5090 prodest,
680 5018 728 5073 si
760 5018 1033 5073 anteriori
1066 5018 1158 5073 die
1191 5035 1288 5074 rex
1334 5020 1436 5087 fui,
1471 5025 1527 5076 et
1575 5020 1748 5075 hodie
1796 5021 1852 5075 in

206 5123 436 5165 carcere
466 5105 724 5162 morior?
755 5111 932 5162 Omne
958 5109 1111 5179 quod
1143 5108 1499 5180 praeteritum
1533 5112 1640 5179 est,
1683 5115 1738 5164 et
1788 5111 1852 5164 ii-

209 5213 344 5254 nem
397 5195 592 5261 habet,
637 5194 782 5252 nihil
838 5201 944 5252 est.
996 5197 1411 5268 Unusquisque
1458 5203 1723 5254 nostrum
1783 5200 1854 5253 dc

207 5287 421 5344 saeculo
451 5285 608 5343 venit
639 5287 711 5341 ad
744 5285 894 5341 hanc
915 5286 1288 5342 vitam.Alius
1320 5292 1562 5343 matrem
1598 5287 1854 5359 reliquit,

207 5377 359 5435 alius
389 5376 561 5447 filios,
597 5374 747 5431 alius
789 5392 1050 5444 uxorem,
1102 5375 1253 5432 alius
1302 5382 1589 5448 parentes.
1643 5377 1852 5432 Recor-

205 5469 417 5524 demur
445 5464 703 5522 infantiae
736 5469 969 5530 nostra),
1007 5467 1378 5523 recordemur
1408 5466 1849 5531 adolescentiae;

206 5555 583 5612 recordemur
599 5554 751 5624 quod
775 5552 1091 5624 aliquando
1114 5554 1494 5612 habuerimus
1516 5556 1769 5620 divitias,
1794 5561 1851 5610 et

207 5642 620 5715 unusquisque
671 5658 773 5714 pro
821 5641 1041 5696 viribus
1070 5643 1194 5698 suis
1220 5645 1425 5700 habuit
1456 5646 1608 5718 quod
1643 5644 1849 5716 potuit.

208 5735 355 5793 Ecce
366 5731 746 5793 transivimus
763 5731 834 5789 ad
852 5730 1003 5806 hanc
1020 5731 1333 5793 vitam.Ubi
1355 5740 1493 5794 sunt
1511 5735 1610 5792 illa
1629 5734 1855 5792 omnia?

1962 4751 2102 4806 mihi
2147 4751 2386 4806 mundus
2430 4751 2728 4822 cnwiﬁxus
2772 4756 2874 4822 est,
2924 4755 2974 4807 et
3019 4769 3118 4822 ego
3165 4753 3366 4811 mundo
3406 4753 3604 4827 (Galat.

1961 4857 2034 4910 VI,
2075 4841 2179 4909 ii).

2035 4954 2060 4978 ‹‹
2119 4934 2185 4984 Et
2241 4933 2510 4984 senectus
2570 4945 2698 4984 mea
2755 4929 2813 4985 in
2870 4929 3271 4988 misericordia
3326 4931 3512 4988 uberi.
3576 4954 3605 4981 »

1961 5023 2239 5074 Senectus
2323 5022 2523 5073 nostra
2597 5017 2721 5073 oleo
2796 5017 2897 5074 Dei
2981 5019 3226 5092 indiget.
3303 5019 3604 5085 Quomodo

1965 5109 2120 5164 enim
2171 5124 2411 5180 corpora
2455 5111 2658 5162 nostra
2714 5107 2947 5178 quando
2994 5106 3333 5165 laboramus
3377 5107 3607 5181 (loquor

1964 5197 2294 5270 simplicius
2345 5201 2577 5270 propter
2623 5195 3006 5268 simpliciores
3060 5196 3290 5264 fratres,
3342 5196 3441 5270 qui
3487 5213 3603 5254 non

1965 5291 2209 5361 possunt
2234 5285 2554 5357 intelligere
2583 5284 3217 5357 sublimius)quomodo
3247 5303 3489 5359 corpora
3508 5303 3606 5343 no-

1964 5377 2348 5449 stra,quand0
2380 5377 2785 5446 laborant,non
2822 5375 3300 5446 reficiuntur,nisi
3331 5375 3606 5433 unctione

1964 5467 2072 5522 olei
2109 5484 2121 5520 :
2157 5467 2447 5539 quomodo
2492 5464 2687 5519 lumen
2743 5465 2894 5535 quod
2946 5464 3006 5520 in
3056 5463 3292 5522 lucerna
3341 5469 3449 5533 est,
3490 5464 3605 5520 nisi

1965 5556 2160 5610 oleum
2216 5554 2472 5619 miseris,
2523 5553 2960 5626 exstinguitur:
2993 5556 3078 5610 sic
3107 5558 3164 5610 et
3190 5553 3389 5611 lumen
3438 5569 3603 5611 sene-

1965 5646 2140 5699 ctutis
2167 5643 2457 5711 meae,oleo
2490 5647 2545 5697 et
2577 5642 2976 5698 misericordia
3005 5643 3105 5700 Dei
3135 5644 3358 5716 indiget
3387 5647 3451 5699 ut
3479 5659 3602 5700 cre-

1967 5738 2110 5791 scat.
2143 5734 2406 5804 Denique
2453 5737 2510 5789 et
2557 5731 2802 5805 apostoli
2849 5733 3174 5794 ascendunt
3228 5735 3287 5792 in
3347 5737 3606 5792 montem
