4256 6566
608 420 758 484 1171

2114 427 2534 490 APPENDIX.

3853 425 4006 487 ΓΗΒ

604 559 836 628 Oliveti,
867 564 933 618 ut
971 558 1266 634 quoniam
1303 540 1449 620 lassi
1475 566 1660 633 erant,
1694 566 1751 618 et
1779 561 2114 636 indigebant
2159 560 2248 618 lu-
2280 565 2336 631 Α
2365 578 2492 620 esse
2527 580 2540 618 :
2573 578 2707 619 cum
2761 561 3208 636 migraverirous
3251 563 3325 620 ad
3370 574 3552 637 regna
3586 558 3883 629 caelorum,
3931 561 4005 617 ad

604 667 791 709 cernas
822 651 1082 724 ipsorum
1114 650 1238 708 oleo
1269 650 1520 719 Domini,
1553 653 1625 708 de
1672 652 1798 708 oleo
1837 653 2063 708 Domini
2111 651 2251 708 illu-

605 741 924 800 minentur:
970 741 1132 797 Unde
1187 741 1329 796 dicit
1368 745 1425 796 et
1464 743 1664 811 justus
1698 760 1711 799 :
1747 743 1857 814 Ego
1889 747 2073 798 autem
2109 745 2254 798 sicut

605 833 755 888 oliva
810 833 1108 901 fructi/era
1159 833 1220 886 in
1287 831 1446 886 domo
1502 831 1727 886 Domini
1774 833 1940 901 (Psat.
2003 850 2074 900 LI,
2139 834 2248 903 10),

605 919 677 976 Et
727 918 786 975 in
833 920 947 975 alio
1004 919 1128 975 loco
1182 919 1395 975 dicitur
1445 938 1457 976 :
1509 921 1649 977 Filii
1695 921 1780 975 tui
1833 923 1971 976 sicut
2022 923 2252 980 novella?

607 1008 882 1066 olivarum
911 1009 972 1063 in
999 1010 1238 1065 circuitu
1279 1023 1484 1066 mensae
1538 1017 1647 1065 tua:
1695 1011 1868 1079 (Psat.
1921 1026 2129 1077 cxxvu,
2171 1013 2246 1081 3).

602 1096 814 1154 Nullus
844 1096 994 1153 alius
1025 1113 1195 1153 mons
1227 1101 1369 1166 erat,
1401 1099 1472 1152 de
1501 1115 1618 1169 quo
1661 1097 1925 1154 ascendit
1971 1099 2251 1155 Dominus

607 1202 788 1259 regna
817 1186 1116 1254 cmlorum,
1145 1186 1257 1241 nisi
1289 1203 1458 1242 mons
1489 1186 1735 1242 Oliveti?
1783 1187 2079 1259 Numquid
2135 1206 2248 1244 non

604 1280 730 1332 erat
751 1292 920 1331 mons
950 1275 1259 1330 sublimior
1288 1275 1348 1330 in
1379 1275 1633 1341 Galilzea,
1666 1275 1938 1332 Thabor?
1970 1278 2117 1343 Quid
2149 1295 2246 1334 ne-

604 1379 764 1420 casse
795 1364 904 1419 fuit
934 1368 998 1419 ut
1031 1364 1344 1421 Dbminum
1377 1365 1447 1420 de
1477 1370 1672 1421 monte
1720 1365 1923 1422 Oliveti
1968 1383 2247 1422 conscen-

601 1454 763 1509 deret
791 1453 849 1508 in
883 1469 1128 1526 regnum
1187 1453 1504 1510 caelorum?
1533 1455 1642 1511 Sed
1673 1454 1802 1511 vide
1833 1455 1970 1526 quid
2010 1461 2068 1512 te
2097 1456 2251 1512 Scri-

600 1545 774 1614 ptura
801 1542 1006 1598 doceat
1037 1558 1051 1598 :
1085 1541 1208 1597 Nisi
1244 1542 1349 1597 tibi
1400 1549 1458 1598 et
1505 1541 1877 1615 lampadibus
1906 1544 2023 1600 tuis
2053 1531 2246 1602 oleum

600 1631 853 1699 miseris,
887 1648 1002 1686 non
1037 1631 1251 1703 poteris
1283 1633 1596 1688 ascendere
1628 1633 1686 1687 in
1735 1649 1917 1704 regna
1945 1633 2243 1691 caelorum.

597 1720 788 1777 Debes
815 1736 943 1776 esse
973 1720 1032 1776 in
1065 1724 1261 1776 monte
1291 1719 1517 1788 Olivcti,
1552 1725 1609 1777 et
1637 1738 1754 1777 non
1787 1721 1846 1777 in
1875 1721 2022 1779 valle
2056 1723 2245 1780 Oliva-

603 1825 760 1876 rum,
794 1809 896 1864 sed
927 1809 987 1863 in
1021 1814 1216 1865 monte
1246 1809 1472 1866 Oliveti.
1507 1810 1668 1866 Dicat
1696 1811 1912 1884 aliquis
1946 1828 1958 1866 :
1994 1814 2128 1878 Quae
2159 1817 2247 1868 est

2361 653 2858 726 comparationem
2890 652 3317 726 angelorum,et
3337 653 3621 708 virtutum
3643 656 4002 721 czeterarum,

2360 758 2478 798 non
2507 758 2714 797 sumus
2747 742 2802 796 in
2836 743 3030 810 domo,
3063 745 3164 798 sed
3193 742 3252 796 in
3283 741 3431 797 atrio
3460 756 3669 797 sumus
3700 755 3716 794 :
3747 738 3808 793 in
3828 737 4002 793 .initio

2361 847 2589 898 sumus,
2625 831 2823 886 nonin
2856 830 3227 902 perfectione.
3261 830 3385 886 Non
3435 830 3592 885 enim
3638 828 3858 885 erimus
3906 845 4007 883 an-

2360 918 2494 992 geli,
2548 920 2648 975 sed
2701 918 2867 991 quasi
2915 918 3107 991 angeli
3157 919 3363 989 (Matth.
3395 935 3533 988 xxu,
3583 919 3694 989 30).
3739 917 3867 972 Non
3898 916 4004 972 tibi

2360 1008 2530 1078 quasi
2562 1024 2769 1079 parum
2797 1007 3064 1063 videatur
3080 1007 3332 1076 homo,si
3359 1007 3512 1063 sicut
3534 1005 3780 1080 angelus
3802 1005 4003 1063 fueris.

2438 1115 2460 1144 ι
2496 1097 2702 1153 Adhuc
2752 1096 3304 1170 multiplicabuntur
3350 1097 3410 1153 in
3459 1100 3691 1154 senecta
3736 1095 3924 1152 uberi.
3975 1115 4003 1145 »ι

2363 1185 2516 1242 Felix
2546 1185 2642 1242 ille
2673 1187 2773 1260 qui
2806 1187 3014 1243 crescit
3039 1187 3326 1259 quotidie,
3375 1186 3476 1258 qui
3521 1185 3774 1242 senescit
3813 1188 4005 1252 atate,

2359 1275 2614 1333 senescit
2642 1279 2700 1331 et
2727 1275 3064 1332 virtutibus.
3122 1278 3248 1331 Hec
3305 1275 3542 1331 interim
3595 1275 3666 1330 de
3725 1273 4004 1330 Psalterio

2359 1365 2614 1421 diximus
2647 1383 2659 1421 :
2695 1365 2870 1422 locuti
2900 1381 3110 1422 sumus
3137 1370 3193 1421 et
3223 1365 3294 1421 de
3325 1362 3633 1436 Evangelio
3680 1379 3884 1436 pauca,
3916 1362 4003 1418 di-

2355 1455 2551 1512 ximus
2579 1471 2813 1528 quoque
2841 1459 2900 1511 et
2927 1455 2998 1511 de
3038 1455 3326 1527 Apostolo.
3377 1454 3624 1510 Oremus
3665 1451 4000 1518 Dominum,

2357 1548 2422 1599 ut
2450 1560 2622 1600 omne
2653 1544 2807 1616 quod
2838 1544 3096 1600 diximus
3125 1561 3253 1610 nos,
3283 1547 3342 1599 et
3367 1560 3498 1615 quas
3527 1540 3798 1608 audistis,
3823 1555 4004 1612 opere

2355 1632 2777 1705 compleamus,
2818 1638 2876 1689 et
2917 1634 3093 1688 verba
3137 1637 3434 1690 vertamus
3464 1632 3521 1688 in
3555 1647 3732 1704 opera
3762 1646 3776 1686 :
3801 1633 3874 1686 ut
3901 1629 4002 1702 qui

2357 1721 2450 1777 hic
2481 1721 2724 1794 plantati
2755 1739 2965 1778 sumus
2992 1723 3049 1778 in
3081 1722 3254 1778 domo
3286 1721 3541 1791 Domini,
3572 1721 3632 1776 in
3663 1719 3813 1776 atria
3840 1719 4001 1774 Chri-

2357 1811 2431 1867 sti
2462 1812 2774 1868 floreamus
2807 1828 2821 1867 :
2853 1811 2944 1868 cui
2979 1811 3056 1868 sit
3086 1811 3273 1884 gloria
3299 1811 3360 1866 in
3389 1809 3601 1867 sacula
3629 1807 3998 1865 saeculorum.

601 1897 716 2002 ista
741 1897 1273 2002 vallis‘Olivarum“?
1300 1898 1486 2002 liabet
1516 1899 1786 1998 diabolus
1822 1901 2013 2002 'olivas
2066 1918 2242 1958 suas:
2279 1939 2325 2002 Β
2358 1903 2562 1956 Amen.

602 1985 778 2042 habet
805 1985 1215 2058 philosophos;
1249 1987 1427 2043 habet
1457 1988 1786 2056 haereticos;
1821 1989 2040 2046 habent
2059 1991 2242 2063 etipsi

600 2075 813 2140 oleum.
852 2077 920 2130 Et
950 2075 1061 2148 ipsi
1092 2076 1290 2132 lumen
1322 2077 1575 2133 scientiae
1608 2077 1978 2150 promittunt,
2010 2080 2111 2136 sed
2145 2079 2246 2136 illa

605 2164 819 2221 olivera
875 2165 933 2220 in
984 2165 1371 2238 perditionem
1422 2167 1765 2222 deducunt:
1819 2167 2018 2224 Oleum
2059 2178 2243 2226 autem

591 2256 892 2326 peccatoris
920 2271 1030 2310 non
1060 2257 1362 2326 impinguet
1391 2265 1555 2328 caput
1582 2273 1765 2312 meum
1787 2259 1958 2329 (Ρεαι.
2004 2275 2129 2328 CXL,
2160 2259 2240 2330 5.)

595 2342 714 2399 Nos
741 2359 876 2416 ergo
908 2360 1180 2417 rogemus
1211 2345 1549 2416 Dominum,
1597 2351 1662 2402 ut
1708 2351 1977 2402 senectus
2017 2352 2235 2417 nostra,

593 2436 652 2488 et
677 2432 869 2488 omnis
901 2441 1096 2489 noster
1123 2431 1306 2500 labor,
1360 2438 1416 2489 et
1473 2451 1676 2491 omnes
1724 2437 1975 2491 tenebrae
2005 2441 2233 2503 nostrae,

592 2519 717 2577 oleo
767 2521 999 2577 Domini
1046 2521 1474 2578 illuminentur.
1537 2524 1852 2596 Diligenter
1898 2526 2130 2581 attendo
2175 2526 2233 2580 in

592 2610 930 2682 Scripturis,
963 2611 1060 2666 ubi
1097 2612 1353 2683 primum
1389 2613 1625 2684 legerim
1658 2615 2233 2671 senectutem.Adam

589 2700 923 2772 nongenitis
954 2699 1198 2774 triginta
1225 2701 1397 2757 annis
1427 2701 1584 2769 vixit,
1608 2708 1666 2758 et
1694 2707 1891 2759 tamen
1922 2719 2097 2761 senex
2116 2720 2236 2761 non

589 2787 804 2845 dicitur
837 2805 850 2844 :
885 2788 1276 2846 Mathusalem
1325 2791 1637 2864 nongentis
1687 2793 1990 2864 sexaginta
2028 2809 2233 2850 novem

589 2877 762 2934 annis
788 2877 950 2945 vixit,
996 2883 1054 2934 et
1083 2896 1258 2935 senex
1303 2897 1419 2936 non
1472 2880 1705 2936 dicitur.
1735 2880 1917 2937 Venio
1946 2899 2133 2953 usque
2161 2884 2234 2939 ad

589 2965 899 3034 diluvium,
932 2971 989 3022 et
1018 2971 1151 3039 post
1178 2967 1464 3024 diluvium
1515 2986 1619 3041 per
1668 2987 1852 3025 annos
1907 2971 2086 3026 ferme
2124 2975 2237 3027 tria

589 3055 776 3123 milia,
809 3060 868 3111 et
897 3055 1125 3111 nullum
1152 3056 1383 3113 invenio
1414 3057 1514 3129 qui
1545 3059 1737 3114 dictus
1765 3064 1856 3114 est
1884 3075 2076 3116 senex.
2114 3061 2233 3116 Pri-

589 3159 725 3200 mus
778 3144 1074 3200 Abraham
1126 3162 1300 3201 senex
1351 3145 1566 3202 dicitur
1597 3164 1610 3201 :
1644 3153 1701 3203 et
1731 3153 1884 3205 certe
1913 3149 2099 3206 multo
2131 3151 2236 3206 mi-

589 3233 750 3289 noris
780 3233 966 3288 aetatis
995 3234 1104 3289 fuit
1132 3250 1306 3305 quam
1341 3235 1746 3292 Mathusalem.
1788 3239 1897 3294 Sed
1931 3243 2235 3311 propterea

587 3321 803 3377 dicitur
833 3323 1311 3394 senex,quoniam
1343 3329 1614 3381 senectus
1641 3325 1830 3398 ipsius
1861 3328 2104 3384 inuncta
2125 3329 2236 3385 fuit
2259 3311 2309 3380 (ἶ

586 3409 712 3467 oleo
756 3411 1208 3485 uberi.Denique
1258 3413 1543 3485 scriptum
1593 3420 1682 3472 est
1731 3416 1809 3470 ibi
1847 3433 1860 3469 :
1895 3419 1955 3472 Et
1983 3422 2233 3474 mortuus

583 3505 662 3556 est
714 3502 1009 3569 Abraham,
1057 3504 1299 3558 nutritus
1346 3505 1407 3558 in
1452 3509 1724 3561 senectute
1783 3506 1960 3569 bona;
2014 3509 2231 3579 plenus,

583 3589 800 3662 inquit,
828 3590 1045 3646 dierum
1070 3591 1225 3660 (Gen.
1257 3609 1384 3662 xxv,
1417 3594 1493 3665 8).
1527 3599 1838 3666 Propterea
1869 3597 1926 3650 in
1967 3603 2234 3653 senectu-

583 3681 640 3734 te
670 3679 843 3744 bona,
876 3679 1156 3750 quoniam
1187 3679 1395 3750 plenus
1427 3681 1868 3739 dierum.0mne
1896 3684 2052 3740 enim
2084 3691 2232 3742 tem-

584 3782 697 3839 pus
725 3767 850 3821 vitae
879 3767 1088 3838 ipsius,
1123 3768 1248 3823 dies
1277 3769 1536 3836 fuerunt,
1569 3776 1628 3826 et
1659 3788 1773 3826 non
1809 3789 1936 3827 nox.
1990 3775 2105 3830 Hoc
2147 3775 2237 3847 ip-

585 3871 718 3912 sum
749 3856 905 3927 quod
939 3855 1163 3911 dictum
1195 3862 1285 3912 est
1315 3859 1386 3912 de
1417 3859 1734 3928 Abraham,
1767 3860 1992 3916 dictum
2039 3867 2130 3918 est
2165 3864 2237 3919 de

585 3945 746 4000 Isaac
775 3948 833 3999 st
863 3945 933 4000 de
962 3945 1162 4000 Jacob.
1195 3946 1302 4011 Qui
1337 3947 1494 4002 enim
1525 3948 1703 4003 simul
1755 3950 2078 4006 servierunt
2127 3952 2236 4008 Do-

590 4033 773 4099 mino,
804 4039 960 4090 recte
993 4033 1169 4090 simul
1201 4051 1369 4091 senes
1400 4036 1631 4093 Domini
1662 4045 2133 4112 nuncupantur.«
2168 4042 2240 4098 Ut

590 4123 799 4179 cedrus
831 4123 1036 4178 Libani
1070 4123 1854 4199 multiplicabitur,»lignum
1886 4129 2031 4186 bene
2052 4129 2236 4199 olens,

586 4210 813 4284 lignum
847 4213 1002 4267 unde
1033 4213 1237 4285 templi
1284 4217 1434 4270 tecta
1483 4218 1748 4271 contecta
1797 4222 1954 4272 sunt.
1989 4241 2017 4268 ‹‹
2052 4219 2123 4275 Ut
2145 4236 2237 4275 ce-

590 4300 733 4356 drus
765 4299 967 4356 Libani
1003 4301 1516 4374 multiplicabitur,
1546 4326 1572 4352 »
1600 4304 1824 4376 lignum
1859 4307 2238 4378 imputrihile.

666 4412 695 4440 ‹‹
726 4389 976 4446 Plantati
1005 4391 1065 4445 in
1096 4393 1268 4446 domo
1300 4392 1530 4448 Domini
1566 4410 1577 4447 :
1611 4392 1669 4448 in
1703 4393 1866 4450 atriis
1911 4397 2006 4451 Doi
2058 4399 2240 4453 nostri

595 4479 902 4535 ﬂorebunt.
941 4503 968 4528 υ
1016 4479 1168 4534 Alibi
1221 4479 1574 4551 plantamur,
1626 4483 1685 4538 in
1741 4499 1917 4556 regno
1963 4485 2241 4543 coelorum

596 4567 956 4624 ﬂorebimus.
1010 4573 1118 4639 Ego
1168 4585 1292 4625 vero
1340 4569 1630 4642 plantavi;
1659 4575 1852 4645 Apollo
1902 4578 2121 4646 rigavit,
2153 4578 2246 4633 sed

596 4657 866 4712 Dominus
897 4658 1294 4712 incrementum
1323 4659 1470 4715 dedit
1518 4663 1566 4731 (I
1611 4662 1732 4718 Cor.
1788 4679 1872 4730 ιιι,
1905 4666 1980 4736 6).
2016 4665 2244 4722 Planta-

597 4748 696 4799 tus
755 4744 812 4796 in
863 4745 1036 4800 domo
1086 4746 1338 4814 Domini,
1371 4749 1480 4803 hoc
1523 4755 1613 4805 est
1659 4751 1717 4807 in
1769 4753 2023 4810 Ecclesia
2069 4773 2082 4810 :
2131 4771 2244 4812 non

603 4831 810 4898 muris,
846 4833 944 4887 sed
975 4832 1034 4887 in
1067 4835 1459 4906 dogmatibus.
1514 4841 1751 4910 Regnum
1797 4846 1946 4898 enim
1991 4845 2110 4913 Dei,
2151 4845 2244 4902 in-

601 4921 752 4995 quit,
785 4923 934 4976 intra
966 4939 1056 4978 vos
1087 4933 1166 4978 est
1197 4925 1347 4995 (Luc.
1380 4943 1516 4994 xvn,
1549 4932 1661 4996 21).
1695 4931 2038 5005 Quicunque
2081 4935 2246 5006 plan-

602 5015 762 5068 tatus
794 5011 968 5066 fuerit
998 5011 1057 5067 in
1090 5014 1262 5069 domo
1295 5013 1606 5082 Domini,si
1639 5019 1734 5074 hic
1757 5021 1981 5078 radices
2005 5024 2248 5091 miserit,

602 5101 684 5158 ibi
743 5101 915 5156 flores
962 5102 1150 5158 affert.
1186 5103 1489 5160 «Plantati
1538 5107 1596 5160 in
1649 5108 1823 5164 domo
1872 5111 2140 5180 Domini;
2190 5113 2250 5168 in

605 5189 772 5246 atriis
807 5191 901 5246 Dei
935 5191 1118 5246 nostri
1153 5192 1466 5250 florebunt.
1511 5217 1538 5243 ››
1572 5195 1689 5251 Ista
1741 5202 1878 5252 sunt
1925 5205 2141 5258 aeterna
2172 5206 2253 5256 ta-

606 5279 940 5336 bernacula.
982 5281 1116 5346 Quae
1167 5286 1307 5338 sunt
1352 5283 1466 5339 ista
1513 5286 1701 5340 atria?
1753 5287 1993 5343 Diversa
2024 5289 2082 5345 in
2113 5290 2252 5346 cozlo

608 5370 966 5426 mansiones.
1002 5370 1190 5426 Simul
1218 5371 1406 5428 videte
1436 5375 1572 5444 quid
1603 5375 1759 5430 dicat
1791 5393 1802 5430 :
1845 5400 1863 5424 -
1905 5377 2148 5435 Plantati
2194 5381 2252 5434 in

608 5459 783 5514 domo
817 5460 1045 5516 Domini
1078 5477 1090 5516 :
1127 5462 1184 5515 in
1218 5462 1386 5518 atriis
1419 5463 1516 5519 Dei
1553 5464 1736 5521 nostri
1763 5467 2116 5522 florebunt.»
2150 5469 2254 5524 Hic

609 5546 821 5604 domus
853 5555 980 5605 est:
1017 5550 1095 5604 ibi
1129 5552 1340 5606 atrium
1375 5557 1484 5608 est.
1521 5553 1724 5608 Debuit
1755 5555 1953 5626 utique
1995 5556 2250 5628 primum

609 5634 801 5690 dicere
830 5641 1152 5696 secundum
1180 5641 1469 5706 ordinem,
1501 5643 1714 5698 atrium
1752 5660 1762 5696 :
1799 5649 1856 5699 et
1883 5645 1965 5700 sic
1987 5646 2252 5702 domum.

609 5722 719 5778 Sed
753 5723 936 5780 videte
967 5730 1108 5797 quid
1141 5729 1312 5785 dicat.
1346 5731 1448 5786 Hic
1481 5730 1614 5786 licet
1662 5731 1963 5790 videamur
1996 5734 2053 5790 in
2081 5736 2254 5791 domo

2911 1989 3242 2047 PSALMUS
3280 1988 3446 2046 XCII.

2353 2079 2495 2158 Laus
2523 2080 2728 2158 cantici
2756 2081 2865 2158 ipsi
2894 2081 3066 2158 David
3095 2083 3156 2158 in
3183 2079 3274 2137 die
3301 2087 3430 2158 ante
3463 2075 4002 2158 Sabbatum,quaudc

2423 2151 2658 2228 [mutata
2702 2151 2993 2228 estjerra.
3045 2154 3158 2208 Iste
3206 2151 3710 2228 psalmus‘vocem
3741 2151 4002 2228 continet

2422 2223 2742 2294 Prophetas,
2762 2224 3034 2280 virtutem
3067 2220 3240 2296 atque
3274 2220 3770 2296 magniﬁcentiam
3803 2220 3997 2274 Domi-

2423 2294 2482 2348 ni
2514 2295 2900 2351 decantantis.

2425 2405 2446 2430 ι
2481 2383 2766 2440 Dominus
2796 2384 3077 2456 regnavit,
3108 2383 3377 2440 decorem
3408 2381 3618 2438 induit.
3654 2401 3682 2431 »
3711 2383 3858 2435 Cum
3907 2392 3990 2433 re-

2346 2485 2595 2543 surgens
2626 2489 2660 2527 a
2691 2474 2960 2538 mortuis,
2995 2477 3330 2529 sanctorum
3363 2471 3473 2527 sibi
3503 2470 3747 2526 chorum
3779 2468 3987 2539 adjun-

2343 2558 2428 2614 xit
2460 2575 2474 2615 :
2512 2582 2534 2610 ι
2570 2561 2768 2617 Induit
2796 2562 3078 2618 Dominus
3111 2561 3531 2618 fortitudinem.
3558 2582 3587 2609 »
3618 2558 3765 2624 Quia
3794 2557 3990 2612 diabo-

2344 2647 2469 2704 lum
2499 2652 2810 2721 oppressit.
2850 2675 2870 2700 ιι
2905 2655 2971 2707 Et
2999 2650 3298 2725 praecinxit
3327 2666 3388 2707 se
3415 2649 3649 2705 virtute.
3688 2670 3710 2697 ι
3745 2645 3988 2712 Quando

2345 2738 2720 2797 multitudine
2741 2740 3003 2815 angelica
3031 2740 3450 2811 circumdatus,
3474 2735 3753 2794 remeavit
3782 2736 3861 2792 ad
3885 2733 3990 2791 Pa-

2343 2831 2513 2884 trem.

2422 2937 2443 2967 ι
2477 2917 2703 2974 Etenim
2736 2918 2988 2974 ﬁrmavit
3018 2919 3218 2975 orbem
3250 2922 3436 2989 terrae,
3459 2919 3558 2991 qui
3591 2922 3992 2974 non'commo-

2343 3007 2591 3062 vehitur.
2631 3031 2658 3056 »
2692 3007 2987 3064 Instabilis
3027 3008 3203 3079 enim,
3238 3012 3295 3064 et
3325 3008 3559 3065 mobilis
3600 3011 3755 3064 esset
3801 3006 3992 3062 adhuc

2344 3095 2457 3152 nisi
2481 3113 2589 3152 sua
2619 3097 2826 3153 fuisset
2854 3098 3276 3154 resurrectione
3308 3098 3597 3153 ﬁrmatus.

2420 3209 2440 3236 ι
2477 3186 2683 3242 Parata
2714 3187 2883 3243 sedes
2914 3191 3032 3244 tua.
3062 3211 3082 3238 ι
3120 3189 3185 3243 In
3211 3187 3524 3244 animabus
3573 3186 3864 3243 sanctis...
3910 3188 3990 3241 Tu

2348 3275 2505 3331 enim
2537 3275 2882 3349 praeelegisti
2923 3293 3021 3333 eas
3073 3281 3207 3332 ante
3255 3277 3729 3334 constitutionem
3762 3275 3985 3346 mundi,

2346 3369 2412 3419 ut
2441 3369 2636 3421 essent
2664 3381 2850 3438 genus
2880 3365 3184 3422 electum.«
3208 3369 3274 3421 Et
3303 3369 3442 3422 tunc
3473 3382 3507 3421 a
3535 3363 3743 3421 seculo
3772 3368 3838 3421 tu
3858 3381 3985 3420 es.»

2343 3456 2412 3508 Et
2443 3460 2577 3510 ante
2607 3454 3090 3511 resurrectionem
3125 3455 3351 3511 mundi.

2417 3566 2444 3592 «
2500 3542 2882 3599 Elevaverunt
2931 3543 3197 3613 ﬂumina,
3247 3544 3490 3600 Domine
3551 3561 3564 3598 :
3625 3542 3990 3599 elevaverunt

2346 3633 2594 3689 ﬂumina
2618 3650 2814 3689 vocem
2849 3650 3039 3690 suam.
3075 3656 3103 3684 »
3133 3635 3396 3706 Apostoli
3428 3651 3442 3690 :
3478 3649 3728 3707 quorum
3773 3633 3989 3689 ﬂuenta

2347 3721 2851 3793 praedicationum,
2896 3723 3198 3779 ariditates
3255 3722 3522 3795 gentium
3581 3721 3986 3795 irrigaverunt.

2349 3833 2376 3860 ‹‹
2410 3811 2454 3866 Α
2482 3810 2723 3866 vocibus
2771 3827 3058 3882 aquarum
3111 3811 3454 3866 multarum.
3491 3834 3513 3863 ι
3547 3810 3988 3869 Detrahentium

2347 3897 2717 3972 populorum.

2420 4009 2448 4038 «
2499 3985 2794 4042 Mirabiles
2841 3986 3120 4043 eletiones
3168 3987 3370 4044 maris.
3406 4010 3433 4036 ››
3465 3989 3528 4043 In
3569 3987 3766 4043 saculi
3812 3989 3993 4060 hujus

2348 4075 2642 4132 fluctibus.
2677 4100 2705 4127 «
2740 4075 3022 4134 Mirabilis
3052 4077 3110 4132 in
3143 4076 3276 4133 altis
3305 4076 3608 4135 Dominus.
3634 4099 3661 4127 «
3691 4076 3995 4134 Gloriosus

2349 4165 2612 4222 residens
2641 4166 2713 4221 ad
2746 4166 3042 4222 dexteram
3075 4166 3284 4222 Patris.
3545 4162 3551 4168 ’

2426 4277 2447 4303 «ι
2483 4254 2843 4311 Testimonia
2867 4258 2986 4323 tua,
3016 4255 3280 4323 Domine,
3309 4255 3612 4311 credibilia
3659 4255 3812 4311 facta
3859 4258 3995 4312 sunt

2316 4401 2321 4407 ,
2351 4342 2549 4400 nimis.
2587 4366 2613 4392 ››
2648 4347 2756 4399 Per
2781 4343 3076 4416 apostolos
3105 4348 3260 4402 tuos.
3295 4370 3320 4396 ι(
3353 4345 3605 4402 Domum
3634 4349 3798 4400 tuam
3831 4345 3996 4401 docet

2352 4433 2704 4503 sanctitudo,
2740 4434 3000 4504 Domine,
3033 4433 3096 4489 in
3134 4433 3500 4508 longitudine
3547 4435 3798 4490 dierum.
3831 4455 3860 4484 »
3891 4435 3991 4488 Ec-

2353 4521 2590 4577 clesiam
2623 4526 2786 4578 tuam
2819 4540 2995 4595 quam
3029 4524 3345 4582 exhibuisti
3373 4523 3479 4579 tibi
3529 4540 3644 4579 non
3685 4523 3991 4579 habentem

2356 4610 2647 4666 maculam
2680 4616 2782 4666 aut
2820 4629 3027 4684 rugam
3079 4614 3295 4684 (Ephes.
3341 4629 3396 4683 ν,
3445 4611 3560 4683 27),
3609 4611 3668 4667 in
3719 4629 3836 4684 qua
3891 4626 3993 4667 nos

2279 4677 2613 4773 Ddigneris
2673 4677 2928 4756 mundos
2987 4719 3052 4756 ac
3085 4677 3446 4773 splendidos
3503 4677 3829 4770 custodire;
3895 4713 3994 4758 nec

2357 4788 2614 4860 polluere
2641 4787 2919 4861 baptismi
2949 4789 3217 4862 gratiam,
3253 4806 3356 4862 per
3402 4791 3557 4863 quod
3604 4790 3662 4846 in
3710 4794 3766 4846 te
3815 4780 3993 4846 renati

2360 4894 2569 4932 sumus
2602 4879 2672 4933 ad
2701 4879 2878 4934 vitam
2915 4894 2926 4932 :
2963 4878 3105 4950 quia
3134 4879 3238 4934 tibi
3281 4885 3369 4936 est
3411 4895 3545 4936 cum
3594 4885 3808 4936 aeterno
3839 4879 3996 4935 Patre

2357 4970 2414 5020 et
2443 4966 2654 5037 spiritu
2685 4967 3108 5035 sancto,honor
3137 4973 3194 5023 et
3223 4968 3410 5041 gloria
3439 4969 3498 5024 in
3531 4969 3742 5026 sacula
3772 4966 3999 5026 saeculo-

2359 5071 2511 5110 rum.
2543 5057 2745 5109 Amen.

2907 5144 3235 5202 PSALMUS
3274 5143 3461 5204 XCIII.

2359 5234 2610 5289 Psalmus
2666 5235 2836 5290 David
2883 5238 3091 5306 quarta,
3124 5234 3386 5306 sabbati,
3417 5235 3660 5306 Semper
3715 5236 3787 5290 de
3829 5229 3997 5306 titulo

2431 5306 2828 5379 disputamus,
2862 5304 2927 5379 uit
2957 5322 3025 5360 ex
3053 5304 3232 5379 titulo;
3251 5304 3612 5379 intelligatur
3641 5311 3697 5362 et
3717 5305 3994 5379 psalmus.

2435 5372 2699 5460 {animus
2747 5372 2918 5460 David
2948 5381 3158 5460 lquarta
3205 5372 3994 5460 Sabbatifouarta_"8abb‘ati,

2433 5449 2489 5503 in
2526 5448 2716 5503 medio
2748 5447 2985 5504 Sabbati
3008 5450 3308 5520 estzquasi
3343 5450 3398 5504 in
3427 5450 3598 5505 corde
3625 5447 3997 5518 Sabbati,hoc

2434 5525 2522 5576 est
2553 5521 2611 5574 in
2645 5519 2835 5594 medio
2868 5519 3271 5594 hebdomadis.
3304 5520 3436 5576 Dies
3467 5521 3622 5594 enim
3655 5525 3861 5594 quarta
3890 5521 3991 5594 est.

2434 5598 2489 5665 et
2522 5596 2728 5665 quarta
2759 5590 3089 5665 dieshabet
3117 5609 3185 5648 ex
3229 5596 3502 5665 utroque
3524 5588 3704 5651 latere
3749 5588 3992 5665 aequales

2433 5662 2769 5718 dies.Habet
2814 5662 2969 5718 enim
3003 5681 3069 5720 ex
3094 5681 3211 5721 uno
3241 5662 3420 5720 latere
3449 5662 3603 5719 diem
3636 5662 3995 5727 primum,se'-

2434 5735 2715 5805 cundum,
2748 5736 2986 5792 tertium
3021 5753 3034 5792 :
3063 5741 3122 5793 et
3163 5753 3236 5794 ex
3263 5735 3375 5794 alio
3422 5733 3604 5792 latere
3630 5733 3804 5794 habet
3843 5733 3991 5790 diem
