4256 6574
323 446 472 507 H73

1482 445 1978 508 BREVIARIUM
2023 444 2103 506 IN
2148 445 2532 507 PSALMOS.

3555 443 3710 505 11⁸74

345 619 352 624 .
389 576 961 660 quintum,sextum,
986 574 1324 660 septimum.
1348 575 1571 660 Videtis
1591 579 1954 660 igit_ur_quo-
1986 579 2040 645 Α
2070 578 2407 649 novissima,
2441 596 2555 637 non
2604 594 2775 653 agere
2823 575 3244 654 paenitentiam.
3277 574 3377 636 Isti
3407 593 3545 651 ergo
3575 593 3710 649 peo-

390 649 548 705 niam
596 649 720 707 dies
767 653 1010 722 quarta,
1044 649 1151 704 hoc
1188 654 1285 722 est
1333 654 1539 722 quarta
1590 649 1846 722 Sabbati,
1890 666 1957 722 ex

390 724 637 794 utroque
670 722 845 776 latere
875 721 1093 793 duplici
1127 721 1386 777 trinitate
1419 721 1703 778 ﬁrmatur.
1740 721 1954 776 Simul-

391 809 504 864 que
573 793 1059 848 considerandum
1137 794 1274 863 quia
1347 798 1592 864 quartus
1678 809 1956 847 numerus

343 887 346 890 ’
385 865 598 920 virtute
626 865 894 919 decimus
923 871 1028 918 est.
1065 865 1412 931 Quomodo?
1447 866 1494 920 si
1527 865 1683 919 enim
1716 881 1956 936 compu-

388 940 497 1000 tes,
531 940 586 990 et
630 935 893 991 ordinem
945 936 1120 991 facias
1154 952 1166 990 :
1216 953 1422 1000 unum,
1471 937 1607 1000 duo,
1642 942 1778 998 tres,
1811 935 1955 1006 qua-

388 1011 540 1076 tuor,
573 1007 837 1064 decimus
886 1024 1166 1066 numerus
1204 1007 1473 1064 efficitur.
1507 1007 1750 1062 Vidistis
1782 1007 1960 1078 igitur

388 1082 666 1150 quoniam
714 1084 958 1150 quartus
1007 1096 1286 1134 numerus
1335 1078 1510 1135 efﬁcit
1552 1078 1869 1150 decimum,
1902 1084 1958 1133 et

388 1149 751 1222 considerate
781 1167 848 1204 ex
886 1150 992 1207 hoc
1029 1167 1040 1204 :
1095 1151 1234 1222 quia
1277 1154 1524 1222 quatuor
1557 1149 1866 1220 Evangelia
1895 1149 1954 1203 in

377 1220 662 1294 adecalog‘o
688 1220 1132 1294 computantur,
1147 1227 1212 1276 ut
1237 1220 1627 1294 quodcunque
1657 1222 1958 1276 dicebatur

387 1293 448 1373 in
481 1292 776 1373 decalogo,
810 1292 916 1373 hoc
947 1293 1309 1373 compleatur
1339 1294 1396 1373 in
1428 1292 1680 1373 quatuor
1706 1294 1960 1373 Evange-

386 1363 503 1435 liis,
534 1369 600 1435 ut
651 1363 764 1420 non
812 1363 1120 1420 dissentiat
1166 1364 1258 1419 lex
1306 1363 1470 1420 vetus
1514 1367 1585 1420 ab
1626 1363 1960 1435 evangelica

386 1433 690 1507 dignitate.
727 1435 824 1490 Hic
876 1436 1108 1491 interim
1155 1435 1410 1492 diximus
1461 1436 1533 1493 de
1581 1433 1959 1503 titulo,‘nunc

385 1506 694 1562 veniamus
727 1508 796 1562 ad
834 1507 1150 1578 psalmum.

391 1619 419 1645 «
452 1595 605 1652 Deus
638 1595 922 1652 ultionum
950 1597 1253 1663 Dominus,
1278 1597 1430 1652 Deus
1463 1596 1750 1653 ultionum
1784 1596 1961 1654 libere

318 1681 453 1754 egit.
489 1706 517 1731 »
562 1683 668 1750 Qui
701 1687 863 1739 tanto
894 1688 1154 1756 tempore
1185 1684 1377 1754 latuit,
1409 1690 1464 1740 et
1495 1703 1610 1740 non
1644 1687 1958 1758 apparebat

316 1771 377 1827 in
408 1772 621 1845 populo
653 1789 665 1827 :
715 1778 913 1844 postea
963 1773 1142 1830 libere
1182 1775 1316 1847 egit.
1354 1775 1498 1839 Quia
1528 1781 1698 1830 antea
1727 1775 1960 1848 ignora-

317 1861 507 1933 batur,
541 1864 743 1934 postea
771 1863 1155 1935 triumphavit
1183 1863 1242 1918 in
1285 1881 1472 1920 cruce.
1526 1888 1552 1914 «
1585 1865 1737 1920 Deus
1789 1864 1960 1920 ultio-

318 1967 460 2006 num
507 1951 810 2008 Dominus.
848 1975 874 2001 ››
929 1953 987 2009 Si
1032 1953 1184 2008 Deus
1216 1953 1506 2009 ultionum
1539 1953 1823 2011 Dominus
1854 1959 1962 2021 est,
1994 1965 2041 2029 Β

2067 673 2291 724 catores
2347 686 2462 724 non
2522 668 2713 726 solum
2771 687 2885 726 non
2945 669 3187 725 flectunt
3242 667 3543 734 cervicem,
3605 667 3706 723 sed

2067 757 2244 814 libere
2279 763 2408 830 post
2437 764 2735 830 peccatum
2767 776 2942 814 suum
2968 757 3312 830 gloriantur.

2138 869 2166 896 υ
2200 848 2543 903 Eﬂ‘abuntur
2565 853 2620 903 et
2651 849 2964 919 loquentur
2986 847 3382 920 iniquitatem.
3413 869 3442 898 »
3471 846 3709 920 Proprie

2066 935 2186 990 hac
2217 937 2287 990 de
2317 937 2604 992 bznreticis
2634 937 2912 1008 loquitur.
2945 960 2973 987 «
3010 940 3344 1009 Loquentur
3373 953 3575 993 omnes
3606 934 3708 1008 qui

2067 1029 2382 1093 operantur
2409 1024 2800 1096 iniquitatem.
2834 1050 2861 1076 ››
2912 1026 3109 1083 Videte
3139 1027 3373 1099 signum
3409 1042 3422 1082 :
3477 1026 3584 1089 Qui
3619 1024 3709 1082 lo-

2067 1112 2287 1183 quitur,
2322 1131 2557 1171 necesse
2606 1119 2696 1171 est
2730 1121 2797 1171 ut
2829 1116 2980 1173 male
3011 1116 3204 1172 faciat.
3256 1119 3338 1173 Ex
3369 1116 3710 1172 abundantia

2066 1204 2214 1257 enim
2264 1205 2438 1260 cordis
2485 1221 2541 1261 os
2595 1206 2836 1278 loquitur
2880 1207 3033 1277 (Luc.
3078 1224 3154 1272 v1,
3205 1208 3316 1278 45).
3373 1206 3712 1279 Ubicunque

2068 1294 2423 1350 conscientia
2469 1295 2771 1352 vulnerata
2818 1300 2926 1367 est,
2978 1296 3058 1351 ibi
3107 1296 3167 1352 in
3217 1313 3314 1353 ore
3361 1295 3528 1353 facile
3579 1312 3712 1370 pec-

2068 1387 2251 1439 catur.

2140 1472 2487 1544 «Populum
2562 1478 2762 1544 tuum,
2823 1475 3094 1542 Domine,
3155 1474 3632 1532 humiliaverunt.
3679 1495 3708 1525 ι)

2070 1561 2308 1633 Semper
2337 1561 2435 1617 Dei
2470 1562 2721 1634 p0pulus
2751 1563 3099 1619 humiliatur
3129 1581 3142 1619 :
3194 1565 3289 1620 Dei
3321 1564 3574 1637 populus
3604 1577 3712 1637 op-

2074 1649 2348 1720 primitur
2379 1665 2392 1705 :
2450 1673 2478 1700 ‹‹
2513 1651 2795 1723 Populum
2843 1656 3035 1720 tuum,
3071 1653 3330 1722 Domine,
3364 1653 3714 1710 humiliave-

2072 1743 2228 1793 runt.
2267 1762 2288 1790 ι
2343 1740 2585 1812 Semper
2625 1741 2878 1814 populus
2909 1741 3008 1798 Dei
3038 1742 3401 1811 humiliatur,
3435 1748 3492 1799 et
3518 1743 3715 1800 imita-

2072 1831 2169 1882 tur
2200 1833 2380 1884 Deum
2410 1830 2510 1900 qui
2544 1831 2785 1886 humilis
2818 1831 2944 1903 fuit,
2977 1836 3034 1886 et
3064 1832 3224 1887 mitis
3255 1835 3444 1888 corde.
3671 1837 3678 1844 “

2145 1959 2173 1985 ‹‹
2205 1937 2456 1993 Viduam
2488 1941 2544 1995 et
2575 1939 2858 1994 advenam
2907 1939 3341 2007 interfecerunt,
3373 1943 3432 1996 et
3461 1939 3717 2014 pupillos

318 2040 453 2095 Mihi
506 2040 811 2097 vindictam
868 2047 920 2097 et
976 2059 1071 2111 ego
1132 2044 1454 2109 retribuam,
1503 2044 1637 2099 dicit
1695 2047 1960 2101 Dominus

2073 2024 2452 2081 occiderunt:
2508 2031 2564 2082 et
2593 2028 2884 2096 dixerunt,
2919 2045 3033 2084 non
3076 2029 3296 2085 videbit
3346 2030 3654 2086 Dominus.
3690 2052 3719 2081 »

318 2127 492 2200 (Deut.
525 2147 701 2198 xxxu,
733 2131 844 2202 35),
896 2132 1035 2202 quid
1088 2136 1140 2187 te
1191 2132 1356 2204 cupis
1395 2132 1710 2199 vindicare,
1741 2133 1965 2190 homo?

319 2217 510 2276 Habes
559 2219 808 2276 ultorem
851 2221 1055 2276 Deum.
1092 2221 1239 2276 Dicit
1267 2221 1375 2277 hoc
1406 2226 1463 2277 et
1492 2223 1806 2293 Apostolus
1841 2241 1854 2279 :
1907 2225 1967 2279 Si

318 2311 578 2364 esurierit
627 2312 887 2366 inimicus
934 2314 1076 2378 tuus,
1110 2312 1229 2366 ciba
1283 2312 1468 2366 illum.
1522 2313 1582 2366 Si
1606 2315 1740 2384 silit,
1774 2313 1844 2368 da
1876 2315 1966 2368 illi

317 2403 523 2471 potum.
575 2401 695 2455 Haec
741 2402 890 2454 enim
940 2401 1170 2470 faciens,
1202 2403 1472 2457 carbones
1501 2401 1644 2473 ign-is
1672 2418 1964 2473 congrega-

321 2488 398 2544 bis
445 2505 611 2560 super
653 2498 813 2562 caput
861 2491 976 2554 eius
1027 2490 1202 2559 (Rom.
1233 2507 1334 2560 xu,
1367 2492 1479 2562 ‘20).
1513 2491 1629 2546 Hoc
1660 2509 1775 2547 non
1808 2493 1962 2547 vide-

317 2583 415 2633 tur
445 2577 677 2650 pietatis
707 2594 854 2643 esse,
884 2579 985 2634 sed
1016 2578 1399 2635 credulitatis.
1429 2580 1488 2635 Si
1516 2581 1669 2636 enim
1700 2582 1846 2637 bene
1881 2581 1966 2638 illi

319 2667 490 2734 facio,
523 2672 588 2723 ut
618 2666 701 2722 illi
741 2664 1072 2723 malefaciat
1118 2673 1314 2725 Deus:
1369 2685 1484 2726 non
1531 2670 1687 2725 venit
1738 2671 1845 2727 hoc
1896 2673 1968 2728 de

317 2757 550 2830 pietate,
576 2758 675 2812 sed
709 2757 777 2812 de
808 2757 1150 2813 crudelitate
1183 2759 1416 2814 mentis.
1443 2760 1605 2825 Quod
1639 2761 1794 2815 enim
1828 2761 1969 2816 dicit

317 2845 634 2918 Apostolus
667 2861 678 2900 :
735 2846 791 2901 St
835 2849 1097 2903 esurierit
1129 2847 1397 2903 inimicus
1426 2851 1574 2919 tuus,
1606 2850 1731 2906 ciba
1764 2851 1966 2917 illum;

320 2934 370 2991 si
399 2935 542 3005 sitit,
567 2935 641 2992 da
672 2933 756 2990 illi
787 2940 990 3007 potum
1018 2954 1029 2991 :
1065 2935 1370 3009 hucusque
1395 2938 1624 2993 videtur
1645 2939 1967 2995 misericor-

318 3024 433 3080 dia.
467 3024 586 3081 Hoc
615 3041 748 3081 vero
779 3025 930 3097 quod
965 3024 1142 3081 infert
1175 3043 1187 3081 :
1220 3026 1350 3082 Hmc
1381 3027 1535 3084 enim
1568 3027 1806 3095 faciens,
1842 3046 1964 3084 car-

319 3113 500 3170 bones
530 3113 686 3187 ignis
729 3115 1111 3187 congregabis
1144 3132 1321 3187 super
1351 3120 1526 3188 caput
1556 3117 1704 3187 ejus.
1739 3117 1965 3173 Videris

318 3203 475 3258 enim
508 3207 817 3274 propterea
846 3219 1054 3274 panem
1080 3204 1239 3272 dare,
1262 3208 1318 3259 et
1347 3221 1559 3276 aquam
1585 3205 1721 3260 dare
1748 3206 1966 3273 bibere,

319 3296 386 3347 ut
415 3290 511 3346 ille
543 3291 603 3345 in
634 3291 862 3348 saeculis
895 3296 1256 3363 torqueatur.
1289 3293 1356 3347 Et
1393 3291 1503 3348 hoc
1544 3293 1684 3349 dicit
1720 3299 1964 3365 Aposto-

2073 2116 2230 2171 Licet
2277 2115 2387 2171 hoc
2435 2116 2812 2173 manifestum
2862 2118 2938 2173 sit
2993 2119 3314 2174 secundum
3364 2118 3717 2175 historiam:

2076 2221 2306 2277 semper
2352 2206 2508 2261 enim
2564 2205 2901 2278 quicunque
2953 2207 3224 2279 praesidio
3278 2207 3522 2280 indiget,
3552 2208 3721 2264 facile

2075 2295 2447 2368 opprimitur,
2470 2299 2528 2350 et
2554 2299 2773 2368 quanto
2801 2295 3016 2368 aliquis
3043 2296 3323 2352 humilior
3346 2296 3537 2362 fuerit,
3560 2299 3723 2353 tanto

2076 2383 2265 2456 magis
2298 2385 2396 2454 qui
2430 2383 2727 2456 opprimit,
2763 2385 3003 2440 ott‘endit
3032 2385 3215 2441 Deum
3256 2402 3268 2440 :
3317 2390 3514 2442 tamen
3548 2390 3603 2442 et
3633 2402 3723 2443 se-

2076 2476 2336 2530 cundum
2403 2473 2788 2546 tropologiam
2861 2473 3316 2548 interpretemur
3369 2491 3381 2529 :
3463 2473 3720 2531 dixeram

2076 2563 2232 2618 enim
2265 2564 2334 2618 de
2365 2561 2652 2618 haereticis
2682 2563 2790 2618 hoc
2822 2563 2935 2618 dici
2964 2579 2976 2616 :
3011 2586 3038 2612 «
3067 2563 3320 2619 Viduam
3354 2567 3409 2619 et
3439 2565 3723 2620 advenam

2076 2651 2510 2707 lnterfecerunt.
2543 2672 2569 2704 ι)
2624 2651 2813 2707 Vidua
2861 2651 2962 2706 illa
3006 2669 3132 2722 quae
3177 2657 3359 2708 Deum
3397 2653 3586 2709 virum
3619 2653 3722 2709 ha-

2076 2741 2210 2797 bere
2242 2741 2467 2807 desivit,
2501 2741 2698 2796 anima
2727 2743 2815 2797 est
2841 2740 3184 2813 peccatoris.
3229 2741 3464 2797 Advena
3501 2746 3590 2798 est
3620 2741 3720 2815 qui

2078 2847 2192 2885 non
2246 2834 2334 2886 est
2379 2829 2694 2900 habitator,
2729 2829 2838 2885 hoc
2887 2833 2994 2898 est,
3029 2830 3126 2902 qui
3179 2845 3293 2886 non
3342 2829 3584 2886 habitet.
3618 2829 3723 2887 Ille

2076 2919 2176 2992 qui
2209 2935 2395 2992 nuper
2423 2919 2767 2990 crediderat,
2800 2923 3033 2990 repente
3083 2918 3511 2976 scandalizatus
3552 2920 3721 2992 perit.

2078 3014 2104 3059 «ι
2141 3011 2208 3064 Et
2240 3007 2492 3081 pupillos
2525 3008 2890 3078 occiderunt,
2922 3012 2978 3063 et
3011 3008 3286 3064 dixerunt
3313 3023 3326 3062 :
3362 3025 3477 3067 non
3508 3008 3729 3065 videbit

2077 3098 2384 3157 Dominus.
2414 3121 2440 3146 »
2474 3097 2758 3154 Miramur
2787 3097 2836 3154 si
2868 3097 3076 3171 pupilli
3101 3097 3398 3164 dicuntur,
3423 3097 3523 3154 ubi
3552 3097 3730 3155 vidua

2077 3186 2214 3243 est?
2244 3187 2398 3242 sicut
2441 3187 2595 3242 enim
2645 3187 2824 3242 vidua
2873 3187 3070 3242 anima
3121 3187 3441 3260 peccatoris
3488 3191 3597 3261 est,
3645 3187 3729 3244 sic

2078 3275 2333 3349 pupillos
2380 3273 2512 3332 illos
2557 3276 2718 3344 dicit,
2756 3274 2853 3348 qui
2885 3276 3114 3331 Patrem
3155 3275 3483 3333 amiserunt
3512 3275 3728 3334 habere

323 3337 386 3347 ..-
416 3337 510 3346 -.-υ
634 3337 861 3348 ,νη-..ν
899 3337 1256 3363 .--.,..-..-....
1291 3337 1356 3347 ..-
1395 3337 1502 3348 ..νν
1545 3337 1684 3349 ...νη
1720 3337 1936 3365 .-μων
2079 3337 2097 3349 .
2163 3337 2179 3348 .

317 3380 432 3452 lus,
457 3384 514 3436 et
535 3379 948 3436 misericordiae
970 3380 1313 3453 praedicator
1334 3381 1736 3438 crudelitatem
1760 3383 1968 3438 docet?
1998 3337 2040 3402 Ο
2077 3363 2283 3421 Delum

317 3469 442 3525 Non
495 3469 673 3541 igitur
719 3467 801 3523 sic
850 3469 1278 3542 accipiendum,
1312 3470 1411 3526 sed
1453 3469 1566 3527 alio
1597 3487 1796 3527 sensu.
1829 3471 1890 3526 Si
1920 3476 1969 3526 te

313 3560 550 3632 percutit
597 3559 877 3628 inimicus,
911 3567 972 3614 tu
1019 3559 1071 3614 ei
1104 3560 1288 3631 praebe
1326 3565 1378 3614 et
1411 3561 1639 3615 alteram
1669 3561 1966 3616 maxillam

318 3647 526 3716 (Matth.
563 3664 615 3718 v,
639 3647 750 3717 39).
777 3647 836 3704 Si
866 3647 972 3702 tibi
1003 3647 1100 3703 ille
1131 3647 1442 3716 malefacit,
1464 3654 1527 3704 tu
1561 3648 1645 3704 illi
1679 3649 1765 3704 fac
1795 3651 1961 3705 bene.

317 3737 376 3794 Si
427 3737 583 3792 enim
635 3736 742 3793 hoc
792 3737 1017 3806 feceris,
1049 3738 1331 3795 carbones
1383 3738 1538 3811 ignis
1583 3740 1964 3812 congregabis

314 3835 492 3900 super
537 3830 715 3900 caput
760 3829 908 3900 ejus.
951 3827 1111 3893 Quod
1163 3827 1324 3900 dicit,
1355 3827 1465 3883 hoc
1505 3832 1614 3894 est,
1646 3829 1962 3887 mundabis

313 3931 449 3972 eum
482 3933 515 3972 a
544 3921 800 3991 peccato.
833 3917 1104 3972 Vincitur
1133 3918 1289 3973 enim
1320 3918 1636 3974 crudelitas
1669 3917 1826 3974 illius
1859 3937 1958 3992 pa-

308 4003 517 4062 tientia
544 4010 667 4062 tua.
695 4007 753 4062 Si
785 4006 1061 4079 sagittam
1089 4006 1307 4079 dirigas
1335 4007 1393 4062 in
1425 4006 1698 4080 lapidem,
1724 4014 1781 4064 et
1810 4009 1958 4082 lapis

307 4094 492 4150 durus
525 4094 702 4150 fuerit
733 4111 745 4148 :
779 4110 895 4148 non
930 4093 1122 4150 solum
1154 4111 1268 4148 non
1302 4094 1582 4166 inﬁgitur,
1617 4095 1718 4148 sed
1753 4094 1954 4150 resilit.

305 4182 405 4238 Sid
449 4183 726 4238 inimicus
779 4185 916 4236 tuus
965 4182 1013 4237 si
1068 4183 1445 4254 percusserit,
1476 4186 1532 4237 et
1576 4199 1955 4254 repercussus

299 4289 415 4329 non
465 4271 668 4339 fuerit,
725 4270 1008 4343 patientia
1055 4273 1158 4326 tua
1205 4274 1542 4344 superatus,
1592 4273 1663 4329 ad
1715 4272 1956 4330 meliora

298 4359 673 4418 convertitur.

377 4473 398 4498 α
435 4448 750 4522 Usquequo
797 4451 1148 4521 peccatores,
1182 4449 1446 4518 Domine,
1483 4467 1787 4523 usquequo
1819 4468 1951 4525 pec-

302 4541 526 4596 catores
555 4539 965 4613 gloriabuntur
989 4537 1017 4591 ‘?
1047 4559 1074 4587 »
1133 4537 1508 4610 lmpatientia
1545 4539 1804 4596 humana
1834 4558 1949 4597 non

297 4629 426 4684 vult
455 4629 555 4685 Dei
587 4629 800 4685 habere
830 4627 1196 4701 patientiam.
1226 4627 1418 4683 Miseri
1462 4645 1590 4697 nos,
1631 4629 1728 4702 qui
1783 4631 1962 4696 volu-_

2151 3475 2179 3503 ‹‹
2211 3454 2277 3508 Et
2311 3453 2602 3509 dixerunt.
2639 3475 2666 3501 »
2714 3451 2861 3516 Quid
2910 3452 3228 3509 dixerunt?
3279 3475 3307 3503 α
3339 3452 3463 3508 Non
3505 3451 3724 3508 videbit

2076 3541 2360 3598 Dominus
2392 3558 2405 3596 :
2459 3557 2564 3596 nec
2607 3540 2893 3614 intelliget
2934 3542 3083 3596 Deus
3120 3541 3320 3598 Jacob.
3357 3563 3384 3589 »
3434 3544 3553 3596 Hoc
3582 3540 3725 3596 dicit

2075 3633 2266 3688 omnis
2317 3631 2415 3702 qui
2465 3630 2739 3703 opprimit
2788 3634 3043 3687 sanctos.
3078 3629 3200 3686 Illis
3239 3630 3347 3686 hoc
3388 3629 3722 3688 dicentibus

2071 3721 2259 3777 videte
2289 3720 2542 3792 Spiritus
2574 3723 2814 3775 sanctus
2845 3719 2984 3791 quid
3024 3719 3393 3793 respondeat.

2145 3852 2172 3878 ‹‹
2211 3827 2517 3902 lntelligite
2549 3827 2649 3900 qui
2681 3827 3025 3900 insipientes
3055 3827 3197 3884 estis
3239 3826 3299 3884 in
3349 3826 3564 3902 populo
3594 3815 3611 3882 ἐ
3664 3831 3722 3886 et

2069 3918 2234 3974 stulti
2269 3917 2581 3990 aliquando
2613 3916 2799 3989 sapite
2833 3935 2845 3974 :
2886 3916 2994 3982 Qui
3024 3914 3310 3988 plantavit
3339 3932 3562 3984 aurem,
3600 3933 3717 3976 non

2072 4007 2314 4064 audiet?
2341 4011 2441 4063 aut
2472 4007 2570 4078 qui
2613 4005 2776 4061 ﬁnxit
2824 4004 3082 4074 oculum,
3114 4021 3226 4060 non
3278 4003 3655 4061 considerat?
3686 4025 3716 4054 »

2067 4097 2214 4161 Quid
2243 4095 2456 4168 figulus
2478 4099 2585 4165 est,
2611 4095 2837 4166 ignorat
2867 4111 2966 4149 vas
2989 4109 3163 4149 suum
3184 4092 3212 4147 ?
3242 4093 3349 4159 Qui
3371 4090 3552 4150 alium
3580 4092 3718 4149 facit

2067 4185 2291 4255 audire,
2323 4201 2459 4258 ergo
2491 4183 2601 4256 ipsi
2639 4200 2752 4238 non
2786 4181 3029 4240 audiet?
3079 4181 3178 4254 qui
3211 4181 3355 4239 mihi
3387 4181 3546 4238 dedit
3576 4199 3714 4240 ocu-

2065 4273 2173 4344 los,
2199 4290 2334 4346 ergo
2366 4274 2491 4346 ipse
2525 4289 2638 4329 non
2671 4272 2866 4327 videt?
2900 4272 3007 4338 Qui
3039 4274 3240 4328 auctor
3271 4275 3359 4327 est
3391 4270 3717 4346 intelligen-

2062 4364 2156 4420 tiae
2189 4379 2351 4432 mea,
2385 4363 2510 4435 ipse
2542 4379 2655 4419 non
2689 4360 3008 4434 intelligit?
3056 4361 3168 4417 Iste
3217 4359 3382 4418 locus
3429 4360 3712 4418 adversus

2063 4470 2162 4510 eos
2189 4453 2439 4509 maxime
2461 4452 2595 4507 facit
2619 4453 2659 4519 ί,
2684 4451 2784 4523 qui
2805 4449 3406 4523 Anthropomorphitaa
3427 4453 3584 4520 sunt,
3611 4450 3713 4523 qui

2061 4543 2266 4600 dicunt
2319 4543 2496 4599 Deum
2546 4541 2760 4597 habere
2799 4540 3064 4596 membra
3103 4555 3229 4612 quae
3261 4539 3436 4595 etiam
3469 4557 3576 4596 nos
3606 4540 3710 4598 ha-

2061 4632 2291 4688 bemus.
2318 4631 2493 4687 Verbi
2527 4645 2740 4686 causa:
2773 4628 3011 4685 Dicatur
3041 4627 3195 4685 Deus
3226 4627 3440 4686 habere
3471 4629 3707 4688 oculos:

302 4733 438 4774 mus
468 4716 636 4773 nobis
657 4718 842 4773 Deum
874 4734 1002 4774 esse
1031 4716 1368 4790 patientem,
1397 4722 1454 4773 et
1483 4717 1740 4775 inimicis
1775 4719 1956 4792 impa—
1984 4708 2030 4773 D
2064 4719 2215 4776 oculi
2263 4717 2492 4776 Domini
2527 4715 2846 4788 respiciunt
2891 4714 3091 4773 omnia
3119 4733 3138 4771 :
3193 4732 3410 4774 manus
3439 4715 3544 4774 Dei
3573 4717 3714 4776 facit

299 4806 563 4864 tientem.
597 4806 656 4864 Si
690 4807 926 4879 quando
957 4824 1289 4880 peccamus,
1322 4808 1642 4879 patientem
1674 4810 1948 4881 cupimus

300 4900 507 4953 Deum.
539 4895 598 4952 Si
630 4897 864 4970 quando
904 4896 1119 4968 aliquis
1167 4896 1225 4952 in
1277 4914 1383 4953 nos
1433 4897 1739 4972 deliquerit
1769 4899 1828 4954 in
1860 4899 1946 4972 ip-

293 5003 427 5043 sum
451 5003 566 5042 non
588 4986 860 5043 volumus
889 5002 1019 5042 esse
1038 4986 1354 5059 patientem
1373 4988 1574 5044 Deum.
1595 5011 1621 5038 «
1641 4991 1950 5062 Usquequo

294 5080 628 5149 peccatores
679 5075 1195 5148 gloriabuntur?»
1247 5075 1371 5130 Non
1418 5077 1501 5132 eis
1554 5079 1774 5134 sufficit
1817 5096 1948 5152 pec-

295 5181 443 5235 care,
477 5165 580 5221 sed
624 5165 803 5220 etiam
853 5165 912 5219 in
963 5164 1218 5236 peccatis
1251 5163 1596 5237 gloriantur.
1639 5167 1831 5223 Prima
1860 5167 1948 5222 in-

293 5253 540 5311 felicitas
596 5258 685 5311 est
741 5269 979 5327 peccare
1031 5271 1045 5310 :
1115 5255 1373 5312 secunda
1428 5255 1764 5329 infelicitas,
1829 5257 1947 5313 imo

366 5365 381 5400 ¹
415 5345 624 5419 Totam
657 5341 814 5419 hunc
843 5363 1147 5430 περικοπὴν
1181 5363 1252 5420 ab
1283 5362 1376 5418 his
1408 5362 1620 5430 verbis,
1652 5363 1752 5419 Iste
1803 5365 1951 5419 locus

295 5451 486 5528 usque
506 5433 568 5490 in
593 5435 767 5528 finem
791 5452 861 5519 ex
886 5433 1470 5528 Plie‘ronqurecitat
1493 5435 1550 5490 S.
1580 5436 1949 5528 Augustip'qs

297 5506 361 5578 in
380 5506 842 5578 Commonitorio
869 5506 938 5562 ad
966 5506 1477 5578 Fortunatianum,
1501 5522 1602 5562 seu
1626 5507 1794 5578 epist.
1829 5509 1948 5572 148,

303 5577 676 5649 afﬂrmatque
708 5579 804 5650 (ab
857 5593 922 5650 eo
972 5576 1271 5650 scriptam,
1305 5594 1438 5650 cum
1487 5576 1953 5650 hunc—psalmum

305 5654 620 5722 imponeret.
652 5649 747 5706 Ait
791 5649 955 5722 enim
985 5665 998 5704 :
1048 5671 1078 5699 κ
1115 5649 1194 5722 Ne
1225 5649 1410 5706 multa
1439 5649 1951 5706 commemorando

307 5719 562 5802 majores
610 5735 804 5802 moras
853 5720 1084 5802 faciam,
1124 5719 1242 5802 hoc
1279 5728 1567 5802 unumls.
1617 5722 1951 5802 Hieronymi

307 5792 744 5866 in'tér'pono,’ut
797 5792 1019 5851 noverit
1065 5792 1174 5849 iste
1219 5792 1415 5863 frater,
1449 5798 1606 5851 etc...
1639 5794 1783 5851 Cum
1817 5792 1952 5866 ergo

2061 4809 2278 4866 omnia.
2354 4809 2418 4863 Et
2492 4805 2742 4876 audivit,
2810 4804 3034 4879 inquit,
3102 4804 3274 4862 Adam
3348 4822 3546 4864 sonum
3614 4823 3710 4880 pe-

2060 4899 2191 4954 dum
2240 4897 2464 4954 Domini
2508 4894 2908 4952 deambulanti:
2946 4895 3003 4950 in
3045 4896 3303 4968 paradiso
3333 4895 3484 4967 (Gen.
3518 4913 3601 4964 ιιι,
3632 4897 3708 4968 8).

2062 4987 2193 5044 Haec
2216 4985 2568 5058 simpliciter
2589 4984 2856 5054 audiunt,
2881 4988 2937 5040 et
2966 4983 3260 5041 humanas
3287 4983 3716 5040 imbecillitates

2067 5079 2137 5135 ad
2173 5077 2274 5134 Dei
2307 5075 2803 5150 magnificentiam
2852 5075 3128 5132 referunt.
3161 5073 3278 5146 Ego
3323 5077 3521 5130 autem
3559 5071 3709 5146 dico,

2065 5168 2219 5240 quod
2249 5171 2396 5224 Deus
2427 5171 2587 5224 totus
2616 5164 2821 5224 oculus
2849 5168 2938 5221 est
2970 5181 2981 5219 :
3026 5167 3182 5219 totus
3215 5177 3426 5219 manus
3456 5164 3546 5218 est
3575 5179 3590 5218 :
3632 5164 3715 5219 to-

2061 5262 2158 5314 tus
2205 5273 2306 5330 pes
2346 5260 2454 5313 est.
2487 5257 2669 5313 Totus
2718 5252 2922 5312 oculus
2963 5255 3069 5324 est,
3103 5249 3241 5324 quia
3289 5249 3485 5309 omnia
3529 5249 3707 5308 videt.

2063 5363 2160 5422 ille
2188 5363 2367 5440 virin
2380 5363 2700 5440 Scripturis
2729 5359 3110 5440 doctissimus
3138 5357 3434 5440 psalmum
3465 5371 3710 5440 expone-

2063 5441 2169 5503 ret,
2206 5435 2305 5492 ubi
2337 5430 2555 5491 dictum
2593 5438 2682 5489 est
2716 5449 2727 5486 :
2782 5430 3082 5503 Intelligite
3108 5430 3232 5502 ergo
3262 5430 3360 5501 qui
3387 5430 3708 5503 insipientes

2063 5501 2191 5563 estis
2222 5510 2279 5562 in
2309 5508 2507 5577 populo
2540 5510 2610 5569 et,
2639 5504 2796 5559 stulti
2823 5501 3138 5577 aliquando,
3168 5501 3364 5577 sapite,
3397 5502 3498 5577 qui
3535 5501 3706 5573 plan-

2063 5582 2197 5635 tavit
2230 5572 2418 5634 aurem
2450 5594 2557 5632 non
2587 5577 2816 5632 audiet?
2859 5572 2957 5632 aut
3006 5572 3129 5646 qui
3148 5573 3314 5646 ﬁnxit
3350 5572 3577 5646 oculum
3596 5587 3707 5628 non

2063 5651 2368 5707 considerat
2394 5653 2417 5703 .9
2446 5649 2597 5728 inter
2627 5653 2831 5728 cetera
2859 5665 2870 5699 :
2910 5643 3027 5728 Iste
3053 5645 3235 5728 locus,
3268 5643 3478 5728 inquit,
3511 5644 3710 5728 adv‘er-

2065 5739 2167 5777 sus
2212 5738 2309 5778 eos
2342 5721 2592 5777 maxime
2623 5721 2780 5787 facit,
2813 5741 2853 5791 »_
2891 5723 3013 5791 etc._
3059 5717 3350 5791 Videquaa
3382 5717 3442 5772 in
3474 5716 3709 5791 prefixa

2064 5792 2199 5850 huic
2230 5793 2389 5865 operi
2418 5791 2815 5852 admonitione
2842 5789 2950 5848 hac
2983 5789 3053 5847 de
3083 5805 3146 5847 re
3174 5787 3450 5848 diximus.
