4256 6572
434 403 437 405 ’
520 434 674 495 ms

2014 423 2431 488 APPENDIX.

3768 422 3922 485 1176

519 569 702 625 Totus
734 581 949 623 manus
979 569 1067 622 est
1093 581 1105 621 :
1141 563 1281 638 quia
1309 565 1503 622 omnia
1535 567 1827 638 operatur.
1849 565 2032 620 Totus
2064 578 2168 634 pes
2195 561 2250 626 Α
2282 561 2385 614 aut
2405 556 2538 630 quis
2560 557 2740 616 stabit
2771 575 3001 616 mecum
3021 554 3301 614 adversus
3322 553 3922 630 operantesiniquita—

518 661 652 713 est:
711 655 850 723 quia
902 654 1118 727 ubique
1171 661 1278 711 est.
1330 656 1478 727 Ergo
1528 655 1716 710 videte
1769 655 1908 726 quid
1963 654 2159 710 dicat:

521 768 551 797 ι’
580 746 687 810 Qui
721 744 1007 817 plantavit
1035 761 1257 813 aurem,
1294 762 1408 800 non
1442 746 1684 801 audiet?
1717 768 1743 793 ››
1798 745 1920 798 Non
1971 742 2116 798 dixit
2147 760 2159 796 :

519 835 622 907 qui
661 835 944 906 plantavit
991 850 1213 903 aurem,
1247 850 1383 905 ergo
1418 835 1540 905 ipse
1571 849 1769 888 aurem
1823 848 1936 886 non
1969 831 2163 886 habet.

517 928 645 979 Non
694 922 840 978 dixit
874 941 886 977 :
937 940 1073 994 ergo
1106 923 1230 995 ipse
1261 923 1460 978 oculos
1491 939 1605 978 non
1639 921 1832 976 habet.
1867 922 1977 976 Sed
2027 920 2165 992 quid

520 1012 709 1068 dixit?
767 1034 794 1061 ‹‹
831 1012 938 1078 Qui
973 1011 1257 1083 plantavit
1285 1027 1508 1077 aurem,
1542 1027 1655 1065 non
1688 1010 1931 1065 audiet?
1981 1015 2036 1064 et
2067 1008 2168 1079 qui

527 1101 696 1157 finxit
752 1100 973 1168 oculos,
1025 1117 1139 1154 non
1189 1099 1625 1155 considerat?»
1675 1099 1936 1153 Membra
1986 1096 2163 1152 tulit:

524 1189 876 1247 efﬁcientias
899 1189 1105 1246 dedit?

593 1278 761 1344 «Qui
811 1277 1047 1349 corripit
1098 1282 1321 1348 gentes,
1358 1294 1473 1332 non
1523 1281 1744 1349 arguet.
1783 1300 1808 1325 ››
1865 1276 1975 1350 Qui
2023 1274 2169 1330 alios

523 1368 708 1433 docet,
733 1383 869 1438 ergo
901 1365 1025 1438 ipse
1057 1383 1171 1420 non
1205 1367 1413 1421 novit?
1465 1390 1484 1413 «ι
1523 1367 1628 1431 Qui
1673 1367 1838 1421 docet
1869 1366 2167 1421 hominem

522 1455 846 1512 scientiam.
908 1477 935 1504 ››
997 1455 1383 1522 Subauditur,
1446 1472 1580 1526 ergo
1639 1456 1765 1527 ipse
1823 1473 1938 1511 non
1997 1454 2172 1510 habet

523 1544 830 1602 scientiam
854 1544 880 1598 ?

593 1657 621 1684 ‹‹
655 1634 940 1689 Dominus
969 1633 1479 1705 scitcogitationes
1508 1633 1813 1688 hominum
1843 1651 1854 1687 :
1891 1632 2167 1704 quoniam

520 1740 681 1780 vana:
713 1727 870 1778 sunt.
910 1745 929 1771 ι
977 1723 1249 1794 Legimus
1281 1723 1338 1777 in
1371 1728 1542 1794 poeta
1573 1722 1835 1778 saeculari
1868 1738 1878 1776 :

585 1815 625 1861 Ο
648 1826 798 1861 curas
826 1811 1106 1861 hominum
1131 1811 1141 1859 !
1176 1827 1206 1860 0
1239 1817 1500 1875 quantum
1528 1817 1607 1862 est
1636 1812 1690 1860 in
1720 1812 1881 1862 rebus
1909 1812 2102 1861 inane!

524 1897 592 1949 Et
640 1893 905 1963 gentiles,
957 1899 1014 1946 et
1070 1891 1404 1964 phiIOSOphi
1465 1893 1642 1948 istum
1693 1892 2048 1949 versiculum
2097 1893 2167 1948 ad
2203 1933 2248 1995 Β

526 1980 735 2037 coelum
767 1980 978 2036 levant.
1012 1981 1082 2036 Et
1111 1980 1250 2052 quid
1299 1981 1549 2036 dicunt?
1601 1981 1756 2037 Nihil
1805 1982 1993 2054 potuit
2040 1999 2174 2054 pru-

526 2070 762 2126 dentius
795 2069 908 2124 dici
939 2087 951 2124 :
985 2070 1127 2125 Ecce
1159 2071 1492 2126 rusticanus
1523 2075 1719 2126 noster
1740 2071 2013 2127 Hebraeus
2040 2077 2173 2127 ante

528 2163 690 2215 tanta
718 2159 930 2216 saecula
959 2159 1069 2216 hoc
1101 2158 1330 2215 locutus
1361 2164 1467 2215 est.
1503 2162 1569 2215 Et
1599 2160 1738 2232 quid
1772 2161 1961 2215 dixit?
2007 2184 2032 2210 ‹‹
2062 2161 2171 2216 Do-

529 2247 725 2304 minus
757 2249 867 2303 scit
897 2249 1277 2320 cogitationes
1309 2249 1616 2304 hominum
1653 2267 1664 2304 :
1708 2250 1984 2320 quoniam
2016 2267 2173 2306 vana:

529 2341 686 2394 sunt.
712 2359 738 2387 »
774 2337 960 2393 Vultis
982 2338 1131 2393 scire
1153 2338 1433 2409 quoniam
1457 2339 1839 2411 cogitationes
1866 2339 2172 2395 hominum

523 2443 682 2482 vanze
733 2427 915 2482 sunt?
949 2427 1114 2483 Pater
1144 2433 1200 2482 ct
1231 2432 1414 2482 mater
1443 2428 1711 2483 nutriunt
1757 2428 1942 2483 filium
1978 2447 1989 2484 :
2044 2446 2174 2500 pro-

528 2516 772 2571 mittunt
803 2516 915 2570 sibi
937 2517 1006 2572 de
1037 2516 1134 2572 illo
1169 2517 1505 2572 felicitatem
1537 2535 1549 2584 ;
1585 2517 1830 2572 mittunt
1857 2518 1926 2572 ad
1958 2517 2172 2587 studia,

524 2603 824 2672 erudiunt,
846 2605 1002 2660 venit
1034 2621 1217 2676 usque
1250 2606 1320 2660 ad
1353 2605 1826 2673 adolescentiam,
1853 2607 2180 2678 disponunt

524 2700 589 2750 ut
621 2694 795 2750 etiam
829 2693 1059 2749 militet.
1092 2696 1237 2752 Cum
1269 2694 1466 2750 omnia
1495 2696 1875 2766 cogitaverint
1917 2713 2018 2768 per
2065 2714 2173 2752 an-

521 2800 629 2839 nos
677 2783 934 2855 triginta,
991 2801 1107 2839 una
1155 2784 1440 2840 febricula
1488 2785 1663 2854 venit,
1696 2790 1752 2841 et
1791 2784 1940 2840 tollit
1969 2803 2175 2842 omnes

522 2873 920 2947 cogitationes.
956 2874 1269 2929 Inimicum
1317 2874 1500 2929 habeo
1534 2891 1546 2928 :
1600 2880 1656 2928 et
1699 2875 2056 2946 diesjudicii
2088 2880 2180 2930 est

525 2963 597 3018 ad
633 2962 877 3034 triginta
910 2962 1055 3028 dies,
1089 2963 1296 3018 diebus
1329 2968 1384 3017 et
1417 2963 1686 3018 noctibus
1720 2963 1862 3018 nihil
1894 2963 2052 3019 aliud
2087 2982 2176 3020 co-

523 3051 665 3124 gito,
712 3051 822 3105 nisi
881 3051 1037 3122 quod
1092 3050 1175 3105 illi
1226 3053 1628 3123 respondeam.
1673 3054 1736 3106 In
1786 3052 1997 3108 lectulo
2049 3071 2175 3110 meo

525 3157 682 3205 sum,
714 3144 770 3195 et
815 3140 1088 3212 cogitatio
1139 3157 1268 3196 mea
1315 3141 1542 3196 absenti
1573 3143 1886 3213 respondet
1915 3143 2172 3199 inimico.

526 3229 650 3287 Non
675 3233 764 3284 est
795 3228 900 3284 tibi
935 3229 1231 3298 inimicus,
1253 3237 1310 3285 et
1339 3231 1514 3285 verba
1535 3232 1889 3302 respondent
1917 3231 2172 3288 inimico.

2276 649 2442 704 tem?
2476 673 2497 700 ι»
2560 648 2677 706 Hos
2733 649 3055 705 versiculos
3110 646 3370 704 Salvator
3424 645 3741 718 loquitur:
3804 649 3920 721 Ego

2278 741 2518 794 sanctus
2548 754 2701 801 sum,
2737 738 2795 792 in
2839 753 3009 792 cruce
3052 735 3389 792 sublevatus
3427 751 3603 803 sum;
3655 741 3921 792 mortuus

2276 842 2430 894 sum,
2468 825 2779 892 resurrexi,
2812 831 2869 880 ct
2919 825 2989 880 ad
3039 824 3213 880 cmlos
3264 824 3448 879 victor
3495 823 3748 879 ascendi.
3783 824 3920 890 Quis

2276 919 2366 970 est
2415 919 2584 986 putas
2625 916 2695 969 de
2741 914 2982 980 sanctis,
3017 913 3117 985 qui
3149 927 3380 968 mecum
3413 913 3728 984 resurget?
3776 915 3919 985 Ergo

2278 1004 2434 1074 quod
2468 1002 2631 1069 dicit,
2665 1002 2774 1057 hoc
2805 1007 2892 1058 est
2926 1009 2940 1058 τ
2972 1002 3280 1074 Propterea
3307 1001 3616 1069 resurrexi,
3643 1006 3707 1056 ut
3737 1006 3794 1057 et
3825 1001 3921 1057 alii

2279 1107 2512 1146 mecum
2581 1095 2972 1163 resurgerent.
3049 1113 3076 1145 α
3130 1090 3269 1156 Quis
3338 1095 3601 1163 resurget
3665 1090 3919 1146 mihi?»

2279 1181 2520 1246 Quando
2570 1181 2710 1236 dicit
2756 1183 2913 1251 Quis,
2948 1185 3184 1236 ceteros
3233 1185 3505 1252 provocat
3557 1180 3630 1235 ad
3677 1196 3924 1252 surgen-

2277 1270 2441 1324 dum.
2473 1269 2775 1334 Quomodo
2807 1269 2962 1326 enim
2995 1269 3249 1341 legimus
3280 1269 3338 1323 in
3373 1269 3522 1324 Isaia
3555 1287 3568 1324 :
3603 1271 3771 1338 Quem
3798 1272 3923 1324 mit-

2279 1363 2396 1413 tam
2443 1359 2517 1413 ad
2558 1359 2825 1430 pOputum
2858 1360 3046 1423 istum,
3073 1361 3128 1412 et
3156 1359 3279 1429 quis
3325 1358 3430 1413 ibit
3473 1358 3630 1413 nobis
3685 1359 3807 1429 (Isa.
3843 1375 3920 1425 v1,

2277 1448 2380 1517 8)?
2409 1451 2516 1502 etc.
2549 1448 2709 1502 Sicut
2739 1447 2918 1503 Isaias
2950 1447 3074 1518 ipse
3104 1464 3166 1503 se
3198 1447 3368 1503 otl‘ert
3398 1465 3410 1502 :
3446 1447 3529 1503 sic
3558 1451 3614 1504 et
3643 1447 3924 1504 Dominus

2277 1539 2552 1608 provocat
2575 1553 2678 1592 nos
2703 1537 2902 1592 dicens
2928 1554 2940 1592 :
2977 1559 3006 1586 «
3031 1535 3171 1600 Quis
3194 1540 3458 1609 resurget
3481 1535 3624 1593 mihi
3651 1537 3927 1594 adversus

2280 1624 2766 1698 malignantes?»
2811 1625 3154 1696 Quicunque
3194 1625 3532 1692 resurrexit,
3565 1625 3712 1681 mihi
3735 1642 3926 1682 resur-

2279 1718 2375 1784 get
2398 1729 2410 1767 :
2443 1715 2514 1769 de
2537 1729 2665 1768 meo
2688 1714 2939 1769 exercitu
2964 1717 3070 1769 est.
3106 1736 3132 1762 «
3157 1714 3450 1770 Adversus
3472 1713 3881 1786 malignantes,
3899 1736 3926 1763 »

2279 1803 2559 1858 adversus
2589 1801 2907 1872 diabolum,
2942 1807 2998 1857 et
3027 1803 3344 1858 exercitum
3392 1803 3539 1873 ejus.
3593 1825 3620 1853 «
3651 1789 3763 1858 Aut
3795 1803 3929 1873 quis

2279 1891 2458 1947 stabit
2476 1891 2746 1946 mecum?
2760 1914 2787 1940 »
2803 1891 3008 1946 Videte
3028 1891 3321 1947 ordinem:
3342 1892 3468 1947 Non
3486 1891 3632 1946 dixit
3648 1891 3925 1963 primum,

2282 1979 2415 2052 quis
2441 1981 2711 2049 stabit,et
2738 1979 2870 2052 quis
2891 1985 3195 2052 resurget:
3221 1980 3343 2051 sed,
3369 2004 3396 2029 «
3425 1980 3563 2044 Quis
3592 1986 3857 2053 resurget
3875 1986 3930 2038 et

2282 2069 2416 2140 quis
2446 2069 2644 2124 stabit.
2684 2092 2710 2117 ››
2756 2069 3010 2125 Primum
3040 2069 3194 2125 enim
3226 2068 3547 2141 surgimus,
3579 2069 3787 2125 deinde
3816 2074 3932 2125 sta-

2286 2176 2438 2214 mus.
2478 2180 2504 2210 ‹‹
2532 2161 2646 2213 Aut
2678 2159 2810 2230 quis
2840 2159 3020 2214 stabit
3050 2175 3279 2214 mecum
3311 2158 3594 2214 adversus
3625 2164 3932 2230 operantes

2284 2248 2676 2319 iniquitatem.
2718 2272 2745 2296 »
2778 2249 2953 2312 Quasi
2986 2248 3302 2320 imperator
3332 2251 3444 2304 stet
3474 2251 3532 2303 et
3561 2247 3716 2304 dicat
3744 2266 3757 2316 ;
3790 2249 3930 2314 Quis

2285 2337 2444 2392 venit
2473 2337 2531 2392 in
2563 2339 2817 2392 exercitu
2853 2353 2980 2393 meo
3006 2337 3032 2390 ‘I

2357 2425 2543 2481 «Nisi
2593 2427 2733 2499 quia
2780 2427 3066 2482 Dominus
3117 2425 3342 2498 adjuvit
3394 2443 3507 2492 me,
3559 2425 3931 2498 paulominus

2285 2515 2571 2572 habitavit
2599 2516 2657 2570 in
2690 2515 2915 2571 inferno
2948 2515 3148 2571 anima
3179 2532 3328 2571 mea.
3365 2537 3392 2564 »
3445 2516 3771 2588 Propterea,
3821 2521 3928 2571 Do-

2286 2607 2463 2672 mine,
2490 2623 2750 2677 resurgo,
2777 2605 2915 2677 quia
2946 2609 3008 2660 tu
3040 2605 3200 2660 fuisti
3225 2605 3297 2660 ad
3327 2604 3567 2672 inferos,
3591 2609 3648 2660 et
3677 2622 3931 2662 resurre-

2284 2694 2439 2751 xisti.
2478 2696 2718 2750 Detenta
2767 2694 2975 2750 fuisset
3018 2692 3216 2750 anima
3256 2709 3387 2749 mea
3425 2695 3579 2764 apud
3612 2693 3848 2761 inferos,
3880 2692 3929 2750 si

2286 2800 2402 2840 non
2437 2788 2538 2839 tua
2568 2783 2765 2839 anima
2794 2784 2864 2838 de
2895 2783 3098 2839 inferis
3131 2783 3566 2840 resurrexisset.

2362 2894 2382 2920 ιι
2417 2873 2475 2928 Si
2498 2873 2774 2928 decebam
2797 2889 2810 2928 :
2835 2877 3031 2928 motus
3053 2876 3142 2927 est
3163 2889 3265 2944 pes
3289 2889 3521 2929 meus.»
3544 2872 3931 2929 Considerans

2290 2961 2662 3032 fragilitatem
2714 2979 2926 3025 meam,
2961 2967 3018 3018 et
3065 2961 3529 3018 imbecillitatem
3588 2962 3932 3030 humanam,

2290 3067 2402 3107 non
2437 3050 2715 3122 putabam
2766 3051 2970 3122 pedem
3028 3067 3225 3106 meum
3276 3052 3444 3107 ﬁrmo
3494 3056 3649 3108 stare
3699 3053 3930 3125 gradu:

2288 3139 2626 3210 ubicunque
2687 3141 2975 3210 ponebam
3035 3140 3273 3211 pedem,
3335 3140 3565 3213 lapsum
3633 3141 3930 3198 timebam.

2288 3229 2543 3284 Rursum
2576 3229 2904 3300 cogitabam
2950 3245 3164 3286 nomen
3195 3233 3385 3298 tuum,
3420 3233 3477 3285 et
3507 3230 3674 3286 ﬁrmo
3707 3229 3932 3286 stabam

527 3317 745 3372 Diebus
768 3322 824 3372 et
844 3318 1117 3376 noctibus
1148 3319 1205 3373 in
1239 3319 1589 3391 cogitatione
1620 3337 1772 3375 sum.
1803 3321 1945 3376 Cum
1979 3325 2174 3376 autem
2207 3302 2249 3367 (ἶ
2289 3319 2454 3389 pede.

525 3405 648 3462 dies
689 3406 899 3477 judicii
948 3407 1189 3478 venerit,
1223 3407 1419 3462 omnia
1460 3406 1560 3464 illa
1602 3426 1728 3480 qua:
1762 3410 2173 3481 cogitaveram,

524 3501 770 3569 pereunt
803 3513 814 3550 :
850 3500 908 3551 et
937 3498 1326 3570 quodcunque
1358 3498 1510 3553 Deus
1543 3499 1771 3566 dixerit,
1805 3499 1912 3555 hoc
1944 3499 2172 3572 loquor.

522 3585 834 3657 Propterea
885 3591 941 3640 et
990 3585 1271 3641 Dominus
1321 3585 1378 3640 in
1430 3587 1734 3659 Evangelio
1767 3589 1892 3644 ait:
1950 3590 2174 3657 Quando

519 3675 737 3729 stabitis
767 3680 897 3728 ante
918 3675 1150 3745 judices,
1174 3691 1286 3729 non.
1315 3678 1560 3744 cogitetis
1591 3677 1721 3748 quid
1752 3680 2126 3748 respondeatis
2155 3697 2174 3734 :

521 3763 655 3834 quia
675 3764 948 3817 Dominus
1002 3763 1151 3818 dabit
1205 3765 1350 3819 vobis
1395 3768 1454 3819 in
1497 3766 1599 3819 illa
1635 3767 1770 3822 hora
1799 3767 1930 3837 quid
1959 3784 2174 3840 respon-

522 3851 697 3908 deatis
749 3853 902 3924 (Luc.
937 3869 1039 3917 x11,
1074 3854 1159 3922 ll,
1196 3854 1305 3923 12).
1365 3873 1386 3901 α
1419 3854 1702 3909 Dominus
1735 3855 1842 3910 scit
1873 3857 2175 3928 cogitatio-

524 3957 628 3997 nes
659 3939 966 3996 hominum
999 3942 1278 4014 quoniam
1310 3960 1467 3998 vanm
1501 3948 1658 3999 sunt.
1694 3966 1722 3993 »
1753 3945 1876 4001 Una
1906 3947 2174 4018 cogitatio

525 4031 661 4086 felix
693 4034 801 4097 est,
835 4032 1089 4103 cogitare
1131 4033 1201 4087 de
1231 4032 1498 4089 Domino.

601 4143 628 4170 α
662 4120 875 4176 Beatus
931 4121 1106 4177 homo
1157 4139 1331 4194 quem
1380 4127 1442 4177 tu
1490 4123 1796 4188 erudieris,
1848 4125 2110 4183 Domine.
2145 4148 2172 4176 ;›

528 4207 685 4264 Felix
717 4213 804 4264 est
835 4209 935 4281 qui
965 4210 1079 4266 Deo
1114 4211 1391 4283 magistro
1424 4211 1626 4266 utitur.
1665 4234 1692 4261 ‹‹
1723 4214 1791 4267 Et
1821 4213 1890 4268 de
1922 4213 2045 4286 lege
2075 4220 2178 4271 tua

529 4299 798 4353 docueris
847 4316 1029 4355 eum:
1083 4306 1145 4354 ut
1198 4301 1432 4372 mitiges
1480 4301 1530 4354 ei
1581 4319 1614 4355 a
1662 4301 1868 4358 diebus
1921 4303 2173 4360 malis.»

526 4388 730 4443 Videte
752 4387 894 4460 quid
921 4389 1110 4445 dicat:
1153 4389 1419 4443 «Beatus
1452 4388 1624 4445 homo
1647 4407 1819 4461 quem
1852 4395 1912 4446 tu
1947 4392 2178 4447 erudie-

524 4476 626 4544 ris,
661 4476 925 4543 Domine,
959 4482 1016 4532 et
1047 4479 1117 4533 de
1148 4478 1272 4548 lege
1314 4483 1415 4534 tua
1461 4479 1729 4535 docueris
1777 4497 1911 4536 eum
1941 4499 1955 4549 ;
1987 4502 2013 4534 ιο
2068 4481 2178 4538 hoc

525 4569 635 4631 est,
671 4564 985 4637 Scripturis
1034 4566 1172 4622 tuis.
1211 4568 1324 4622 Hoc
1374 4573 1567 4623 autem
1616 4569 1755 4640 quid
1813 4570 2069 4640 prodest,
2115 4575 2179 4625 ut

2361 3429 2387 3456 ‹‹
2419 3407 2752 3462 Secundum
2785 3406 3229 3464 multitudinem
3265 3407 3535 3465 dolorum
3582 3425 3844 3466 meorum
3874 3407 3934 3464 in

2284 3497 2456 3552 corde
2505 3513 2671 3565 meo;
2725 3496 3152 3554 consolationes
3194 3501 3305 3554 tuae
3339 3497 3777 3554 laetificaverunt
3806 3497 3934 3554 ani-

2284 3604 2441 3642 mam
2476 3602 2690 3641 meam.
2728 3608 2755 3634 »
2806 3591 2924 3642 Hoc
2957 3587 3152 3658 ipsum
3183 3591 3241 3642 ct
3271 3587 3585 3659 Apostolus
3628 3587 3886 3659 loquitur
3919 3604 3932 3642 :

2284 3675 2562 3748 quoniam
2611 3677 2935 3732 secundum
2983 3675 3231 3746 labores,
3265 3680 3322 3732 et
3368 3677 3637 3734 miserias
3680 3694 3827 3748 quas
3873 3677 3931 3732 in

2284 3765 2395 3820 isto
2445 3763 2656 3819 saculo
2717 3765 2994 3836 patimur,
3047 3764 3336 3820 habemus
3393 3767 3720 3822 mercedem
3779 3766 3934 3838 apud

2285 3855 2470 3910 Deum
2522 3854 2582 3909 in
2631 3854 2789 3908 caelis
2843 3855 2890 3923 (Ι
2920 3855 3039 3910 Cor.
3076 3870 3159 3923 ιιι,
3193 3853 3270 3923 8).
3318 3853 3658 3926 Magnitudo
3690 3853 3934 3911 tribula-

2284 3943 2534 4004 tionum,
2570 3942 2916 4014 magnitudo
2948 3940 3319 4012 praemiorum
3355 3950 3462 3996 est.
3495 3942 3646 4004 Quot
3677 3943 3938 4013 patimur

2284 4031 2544 4101 vulnera,
2581 4035 2664 4086 tot
2718 4045 3016 4085 meremur
3063 4032 3119 4084 et
3167 4045 3430 4085 coronas.
3478 4029 3594 4086 Hoc
3639 4033 3729 4086 est
3776 4032 3934 4102 quod

2287 4121 2426 4176 dicit
2459 4137 2471 4176 :
2521 4119 2755 4185 Quoties
2805 4118 2893 4190 egi
2948 4117 3368 4190 paenitentiam,
3403 4119 3572 4174 toties
3604 4135 3697 4174 me
3723 4135 3936 4176 conso-

2287 4209 2440 4266 latus
2473 4226 2554 4264 es.
2593 4208 2778 4264 Unam
2812 4207 2934 4262 fudi
2966 4206 3286 4279 lacrymam
3319 4225 3332 4263 :
3369 4225 3548 4264 unam
3580 4209 3766 4265 merui
3799 4225 3934 4265 con-

2286 4298 2650 4354 solationem.
2690 4298 2891 4352 Decem
2945 4296 3065 4351 fudi
3115 4296 3441 4368 lacrymas;
3496 4298 3692 4354 decem
3748 4297 3934 4354 merui

2287 4385 2732 4442 consolationes.
2784 4386 3315 4458 Quantumcunque
3347 4387 3456 4442 fuit
3487 4387 3720 4460 pondus
3750 4387 3930 4460 pceni-

2287 4476 2499 4542 tentias,
2534 4480 2732 4530 tantus
2765 4476 2874 4532 fuit
2904 4480 2960 4532 et
2990 4475 3454 4532 consolationum
3486 4493 3788 4533 numerus.

2360 4588 2387 4614 ‹‹
2423 4564 2530 4630 Qui
2583 4565 2751 4637 ﬁngit
2791 4565 3050 4621 laborem
3081 4565 3138 4620 in
3173 4568 3479 4637 praecepto.
3513 4587 3540 4614 »
3593 4569 3774 4622 Nemo
3805 4565 3932 4620 dor-

524 4653 803 4708 doceatur
833 4653 930 4709 ille
960 4655 1030 4709 de
1063 4655 1187 4727 lege
1217 4661 1319 4712 tua
1343 4656 1370 4709 ?
1406 4681 1424 4704 «
1466 4657 1535 4711 Ut
1565 4657 1797 4730 mitiges
1827 4657 1877 4713 ei
1910 4675 1943 4712 a
1973 4658 2178 4714 diebus
2212 4677 2256 4742 D
2290 4654 2478 4708 miens
2525 4659 2858 4724 coronatur,
2912 4671 3083 4709 nemo
3139 4670 3382 4709 securus
3443 4654 3704 4726 possidet
3761 4669 3934 4727 regna

527 4739 721 4796 malis.
785 4765 810 4789 ››
892 4744 1114 4800 Videtis
1183 4745 1359 4818 igitur
1427 4747 1706 4818 quoniam
1776 4747 2055 4817 scientia,
2124 4753 2180 4804 et

528 4831 880 4901 exercitatio,
921 4842 972 4888 et
1023 4851 1197 4905 opera
1243 4835 1313 4890 de
1363 4835 1681 4908 Scripturis
1732 4836 1964 4910 mitigat
2013 4837 2181 4893 nobis

529 4920 655 4976 dies
703 4921 933 4977 malos?
985 4925 1234 4980 «Donec
1289 4925 1542 4980 fodiatur
1592 4926 1881 4996 peccatori
1935 4927 2179 4982 fovea.»

529 5011 771 5074 Quando
821 5015 883 5066 tu
937 5013 1221 5068 erudieris
1271 5014 1340 5068 de
1391 5013 1516 5085 lege
1561 5013 1809 5084 Domini,
1845 5032 2029 5070 unum
2075 5016 2181 5070 tibi

523 5099 586 5156 in
619 5099 831 5175 duplex
858 5101 1154 5158 dividitur.
1181 5103 1310 5158 Tibi
1343 5103 1500 5158 enim
1532 5103 1656 5158 dies
1688 5103 1918 5175 mitigat
1953 5103 2138 5161 malos
2165 5122 2178 5172 ;

532 5193 590 5246 et
620 5191 907 5261 peccatori
941 5191 1085 5247 fodit
1118 5193 1359 5248 foveam.

605 5304 630 5326 ‹‹
668 5279 806 5345 Quis
829 5286 1140 5353 consurget
1163 5281 1304 5336 mihi
1329 5281 1606 5336 adversus
1633 5278 2054 5350 malignantes:
2081 5285 2183 5336 aut

532 5369 665 5440 quis
692 5370 872 5424 stabit
896 5371 1037 5425 mihi
1066 5371 1346 5426 adversus
1372 5388 1470 5425 eos
1499 5369 1598 5441 qui
1625 5373 1941 5440 operantur
1971 5369 2181 5440 iniqui-

530 5464 709 5513 tatem
735 5459 758 5511 ?
785 5482 811 5508 ››
847 5459 1092 5515 Obscuri
1123 5465 1263 5516 sunt
1290 5459 1524 5531 psalmi,
1553 5464 1608 5514 et
1637 5475 1870 5531 semper
1895 5475 2176 5530 personas

532 5552 784 5615 mutant,
817 5554 872 5603 et
902 5554 1209 5621 propterea
1238 5548 1470 5604 obscuri
1503 5553 1662 5616 sunt,
1692 5553 1747 5602 et
1779 5547 1970 5602 nimia:
2023 5548 2177 5603 difﬁ-

533 5635 769 5690 cultatis
825 5644 912 5692 est
944 5639 1154 5694 scircin
1188 5639 1439 5710 singulis
1472 5636 1776 5694 versiculis
1807 5637 1942 5708 quis
1975 5636 2176 5709 loqua-

536 5740 624 5778 ur.
695 5726 875 5789 »Quis
909 5731 1221 5798 consurget
1254 5727 1396 5783 mihi
1431 5728 1708 5783 adversus
1743 5726 2129 5799 malignantes
2160 5745 2172 5785 :

2290 4743 2608 4811 caelorum;
2666 4759 2856 4810 nemo,
2893 4745 3099 4798 referto
3147 4746 3367 4810 ventre,
3411 4747 3600 4815 potest
3647 4744 3819 4818 digne
3863 4744 3934 4798 de

2283 4833 2530 4904 jejuniis
2578 4832 2896 4903 disputare.
2930 4831 3105 4886 Vides
3155 4846 3290 4902 ergo
3339 4833 3479 4902 quid
3521 4833 3716 4888 dicat:
3767 4833 3932 4898 «Qui

2294 4921 2460 4991 ﬁngit
2520 4919 2776 4975 laborem
2835 4920 2891 4973 in
2953 4924 3258 4991 praecepto.
3305 4943 3326 4969 ι)
3389 4920 3598 4977 Omnia
3654 4925 3937 4993 praecepta

2292 5007 2520 5064 Domini
2551 5006 2809 5063 laborem
2833 5008 3070 5065 habent.
3095 5008 3232 5065 Sine
3254 5008 3451 5066 labore
3473 5026 3590 5067 non
3619 5025 3934 5082 possumus

2291 5097 2588 5170 possidere
2621 5115 2799 5170 regna
2827 5098 3126 5154 caelorum.
3149 5097 3341 5154 Vultis
3360 5099 3508 5155 scire
3529 5100 3667 5172 quia
3696 5100 3778 5156 ita
3804 5099 3936 5156 est?

2292 5188 2352 5242 Si
2397 5190 2495 5258 vis,
2551 5187 2761 5259 inquit,
2808 5194 3081 5260 perlectus
3133 5205 3262 5256 esse,
3315 5189 3467 5260 vade,
3527 5189 3693 5246 vende
3748 5191 3936 5245 omnia

2290 5293 2410 5348 quae
2437 5276 2699 5348 possides,
2733 5281 2783 5331 et
2830 5277 2901 5332 da
2948 5275 3306 5348 pauperibus,
3338 5280 3387 5330 et
3436 5278 3560 5332 veni
3598 5291 3824 5349 sequere
3851 5291 3936 5332 me

2292 5367 2497 5436 (Matth.
2532 5383 2648 5436 x1x,
2681 5368 2793 5435 21).
2846 5365 2953 5430 Qui
2997 5364 3139 5435 vult,
3187 5365 3398 5437 inquit,
3432 5367 3709 5438 consequi
3759 5382 3937 5439 regna

2290 5456 2592 5524 oculorum,
2624 5456 2831 5511 diebus
2863 5458 2919 5511 et
2953 5454 3226 5511 noctibus
3257 5460 3401 5522 oret,
3441 5455 3654 5527 vigilet,
3679 5457 3932 5528 jejunet,

2282 5547 2474 5617 jaceat
2505 5545 2563 5599 in
2597 5561 2764 5600 sacco
2799 5560 2914 5598 non
2949 5543 3005 5598 in
3038 5543 3258 5615 pluma,
3295 5561 3409 5599 non
3447 5544 3506 5599 in
3555 5545 3758 5600 serico.
3812 5546 3930 5601 Pce-

2289 5634 2536 5690 nitentia
2585 5650 2700 5689 non
2751 5636 2910 5689 amat
2956 5633 3215 5690 delicias.
3251 5634 3391 5702 Quia
3420 5635 3686 5699 cinerem,
3719 5633 3928 5707 inquit,

2286 5735 2550 5795 tanquam
2594 5739 2796 5795 panem
2826 5723 3200 5781 manducavi:
3246 5727 3300 5780 et
3341 5730 3534 5795 potum
3579 5740 3764 5782 meum
3809 5739 3933 5782 cum
