  <div class='ocr_page' id='page_1' title='image "/cluster/home/n/w/nwhite01/storage/ocr_20150623/26/umn.31951002477320a/588.png"; bbox 0 0 4256 6572; ppageno 0'>
   <div class='ocr_carea' id='block_1_1' title="bbox 316 363 469 428">
    <p class='ocr_par' dir='ltr' id='par_1_1' title="bbox 316 363 469 428">
     <span class='ocr_line' id='line_1_1' title="bbox 316 363 469 428; baseline -0.02 0"><span class='ocrx_word' id='word_1_1' title='bbox 316 363 469 428; x_wconf 75' lang='grc' dir='ltr'>ΜΠ</span> 
     </span>
    </p>
   </div>
   <div class='ocr_carea' id='block_1_2' title="bbox 320 587 1964 660">
    <p class='ocr_par' dir='ltr' id='par_1_2' title="bbox 320 587 1964 660">
     <span class='ocr_line' id='line_1_2' title="bbox 320 587 1964 660; baseline -0.002 -16"><span class='ocrx_word' id='word_1_2' title='bbox 320 591 657 660; x_wconf 69' lang='lat' dir='ltr'>praecepto:</span> <span class='ocrx_word' id='word_1_3' title='bbox 694 588 1013 660; x_wconf 79' lang='lat' dir='ltr'>captabant</span> <span class='ocrx_word' id='word_1_4' title='bbox 1058 588 1117 644; x_wconf 91' lang='lat' dir='ltr'>in</span> <span class='ocrx_word' id='word_1_5' title='bbox 1166 589 1424 644; x_wconf 87' lang='lat' dir='ltr'>animam</span> <span class='ocrx_word' id='word_1_6' title='bbox 1462 589 1630 660; x_wconf 81' lang='lat' dir='ltr'>justi.</span> <span class='ocrx_word' id='word_1_7' title='bbox 1687 611 1712 636; x_wconf 84' lang='grc'><strong>››</strong></span> <span class='ocrx_word' id='word_1_8' title='bbox 1760 587 1964 643; x_wconf 78' lang='lat' dir='ltr'>Videte</span> 
     </span>
    </p>
   </div>
   <div class='ocr_carea' id='block_1_3' title="bbox 321 676 1959 747">
    <p class='ocr_par' dir='ltr' id='par_1_3' title="bbox 321 676 1959 747">
     <span class='ocr_line' id='line_1_3' title="bbox 321 676 1959 747; baseline -0.001 -15"><span class='ocrx_word' id='word_1_9' title='bbox 321 676 614 747; x_wconf 86' lang='lat' dir='ltr'>quomodo</span> <span class='ocrx_word' id='word_1_10' title='bbox 646 693 762 732; x_wconf 91' lang='lat' dir='ltr'>non</span> <span class='ocrx_word' id='word_1_11' title='bbox 790 677 1022 732; x_wconf 91' lang='lat' dir='ltr'>videtur</span> <span class='ocrx_word' id='word_1_12' title='bbox 1068 694 1196 733; x_wconf 90' lang='lat' dir='ltr'>esse</span> <span class='ocrx_word' id='word_1_13' title='bbox 1243 694 1590 734; x_wconf 83' lang='lat' dir='ltr'>consonans.</span> <span class='ocrx_word' id='word_1_14' title='bbox 1627 680 1760 744; x_wconf 75' lang='lat' dir='ltr'>Quae</span> <span class='ocrx_word' id='word_1_15' title='bbox 1807 677 1959 733; x_wconf 90' lang='lat' dir='ltr'>enim</span> 
     </span>
    </p>
   </div>
   <div class='ocr_carea' id='block_1_4' title="bbox 319 765 1962 839">
    <p class='ocr_par' dir='ltr' id='par_1_4' title="bbox 319 765 1962 839">
     <span class='ocr_line' id='line_1_4' title="bbox 319 765 1962 839; baseline 0 -19"><span class='ocrx_word' id='word_1_16' title='bbox 319 767 409 820; x_wconf 87' lang='lat' dir='ltr'>est</span> <span class='ocrx_word' id='word_1_17' title='bbox 439 765 854 836; x_wconf 83' lang='lat' dir='ltr'>consequentia</span> <span class='ocrx_word' id='word_1_18' title='bbox 876 765 1040 829; x_wconf 82' lang='lat' dir='ltr'>:«Qui</span> <span class='ocrx_word' id='word_1_19' title='bbox 1066 767 1236 837; x_wconf 82' lang='lat' dir='ltr'>ﬁngit</span> <span class='ocrx_word' id='word_1_20' title='bbox 1262 766 1516 822; x_wconf 81' lang='lat' dir='ltr'>laborem</span> <span class='ocrx_word' id='word_1_21' title='bbox 1548 767 1606 822; x_wconf 92' lang='lat' dir='ltr'>in</span> <span class='ocrx_word' id='word_1_22' title='bbox 1638 773 1922 839; x_wconf 75' lang='lat' dir='ltr'>praecepto</span> <span class='ocrx_word' id='word_1_23' title='bbox 1949 785 1962 834; x_wconf 89' lang='lat'><strong>;</strong></span> 
     </span>
    </p>
   </div>
   <div class='ocr_carea' id='block_1_5' title="bbox 320 855 1962 928">
    <p class='ocr_par' dir='ltr' id='par_1_5' title="bbox 320 855 1962 928">
     <span class='ocr_line' id='line_1_5' title="bbox 320 855 1962 928; baseline 0.001 -19"><span class='ocrx_word' id='word_1_24' title='bbox 320 855 640 925; x_wconf 89' lang='lat' dir='ltr'>captabunt</span> <span class='ocrx_word' id='word_1_25' title='bbox 670 855 728 909; x_wconf 93' lang='lat' dir='ltr'>in</span> <span class='ocrx_word' id='word_1_26' title='bbox 759 855 1016 910; x_wconf 88' lang='lat' dir='ltr'>animam</span> <span class='ocrx_word' id='word_1_27' title='bbox 1043 855 1226 925; x_wconf 86' lang='lat' dir='ltr'>justi?</span> <span class='ocrx_word' id='word_1_28' title='bbox 1257 879 1284 906; x_wconf 88' lang='grc'>››</span> <span class='ocrx_word' id='word_1_29' title='bbox 1316 857 1425 912; x_wconf 89' lang='lat' dir='ltr'>Sed</span> <span class='ocrx_word' id='word_1_30' title='bbox 1457 857 1613 928; x_wconf 89' lang='lat' dir='ltr'>quod</span> <span class='ocrx_word' id='word_1_31' title='bbox 1650 857 1808 913; x_wconf 82' lang='lat' dir='ltr'>auris</span> <span class='ocrx_word' id='word_1_32' title='bbox 1838 873 1962 911; x_wconf 90' lang='lat' dir='ltr'>car-</span> 
     </span>
    </p>
   </div>
   <div class='ocr_carea' id='block_1_6' title="bbox 320 942 1962 1017">
    <p class='ocr_par' dir='ltr' id='par_1_6' title="bbox 320 942 1962 1017">
     <span class='ocr_line' id='line_1_6' title="bbox 320 942 1962 1017; baseline 0.001 -19"><span class='ocrx_word' id='word_1_33' title='bbox 320 958 428 999; x_wconf 89' lang='lat' dir='ltr'>nea</span> <span class='ocrx_word' id='word_1_34' title='bbox 457 960 572 998; x_wconf 91' lang='lat' dir='ltr'>non</span> <span class='ocrx_word' id='word_1_35' title='bbox 603 942 894 1016; x_wconf 82' lang='lat' dir='ltr'>intelligit,</span> <span class='ocrx_word' id='word_1_36' title='bbox 931 944 1089 1000; x_wconf 80' lang='lat' dir='ltr'>auris</span> <span class='ocrx_word' id='word_1_37' title='bbox 1118 944 1440 1016; x_wconf 89' lang='lat' dir='ltr'>spiritualis</span> <span class='ocrx_word' id='word_1_38' title='bbox 1470 944 1776 1017; x_wconf 84' lang='lat' dir='ltr'>intelliget.</span> <span class='ocrx_word' id='word_1_39' title='bbox 1813 946 1962 1010; x_wconf 92' lang='lat' dir='ltr'>Quid</span> 
     </span>
    </p>
   </div>
   <div class='ocr_carea' id='block_1_7' title="bbox 317 1031 1962 1106">
    <p class='ocr_par' dir='ltr' id='par_1_7' title="bbox 317 1031 1962 1106">
     <span class='ocr_line' id='line_1_7' title="bbox 317 1031 1962 1106; baseline -0.002 -18"><span class='ocrx_word' id='word_1_40' title='bbox 317 1047 453 1104; x_wconf 87' lang='lat' dir='ltr'>ergo</span> <span class='ocrx_word' id='word_1_41' title='bbox 485 1031 660 1088; x_wconf 85' lang='lat' dir='ltr'>dicit?</span> <span class='ocrx_word' id='word_1_42' title='bbox 711 1054 738 1082; x_wconf 92' lang='grc'>‹‹</span> <span class='ocrx_word' id='word_1_43' title='bbox 793 1033 899 1097; x_wconf 89' lang='lat' dir='ltr'>Qui</span> <span class='ocrx_word' id='word_1_44' title='bbox 951 1034 1120 1105; x_wconf 87' lang='lat' dir='ltr'>ﬁngit</span> <span class='ocrx_word' id='word_1_45' title='bbox 1167 1032 1422 1089; x_wconf 84' lang='lat' dir='ltr'>laborem</span> <span class='ocrx_word' id='word_1_46' title='bbox 1474 1034 1532 1089; x_wconf 90' lang='lat' dir='ltr'>in</span> <span class='ocrx_word' id='word_1_47' title='bbox 1584 1038 1883 1106; x_wconf 85' lang='lat' dir='ltr'>praecepto.</span> <span class='ocrx_word' id='word_1_48' title='bbox 1933 1057 1962 1084; x_wconf 85' lang='grc'>››</span> 
     </span>
    </p>
   </div>
   <div class='ocr_carea' id='block_1_8' title="bbox 317 1120 1962 1196">
    <p class='ocr_par' dir='ltr' id='par_1_8' title="bbox 317 1120 1962 1196">
     <span class='ocr_line' id='line_1_8' title="bbox 317 1120 1962 1196; baseline 0.001 -21"><span class='ocrx_word' id='word_1_49' title='bbox 317 1120 646 1193; x_wconf 85' lang='lat' dir='ltr'>Propterea,</span> <span class='ocrx_word' id='word_1_50' title='bbox 681 1120 893 1192; x_wconf 89' lang='lat' dir='ltr'>inquit,</span> <span class='ocrx_word' id='word_1_51' title='bbox 926 1120 1262 1178; x_wconf 86' lang='lat' dir='ltr'>laboramus</span> <span class='ocrx_word' id='word_1_52' title='bbox 1308 1123 1366 1177; x_wconf 91' lang='lat' dir='ltr'>in</span> <span class='ocrx_word' id='word_1_53' title='bbox 1400 1124 1702 1196; x_wconf 79' lang='lat' dir='ltr'>przeceptis</span> <span class='ocrx_word' id='word_1_54' title='bbox 1733 1123 1962 1178; x_wconf 90' lang='lat' dir='ltr'>Domini</span> 
     </span>
    </p>
   </div>
   <div class='ocr_carea' id='block_1_9' title="bbox 319 1208 1961 1283">
    <p class='ocr_par' dir='ltr' id='par_1_9' title="bbox 319 1208 1961 1283">
     <span class='ocr_line' id='line_1_9' title="bbox 319 1208 1961 1283; baseline 0.002 -19"><span class='ocrx_word' id='word_1_55' title='bbox 319 1208 524 1265; x_wconf 88' lang='lat' dir='ltr'>diebus</span> <span class='ocrx_word' id='word_1_56' title='bbox 555 1214 613 1266; x_wconf 88' lang='lat' dir='ltr'>et</span> <span class='ocrx_word' id='word_1_57' title='bbox 644 1210 932 1276; x_wconf 91' lang='lat' dir='ltr'>noctibus,</span> <span class='ocrx_word' id='word_1_58' title='bbox 965 1210 1294 1283; x_wconf 85' lang='lat' dir='ltr'>vigilamus,</span> <span class='ocrx_word' id='word_1_59' title='bbox 1314 1229 1571 1280; x_wconf 89' lang='lat' dir='ltr'>oramus,</span> <span class='ocrx_word' id='word_1_60' title='bbox 1597 1213 1961 1283; x_wconf 87' lang='lat' dir='ltr'>jejunamus,</span> 
     </span>
    </p>
   </div>
   <div class='ocr_carea' id='block_1_10' title="bbox 318 1298 1964 1373">
    <p class='ocr_par' dir='ltr' id='par_1_10' title="bbox 318 1298 1964 1373">
     <span class='ocr_line' id='line_1_10' title="bbox 318 1298 1964 1373; baseline 0.002 -20"><span class='ocrx_word' id='word_1_61' title='bbox 318 1298 593 1371; x_wconf 89' lang='lat' dir='ltr'>quoniam</span> <span class='ocrx_word' id='word_1_62' title='bbox 626 1298 843 1354; x_wconf 89' lang='lat' dir='ltr'>multos</span> <span class='ocrx_word' id='word_1_63' title='bbox 875 1298 1162 1356; x_wconf 84' lang='lat' dir='ltr'>habemus</span> <span class='ocrx_word' id='word_1_64' title='bbox 1187 1301 1573 1369; x_wconf 88' lang='lat' dir='ltr'>adversarios,</span> <span class='ocrx_word' id='word_1_65' title='bbox 1595 1303 1693 1373; x_wconf 89' lang='lat' dir='ltr'>qui</span> <span class='ocrx_word' id='word_1_66' title='bbox 1727 1305 1964 1373; x_wconf 86' lang='lat' dir='ltr'>captant</span> 
     </span>
    </p>
   </div>
   <div class='ocr_carea' id='block_1_11' title="bbox 319 1385 1966 1462">
    <p class='ocr_par' dir='ltr' id='par_1_11' title="bbox 319 1385 1966 1462">
     <span class='ocr_line' id='line_1_11' title="bbox 319 1385 1966 1462; baseline 0.002 -20"><span class='ocrx_word' id='word_1_67' title='bbox 319 1385 577 1444; x_wconf 86' lang='lat' dir='ltr'>animam</span> <span class='ocrx_word' id='word_1_68' title='bbox 617 1388 785 1459; x_wconf 89' lang='lat' dir='ltr'>justi.</span> <span class='ocrx_word' id='word_1_69' title='bbox 830 1389 1030 1445; x_wconf 86' lang='lat' dir='ltr'>Videte</span> <span class='ocrx_word' id='word_1_70' title='bbox 1080 1389 1219 1460; x_wconf 91' lang='lat' dir='ltr'>quid</span> <span class='ocrx_word' id='word_1_71' title='bbox 1268 1391 1426 1446; x_wconf 86' lang='lat' dir='ltr'>dicat</span> <span class='ocrx_word' id='word_1_72' title='bbox 1476 1407 1488 1446; x_wconf 87' lang='lat'><strong>:</strong></span> <span class='ocrx_word' id='word_1_73' title='bbox 1532 1391 1680 1460; x_wconf 81' lang='lat' dir='ltr'>justi</span> <span class='ocrx_word' id='word_1_74' title='bbox 1729 1395 1966 1462; x_wconf 89' lang='lat' dir='ltr'>captant</span> 
     </span>
    </p>
   </div>
   <div class='ocr_carea' id='block_1_12' title="bbox 318 1475 1966 1550">
    <p class='ocr_par' dir='ltr' id='par_1_12' title="bbox 318 1475 1966 1550">
     <span class='ocr_line' id='line_1_12' title="bbox 318 1475 1966 1550; baseline 0.003 -21"><span class='ocrx_word' id='word_1_75' title='bbox 318 1475 614 1545; x_wconf 83' lang='lat' dir='ltr'>animam;</span> <span class='ocrx_word' id='word_1_76' title='bbox 642 1493 756 1532; x_wconf 89' lang='lat' dir='ltr'>non</span> <span class='ocrx_word' id='word_1_77' title='bbox 789 1477 1016 1547; x_wconf 91' lang='lat' dir='ltr'>injusti.</span> <span class='ocrx_word' id='word_1_78' title='bbox 1052 1478 1176 1533; x_wconf 89' lang='lat' dir='ltr'>Non</span> <span class='ocrx_word' id='word_1_79' title='bbox 1207 1478 1363 1533; x_wconf 91' lang='lat' dir='ltr'>enim</span> <span class='ocrx_word' id='word_1_80' title='bbox 1392 1479 1594 1534; x_wconf 91' lang='lat' dir='ltr'>volunt</span> <span class='ocrx_word' id='word_1_81' title='bbox 1623 1496 1721 1535; x_wconf 92' lang='lat' dir='ltr'>eos</span> <span class='ocrx_word' id='word_1_82' title='bbox 1742 1479 1966 1550; x_wconf 90' lang='lat' dir='ltr'>decipe-</span> 
     </span>
    </p>
   </div>
   <div class='ocr_carea' id='block_1_13' title="bbox 318 1564 1962 1638">
    <p class='ocr_par' dir='ltr' id='par_1_13' title="bbox 318 1564 1962 1638">
     <span class='ocr_line' id='line_1_13' title="bbox 318 1564 1962 1638; baseline 0.002 -19"><span class='ocrx_word' id='word_1_83' title='bbox 318 1579 380 1619; x_wconf 91' lang='lat' dir='ltr'>re</span> <span class='ocrx_word' id='word_1_84' title='bbox 411 1564 511 1636; x_wconf 93' lang='lat' dir='ltr'>qui</span> <span class='ocrx_word' id='word_1_85' title='bbox 560 1565 783 1636; x_wconf 87' lang='lat' dir='ltr'>decepti</span> <span class='ocrx_word' id='word_1_86' title='bbox 814 1569 972 1632; x_wconf 91' lang='lat' dir='ltr'>sunt,</span> <span class='ocrx_word' id='word_1_87' title='bbox 1024 1567 1125 1621; x_wconf 90' lang='lat' dir='ltr'>sed</span> <span class='ocrx_word' id='word_1_88' title='bbox 1167 1567 1382 1638; x_wconf 91' lang='lat' dir='ltr'>justos.</span> <span class='ocrx_word' id='word_1_89' title='bbox 1436 1567 1598 1623; x_wconf 89' lang='lat' dir='ltr'>Unde</span> <span class='ocrx_word' id='word_1_90' title='bbox 1646 1568 1859 1623; x_wconf 90' lang='lat' dir='ltr'>dicitur</span> <span class='ocrx_word' id='word_1_91' title='bbox 1903 1568 1962 1623; x_wconf 92' lang='lat' dir='ltr'>in</span> 
     </span>
    </p>
   </div>
   <div class='ocr_carea' id='block_1_14' title="bbox 320 1653 1964 1729">
    <p class='ocr_par' dir='ltr' id='par_1_14' title="bbox 320 1653 1964 1729">
     <span class='ocr_line' id='line_1_14' title="bbox 320 1653 1964 1729; baseline 0.002 -21"><span class='ocrx_word' id='word_1_92' title='bbox 320 1653 588 1709; x_wconf 87' lang='lat' dir='ltr'>Habacuc</span> <span class='ocrx_word' id='word_1_93' title='bbox 623 1670 636 1708; x_wconf 89' lang='lat'><strong>:</strong></span> <span class='ocrx_word' id='word_1_94' title='bbox 669 1657 822 1712; x_wconf 74' lang='lat' dir='ltr'>Escae</span> <span class='ocrx_word' id='word_1_95' title='bbox 849 1655 964 1724; x_wconf 75' lang='lat' dir='ltr'>ejus</span> <span class='ocrx_word' id='word_1_96' title='bbox 996 1656 1183 1713; x_wconf 73' lang='lat' dir='ltr'>electae</span> <span class='ocrx_word' id='word_1_97' title='bbox 1212 1657 1432 1727; x_wconf 84' lang='lat' dir='ltr'>(Habac.</span> <span class='ocrx_word' id='word_1_98' title='bbox 1468 1675 1504 1727; x_wconf 84' lang='lat'>1,</span> <span class='ocrx_word' id='word_1_99' title='bbox 1539 1658 1646 1729; x_wconf 84' lang='lat'>16).</span> <span class='ocrx_word' id='word_1_100' title='bbox 1673 1681 1700 1707; x_wconf 86' lang='lat'><strong>«</strong></span> <span class='ocrx_word' id='word_1_101' title='bbox 1734 1659 1804 1712; x_wconf 88' lang='lat' dir='ltr'>Et</span> <span class='ocrx_word' id='word_1_102' title='bbox 1832 1674 1964 1713; x_wconf 88' lang='lat' dir='ltr'>san-</span> 
     </span>
    </p>
   </div>
   <div class='ocr_carea' id='block_1_15' title="bbox 320 1741 1966 1817">
    <p class='ocr_par' dir='ltr' id='par_1_15' title="bbox 320 1741 1966 1817">
     <span class='ocr_line' id='line_1_15' title="bbox 320 1741 1966 1817; baseline 0.002 -19"><span class='ocrx_word' id='word_1_103' title='bbox 320 1741 558 1814; x_wconf 88' lang='lat' dir='ltr'>guinem</span> <span class='ocrx_word' id='word_1_104' title='bbox 590 1742 961 1799; x_wconf 86' lang='lat' dir='ltr'>innocentem</span> <span class='ocrx_word' id='word_1_105' title='bbox 993 1746 1524 1801; x_wconf 86' lang='lat' dir='ltr'>condemnabunt.»</span> <span class='ocrx_word' id='word_1_106' title='bbox 1556 1746 1757 1802; x_wconf 88' lang='lat' dir='ltr'>Solent</span> <span class='ocrx_word' id='word_1_107' title='bbox 1786 1745 1966 1817; x_wconf 90' lang='lat' dir='ltr'>aliqui</span> 
     </span>
    </p>
   </div>
   <div class='ocr_carea' id='block_1_16' title="bbox 321 1829 2709 1930">
    <p class='ocr_par' dir='ltr' id='par_1_16' title="bbox 321 1829 2709 1930">
     <span class='ocr_line' id='line_1_16' title="bbox 321 1829 2709 1930; baseline -0.001 -46"><span class='ocrx_word' id='word_1_108' title='bbox 321 1830 511 1886; x_wconf 85' lang='lat' dir='ltr'>dicere</span> <span class='ocrx_word' id='word_1_109' title='bbox 541 1847 554 1885; x_wconf 90' lang='lat'><strong>:</strong></span> <span class='ocrx_word' id='word_1_110' title='bbox 592 1829 690 1886; x_wconf 91' lang='lat' dir='ltr'>Ille</span> <span class='ocrx_word' id='word_1_111' title='bbox 721 1832 823 1903; x_wconf 91' lang='lat' dir='ltr'>qui</span> <span class='ocrx_word' id='word_1_112' title='bbox 855 1832 1087 1888; x_wconf 88' lang='lat' dir='ltr'>occisus</span> <span class='ocrx_word' id='word_1_113' title='bbox 1134 1839 1241 1898; x_wconf 90' lang='lat' dir='ltr'>est,</span> <span class='ocrx_word' id='word_1_114' title='bbox 1274 1851 1388 1890; x_wconf 93' lang='lat' dir='ltr'>non</span> <span class='ocrx_word' id='word_1_115' title='bbox 1439 1835 1817 1901; x_wconf 86' lang='lat' dir='ltr'>occideretur,</span> <span class='ocrx_word' id='word_1_116' title='bbox 1852 1834 1965 1890; x_wconf 88' lang='lat' dir='ltr'>nisi</span> <span class='ocrx_word' id='word_1_117' title='bbox 1995 1865 2044 1930; x_wconf 80' lang='lat' dir='ltr'><strong>B</strong></span> <span class='ocrx_word' id='word_1_118' title='bbox 2076 1850 2188 1888; x_wconf 90' lang='lat' dir='ltr'>nus</span> <span class='ocrx_word' id='word_1_119' title='bbox 2235 1837 2384 1888; x_wconf 87' lang='lat' dir='ltr'>Deus</span> <span class='ocrx_word' id='word_1_120' title='bbox 2435 1835 2648 1886; x_wconf 88' lang='lat' dir='ltr'>noster.</span> <span class='ocrx_word' id='word_1_121' title='bbox 2688 1853 2709 1880; x_wconf 79' lang='grc' dir='ltr'>ι)</span> 
     </span>
    </p>
   </div>
   <div class='ocr_carea' id='block_1_17' title="bbox 319 1918 1961 1994">
    <p class='ocr_par' dir='ltr' id='par_1_17' title="bbox 319 1918 1961 1994">
     <span class='ocr_line' id='line_1_17' title="bbox 319 1918 1961 1994; baseline 0.004 -22"><span class='ocrx_word' id='word_1_122' title='bbox 319 1918 638 1974; x_wconf 80' lang='lat' dir='ltr'>fornicator</span> <span class='ocrx_word' id='word_1_123' title='bbox 667 1925 844 1986; x_wconf 86' lang='lat' dir='ltr'>esset,</span> <span class='ocrx_word' id='word_1_124' title='bbox 880 1925 981 1976; x_wconf 88' lang='lat' dir='ltr'>aut</span> <span class='ocrx_word' id='word_1_125' title='bbox 1010 1920 1243 1994; x_wconf 87' lang='lat' dir='ltr'>aliquod</span> <span class='ocrx_word' id='word_1_126' title='bbox 1277 1927 1582 1994; x_wconf 88' lang='lat' dir='ltr'>peccatum</span> <span class='ocrx_word' id='word_1_127' title='bbox 1641 1923 1961 1980; x_wconf 87' lang='lat' dir='ltr'>habuisset.</span> 
     </span>
    </p>
   </div>
   <div class='ocr_carea' id='block_1_18' title="bbox 321 2006 1960 2084">
    <p class='ocr_par' dir='ltr' id='par_1_18' title="bbox 321 2006 1960 2084">
     <span class='ocr_line' id='line_1_18' title="bbox 321 2006 1960 2084; baseline 0.004 -23"><span class='ocrx_word' id='word_1_128' title='bbox 321 2006 516 2062; x_wconf 86' lang='lat' dir='ltr'>Ruina</span> <span class='ocrx_word' id='word_1_129' title='bbox 543 2007 711 2063; x_wconf 89' lang='lat' dir='ltr'>illum</span> <span class='ocrx_word' id='word_1_130' title='bbox 744 2026 858 2065; x_wconf 90' lang='lat' dir='ltr'>non</span> <span class='ocrx_word' id='word_1_131' title='bbox 891 2017 1251 2082; x_wconf 88' lang='lat' dir='ltr'>occupasset,</span> <span class='ocrx_word' id='word_1_132' title='bbox 1283 2011 1395 2068; x_wconf 88' lang='lat' dir='ltr'>nisi</span> <span class='ocrx_word' id='word_1_133' title='bbox 1434 2012 1646 2068; x_wconf 81' lang='lat' dir='ltr'>fuisset</span> <span class='ocrx_word' id='word_1_134' title='bbox 1675 2017 1960 2084; x_wconf 89' lang='lat' dir='ltr'>peccator.</span> 
     </span>
    </p>
   </div>
   <div class='ocr_carea' id='block_1_19' title="bbox 317 2094 1966 2174">
    <p class='ocr_par' dir='ltr' id='par_1_19' title="bbox 317 2094 1966 2174">
     <span class='ocr_line' id='line_1_19' title="bbox 317 2094 1966 2174; baseline 0.003 -24"><span class='ocrx_word' id='word_1_135' title='bbox 317 2094 699 2168; x_wconf 85' lang='lat' dir='ltr'>Naufragium</span> <span class='ocrx_word' id='word_1_136' title='bbox 732 2097 898 2154; x_wconf 90' lang='lat' dir='ltr'>illum</span> <span class='ocrx_word' id='word_1_137' title='bbox 933 2115 1046 2155; x_wconf 91' lang='lat' dir='ltr'>non</span> <span class='ocrx_word' id='word_1_138' title='bbox 1079 2102 1490 2172; x_wconf 86' lang='lat' dir='ltr'>oppressisset,</span> <span class='ocrx_word' id='word_1_139' title='bbox 1533 2101 1644 2157; x_wconf 89' lang='lat' dir='ltr'>nisi</span> <span class='ocrx_word' id='word_1_140' title='bbox 1700 2105 1966 2174; x_wconf 90' lang='lat' dir='ltr'>peccator</span> 
     </span>
    </p>
   </div>
   <div class='ocr_carea' id='block_1_20' title="bbox 317 2183 1962 2261">
    <p class='ocr_par' dir='ltr' id='par_1_20' title="bbox 317 2183 1962 2261">
     <span class='ocr_line' id='line_1_20' title="bbox 317 2183 1962 2261; baseline 0.004 -23"><span class='ocrx_word' id='word_1_141' title='bbox 317 2183 544 2241; x_wconf 89' lang='lat' dir='ltr'>fuisset.</span> <span class='ocrx_word' id='word_1_142' title='bbox 578 2185 783 2241; x_wconf 87' lang='lat' dir='ltr'>Videte</span> <span class='ocrx_word' id='word_1_143' title='bbox 811 2203 946 2259; x_wconf 91' lang='lat' dir='ltr'>ergo</span> <span class='ocrx_word' id='word_1_144' title='bbox 980 2187 1120 2258; x_wconf 90' lang='lat' dir='ltr'>quid</span> <span class='ocrx_word' id='word_1_145' title='bbox 1163 2189 1318 2244; x_wconf 91' lang='lat' dir='ltr'>dicat</span> <span class='ocrx_word' id='word_1_146' title='bbox 1370 2194 1572 2245; x_wconf 90' lang='lat' dir='ltr'>sancta</span> <span class='ocrx_word' id='word_1_147' title='bbox 1618 2191 1915 2261; x_wconf 88' lang='lat' dir='ltr'>Scriptura</span> <span class='ocrx_word' id='word_1_148' title='bbox 1949 2207 1962 2245; x_wconf 91' lang='lat'>:</span> 
     </span>
    </p>
   </div>
   <div class='ocr_carea' id='block_1_21' title="bbox 318 2274 1964 2347">
    <p class='ocr_par' dir='ltr' id='par_1_21' title="bbox 318 2274 1964 2347">
     <span class='ocr_line' id='line_1_21' title="bbox 318 2274 1964 2347; baseline 0.007 -23"><span class='ocrx_word' id='word_1_149' title='bbox 318 2293 349 2324; x_wconf 76' lang='grc'>‹‹</span> <span class='ocrx_word' id='word_1_150' title='bbox 407 2274 477 2328; x_wconf 87' lang='lat' dir='ltr'>Et</span> <span class='ocrx_word' id='word_1_151' title='bbox 533 2274 882 2347; x_wconf 88' lang='lat' dir='ltr'>sanguinem</span> <span class='ocrx_word' id='word_1_152' title='bbox 939 2277 1308 2334; x_wconf 90' lang='lat' dir='ltr'>innocentem</span> <span class='ocrx_word' id='word_1_153' title='bbox 1369 2280 1863 2334; x_wconf 89' lang='lat' dir='ltr'>condemnabunt.</span> <span class='ocrx_word' id='word_1_154' title='bbox 1935 2301 1964 2328; x_wconf 86' lang='lat'>»</span> 
     </span>
    </p>
   </div>
   <div class='ocr_carea' id='block_1_22' title="bbox 317 2361 1966 2438">
    <p class='ocr_par' dir='ltr' id='par_1_22' title="bbox 317 2361 1966 2438">
     <span class='ocr_line' id='line_1_22' title="bbox 317 2361 1966 2438; baseline 0.005 -21"><span class='ocrx_word' id='word_1_155' title='bbox 317 2361 585 2427; x_wconf 90' lang='lat' dir='ltr'>Quandiu</span> <span class='ocrx_word' id='word_1_156' title='bbox 617 2363 675 2417; x_wconf 91' lang='lat' dir='ltr'>in</span> <span class='ocrx_word' id='word_1_157' title='bbox 706 2363 819 2419; x_wconf 89' lang='lat' dir='ltr'>isto</span> <span class='ocrx_word' id='word_1_158' title='bbox 847 2365 1053 2421; x_wconf 70' lang='lat' dir='ltr'>saacule</span> <span class='ocrx_word' id='word_1_159' title='bbox 1085 2383 1313 2438; x_wconf 89' lang='lat' dir='ltr'>sumus,</span> <span class='ocrx_word' id='word_1_160' title='bbox 1334 2368 1532 2423; x_wconf 90' lang='lat' dir='ltr'>omnia</span> <span class='ocrx_word' id='word_1_161' title='bbox 1561 2367 1620 2422; x_wconf 92' lang='lat' dir='ltr'>in</span> <span class='ocrx_word' id='word_1_162' title='bbox 1654 2385 1966 2425; x_wconf 87' lang='lat' dir='ltr'>commune</span> 
     </span>
    </p>
   </div>
   <div class='ocr_carea' id='block_1_23' title="bbox 317 2451 1962 2528">
    <p class='ocr_par' dir='ltr' id='par_1_23' title="bbox 317 2451 1962 2528">
     <span class='ocr_line' id='line_1_23' title="bbox 317 2451 1962 2528; baseline 0.005 -23"><span class='ocrx_word' id='word_1_163' title='bbox 317 2451 594 2522; x_wconf 86' lang='lat' dir='ltr'>patimur.</span> <span class='ocrx_word' id='word_1_164' title='bbox 626 2452 833 2508; x_wconf 89' lang='lat' dir='ltr'>Justus</span> <span class='ocrx_word' id='word_1_165' title='bbox 863 2458 920 2509; x_wconf 90' lang='lat' dir='ltr'>et</span> <span class='ocrx_word' id='word_1_166' title='bbox 951 2460 1220 2526; x_wconf 89' lang='lat' dir='ltr'>peccator</span> <span class='ocrx_word' id='word_1_167' title='bbox 1266 2455 1565 2527; x_wconf 68' lang='lat' dir='ltr'>azqualiter</span> <span class='ocrx_word' id='word_1_168' title='bbox 1616 2458 1962 2528; x_wconf 83' lang='lat' dir='ltr'>naufragan-</span> 
     </span>
    </p>
   </div>
   <div class='ocr_carea' id='block_1_24' title="bbox 318 2539 1963 2617">
    <p class='ocr_par' dir='ltr' id='par_1_24' title="bbox 318 2539 1963 2617">
     <span class='ocr_line' id='line_1_24' title="bbox 318 2539 1963 2617; baseline 0.005 -24"><span class='ocrx_word' id='word_1_169' title='bbox 318 2543 416 2594; x_wconf 92' lang='lat' dir='ltr'>tur</span> <span class='ocrx_word' id='word_1_170' title='bbox 447 2555 461 2595; x_wconf 87' lang='lat'><strong>:</strong></span> <span class='ocrx_word' id='word_1_171' title='bbox 495 2539 794 2611; x_wconf 68' lang='lat' dir='ltr'>{Equalem</span> <span class='ocrx_word' id='word_1_172' title='bbox 823 2541 1038 2597; x_wconf 87' lang='lat' dir='ltr'>habent</span> <span class='ocrx_word' id='word_1_173' title='bbox 1069 2559 1324 2613; x_wconf 89' lang='lat' dir='ltr'>carnem,</span> <span class='ocrx_word' id='word_1_174' title='bbox 1369 2549 1427 2600; x_wconf 88' lang='lat' dir='ltr'>et</span> <span class='ocrx_word' id='word_1_175' title='bbox 1472 2545 1724 2617; x_wconf 74' lang='lat' dir='ltr'>aequales</span> <span class='ocrx_word' id='word_1_176' title='bbox 1763 2546 1963 2601; x_wconf 85' lang='lat' dir='ltr'>condi-</span> 
     </span>
    </p>
   </div>
   <div class='ocr_carea' id='block_1_25' title="bbox 225 2627 1962 2706">
    <p class='ocr_par' dir='ltr' id='par_1_25' title="bbox 225 2627 1962 2706">
     <span class='ocr_line' id='line_1_25' title="bbox 225 2627 1962 2706; baseline 0.005 -25"><span class='ocrx_word' id='word_1_177' title='bbox 225 2668 248 2693; x_wconf 61' lang='grc' dir='ltr'><em>ο</em></span> <span class='ocrx_word' id='word_1_178' title='bbox 321 2627 510 2683; x_wconf 90' lang='lat' dir='ltr'>tiones</span> <span class='ocrx_word' id='word_1_179' title='bbox 540 2627 752 2684; x_wconf 89' lang='lat' dir='ltr'>carnis.</span> <span class='ocrx_word' id='word_1_180' title='bbox 783 2629 992 2686; x_wconf 86' lang='lat' dir='ltr'>Justus</span> <span class='ocrx_word' id='word_1_181' title='bbox 1010 2635 1066 2686; x_wconf 90' lang='lat' dir='ltr'>et</span> <span class='ocrx_word' id='word_1_182' title='bbox 1085 2637 1352 2702; x_wconf 91' lang='lat' dir='ltr'>peccator</span> <span class='ocrx_word' id='word_1_183' title='bbox 1376 2634 1674 2705; x_wconf 69' lang='lat' dir='ltr'>aequaliter</span> <span class='ocrx_word' id='word_1_184' title='bbox 1698 2645 1962 2706; x_wconf 88' lang='lat' dir='ltr'>pereunt.</span> 
     </span>
    </p>
   </div>
   <div class='ocr_carea' id='block_1_26' title="bbox 319 2716 1965 2796">
    <p class='ocr_par' dir='ltr' id='par_1_26' title="bbox 319 2716 1965 2796">
     <span class='ocr_line' id='line_1_26' title="bbox 319 2716 1965 2796; baseline 0.005 -25"><span class='ocrx_word' id='word_1_185' title='bbox 319 2716 538 2771; x_wconf 87' lang='lat' dir='ltr'>Similis</span> <span class='ocrx_word' id='word_1_186' title='bbox 571 2717 780 2783; x_wconf 85' lang='lat' dir='ltr'>exitus,</span> <span class='ocrx_word' id='word_1_187' title='bbox 814 2719 914 2774; x_wconf 89' lang='lat' dir='ltr'>sed</span> <span class='ocrx_word' id='word_1_188' title='bbox 944 2718 1170 2776; x_wconf 90' lang='lat' dir='ltr'>diversa</span> <span class='ocrx_word' id='word_1_189' title='bbox 1206 2722 1446 2793; x_wconf 69' lang='lat' dir='ltr'>praemia</span> <span class='ocrx_word' id='word_1_190' title='bbox 1480 2725 1683 2794; x_wconf 92' lang='lat' dir='ltr'>justus</span> <span class='ocrx_word' id='word_1_191' title='bbox 1734 2728 1791 2779; x_wconf 90' lang='lat' dir='ltr'>et</span> <span class='ocrx_word' id='word_1_192' title='bbox 1835 2741 1965 2796; x_wconf 90' lang='lat' dir='ltr'>pec-</span> 
     </span>
    </p>
   </div>
   <div class='ocr_carea' id='block_1_27' title="bbox 322 2804 1966 2884">
    <p class='ocr_par' dir='ltr' id='par_1_27' title="bbox 322 2804 1966 2884">
     <span class='ocr_line' id='line_1_27' title="bbox 322 2804 1966 2884; baseline 0.005 -23"><span class='ocrx_word' id='word_1_193' title='bbox 322 2807 482 2861; x_wconf 89' lang='lat' dir='ltr'>cator</span> <span class='ocrx_word' id='word_1_194' title='bbox 515 2804 748 2862; x_wconf 90' lang='lat' dir='ltr'>habent.</span> <span class='ocrx_word' id='word_1_195' title='bbox 780 2805 945 2864; x_wconf 91' lang='lat' dir='ltr'>Alius</span> <span class='ocrx_word' id='word_1_196' title='bbox 975 2809 1210 2864; x_wconf 91' lang='lat' dir='ltr'>ducitur</span> <span class='ocrx_word' id='word_1_197' title='bbox 1238 2811 1308 2866; x_wconf 89' lang='lat' dir='ltr'>ad</span> <span class='ocrx_word' id='word_1_198' title='bbox 1365 2811 1692 2884; x_wconf 85' lang='lat' dir='ltr'>gehennam</span> <span class='ocrx_word' id='word_1_199' title='bbox 1750 2832 1761 2868; x_wconf 94' lang='lat'>:</span> <span class='ocrx_word' id='word_1_200' title='bbox 1814 2812 1966 2870; x_wconf 89' lang='lat' dir='ltr'>alius</span> 
     </span>
    </p>
   </div>
   <div class='ocr_carea' id='block_1_28' title="bbox 324 2894 1964 2973">
    <p class='ocr_par' dir='ltr' id='par_1_28' title="bbox 324 2894 1964 2973">
     <span class='ocr_line' id='line_1_28' title="bbox 324 2894 1964 2973; baseline 0.005 -24"><span class='ocrx_word' id='word_1_201' title='bbox 324 2894 560 2950; x_wconf 90' lang='lat' dir='ltr'>ducitur</span> <span class='ocrx_word' id='word_1_202' title='bbox 587 2895 659 2950; x_wconf 89' lang='lat' dir='ltr'>ad</span> <span class='ocrx_word' id='word_1_203' title='bbox 693 2911 872 2970; x_wconf 90' lang='lat' dir='ltr'>regna</span> <span class='ocrx_word' id='word_1_204' title='bbox 901 2897 1200 2954; x_wconf 82' lang='lat' dir='ltr'>caelorum.</span> <span class='ocrx_word' id='word_1_205' title='bbox 1238 2923 1264 2949; x_wconf 91' lang='grc'><em>‹‹</em></span> <span class='ocrx_word' id='word_1_206' title='bbox 1300 2901 1370 2955; x_wconf 90' lang='lat' dir='ltr'>Et</span> <span class='ocrx_word' id='word_1_207' title='bbox 1400 2901 1746 2973; x_wconf 90' lang='lat' dir='ltr'>sanguinem</span> <span class='ocrx_word' id='word_1_208' title='bbox 1798 2903 1964 2957; x_wconf 92' lang='lat' dir='ltr'>inno-</span> 
     </span>
    </p>
   </div>
   <div class='ocr_carea' id='block_1_29' title="bbox 320 2984 1968 3062">
    <p class='ocr_par' dir='ltr' id='par_1_29' title="bbox 320 2984 1968 3062">
     <span class='ocr_line' id='line_1_29' title="bbox 320 2984 1968 3062; baseline 0.007 -26"><span class='ocrx_word' id='word_1_209' title='bbox 320 2986 546 3038; x_wconf 88' lang='lat' dir='ltr'>centem</span> <span class='ocrx_word' id='word_1_210' title='bbox 579 2984 1074 3043; x_wconf 88' lang='lat' dir='ltr'>condemnabunt.</span> <span class='ocrx_word' id='word_1_211' title='bbox 1114 3010 1134 3036; x_wconf 83' lang='lat'><strong><em>»</em></strong></span> <span class='ocrx_word' id='word_1_212' title='bbox 1167 2989 1396 3044; x_wconf 72' lang='lat' dir='ltr'>Sufficit</span> <span class='ocrx_word' id='word_1_213' title='bbox 1425 2990 1552 3060; x_wconf 88' lang='lat' dir='ltr'>tibi,</span> <span class='ocrx_word' id='word_1_214' title='bbox 1583 3007 1615 3045; x_wconf 95' lang='lat' dir='ltr'>o</span> <span class='ocrx_word' id='word_1_215' title='bbox 1637 2992 1818 3062; x_wconf 89' lang='lat' dir='ltr'>juste,</span> <span class='ocrx_word' id='word_1_216' title='bbox 1839 3009 1968 3047; x_wconf 89' lang='lat' dir='ltr'>con-</span> 
     </span>
    </p>
   </div>
   <div class='ocr_carea' id='block_1_30' title="bbox 320 3070 1967 3152">
    <p class='ocr_par' dir='ltr' id='par_1_30' title="bbox 320 3070 1967 3152">
     <span class='ocr_line' id='line_1_30' title="bbox 320 3070 1967 3152; baseline 0.005 -24"><span class='ocrx_word' id='word_1_217' title='bbox 320 3070 568 3128; x_wconf 87' lang='lat' dir='ltr'>scientia</span> <span class='ocrx_word' id='word_1_218' title='bbox 593 3075 714 3128; x_wconf 89' lang='lat' dir='ltr'>tua.</span> <span class='ocrx_word' id='word_1_219' title='bbox 747 3076 817 3128; x_wconf 84' lang='lat' dir='ltr'>Et</span> <span class='ocrx_word' id='word_1_220' title='bbox 846 3073 895 3129; x_wconf 91' lang='lat' dir='ltr'>si</span> <span class='ocrx_word' id='word_1_221' title='bbox 925 3077 1351 3134; x_wconf 91' lang='lat' dir='ltr'>condemnatus</span> <span class='ocrx_word' id='word_1_222' title='bbox 1382 3079 1583 3149; x_wconf 81' lang='lat' dir='ltr'>fueris,</span> <span class='ocrx_word' id='word_1_223' title='bbox 1618 3079 1696 3135; x_wconf 87' lang='lat' dir='ltr'>sit</span> <span class='ocrx_word' id='word_1_224' title='bbox 1724 3081 1967 3152; x_wconf 85' lang='lat' dir='ltr'>sanguis</span> 
     </span>
    </p>
   </div>
   <div class='ocr_carea' id='block_1_31' title="bbox 316 3160 1653 3228">
    <p class='ocr_par' dir='ltr' id='par_1_31' title="bbox 316 3160 1653 3228">
     <span class='ocr_line' id='line_1_31' title="bbox 316 3160 1653 3228; baseline 0.005 -12"><span class='ocrx_word' id='word_1_225' title='bbox 316 3163 456 3216; x_wconf 90' lang='lat' dir='ltr'>tuus</span> <span class='ocrx_word' id='word_1_226' title='bbox 484 3160 788 3228; x_wconf 89' lang='lat' dir='ltr'>innocens,</span> <span class='ocrx_word' id='word_1_227' title='bbox 821 3167 878 3216; x_wconf 91' lang='lat' dir='ltr'>et</span> <span class='ocrx_word' id='word_1_228' title='bbox 907 3163 1185 3219; x_wconf 89' lang='lat' dir='ltr'>clamabit</span> <span class='ocrx_word' id='word_1_229' title='bbox 1215 3167 1286 3221; x_wconf 90' lang='lat' dir='ltr'>ad</span> <span class='ocrx_word' id='word_1_230' title='bbox 1317 3167 1653 3223; x_wconf 88' lang='lat' dir='ltr'>Dominum.</span> 
     </span>
    </p>
   </div>
   <div class='ocr_carea' id='block_1_32' title="bbox 390 3234 2038 3329">
    <p class='ocr_par' dir='ltr' id='par_1_32' title="bbox 390 3234 2038 3329">
     <span class='ocr_line' id='line_1_32' title="bbox 390 3234 2038 3329; baseline 0.008 -30"><span class='ocrx_word' id='word_1_231' title='bbox 390 3272 419 3299; x_wconf 86' lang='lat'><strong>«</strong></span> <span class='ocrx_word' id='word_1_232' title='bbox 454 3249 520 3304; x_wconf 91' lang='lat' dir='ltr'>Et</span> <span class='ocrx_word' id='word_1_233' title='bbox 550 3249 740 3305; x_wconf 89' lang='lat' dir='ltr'>factus</span> <span class='ocrx_word' id='word_1_234' title='bbox 769 3252 859 3305; x_wconf 88' lang='lat' dir='ltr'>est</span> <span class='ocrx_word' id='word_1_235' title='bbox 889 3251 1033 3306; x_wconf 89' lang='lat' dir='ltr'>mihi</span> <span class='ocrx_word' id='word_1_236' title='bbox 1064 3252 1350 3310; x_wconf 88' lang='lat' dir='ltr'>Dominus</span> <span class='ocrx_word' id='word_1_237' title='bbox 1380 3256 1439 3310; x_wconf 91' lang='lat' dir='ltr'>in</span> <span class='ocrx_word' id='word_1_238' title='bbox 1471 3257 1784 3329; x_wconf 81' lang='lat' dir='ltr'>refugium.</span> <span class='ocrx_word' id='word_1_239' title='bbox 1811 3278 1840 3306; x_wconf 87' lang='lat'>»</span> <span class='ocrx_word' id='word_1_240' title='bbox 1865 3259 1965 3312; x_wconf 86' lang='lat' dir='ltr'>Lo-</span> <span class='ocrx_word' id='word_1_241' title='bbox 1994 3234 2038 3301; x_wconf 77' lang='lat' dir='ltr'>C</span> 
     </span>
    </p>
   </div>
   <div class='ocr_carea' id='block_1_33' title="bbox 319 3337 1964 3406">
    <p class='ocr_par' dir='ltr' id='par_1_33' title="bbox 319 3337 1964 3406">
     <span class='ocr_line' id='line_1_33' title="bbox 319 3337 1964 3406; baseline 0.004 -13"><span class='ocrx_word' id='word_1_242' title='bbox 319 3355 422 3393; x_wconf 91' lang='lat' dir='ltr'>cus</span> <span class='ocrx_word' id='word_1_243' title='bbox 446 3337 556 3392; x_wconf 90' lang='lat' dir='ltr'>iste</span> <span class='ocrx_word' id='word_1_244' title='bbox 584 3341 786 3393; x_wconf 91' lang='lat' dir='ltr'>contra</span> <span class='ocrx_word' id='word_1_245' title='bbox 812 3339 1058 3395; x_wconf 85' lang='lat' dir='ltr'>Arianos</span> <span class='ocrx_word' id='word_1_246' title='bbox 1090 3340 1246 3398; x_wconf 88' lang='lat' dir='ltr'>facit.</span> <span class='ocrx_word' id='word_1_247' title='bbox 1290 3342 1574 3406; x_wconf 85' lang='lat' dir='ltr'>Quoniam</span> <span class='ocrx_word' id='word_1_248' title='bbox 1622 3345 1778 3400; x_wconf 88' lang='lat' dir='ltr'>enim</span> <span class='ocrx_word' id='word_1_249' title='bbox 1827 3363 1964 3401; x_wconf 88' lang='lat' dir='ltr'>con-</span> 
     </span>
    </p>
   </div>
   <div class='ocr_carea' id='block_1_34' title="bbox 319 3425 1960 3502">
    <p class='ocr_par' dir='ltr' id='par_1_34' title="bbox 319 3425 1960 3502">
     <span class='ocr_line' id='line_1_34' title="bbox 319 3425 1960 3502; baseline 0.004 -20"><span class='ocrx_word' id='word_1_250' title='bbox 319 3425 618 3482; x_wconf 89' lang='lat' dir='ltr'>tradicunt</span> <span class='ocrx_word' id='word_1_251' title='bbox 646 3426 890 3483; x_wconf 90' lang='lat' dir='ltr'>Domino</span> <span class='ocrx_word' id='word_1_252' title='bbox 928 3427 1231 3499; x_wconf 88' lang='lat' dir='ltr'>Salvatori,</span> <span class='ocrx_word' id='word_1_253' title='bbox 1264 3433 1419 3502; x_wconf 82' lang='lat' dir='ltr'>quod</span> <span class='ocrx_word' id='word_1_254' title='bbox 1467 3433 1656 3489; x_wconf 82' lang='lat' dir='ltr'>factus</span> <span class='ocrx_word' id='word_1_255' title='bbox 1702 3433 1917 3489; x_wconf 91' lang='lat' dir='ltr'>dicitur</span> <span class='ocrx_word' id='word_1_256' title='bbox 1948 3451 1960 3488; x_wconf 90' lang='lat'><strong>:</strong></span> 
     </span>
    </p>
   </div>
   <div class='ocr_carea' id='block_1_35' title="bbox 321 3515 1965 3578">
    <p class='ocr_par' dir='ltr' id='par_1_35' title="bbox 321 3515 1965 3578">
     <span class='ocr_line' id='line_1_35' title="bbox 321 3515 1965 3578; baseline 0.004 -6"><span class='ocrx_word' id='word_1_257' title='bbox 321 3531 452 3572; x_wconf 90' lang='lat' dir='ltr'>ecce</span> <span class='ocrx_word' id='word_1_258' title='bbox 483 3531 590 3571; x_wconf 90' lang='lat' dir='ltr'>nos</span> <span class='ocrx_word' id='word_1_259' title='bbox 621 3515 878 3572; x_wconf 89' lang='lat' dir='ltr'>dicimus</span> <span class='ocrx_word' id='word_1_260' title='bbox 910 3534 922 3572; x_wconf 88' lang='lat'>:</span> <span class='ocrx_word' id='word_1_261' title='bbox 957 3541 984 3567; x_wconf 88' lang='grc'>‹‹</span> <span class='ocrx_word' id='word_1_262' title='bbox 1017 3519 1226 3574; x_wconf 89' lang='lat' dir='ltr'>Factus</span> <span class='ocrx_word' id='word_1_263' title='bbox 1255 3523 1345 3575; x_wconf 90' lang='lat' dir='ltr'>est</span> <span class='ocrx_word' id='word_1_264' title='bbox 1395 3521 1541 3575; x_wconf 91' lang='lat' dir='ltr'>mihi</span> <span class='ocrx_word' id='word_1_265' title='bbox 1571 3521 1855 3578; x_wconf 89' lang='lat' dir='ltr'>Dominus</span> <span class='ocrx_word' id='word_1_266' title='bbox 1905 3523 1965 3578; x_wconf 91' lang='lat' dir='ltr'>in</span> 
     </span>
    </p>
   </div>
   <div class='ocr_carea' id='block_1_36' title="bbox 320 3603 1968 3682">
    <p class='ocr_par' dir='ltr' id='par_1_36' title="bbox 320 3603 1968 3682">
     <span class='ocr_line' id='line_1_36' title="bbox 320 3603 1968 3682; baseline 0.004 -21"><span class='ocrx_word' id='word_1_267' title='bbox 320 3603 633 3675; x_wconf 87' lang='lat' dir='ltr'>refugium.</span> <span class='ocrx_word' id='word_1_268' title='bbox 669 3627 690 3654; x_wconf 76' lang='grc' dir='ltr'>ι</span> <span class='ocrx_word' id='word_1_269' title='bbox 725 3604 882 3661; x_wconf 91' lang='lat' dir='ltr'>Nulli</span> <span class='ocrx_word' id='word_1_270' title='bbox 913 3607 1182 3676; x_wconf 90' lang='lat' dir='ltr'>dubium,</span> <span class='ocrx_word' id='word_1_271' title='bbox 1240 3611 1383 3682; x_wconf 89' lang='lat' dir='ltr'>quin</span> <span class='ocrx_word' id='word_1_272' title='bbox 1433 3611 1502 3665; x_wconf 92' lang='lat' dir='ltr'>de</span> <span class='ocrx_word' id='word_1_273' title='bbox 1552 3611 1716 3667; x_wconf 89' lang='lat' dir='ltr'>Patre</span> <span class='ocrx_word' id='word_1_274' title='bbox 1745 3611 1855 3668; x_wconf 91' lang='lat' dir='ltr'>hoc</span> <span class='ocrx_word' id='word_1_275' title='bbox 1885 3613 1968 3667; x_wconf 84' lang='lat' dir='ltr'>in-</span> 
     </span>
    </p>
   </div>
   <div class='ocr_carea' id='block_1_37' title="bbox 316 3694 1966 3764">
    <p class='ocr_par' dir='ltr' id='par_1_37' title="bbox 316 3694 1966 3764">
     <span class='ocr_line' id='line_1_37' title="bbox 316 3694 1966 3764; baseline 0.004 -15"><span class='ocrx_word' id='word_1_276' title='bbox 316 3695 724 3764; x_wconf 88' lang='lat' dir='ltr'>terpretemur.</span> <span class='ocrx_word' id='word_1_277' title='bbox 761 3694 820 3749; x_wconf 87' lang='lat' dir='ltr'>Si</span> <span class='ocrx_word' id='word_1_278' title='bbox 852 3700 1050 3751; x_wconf 89' lang='lat' dir='ltr'>autem</span> <span class='ocrx_word' id='word_1_279' title='bbox 1097 3696 1169 3752; x_wconf 93' lang='lat' dir='ltr'>de</span> <span class='ocrx_word' id='word_1_280' title='bbox 1216 3697 1384 3754; x_wconf 88' lang='lat' dir='ltr'>Patre</span> <span class='ocrx_word' id='word_1_281' title='bbox 1428 3697 1643 3754; x_wconf 89' lang='lat' dir='ltr'>dicitur</span> <span class='ocrx_word' id='word_1_282' title='bbox 1673 3718 1685 3755; x_wconf 94' lang='lat'><strong>:</strong></span> <span class='ocrx_word' id='word_1_283' title='bbox 1712 3723 1740 3749; x_wconf 90' lang='lat'><strong>«</strong></span> <span class='ocrx_word' id='word_1_284' title='bbox 1773 3701 1966 3756; x_wconf 90' lang='lat' dir='ltr'>Domi-</span> 
     </span>
    </p>
   </div>
   <div class='ocr_carea' id='block_1_38' title="bbox 315 3781 1964 3859">
    <p class='ocr_par' dir='ltr' id='par_1_38' title="bbox 315 3781 1964 3859">
     <span class='ocr_line' id='line_1_38' title="bbox 315 3781 1964 3859; baseline 0.005 -22"><span class='ocrx_word' id='word_1_285' title='bbox 315 3798 430 3838; x_wconf 90' lang='lat' dir='ltr'>nus</span> <span class='ocrx_word' id='word_1_286' title='bbox 459 3781 651 3838; x_wconf 83' lang='lat' dir='ltr'>factus</span> <span class='ocrx_word' id='word_1_287' title='bbox 680 3787 769 3839; x_wconf 89' lang='lat' dir='ltr'>est</span> <span class='ocrx_word' id='word_1_288' title='bbox 819 3784 964 3839; x_wconf 90' lang='lat' dir='ltr'>mibi</span> <span class='ocrx_word' id='word_1_289' title='bbox 996 3784 1055 3839; x_wconf 91' lang='lat' dir='ltr'>in</span> <span class='ocrx_word' id='word_1_290' title='bbox 1087 3785 1406 3859; x_wconf 85' lang='lat' dir='ltr'>refugium,</span> <span class='ocrx_word' id='word_1_291' title='bbox 1441 3811 1467 3837; x_wconf 84' lang='lat'>»</span> <span class='ocrx_word' id='word_1_292' title='bbox 1503 3788 1610 3844; x_wconf 87' lang='lat' dir='ltr'>hoc</span> <span class='ocrx_word' id='word_1_293' title='bbox 1656 3805 1833 3845; x_wconf 90' lang='lat' dir='ltr'>sensu</span> <span class='ocrx_word' id='word_1_294' title='bbox 1875 3789 1964 3844; x_wconf 88' lang='lat' dir='ltr'>in-</span> 
     </span>
    </p>
   </div>
   <div class='ocr_carea' id='block_1_39' title="bbox 315 3869 1963 3952">
    <p class='ocr_par' dir='ltr' id='par_1_39' title="bbox 315 3869 1963 3952">
     <span class='ocr_line' id='line_1_39' title="bbox 315 3869 1963 3952; baseline 0.005 -26"><span class='ocrx_word' id='word_1_295' title='bbox 315 3869 697 3943; x_wconf 87' lang='lat' dir='ltr'>telligendum</span> <span class='ocrx_word' id='word_1_296' title='bbox 729 3877 819 3928; x_wconf 90' lang='lat' dir='ltr'>est</span> <span class='ocrx_word' id='word_1_297' title='bbox 852 3889 864 3927; x_wconf 88' lang='lat'>:</span> <span class='ocrx_word' id='word_1_298' title='bbox 903 3874 1186 3932; x_wconf 78' lang='lat' dir='ltr'>Dominus</span> <span class='ocrx_word' id='word_1_299' title='bbox 1217 3875 1318 3948; x_wconf 90' lang='lat' dir='ltr'>qui</span> <span class='ocrx_word' id='word_1_300' title='bbox 1349 3893 1583 3950; x_wconf 89' lang='lat' dir='ltr'>semper</span> <span class='ocrx_word' id='word_1_301' title='bbox 1623 3883 1768 3945; x_wconf 90' lang='lat' dir='ltr'>erat,</span> <span class='ocrx_word' id='word_1_302' title='bbox 1820 3879 1963 3952; x_wconf 56' lang='lat' dir='ltr'>mihi</span> 
     </span>
    </p>
   </div>
   <div class='ocr_carea' id='block_1_40' title="bbox 315 3959 1966 4041">
    <p class='ocr_par' dir='ltr' id='par_1_40' title="bbox 315 3959 1966 4041">
     <span class='ocr_line' id='line_1_40' title="bbox 315 3959 1966 4041; baseline 0.006 -26"><span class='ocrx_word' id='word_1_303' title='bbox 315 3959 503 4016; x_wconf 90' lang='lat' dir='ltr'>factus</span> <span class='ocrx_word' id='word_1_304' title='bbox 534 3965 623 4017; x_wconf 90' lang='lat' dir='ltr'>est</span> <span class='ocrx_word' id='word_1_305' title='bbox 652 3962 711 4016; x_wconf 89' lang='lat' dir='ltr'>in</span> <span class='ocrx_word' id='word_1_306' title='bbox 743 3962 1055 4036; x_wconf 87' lang='lat' dir='ltr'>refugium.</span> <span class='ocrx_word' id='word_1_307' title='bbox 1090 3965 1181 4020; x_wconf 89' lang='lat' dir='ltr'>Sic</span> <span class='ocrx_word' id='word_1_308' title='bbox 1213 3969 1271 4021; x_wconf 89' lang='lat' dir='ltr'>et</span> <span class='ocrx_word' id='word_1_309' title='bbox 1296 3965 1557 4024; x_wconf 89' lang='lat' dir='ltr'>Salvator</span> <span class='ocrx_word' id='word_1_310' title='bbox 1603 3967 1704 4039; x_wconf 82' lang='lat' dir='ltr'>qui</span> <span class='ocrx_word' id='word_1_311' title='bbox 1733 3984 1966 4041; x_wconf 90' lang='lat' dir='ltr'>semper</span> 
     </span>
    </p>
   </div>
   <div class='ocr_carea' id='block_1_41' title="bbox 314 4049 1287 4116">
    <p class='ocr_par' dir='ltr' id='par_1_41' title="bbox 314 4049 1287 4116">
     <span class='ocr_line' id='line_1_41' title="bbox 314 4049 1287 4116; baseline 0.005 -12"><span class='ocrx_word' id='word_1_312' title='bbox 314 4053 459 4116; x_wconf 89' lang='lat' dir='ltr'>erat,</span> <span class='ocrx_word' id='word_1_313' title='bbox 487 4050 633 4106; x_wconf 90' lang='lat' dir='ltr'>mihi</span> <span class='ocrx_word' id='word_1_314' title='bbox 666 4049 932 4108; x_wconf 88' lang='lat' dir='ltr'>Salvator</span> <span class='ocrx_word' id='word_1_315' title='bbox 961 4053 1151 4109; x_wconf 85' lang='lat' dir='ltr'>factus</span> <span class='ocrx_word' id='word_1_316' title='bbox 1179 4059 1287 4109; x_wconf 90' lang='lat' dir='ltr'>est.</span> 
     </span>
    </p>
   </div>
   <div class='ocr_carea' id='block_1_42' title="bbox 867 4210 1417 4268">
    <p class='ocr_par' dir='ltr' id='par_1_42' title="bbox 867 4210 1417 4268">
     <span class='ocr_line' id='line_1_42' title="bbox 867 4210 1417 4268; baseline 0.007 -4"><span class='ocrx_word' id='word_1_317' title='bbox 867 4210 1194 4268; x_wconf 89' lang='lat' dir='ltr'>PSALMUS</span> <span class='ocrx_word' id='word_1_318' title='bbox 1232 4212 1417 4268; x_wconf 90' lang='lat' dir='ltr'>XCIV.</span> 
     </span>
    </p>
   </div>
   <div class='ocr_carea' id='block_1_43' title="bbox 318 4298 1966 4373">
    <p class='ocr_par' dir='ltr' id='par_1_43' title="bbox 318 4298 1966 4373">
     <span class='ocr_line' id='line_1_43' title="bbox 318 4298 1966 4373; baseline 0.005 -20"><span class='ocrx_word' id='word_1_319' title='bbox 318 4298 689 4373; x_wconf 3' lang='lat' dir='ltr'>Lausqcantici</span> <span class='ocrx_word' id='word_1_320' title='bbox 720 4299 826 4368; x_wconf 84' lang='lat' dir='ltr'>ipsi</span> <span class='ocrx_word' id='word_1_321' title='bbox 855 4299 1047 4373; x_wconf 80' lang='lat' dir='ltr'>David.</span> <span class='ocrx_word' id='word_1_322' title='bbox 1081 4301 1195 4373; x_wconf 85' lang='lat' dir='ltr'>Iste</span> <span class='ocrx_word' id='word_1_323' title='bbox 1227 4302 1493 4373; x_wconf 89' lang='lat' dir='ltr'>psalmus</span> <span class='ocrx_word' id='word_1_324' title='bbox 1540 4321 1738 4361; x_wconf 88' lang='lat' dir='ltr'>vocem</span> <span class='ocrx_word' id='word_1_325' title='bbox 1789 4308 1966 4362; x_wconf 90' lang='lat' dir='ltr'>conti-</span> 
     </span>
    </p>
   </div>
   <div class='ocr_carea' id='block_1_44' title="bbox 387 4368 1965 4442">
    <p class='ocr_par' dir='ltr' id='par_1_44' title="bbox 387 4368 1965 4442">
     <span class='ocr_line' id='line_1_44' title="bbox 387 4368 1965 4442; baseline 0.008 -20"><span class='ocrx_word' id='word_1_326' title='bbox 387 4371 486 4423; x_wconf 89' lang='lat' dir='ltr'>net</span> <span class='ocrx_word' id='word_1_327' title='bbox 514 4368 828 4442; x_wconf 84' lang='lat' dir='ltr'>propbetae,</span> <span class='ocrx_word' id='word_1_328' title='bbox 860 4368 1525 4442; x_wconf 59' lang='lat' dir='ltr'>cohortantis&#39;homines</span> <span class='ocrx_word' id='word_1_329' title='bbox 1556 4377 1626 4431; x_wconf 91' lang='lat' dir='ltr'>ad</span> <span class='ocrx_word' id='word_1_330' title='bbox 1660 4377 1843 4433; x_wconf 90' lang='lat' dir='ltr'>Deum</span> <span class='ocrx_word' id='word_1_331' title='bbox 1895 4380 1965 4435; x_wconf 91' lang='lat' dir='ltr'>de</span> 
     </span>
    </p>
   </div>
   <div class='ocr_carea' id='block_1_45' title="bbox 386 4439 1012 4496">
    <p class='ocr_par' dir='ltr' id='par_1_45' title="bbox 386 4439 1012 4496">
     <span class='ocr_line' id='line_1_45' title="bbox 386 4439 1012 4496; baseline 0.002 -1"><span class='ocrx_word' id='word_1_332' title='bbox 386 4439 712 4496; x_wconf 46' lang='lat' dir='ltr'>toto—corde</span> <span class='ocrx_word' id='word_1_333' title='bbox 742 4439 1012 4496; x_wconf 90' lang='lat' dir='ltr'>transire.</span> 
     </span>
    </p>
   </div>
   <div class='ocr_carea' id='block_1_46' title="bbox 1483 361 2534 430">
    <p class='ocr_par' dir='ltr' id='par_1_46' title="bbox 1483 361 2534 430">
     <span class='ocr_line' id='line_1_46' title="bbox 1483 361 2534 430; baseline -0.006 -2"><span class='ocrx_word' id='word_1_334' title='bbox 1483 361 1979 430; x_wconf 80' lang='lat' dir='ltr'>BREVIARIUM</span> <span class='ocrx_word' id='word_1_335' title='bbox 2021 361 2102 424; x_wconf 82' lang='grc' dir='ltr'>ΙΝ</span> <span class='ocrx_word' id='word_1_336' title='bbox 2148 361 2534 426; x_wconf 85' lang='lat' dir='ltr'>PSALMOS.</span> 
     </span>
    </p>
   </div>
   <div class='ocr_carea' id='block_1_47' title="bbox 313 489 2046 572">
    <p class='ocr_par' dir='ltr' id='par_1_47' title="bbox 313 489 2046 572">
     <span class='ocr_line' id='line_1_47' title="bbox 313 489 2046 572; baseline -0.001 -19"><span class='ocrx_word' id='word_1_337' title='bbox 313 498 446 569; x_wconf 73' lang='lat' dir='ltr'>ﬂetu</span> <span class='ocrx_word' id='word_1_338' title='bbox 471 489 766 553; x_wconf 73' lang='lat' dir='ltr'>miscebam</span> <span class='ocrx_word' id='word_1_339' title='bbox 799 494 967 570; x_wconf 83' lang='lat' dir='ltr'>(Psal.</span> <span class='ocrx_word' id='word_1_340' title='bbox 997 509 1076 566; x_wconf 77' lang='lat' dir='ltr'>cx,</span> <span class='ocrx_word' id='word_1_341' title='bbox 1111 495 1255 570; x_wconf 87' lang='grc'>10).‹‹</span> <span class='ocrx_word' id='word_1_342' title='bbox 1287 497 1394 563; x_wconf 89' lang='lat' dir='ltr'>Qui</span> <span class='ocrx_word' id='word_1_343' title='bbox 1425 500 1593 572; x_wconf 84' lang='lat' dir='ltr'>ﬁngit</span> <span class='ocrx_word' id='word_1_344' title='bbox 1621 499 1878 555; x_wconf 88' lang='lat' dir='ltr'>laborem</span> <span class='ocrx_word' id='word_1_345' title='bbox 1901 499 1960 552; x_wconf 89' lang='lat' dir='ltr'>in</span> <span class='ocrx_word' id='word_1_346' title='bbox 1990 499 2046 562; x_wconf 84' lang='grc' dir='ltr'><strong>Α</strong></span> 
     </span>
    </p>
   </div>
   <div class='ocr_carea' id='block_1_48' title="bbox 3565 357 3724 423">
    <p class='ocr_par' dir='ltr' id='par_1_48' title="bbox 3565 357 3724 423">
     <span class='ocr_line' id='line_1_48' title="bbox 3565 357 3724 423; baseline 0 0"><span class='ocrx_word' id='word_1_347' title='bbox 3565 357 3724 423; x_wconf 80' lang='lat' dir='ltr'>H78</span> 
     </span>
    </p>
   </div>
   <div class='ocr_carea' id='block_1_49' title="bbox 2146 492 3713 566">
    <p class='ocr_par' dir='ltr' id='par_1_49' title="bbox 2146 492 3713 566">
     <span class='ocr_line' id='line_1_49' title="bbox 2146 492 3713 566; baseline 0.003 -20"><span class='ocrx_word' id='word_1_348' title='bbox 2146 521 2173 546; x_wconf 88' lang='grc'>‹‹</span> <span class='ocrx_word' id='word_1_349' title='bbox 2207 498 2352 561; x_wconf 88' lang='lat' dir='ltr'>Quia</span> <span class='ocrx_word' id='word_1_350' title='bbox 2381 497 2441 552; x_wconf 91' lang='lat' dir='ltr'>in</span> <span class='ocrx_word' id='word_1_351' title='bbox 2475 509 2660 552; x_wconf 83' lang='lat' dir='ltr'>manu</span> <span class='ocrx_word' id='word_1_352' title='bbox 2683 493 2812 566; x_wconf 89' lang='lat' dir='ltr'>ejus</span> <span class='ocrx_word' id='word_1_353' title='bbox 2842 495 2982 552; x_wconf 88' lang='lat' dir='ltr'>sunt</span> <span class='ocrx_word' id='word_1_354' title='bbox 3018 508 3220 550; x_wconf 89' lang='lat' dir='ltr'>omnes</span> <span class='ocrx_word' id='word_1_355' title='bbox 3267 492 3416 551; x_wconf 82' lang='lat' dir='ltr'>ﬁnes</span> <span class='ocrx_word' id='word_1_356' title='bbox 3467 497 3653 554; x_wconf 65' lang='lat' dir='ltr'>terrae.</span> <span class='ocrx_word' id='word_1_357' title='bbox 3690 518 3713 550; x_wconf 72' lang='grc' dir='ltr'>ι</span> 
     </span>
    </p>
   </div>
   <div class='ocr_carea' id='block_1_50' title="bbox 2073 583 3721 659">
    <p class='ocr_par' dir='ltr' id='par_1_50' title="bbox 2073 583 3721 659">
     <span class='ocr_line' id='line_1_50' title="bbox 2073 583 3721 659; baseline 0.001 -17"><span class='ocrx_word' id='word_1_358' title='bbox 2073 586 2300 659; x_wconf 89' lang='lat' dir='ltr'>Pugillo</span> <span class='ocrx_word' id='word_1_359' title='bbox 2357 586 2514 642; x_wconf 88' lang='lat' dir='ltr'>enim</span> <span class='ocrx_word' id='word_1_360' title='bbox 2562 585 2619 641; x_wconf 91' lang='lat' dir='ltr'>id</span> <span class='ocrx_word' id='word_1_361' title='bbox 2669 589 2776 657; x_wconf 91' lang='lat' dir='ltr'>est,</span> <span class='ocrx_word' id='word_1_362' title='bbox 2826 587 3131 656; x_wconf 89' lang='lat' dir='ltr'>potestate,</span> <span class='ocrx_word' id='word_1_363' title='bbox 3163 583 3458 640; x_wconf 85' lang='lat' dir='ltr'>concludit</span> <span class='ocrx_word' id='word_1_364' title='bbox 3485 601 3721 643; x_wconf 88' lang='lat' dir='ltr'>omnem</span> 
     </span>
    </p>
   </div>
   <div class='ocr_carea' id='block_1_51' title="bbox 2071 672 3720 747">
    <p class='ocr_par' dir='ltr' id='par_1_51' title="bbox 2071 672 3720 747">
     <span class='ocr_line' id='line_1_51' title="bbox 2071 672 3720 747; baseline -0.001 -15"><span class='ocrx_word' id='word_1_365' title='bbox 2071 675 2442 732; x_wconf 88' lang='lat' dir='ltr'>latitudinem</span> <span class='ocrx_word' id='word_1_366' title='bbox 2477 679 2659 730; x_wconf 62' lang='lat' dir='ltr'>terrae.</span> <span class='ocrx_word' id='word_1_367' title='bbox 2686 697 2713 723; x_wconf 91' lang='grc'><strong>‹‹</strong></span> <span class='ocrx_word' id='word_1_368' title='bbox 2747 675 2815 729; x_wconf 86' lang='lat' dir='ltr'>Et</span> <span class='ocrx_word' id='word_1_369' title='bbox 2847 672 3188 729; x_wconf 90' lang='lat' dir='ltr'>altitudines</span> <span class='ocrx_word' id='word_1_370' title='bbox 3211 675 3501 730; x_wconf 89' lang='lat' dir='ltr'>montium</span> <span class='ocrx_word' id='word_1_371' title='bbox 3532 674 3720 747; x_wconf 90' lang='lat' dir='ltr'>ipsius</span> 
     </span>
    </p>
   </div>
   <div class='ocr_carea' id='block_1_52' title="bbox 2073 760 3717 835">
    <p class='ocr_par' dir='ltr' id='par_1_52' title="bbox 2073 760 3717 835">
     <span class='ocr_line' id='line_1_52' title="bbox 2073 760 3717 835; baseline -0.002 -13"><span class='ocrx_word' id='word_1_372' title='bbox 2073 773 2230 822; x_wconf 91' lang='lat' dir='ltr'>sunt.</span> <span class='ocrx_word' id='word_1_373' title='bbox 2265 788 2292 815; x_wconf 87' lang='grc'><strong>››</strong></span> <span class='ocrx_word' id='word_1_374' title='bbox 2326 763 2771 820; x_wconf 86' lang='lat' dir='ltr'>Praedicationes</span> <span class='ocrx_word' id='word_1_375' title='bbox 2803 760 3154 834; x_wconf 63' lang='lat' dir='ltr'>apostolicae,</span> <span class='ocrx_word' id='word_1_376' title='bbox 3188 779 3333 834; x_wconf 89' lang='lat' dir='ltr'>quas</span> <span class='ocrx_word' id='word_1_377' title='bbox 3383 763 3506 835; x_wconf 90' lang='lat' dir='ltr'>ipse</span> <span class='ocrx_word' id='word_1_378' title='bbox 3533 762 3717 835; x_wconf 89' lang='lat' dir='ltr'>inspi-</span> 
     </span>
    </p>
   </div>
   <div class='ocr_carea' id='block_1_53' title="bbox 2074 859 2181 912">
    <p class='ocr_par' dir='ltr' id='par_1_53' title="bbox 2074 859 2181 912">
     <span class='ocr_line' id='line_1_53' title="bbox 2074 859 2181 912; baseline -0.009 -2"><span class='ocrx_word' id='word_1_379' title='bbox 2074 859 2181 912; x_wconf 91' lang='lat' dir='ltr'>rat.</span> 
     </span>
    </p>
   </div>
   <div class='ocr_carea' id='block_1_54' title="bbox 2147 939 3712 1014">
    <p class='ocr_par' dir='ltr' id='par_1_54' title="bbox 2147 939 3712 1014">
     <span class='ocr_line' id='line_1_54' title="bbox 2147 939 3712 1014; baseline 0 -20"><span class='ocrx_word' id='word_1_380' title='bbox 2147 966 2174 994; x_wconf 83' lang='lat'><strong>«</strong></span> <span class='ocrx_word' id='word_1_381' title='bbox 2206 943 2490 1009; x_wconf 89' lang='lat' dir='ltr'>Quoniam</span> <span class='ocrx_word' id='word_1_382' title='bbox 2519 941 2706 1013; x_wconf 87' lang='lat' dir='ltr'>ipsius</span> <span class='ocrx_word' id='word_1_383' title='bbox 2736 946 2825 995; x_wconf 90' lang='lat' dir='ltr'>est</span> <span class='ocrx_word' id='word_1_384' title='bbox 2854 957 3036 1010; x_wconf 90' lang='lat' dir='ltr'>mare,</span> <span class='ocrx_word' id='word_1_385' title='bbox 3070 944 3126 996; x_wconf 90' lang='lat' dir='ltr'>et</span> <span class='ocrx_word' id='word_1_386' title='bbox 3155 940 3280 1014; x_wconf 90' lang='lat' dir='ltr'>ipse</span> <span class='ocrx_word' id='word_1_387' title='bbox 3312 942 3444 997; x_wconf 88' lang='lat' dir='ltr'>fecit</span> <span class='ocrx_word' id='word_1_388' title='bbox 3482 939 3646 997; x_wconf 92' lang='lat' dir='ltr'>illud.</span> <span class='ocrx_word' id='word_1_389' title='bbox 3689 965 3712 995; x_wconf 75' lang='grc' dir='ltr'>ι</span> 
     </span>
    </p>
   </div>
   <div class='ocr_carea' id='block_1_55' title="bbox 2073 1029 3718 1102">
    <p class='ocr_par' dir='ltr' id='par_1_55' title="bbox 2073 1029 3718 1102">
     <span class='ocr_line' id='line_1_55' title="bbox 2073 1029 3718 1102; baseline 0.001 -15"><span class='ocrx_word' id='word_1_390' title='bbox 2073 1035 2198 1088; x_wconf 73' lang='lat' dir='ltr'>Hazc</span> <span class='ocrx_word' id='word_1_391' title='bbox 2229 1036 2284 1087; x_wconf 90' lang='lat' dir='ltr'>et</span> <span class='ocrx_word' id='word_1_392' title='bbox 2315 1033 2385 1087; x_wconf 89' lang='lat' dir='ltr'>de</span> <span class='ocrx_word' id='word_1_393' title='bbox 2416 1029 2627 1087; x_wconf 80' lang='lat' dir='ltr'>saeculo</span> <span class='ocrx_word' id='word_1_394' title='bbox 2660 1029 3037 1102; x_wconf 89' lang='lat' dir='ltr'>intelligenda</span> <span class='ocrx_word' id='word_1_395' title='bbox 3069 1033 3232 1098; x_wconf 87' lang='lat' dir='ltr'>sunt,</span> <span class='ocrx_word' id='word_1_396' title='bbox 3257 1036 3313 1086; x_wconf 89' lang='lat' dir='ltr'>et</span> <span class='ocrx_word' id='word_1_397' title='bbox 3344 1031 3413 1086; x_wconf 86' lang='lat' dir='ltr'>de</span> <span class='ocrx_word' id='word_1_398' title='bbox 3444 1031 3554 1087; x_wconf 90' lang='lat' dir='ltr'>isto</span> <span class='ocrx_word' id='word_1_399' title='bbox 3585 1049 3718 1088; x_wconf 88' lang='lat' dir='ltr'>vero</span> 
     </span>
    </p>
   </div>
   <div class='ocr_carea' id='block_1_56' title="bbox 2071 1119 3722 1192">
    <p class='ocr_par' dir='ltr' id='par_1_56' title="bbox 2071 1119 3722 1192">
     <span class='ocr_line' id='line_1_56' title="bbox 2071 1119 3722 1192; baseline -0.001 -15"><span class='ocrx_word' id='word_1_400' title='bbox 2071 1121 2240 1191; x_wconf 90' lang='lat' dir='ltr'>mari,</span> <span class='ocrx_word' id='word_1_401' title='bbox 2274 1122 2344 1176; x_wconf 90' lang='lat' dir='ltr'>ad</span> <span class='ocrx_word' id='word_1_402' title='bbox 2376 1120 2834 1176; x_wconf 88' lang='lat' dir='ltr'>confutationem</span> <span class='ocrx_word' id='word_1_403' title='bbox 2867 1136 3068 1174; x_wconf 90' lang='lat' dir='ltr'>eorum</span> <span class='ocrx_word' id='word_1_404' title='bbox 3100 1119 3200 1192; x_wconf 91' lang='lat' dir='ltr'>qui</span> <span class='ocrx_word' id='word_1_405' title='bbox 3235 1120 3440 1175; x_wconf 91' lang='lat' dir='ltr'>dicunt</span> <span class='ocrx_word' id='word_1_406' title='bbox 3477 1137 3661 1192; x_wconf 89' lang='lat' dir='ltr'>aquas</span> <span class='ocrx_word' id='word_1_407' title='bbox 3689 1138 3722 1175; x_wconf 89' lang='lat' dir='ltr'>a</span> 
     </span>
    </p>
   </div>
   <div class='ocr_carea' id='block_1_57' title="bbox 2070 1207 3722 1282">
    <p class='ocr_par' dir='ltr' id='par_1_57' title="bbox 2070 1207 3722 1282">
     <span class='ocr_line' id='line_1_57' title="bbox 2070 1207 3722 1282; baseline -0.001 -16"><span class='ocrx_word' id='word_1_408' title='bbox 2070 1211 2184 1266; x_wconf 90' lang='lat' dir='ltr'>Deo</span> <span class='ocrx_word' id='word_1_409' title='bbox 2217 1227 2330 1266; x_wconf 93' lang='lat' dir='ltr'>non</span> <span class='ocrx_word' id='word_1_410' title='bbox 2361 1227 2489 1266; x_wconf 90' lang='lat' dir='ltr'>esse</span> <span class='ocrx_word' id='word_1_411' title='bbox 2520 1213 2764 1265; x_wconf 90' lang='lat' dir='ltr'>creatas.</span> <span class='ocrx_word' id='word_1_412' title='bbox 2799 1213 2942 1263; x_wconf 91' lang='lat' dir='ltr'>Nam</span> <span class='ocrx_word' id='word_1_413' title='bbox 2975 1213 3034 1264; x_wconf 92' lang='lat' dir='ltr'>et</span> <span class='ocrx_word' id='word_1_414' title='bbox 3063 1207 3334 1265; x_wconf 89' lang='lat' dir='ltr'>Salomon</span> <span class='ocrx_word' id='word_1_415' title='bbox 3374 1227 3443 1265; x_wconf 88' lang='lat' dir='ltr'>ex</span> <span class='ocrx_word' id='word_1_416' title='bbox 3473 1226 3722 1282; x_wconf 86' lang='lat' dir='ltr'>persona</span> 
     </span>
    </p>
   </div>
   <div class='ocr_carea' id='block_1_58' title="bbox 2072 1295 3720 1370">
    <p class='ocr_par' dir='ltr' id='par_1_58' title="bbox 2072 1295 3720 1370">
     <span class='ocr_line' id='line_1_58' title="bbox 2072 1295 3720 1370; baseline -0.002 -15"><span class='ocrx_word' id='word_1_417' title='bbox 2072 1298 2402 1370; x_wconf 78' lang='lat' dir='ltr'>Sapientiae,</span> <span class='ocrx_word' id='word_1_418' title='bbox 2437 1297 2535 1368; x_wconf 91' lang='lat' dir='ltr'>qui</span> <span class='ocrx_word' id='word_1_419' title='bbox 2560 1301 2647 1352; x_wconf 90' lang='lat' dir='ltr'>est</span> <span class='ocrx_word' id='word_1_420' title='bbox 2672 1296 2960 1364; x_wconf 89' lang='lat' dir='ltr'>Christus,</span> <span class='ocrx_word' id='word_1_421' title='bbox 2995 1295 3116 1350; x_wconf 90' lang='lat' dir='ltr'>ait:</span> <span class='ocrx_word' id='word_1_422' title='bbox 3150 1298 3481 1368; x_wconf 76' lang='lat' dir='ltr'>Priusquam</span> <span class='ocrx_word' id='word_1_423' title='bbox 3517 1296 3720 1366; x_wconf 83' lang='lat' dir='ltr'>produ-</span> 
     </span>
    </p>
   </div>
   <div class='ocr_carea' id='block_1_59' title="bbox 2070 1385 3723 1458">
    <p class='ocr_par' dir='ltr' id='par_1_59' title="bbox 2070 1385 3723 1458">
     <span class='ocr_line' id='line_1_59' title="bbox 2070 1385 3723 1458; baseline -0.002 -15"><span class='ocrx_word' id='word_1_424' title='bbox 2070 1392 2210 1443; x_wconf 82' lang='lat' dir='ltr'>ceret</span> <span class='ocrx_word' id='word_1_425' title='bbox 2266 1391 2441 1458; x_wconf 77' lang='lat' dir='ltr'>[ontes</span> <span class='ocrx_word' id='word_1_426' title='bbox 2471 1402 2765 1458; x_wconf 85' lang='lat' dir='ltr'>aquarum,</span> <span class='ocrx_word' id='word_1_427' title='bbox 2793 1401 2888 1455; x_wconf 86' lang='lat' dir='ltr'>ego</span> <span class='ocrx_word' id='word_1_428' title='bbox 2945 1400 3115 1439; x_wconf 85' lang='lat' dir='ltr'>eram.</span> <span class='ocrx_word' id='word_1_429' title='bbox 3151 1385 3329 1456; x_wconf 88' lang='lat' dir='ltr'>(Prov.</span> <span class='ocrx_word' id='word_1_430' title='bbox 3357 1401 3480 1454; x_wconf 81' lang='lat' dir='ltr'>VIII,</span> <span class='ocrx_word' id='word_1_431' title='bbox 3511 1385 3622 1455; x_wconf 82' lang='grc'>24).</span> <span class='ocrx_word' id='word_1_432' title='bbox 3657 1385 3723 1440; x_wconf 90' lang='lat' dir='ltr'>Et</span> 
     </span>
    </p>
   </div>
   <div class='ocr_carea' id='block_1_60' title="bbox 2073 1472 3721 1546">
    <p class='ocr_par' dir='ltr' id='par_1_60' title="bbox 2073 1472 3721 1546">
     <span class='ocr_line' id='line_1_60' title="bbox 2073 1472 3721 1546; baseline -0.002 -15"><span class='ocrx_word' id='word_1_433' title='bbox 2073 1477 2288 1532; x_wconf 91' lang='lat' dir='ltr'>siccam</span> <span class='ocrx_word' id='word_1_434' title='bbox 2319 1492 2530 1531; x_wconf 90' lang='lat' dir='ltr'>manus</span> <span class='ocrx_word' id='word_1_435' title='bbox 2562 1475 2686 1546; x_wconf 85' lang='lat' dir='ltr'>ejus</span> <span class='ocrx_word' id='word_1_436' title='bbox 2719 1473 3141 1530; x_wconf 87' lang='lat' dir='ltr'>formaverunt.</span> <span class='ocrx_word' id='word_1_437' title='bbox 3184 1497 3210 1524; x_wconf 88' lang='grc'><strong>››</strong></span> <span class='ocrx_word' id='word_1_438' title='bbox 3243 1473 3371 1530; x_wconf 89' lang='lat' dir='ltr'>Sive</span> <span class='ocrx_word' id='word_1_439' title='bbox 3411 1490 3568 1540; x_wconf 89' lang='lat' dir='ltr'>arva,</span> <span class='ocrx_word' id='word_1_440' title='bbox 3601 1472 3721 1528; x_wconf 90' lang='lat' dir='ltr'>sive</span> 
     </span>
    </p>
   </div>
   <div class='ocr_carea' id='block_1_61' title="bbox 2073 1565 2623 1636">
    <p class='ocr_par' dir='ltr' id='par_1_61' title="bbox 2073 1565 2623 1636">
     <span class='ocr_line' id='line_1_61' title="bbox 2073 1565 2623 1636; baseline -0.005 -16"><span class='ocrx_word' id='word_1_441' title='bbox 2073 1565 2332 1620; x_wconf 88' lang='lat' dir='ltr'>humana</span> <span class='ocrx_word' id='word_1_442' title='bbox 2363 1580 2623 1636; x_wconf 89' lang='lat' dir='ltr'>corpora.</span> 
     </span>
    </p>
   </div>
   <div class='ocr_carea' id='block_1_62' title="bbox 2145 1651 3717 1730">
    <p class='ocr_par' dir='ltr' id='par_1_62' title="bbox 2145 1651 3717 1730">
     <span class='ocr_line' id='line_1_62' title="bbox 2145 1651 3717 1730; baseline 0.004 -28"><span class='ocrx_word' id='word_1_443' title='bbox 2145 1678 2172 1703; x_wconf 85' lang='lat'>((</span> <span class='ocrx_word' id='word_1_444' title='bbox 2205 1653 2428 1730; x_wconf 86' lang='lat' dir='ltr'>Venite,</span> <span class='ocrx_word' id='word_1_445' title='bbox 2461 1654 2793 1721; x_wconf 88' lang='lat' dir='ltr'>adoremus,</span> <span class='ocrx_word' id='word_1_446' title='bbox 2827 1656 2884 1707; x_wconf 92' lang='lat' dir='ltr'>et</span> <span class='ocrx_word' id='word_1_447' title='bbox 2913 1651 3288 1724; x_wconf 89' lang='lat' dir='ltr'>procidamus</span> <span class='ocrx_word' id='word_1_448' title='bbox 3317 1656 3374 1706; x_wconf 89' lang='lat' dir='ltr'>et</span> <span class='ocrx_word' id='word_1_449' title='bbox 3421 1651 3717 1722; x_wconf 89' lang='lat' dir='ltr'>ploremus</span> 
     </span>
    </p>
   </div>
   <div class='ocr_carea' id='block_1_63' title="bbox 2075 1739 3804 1814">
    <p class='ocr_par' dir='ltr' id='par_1_63' title="bbox 2075 1739 3804 1814">
     <span class='ocr_line' id='line_1_63' title="bbox 2075 1739 3804 1814; baseline -0.002 -15"><span class='ocrx_word' id='word_1_450' title='bbox 2075 1759 2269 1799; x_wconf 90' lang='lat' dir='ltr'>coram</span> <span class='ocrx_word' id='word_1_451' title='bbox 2302 1742 2548 1798; x_wconf 90' lang='lat' dir='ltr'>Domino</span> <span class='ocrx_word' id='word_1_452' title='bbox 2580 1741 2679 1814; x_wconf 92' lang='lat' dir='ltr'>qui</span> <span class='ocrx_word' id='word_1_453' title='bbox 2715 1741 2848 1796; x_wconf 87' lang='lat' dir='ltr'>fecit</span> <span class='ocrx_word' id='word_1_454' title='bbox 2878 1758 2984 1796; x_wconf 92' lang='lat' dir='ltr'>nos</span> <span class='ocrx_word' id='word_1_455' title='bbox 3017 1759 3029 1797; x_wconf 90' lang='lat'>:</span> <span class='ocrx_word' id='word_1_456' title='bbox 3066 1740 3203 1812; x_wconf 88' lang='lat' dir='ltr'>quia</span> <span class='ocrx_word' id='word_1_457' title='bbox 3232 1740 3357 1812; x_wconf 90' lang='lat' dir='ltr'>ipse</span> <span class='ocrx_word' id='word_1_458' title='bbox 3388 1745 3476 1797; x_wconf 89' lang='lat' dir='ltr'>est</span> <span class='ocrx_word' id='word_1_459' title='bbox 3520 1740 3718 1796; x_wconf 89' lang='lat' dir='ltr'>Domi-</span> <span class='ocrx_word' id='word_1_460' title='bbox 3801 1739 3804 1744; x_wconf 82' lang='grc'><em>’</em></span> 
     </span>
    </p>
   </div>
   <div class='ocr_carea' id='block_1_64' title="bbox 2764 1829 3718 1901">
    <p class='ocr_par' dir='ltr' id='par_1_64' title="bbox 2764 1829 3718 1901">
     <span class='ocr_line' id='line_1_64' title="bbox 2764 1829 3718 1901; baseline 0 -17"><span class='ocrx_word' id='word_1_461' title='bbox 2764 1830 2968 1886; x_wconf 88' lang='lat' dir='ltr'>Coram</span> <span class='ocrx_word' id='word_1_462' title='bbox 3017 1829 3115 1884; x_wconf 92' lang='lat' dir='ltr'>illo</span> <span class='ocrx_word' id='word_1_463' title='bbox 3165 1830 3474 1901; x_wconf 87' lang='lat' dir='ltr'>prosterni,</span> <span class='ocrx_word' id='word_1_464' title='bbox 3508 1834 3564 1885; x_wconf 91' lang='lat' dir='ltr'>et</span> <span class='ocrx_word' id='word_1_465' title='bbox 3605 1830 3718 1901; x_wconf 89' lang='lat' dir='ltr'>ipsi</span> 
     </span>
    </p>
   </div>
   <div class='ocr_carea' id='block_1_65' title="bbox 2075 1919 3720 1995">
    <p class='ocr_par' dir='ltr' id='par_1_65' title="bbox 2075 1919 3720 1995">
     <span class='ocr_line' id='line_1_65' title="bbox 2075 1919 3720 1995; baseline -0.002 -18"><span class='ocrx_word' id='word_1_466' title='bbox 2075 1927 2310 1995; x_wconf 89' lang='lat' dir='ltr'>peccata</span> <span class='ocrx_word' id='word_1_467' title='bbox 2331 1938 2463 1977; x_wconf 90' lang='lat' dir='ltr'>cum</span> <span class='ocrx_word' id='word_1_468' title='bbox 2492 1921 2628 1976; x_wconf 88' lang='lat' dir='ltr'>ﬂetu</span> <span class='ocrx_word' id='word_1_469' title='bbox 2650 1924 2707 1976; x_wconf 90' lang='lat' dir='ltr'>et</span> <span class='ocrx_word' id='word_1_470' title='bbox 2725 1919 3000 1992; x_wconf 87' lang='lat' dir='ltr'>lacrymis</span> <span class='ocrx_word' id='word_1_471' title='bbox 3023 1919 3525 1988; x_wconf 84' lang='lat' dir='ltr'>confiteri,iterum</span> <span class='ocrx_word' id='word_1_472' title='bbox 3547 1923 3720 1990; x_wconf 89' lang='lat' dir='ltr'>atque</span> 
     </span>
    </p>
   </div>
   <div class='ocr_carea' id='block_1_66' title="bbox 2074 2006 3720 2079">
    <p class='ocr_par' dir='ltr' id='par_1_66' title="bbox 2074 2006 3720 2079">
     <span class='ocr_line' id='line_1_66' title="bbox 2074 2006 3720 2079; baseline 0 -17"><span class='ocrx_word' id='word_1_473' title='bbox 2074 2009 2287 2064; x_wconf 89' lang='lat' dir='ltr'>iterum</span> <span class='ocrx_word' id='word_1_474' title='bbox 2319 2008 2607 2079; x_wconf 87' lang='lat' dir='ltr'>Propheta</span> <span class='ocrx_word' id='word_1_475' title='bbox 2637 2007 2925 2076; x_wconf 82' lang='lat' dir='ltr'>hortatur,</span> <span class='ocrx_word' id='word_1_476' title='bbox 2960 2023 3135 2078; x_wconf 89' lang='lat' dir='ltr'>quem</span> <span class='ocrx_word' id='word_1_477' title='bbox 3169 2007 3363 2063; x_wconf 90' lang='lat' dir='ltr'>sciunt</span> <span class='ocrx_word' id='word_1_478' title='bbox 3391 2023 3518 2063; x_wconf 90' lang='lat' dir='ltr'>esse</span> <span class='ocrx_word' id='word_1_479' title='bbox 3535 2006 3720 2062; x_wconf 90' lang='lat' dir='ltr'>Deum</span> 
     </span>
    </p>
   </div>
   <div class='ocr_carea' id='block_1_67' title="bbox 2074 2095 3720 2168">
    <p class='ocr_par' dir='ltr' id='par_1_67' title="bbox 2074 2095 3720 2168">
     <span class='ocr_line' id='line_1_67' title="bbox 2074 2095 3720 2168; baseline -0.002 -15"><span class='ocrx_word' id='word_1_480' title='bbox 2074 2098 2338 2153; x_wconf 87' lang='lat' dir='ltr'>omnium</span> <span class='ocrx_word' id='word_1_481' title='bbox 2370 2095 2735 2152; x_wconf 77' lang='lat' dir='ltr'>saeculorum.</span> <span class='ocrx_word' id='word_1_482' title='bbox 2756 2119 2775 2144; x_wconf 71' lang='grc' dir='ltr'>ι</span> <span class='ocrx_word' id='word_1_483' title='bbox 2813 2095 2882 2150; x_wconf 89' lang='lat' dir='ltr'>Et</span> <span class='ocrx_word' id='word_1_484' title='bbox 2910 2113 3016 2150; x_wconf 91' lang='lat' dir='ltr'>nos</span> <span class='ocrx_word' id='word_1_485' title='bbox 3047 2095 3299 2168; x_wconf 89' lang='lat' dir='ltr'>populus</span> <span class='ocrx_word' id='word_1_486' title='bbox 3332 2112 3559 2167; x_wconf 84' lang='lat' dir='ltr'>pascuae</span> <span class='ocrx_word' id='word_1_487' title='bbox 3591 2096 3720 2165; x_wconf 89' lang='lat' dir='ltr'>ejus</span> 
     </span>
    </p>
   </div>
   <div class='ocr_carea' id='block_1_68' title="bbox 2072 2183 3722 2255">
    <p class='ocr_par' dir='ltr' id='par_1_68' title="bbox 2072 2183 3722 2255">
     <span class='ocr_line' id='line_1_68' title="bbox 2072 2183 3722 2255; baseline -0.002 -13"><span class='ocrx_word' id='word_1_488' title='bbox 2072 2190 2128 2242; x_wconf 89' lang='lat' dir='ltr'>et</span> <span class='ocrx_word' id='word_1_489' title='bbox 2158 2203 2292 2242; x_wconf 87' lang='lat' dir='ltr'>oves</span> <span class='ocrx_word' id='word_1_490' title='bbox 2323 2202 2534 2240; x_wconf 89' lang='lat' dir='ltr'>manus</span> <span class='ocrx_word' id='word_1_491' title='bbox 2564 2186 2710 2255; x_wconf 90' lang='lat' dir='ltr'>ejus.</span> <span class='ocrx_word' id='word_1_492' title='bbox 2747 2208 2772 2234; x_wconf 92' lang='grc'>››</span> <span class='ocrx_word' id='word_1_493' title='bbox 2806 2185 2987 2255; x_wconf 87' lang='lat' dir='ltr'>Cujus</span> <span class='ocrx_word' id='word_1_494' title='bbox 3019 2185 3305 2255; x_wconf 88' lang='lat' dir='ltr'>sanguine</span> <span class='ocrx_word' id='word_1_495' title='bbox 3355 2183 3440 2239; x_wconf 89' lang='lat' dir='ltr'>vel</span> <span class='ocrx_word' id='word_1_496' title='bbox 3490 2183 3722 2240; x_wconf 90' lang='lat' dir='ltr'>redimi-</span> 
     </span>
    </p>
   </div>
   <div class='ocr_carea' id='block_1_69' title="bbox 2073 2274 2604 2345">
    <p class='ocr_par' dir='ltr' id='par_1_69' title="bbox 2073 2274 2604 2345">
     <span class='ocr_line' id='line_1_69' title="bbox 2073 2274 2604 2345; baseline -0.002 -15"><span class='ocrx_word' id='word_1_497' title='bbox 2073 2291 2225 2345; x_wconf 84' lang='lat' dir='ltr'>mur,</span> <span class='ocrx_word' id='word_1_498' title='bbox 2251 2274 2339 2330; x_wconf 91' lang='lat' dir='ltr'>vel</span> <span class='ocrx_word' id='word_1_499' title='bbox 2371 2274 2604 2330; x_wconf 89' lang='lat' dir='ltr'>alimur.</span> 
     </span>
    </p>
   </div>
   <div class='ocr_carea' id='block_1_70' title="bbox 2146 2362 3723 2435">
    <p class='ocr_par' dir='ltr' id='par_1_70' title="bbox 2146 2362 3723 2435">
     <span class='ocr_line' id='line_1_70' title="bbox 2146 2362 3723 2435; baseline 0 -17"><span class='ocrx_word' id='word_1_500' title='bbox 2146 2388 2174 2414; x_wconf 88' lang='lat'><strong>«</strong></span> <span class='ocrx_word' id='word_1_501' title='bbox 2211 2363 2387 2419; x_wconf 84' lang='lat' dir='ltr'>Hodie</span> <span class='ocrx_word' id='word_1_502' title='bbox 2419 2363 2467 2418; x_wconf 92' lang='lat' dir='ltr'>si</span> <span class='ocrx_word' id='word_1_503' title='bbox 2496 2379 2694 2419; x_wconf 90' lang='lat' dir='ltr'>vocem</span> <span class='ocrx_word' id='word_1_504' title='bbox 2726 2365 2854 2435; x_wconf 89' lang='lat' dir='ltr'>ejus</span> <span class='ocrx_word' id='word_1_505' title='bbox 2902 2362 3225 2432; x_wconf 87' lang='lat' dir='ltr'>audieritis,</span> <span class='ocrx_word' id='word_1_506' title='bbox 3263 2386 3284 2410; x_wconf 73' lang='grc' dir='ltr'>ιι</span> <span class='ocrx_word' id='word_1_507' title='bbox 3320 2366 3428 2418; x_wconf 91' lang='lat' dir='ltr'>etc.</span> <span class='ocrx_word' id='word_1_508' title='bbox 3481 2362 3723 2419; x_wconf 84' lang='lat' dir='ltr'>Eviden-</span> 
     </span>
    </p>
   </div>
   <div class='ocr_carea' id='block_1_71' title="bbox 2070 2451 3722 2525">
    <p class='ocr_par' dir='ltr' id='par_1_71' title="bbox 2070 2451 3722 2525">
     <span class='ocr_line' id='line_1_71' title="bbox 2070 2451 3722 2525; baseline -0.001 -17"><span class='ocrx_word' id='word_1_509' title='bbox 2070 2453 2298 2510; x_wconf 89' lang='lat' dir='ltr'>tissime</span> <span class='ocrx_word' id='word_1_510' title='bbox 2347 2453 2468 2507; x_wconf 66' lang='lat' dir='ltr'>haec</span> <span class='ocrx_word' id='word_1_511' title='bbox 2513 2451 2718 2525; x_wconf 89' lang='lat' dir='ltr'>pandit</span> <span class='ocrx_word' id='word_1_512' title='bbox 2763 2452 3078 2524; x_wconf 81' lang='lat' dir='ltr'>Apostolus</span> <span class='ocrx_word' id='word_1_513' title='bbox 3126 2453 3198 2507; x_wconf 90' lang='lat' dir='ltr'>ad</span> <span class='ocrx_word' id='word_1_514' title='bbox 3246 2451 3518 2507; x_wconf 69' lang='lat' dir='ltr'>Hebraeos</span> <span class='ocrx_word' id='word_1_515' title='bbox 3560 2467 3572 2505; x_wconf 91' lang='lat'><strong>:</strong></span> <span class='ocrx_word' id='word_1_516' title='bbox 3616 2467 3722 2507; x_wconf 90' lang='lat' dir='ltr'>nec</span> 
     </span>
    </p>
   </div>
   <div class='ocr_carea' id='block_1_72' title="bbox 2074 2540 3720 2614">
    <p class='ocr_par' dir='ltr' id='par_1_72' title="bbox 2074 2540 3720 2614">
     <span class='ocr_line' id='line_1_72' title="bbox 2074 2540 3720 2614; baseline -0.002 -16"><span class='ocrx_word' id='word_1_517' title='bbox 2074 2542 2249 2598; x_wconf 90' lang='lat' dir='ltr'>aliam</span> <span class='ocrx_word' id='word_1_518' title='bbox 2281 2543 2652 2614; x_wconf 87' lang='lat' dir='ltr'>interponere</span> <span class='ocrx_word' id='word_1_519' title='bbox 2699 2541 3092 2612; x_wconf 80' lang='lat' dir='ltr'>praesuminus</span> <span class='ocrx_word' id='word_1_520' title='bbox 3139 2541 3580 2612; x_wconf 84' lang='lat' dir='ltr'>expositionem.</span> <span class='ocrx_word' id='word_1_521' title='bbox 3613 2540 3720 2605; x_wconf 86' lang='lat' dir='ltr'>Qui</span> 
     </span>
    </p>
   </div>
   <div class='ocr_carea' id='block_1_73' title="bbox 2075 2630 3719 2701">
    <p class='ocr_par' dir='ltr' id='par_1_73' title="bbox 2075 2630 3719 2701">
     <span class='ocr_line' id='line_1_73' title="bbox 2075 2630 3719 2701; baseline -0.001 -15"><span class='ocrx_word' id='word_1_522' title='bbox 2075 2631 2156 2686; x_wconf 90' lang='lat' dir='ltr'>ita</span> <span class='ocrx_word' id='word_1_523' title='bbox 2209 2630 2290 2686; x_wconf 91' lang='lat' dir='ltr'>ait</span> <span class='ocrx_word' id='word_1_524' title='bbox 2349 2648 2362 2686; x_wconf 91' lang='lat'>:</span> <span class='ocrx_word' id='word_1_525' title='bbox 2422 2630 2663 2701; x_wconf 77' lang='lat' dir='ltr'>Quidam</span> <span class='ocrx_word' id='word_1_526' title='bbox 2717 2633 2865 2686; x_wconf 86' lang='lat' dir='ltr'>enim</span> <span class='ocrx_word' id='word_1_527' title='bbox 2919 2631 3413 2691; x_wconf 76' lang='lat' dir='ltr'>exacerbaverunt;</span> <span class='ocrx_word' id='word_1_528' title='bbox 3459 2630 3555 2685; x_wconf 82' lang='lat' dir='ltr'>sed</span> <span class='ocrx_word' id='word_1_529' title='bbox 3612 2645 3719 2686; x_wconf 81' lang='lat' dir='ltr'>non</span> 
     </span>
    </p>
   </div>
   <div class='ocr_carea' id='block_1_74' title="bbox 2076 2719 3723 2792">
    <p class='ocr_par' dir='ltr' id='par_1_74' title="bbox 2076 2719 3723 2792">
     <span class='ocr_line' id='line_1_74' title="bbox 2076 2719 3723 2792; baseline -0.002 -17"><span class='ocrx_word' id='word_1_530' title='bbox 2076 2735 2278 2791; x_wconf 85' lang='lat' dir='ltr'>omnes,</span> <span class='ocrx_word' id='word_1_531' title='bbox 2342 2721 2440 2791; x_wconf 84' lang='lat' dir='ltr'>qui</span> <span class='ocrx_word' id='word_1_532' title='bbox 2490 2719 2734 2792; x_wconf 80' lang='lat' dir='ltr'>profecti</span> <span class='ocrx_word' id='word_1_533' title='bbox 2780 2723 2909 2774; x_wconf 80' lang='lat' dir='ltr'>sunt</span> <span class='ocrx_word' id='word_1_534' title='bbox 2959 2735 3029 2774; x_wconf 77' lang='lat' dir='ltr'>ea:</span> <span class='ocrx_word' id='word_1_535' title='bbox 3077 2722 3306 2791; x_wconf 78' lang='lat' dir='ltr'>/Epypto</span> <span class='ocrx_word' id='word_1_536' title='bbox 3348 2734 3449 2788; x_wconf 85' lang='lat' dir='ltr'>per</span> <span class='ocrx_word' id='word_1_537' title='bbox 3503 2719 3723 2790; x_wconf 74' lang='lat' dir='ltr'>Moysen</span> 
     </span>
    </p>
   </div>
   <div class='ocr_carea' id='block_1_75' title="bbox 2074 2806 3719 2881">
    <p class='ocr_par' dir='ltr' id='par_1_75' title="bbox 2074 2806 3719 2881">
     <span class='ocr_line' id='line_1_75' title="bbox 2074 2806 3719 2881; baseline -0.003 -15"><span class='ocrx_word' id='word_1_538' title='bbox 2074 2810 2254 2880; x_wconf 85' lang='lat' dir='ltr'>(Hebr.</span> <span class='ocrx_word' id='word_1_539' title='bbox 2306 2827 2391 2878; x_wconf 85' lang='grc' dir='ltr'>ιιι,</span> <span class='ocrx_word' id='word_1_540' title='bbox 2439 2809 2493 2878; x_wconf 88' lang='grc'>8,</span> <span class='ocrx_word' id='word_1_541' title='bbox 2542 2809 2619 2878; x_wconf 82' lang='grc'>9).</span> <span class='ocrx_word' id='word_1_542' title='bbox 2675 2809 2878 2876; x_wconf 74' lang='lat' dir='ltr'>Quibus</span> <span class='ocrx_word' id='word_1_543' title='bbox 2925 2813 3104 2863; x_wconf 84' lang='lat' dir='ltr'>autem</span> <span class='ocrx_word' id='word_1_544' title='bbox 3141 2806 3380 2881; x_wconf 73' lang='lat' dir='ltr'>offensus</span> <span class='ocrx_word' id='word_1_545' title='bbox 3424 2809 3537 2878; x_wconf 82' lang='lat' dir='ltr'>fuit</span> <span class='ocrx_word' id='word_1_546' title='bbox 3583 2823 3719 2879; x_wconf 84' lang='lat' dir='ltr'>qua-</span> 
     </span>
    </p>
   </div>
   <div class='ocr_carea' id='block_1_76' title="bbox 2074 2895 3722 2969">
    <p class='ocr_par' dir='ltr' id='par_1_76' title="bbox 2074 2895 3722 2969">
     <span class='ocr_line' id='line_1_76' title="bbox 2074 2895 3722 2969; baseline 0 -17"><span class='ocrx_word' id='word_1_547' title='bbox 2074 2898 2337 2969; x_wconf 81' lang='lat' dir='ltr'>draginta</span> <span class='ocrx_word' id='word_1_548' title='bbox 2365 2899 2572 2952; x_wconf 77' lang='lat' dir='ltr'>annis?</span> <span class='ocrx_word' id='word_1_549' title='bbox 2598 2913 2807 2968; x_wconf 87' lang='lat' dir='ltr'>nempe</span> <span class='ocrx_word' id='word_1_550' title='bbox 2837 2895 2954 2952; x_wconf 91' lang='lat' dir='ltr'>illis</span> <span class='ocrx_word' id='word_1_551' title='bbox 2985 2897 3084 2968; x_wconf 92' lang='lat' dir='ltr'>qui</span> <span class='ocrx_word' id='word_1_552' title='bbox 3117 2899 3500 2968; x_wconf 87' lang='lat' dir='ltr'>peccaverunt</span> <span class='ocrx_word' id='word_1_553' title='bbox 3531 2912 3544 2950; x_wconf 90' lang='lat'><strong>:</strong></span> <span class='ocrx_word' id='word_1_554' title='bbox 3581 2911 3722 2968; x_wconf 87' lang='lat' dir='ltr'>quo-</span> 
     </span>
    </p>
   </div>
   <div class='ocr_carea' id='block_1_77' title="bbox 2079 2984 3721 3058">
    <p class='ocr_par' dir='ltr' id='par_1_77' title="bbox 2079 2984 3721 3058">
     <span class='ocr_line' id='line_1_77' title="bbox 2079 2984 3721 3058; baseline -0.001 -16"><span class='ocrx_word' id='word_1_555' title='bbox 2079 3005 2212 3042; x_wconf 90' lang='lat' dir='ltr'>rum</span> <span class='ocrx_word' id='word_1_556' title='bbox 2243 2991 2299 3042; x_wconf 91' lang='lat' dir='ltr'>et</span> <span class='ocrx_word' id='word_1_557' title='bbox 2329 3003 2572 3058; x_wconf 88' lang='lat' dir='ltr'>corpora</span> <span class='ocrx_word' id='word_1_558' title='bbox 2603 2990 2893 3058; x_wconf 88' lang='lat' dir='ltr'>prostrata</span> <span class='ocrx_word' id='word_1_559' title='bbox 2923 2990 3062 3041; x_wconf 90' lang='lat' dir='ltr'>sunt</span> <span class='ocrx_word' id='word_1_560' title='bbox 3093 2986 3150 3040; x_wconf 94' lang='lat' dir='ltr'>in</span> <span class='ocrx_word' id='word_1_561' title='bbox 3203 2987 3452 3041; x_wconf 88' lang='lat' dir='ltr'>deserto.</span> <span class='ocrx_word' id='word_1_562' title='bbox 3495 2984 3721 3051; x_wconf 88' lang='lat' dir='ltr'>Quibus</span> 
     </span>
    </p>
   </div>
   <div class='ocr_carea' id='block_1_78' title="bbox 2081 3074 3718 3147">
    <p class='ocr_par' dir='ltr' id='par_1_78' title="bbox 2081 3074 3718 3147">
     <span class='ocr_line' id='line_1_78' title="bbox 2081 3074 3718 3147; baseline -0.003 -14"><span class='ocrx_word' id='word_1_563' title='bbox 2081 3082 2278 3133; x_wconf 88' lang='lat' dir='ltr'>autem</span> <span class='ocrx_word' id='word_1_564' title='bbox 2307 3076 2523 3147; x_wconf 89' lang='lat' dir='ltr'>juravit</span> <span class='ocrx_word' id='word_1_565' title='bbox 2566 3092 2681 3130; x_wconf 92' lang='lat' dir='ltr'>non</span> <span class='ocrx_word' id='word_1_566' title='bbox 2730 3075 2970 3130; x_wconf 90' lang='lat' dir='ltr'>introire</span> <span class='ocrx_word' id='word_1_567' title='bbox 3016 3074 3077 3130; x_wconf 91' lang='lat' dir='ltr'>in</span> <span class='ocrx_word' id='word_1_568' title='bbox 3126 3074 3388 3145; x_wconf 90' lang='lat' dir='ltr'>requiem</span> <span class='ocrx_word' id='word_1_569' title='bbox 3419 3074 3573 3146; x_wconf 86' lang='lat' dir='ltr'>(Ibid.</span> <span class='ocrx_word' id='word_1_570' title='bbox 3611 3075 3718 3146; x_wconf 86' lang='grc'>11),</span> 
     </span>
    </p>
   </div>
   <div class='ocr_carea' id='block_1_79' title="bbox 2075 3163 3722 3237">
    <p class='ocr_par' dir='ltr' id='par_1_79' title="bbox 2075 3163 3722 3237">
     <span class='ocr_line' id='line_1_79' title="bbox 2075 3163 3722 3237; baseline -0.001 -16"><span class='ocrx_word' id='word_1_571' title='bbox 2075 3167 2188 3222; x_wconf 90' lang='lat' dir='ltr'>nisi</span> <span class='ocrx_word' id='word_1_572' title='bbox 2238 3165 2355 3221; x_wconf 90' lang='lat' dir='ltr'>illis</span> <span class='ocrx_word' id='word_1_573' title='bbox 2403 3166 2502 3237; x_wconf 93' lang='lat' dir='ltr'>qui</span> <span class='ocrx_word' id='word_1_574' title='bbox 2552 3163 2837 3220; x_wconf 90' lang='lat' dir='ltr'>increduli</span> <span class='ocrx_word' id='word_1_575' title='bbox 2890 3164 3172 3220; x_wconf 82' lang='lat' dir='ltr'>fuerunt?</span> <span class='ocrx_word' id='word_1_576' title='bbox 3204 3168 3271 3218; x_wconf 86' lang='lat' dir='ltr'>Et</span> <span class='ocrx_word' id='word_1_577' title='bbox 3301 3164 3557 3219; x_wconf 89' lang='lat' dir='ltr'>vidimus</span> <span class='ocrx_word' id='word_1_578' title='bbox 3584 3164 3722 3236; x_wconf 87' lang='lat' dir='ltr'>quia</span> 
     </span>
    </p>
   </div>
   <div class='ocr_carea' id='block_1_80' title="bbox 2075 3252 3719 3326">
    <p class='ocr_par' dir='ltr' id='par_1_80' title="bbox 2075 3252 3719 3326">
     <span class='ocr_line' id='line_1_80' title="bbox 2075 3252 3719 3326; baseline -0.002 -16"><span class='ocrx_word' id='word_1_579' title='bbox 2075 3273 2190 3310; x_wconf 93' lang='lat' dir='ltr'>non</span> <span class='ocrx_word' id='word_1_580' title='bbox 2248 3257 2566 3326; x_wconf 91' lang='lat' dir='ltr'>potuerunt</span> <span class='ocrx_word' id='word_1_581' title='bbox 2619 3253 2860 3309; x_wconf 89' lang='lat' dir='ltr'>introire</span> <span class='ocrx_word' id='word_1_582' title='bbox 2930 3257 3166 3324; x_wconf 88' lang='lat' dir='ltr'>propter</span> <span class='ocrx_word' id='word_1_583' title='bbox 3229 3252 3719 3309; x_wconf 85' lang='lat' dir='ltr'>incredulitatem.</span> 
     </span>
    </p>
   </div>
   <div class='ocr_carea' id='block_1_81' title="bbox 2074 3339 3721 3414">
    <p class='ocr_par' dir='ltr' id='par_1_81' title="bbox 2074 3339 3721 3414">
     <span class='ocr_line' id='line_1_81' title="bbox 2074 3339 3721 3414; baseline -0.001 -16"><span class='ocrx_word' id='word_1_584' title='bbox 2074 3343 2412 3400; x_wconf 88' lang='lat' dir='ltr'>Timeamus</span> <span class='ocrx_word' id='word_1_585' title='bbox 2461 3358 2596 3414; x_wconf 89' lang='lat' dir='ltr'>ergo</span> <span class='ocrx_word' id='word_1_586' title='bbox 2648 3359 2660 3397; x_wconf 91' lang='lat'><strong>:</strong></span> <span class='ocrx_word' id='word_1_587' title='bbox 2712 3357 2782 3396; x_wconf 92' lang='lat' dir='ltr'>ne</span> <span class='ocrx_word' id='word_1_588' title='bbox 2831 3341 2978 3396; x_wconf 87' lang='lat' dir='ltr'>forte</span> <span class='ocrx_word' id='word_1_589' title='bbox 3025 3344 3263 3412; x_wconf 89' lang='lat' dir='ltr'>accepta</span> <span class='ocrx_word' id='word_1_590' title='bbox 3306 3339 3721 3411; x_wconf 80' lang='lat' dir='ltr'>pollicitatione</span> 
     </span>
    </p>
   </div>
   <div class='ocr_carea' id='block_1_82' title="bbox 2074 3429 3720 3502">
    <p class='ocr_par' dir='ltr' id='par_1_82' title="bbox 2074 3429 3720 3502">
     <span class='ocr_line' id='line_1_82' title="bbox 2074 3429 3720 3502; baseline -0.001 -16"><span class='ocrx_word' id='word_1_591' title='bbox 2074 3431 2407 3488; x_wconf 89' lang='lat' dir='ltr'>introeundi</span> <span class='ocrx_word' id='word_1_592' title='bbox 2438 3431 2497 3485; x_wconf 92' lang='lat' dir='ltr'>in</span> <span class='ocrx_word' id='word_1_593' title='bbox 2529 3446 2774 3502; x_wconf 89' lang='lat' dir='ltr'>regnum</span> <span class='ocrx_word' id='word_1_594' title='bbox 2806 3431 2955 3500; x_wconf 90' lang='lat' dir='ltr'>ejus,</span> <span class='ocrx_word' id='word_1_595' title='bbox 2989 3429 3354 3485; x_wconf 83' lang='lat' dir='ltr'>existimetur</span> <span class='ocrx_word' id='word_1_596' title='bbox 3402 3429 3615 3500; x_wconf 89' lang='lat' dir='ltr'>aliquis</span> <span class='ocrx_word' id='word_1_597' title='bbox 3651 3445 3720 3484; x_wconf 84' lang='lat' dir='ltr'>ex</span> 
     </span>
    </p>
   </div>
   <div class='ocr_carea' id='block_1_83' title="bbox 2075 3518 3719 3588">
    <p class='ocr_par' dir='ltr' id='par_1_83' title="bbox 2075 3518 3719 3588">
     <span class='ocr_line' id='line_1_83' title="bbox 2075 3518 3719 3588; baseline -0.001 -14"><span class='ocrx_word' id='word_1_598' title='bbox 2075 3520 2246 3574; x_wconf 90' lang='lat' dir='ltr'>nobis</span> <span class='ocrx_word' id='word_1_599' title='bbox 2302 3520 2488 3575; x_wconf 90' lang='lat' dir='ltr'>desse.</span> <span class='ocrx_word' id='word_1_600' title='bbox 2542 3518 2770 3574; x_wconf 83' lang='lat' dir='ltr'>Etenim</span> <span class='ocrx_word' id='word_1_601' title='bbox 2825 3518 2992 3573; x_wconf 92' lang='lat' dir='ltr'>nobis</span> <span class='ocrx_word' id='word_1_602' title='bbox 3039 3518 3374 3573; x_wconf 89' lang='lat' dir='ltr'>nuntiatum</span> <span class='ocrx_word' id='word_1_603' title='bbox 3423 3521 3533 3584; x_wconf 75' lang='lat' dir='ltr'>est,</span> <span class='ocrx_word' id='word_1_604' title='bbox 3583 3533 3719 3588; x_wconf 88' lang='lat' dir='ltr'>que-</span> 
     </span>
    </p>
   </div>
   <div class='ocr_carea' id='block_1_84' title="bbox 2075 3607 3719 3679">
    <p class='ocr_par' dir='ltr' id='par_1_84' title="bbox 2075 3607 3719 3679">
     <span class='ocr_line' id='line_1_84' title="bbox 2075 3607 3719 3679; baseline -0.002 -15"><span class='ocrx_word' id='word_1_605' title='bbox 2075 3609 2456 3664; x_wconf 89' lang='lat' dir='ltr'>madmodum</span> <span class='ocrx_word' id='word_1_606' title='bbox 2508 3611 2566 3663; x_wconf 88' lang='lat' dir='ltr'>et</span> <span class='ocrx_word' id='word_1_607' title='bbox 2609 3607 2744 3663; x_wconf 89' lang='lat' dir='ltr'>illis.</span> <span class='ocrx_word' id='word_1_608' title='bbox 2779 3607 2962 3679; x_wconf 89' lang='lat' dir='ltr'>Igitur</span> <span class='ocrx_word' id='word_1_609' title='bbox 3000 3607 3381 3662; x_wconf 82' lang='lat' dir='ltr'>exhibeamus</span> <span class='ocrx_word' id='word_1_610' title='bbox 3408 3622 3513 3661; x_wconf 90' lang='lat' dir='ltr'>nos</span> <span class='ocrx_word' id='word_1_611' title='bbox 3543 3621 3719 3661; x_wconf 89' lang='lat' dir='ltr'>sanc-</span> 
     </span>
    </p>
   </div>
   <div class='ocr_carea' id='block_1_85' title="bbox 2075 3693 3721 3768">
    <p class='ocr_par' dir='ltr' id='par_1_85' title="bbox 2075 3693 3721 3768">
     <span class='ocr_line' id='line_1_85' title="bbox 2075 3693 3721 3768; baseline -0.002 -15"><span class='ocrx_word' id='word_1_612' title='bbox 2075 3700 2187 3764; x_wconf 90' lang='lat' dir='ltr'>tos,</span> <span class='ocrx_word' id='word_1_613' title='bbox 2217 3700 2281 3751; x_wconf 92' lang='lat' dir='ltr'>ut</span> <span class='ocrx_word' id='word_1_614' title='bbox 2305 3695 2542 3752; x_wconf 90' lang='lat' dir='ltr'>introire</span> <span class='ocrx_word' id='word_1_615' title='bbox 2563 3712 2893 3752; x_wconf 89' lang='lat' dir='ltr'>mereamur</span> <span class='ocrx_word' id='word_1_616' title='bbox 2915 3713 3017 3768; x_wconf 89' lang='lat' dir='ltr'>per</span> <span class='ocrx_word' id='word_1_617' title='bbox 3047 3694 3454 3751; x_wconf 89' lang='lat' dir='ltr'>credulitatem</span> <span class='ocrx_word' id='word_1_618' title='bbox 3477 3694 3535 3748; x_wconf 91' lang='lat' dir='ltr'>in</span> <span class='ocrx_word' id='word_1_619' title='bbox 3557 3693 3721 3749; x_wconf 90' lang='lat' dir='ltr'>illam</span> 
     </span>
    </p>
   </div>
   <div class='ocr_carea' id='block_1_86' title="bbox 2075 3782 3720 3858">
    <p class='ocr_par' dir='ltr' id='par_1_86' title="bbox 2075 3782 3720 3858">
     <span class='ocr_line' id='line_1_86' title="bbox 2075 3782 3720 3858; baseline -0.001 -18"><span class='ocrx_word' id='word_1_620' title='bbox 2075 3786 2358 3858; x_wconf 89' lang='lat' dir='ltr'>requiem,</span> <span class='ocrx_word' id='word_1_621' title='bbox 2387 3803 2566 3858; x_wconf 88' lang='lat' dir='ltr'>quam</span> <span class='ocrx_word' id='word_1_622' title='bbox 2598 3802 2903 3858; x_wconf 88' lang='lat' dir='ltr'>speramus</span> <span class='ocrx_word' id='word_1_623' title='bbox 2942 3785 3220 3858; x_wconf 88' lang='lat' dir='ltr'>accipere.</span> <span class='ocrx_word' id='word_1_624' title='bbox 3269 3789 3377 3840; x_wconf 86' lang='lat' dir='ltr'>Per</span> <span class='ocrx_word' id='word_1_625' title='bbox 3424 3782 3720 3840; x_wconf 88' lang='lat' dir='ltr'>Christum</span> 
     </span>
    </p>
   </div>
   <div class='ocr_carea' id='block_1_87' title="bbox 2075 3874 3724 3941">
    <p class='ocr_par' dir='ltr' id='par_1_87' title="bbox 2075 3874 3724 3941">
     <span class='ocr_line' id='line_1_87' title="bbox 2075 3874 3724 3941; baseline -0.003 -10"><span class='ocrx_word' id='word_1_626' title='bbox 2075 3875 2389 3932; x_wconf 88' lang='lat' dir='ltr'>Dominum</span> <span class='ocrx_word' id='word_1_627' title='bbox 2439 3880 2704 3931; x_wconf 86' lang='lat' dir='ltr'>nostrum</span> <span class='ocrx_word' id='word_1_628' title='bbox 2740 3895 2751 3930; x_wconf 91' lang='lat'><strong>:</strong></span> <span class='ocrx_word' id='word_1_629' title='bbox 2787 3874 2880 3930; x_wconf 91' lang='lat' dir='ltr'>cui</span> <span class='ocrx_word' id='word_1_630' title='bbox 2911 3879 3000 3930; x_wconf 89' lang='lat' dir='ltr'>est</span> <span class='ocrx_word' id='word_1_631' title='bbox 3031 3891 3167 3930; x_wconf 91' lang='lat' dir='ltr'>cum</span> <span class='ocrx_word' id='word_1_632' title='bbox 3199 3877 3410 3929; x_wconf 85' lang='lat' dir='ltr'>aeterno</span> <span class='ocrx_word' id='word_1_633' title='bbox 3444 3877 3632 3941; x_wconf 88' lang='lat' dir='ltr'>Patre,</span> <span class='ocrx_word' id='word_1_634' title='bbox 3667 3876 3724 3928; x_wconf 90' lang='lat' dir='ltr'>et</span> 
     </span>
    </p>
   </div>
   <div class='ocr_carea' id='block_1_88' title="bbox 2075 3961 3718 4037">
    <p class='ocr_par' dir='ltr' id='par_1_88' title="bbox 2075 3961 3718 4037">
     <span class='ocr_line' id='line_1_88' title="bbox 2075 3961 3718 4037; baseline -0.002 -16"><span class='ocrx_word' id='word_1_635' title='bbox 2075 3965 2294 4037; x_wconf 90' lang='lat' dir='ltr'>Spiritu</span> <span class='ocrx_word' id='word_1_636' title='bbox 2330 3969 2556 4032; x_wconf 89' lang='lat' dir='ltr'>sancto,</span> <span class='ocrx_word' id='word_1_637' title='bbox 2588 3964 2776 4020; x_wconf 89' lang='lat' dir='ltr'>honor</span> <span class='ocrx_word' id='word_1_638' title='bbox 2805 3969 2862 4019; x_wconf 90' lang='lat' dir='ltr'>et</span> <span class='ocrx_word' id='word_1_639' title='bbox 2889 3963 3075 4035; x_wconf 89' lang='lat' dir='ltr'>gloria</span> <span class='ocrx_word' id='word_1_640' title='bbox 3118 3964 3179 4017; x_wconf 89' lang='lat' dir='ltr'>in</span> <span class='ocrx_word' id='word_1_641' title='bbox 3227 3961 3440 4017; x_wconf 84' lang='lat' dir='ltr'>saecula</span> <span class='ocrx_word' id='word_1_642' title='bbox 3482 3961 3718 4017; x_wconf 62' lang='lat' dir='ltr'>saeculo-</span> 
     </span>
    </p>
   </div>
   <div class='ocr_carea' id='block_1_89' title="bbox 2073 4057 2475 4110">
    <p class='ocr_par' dir='ltr' id='par_1_89' title="bbox 2073 4057 2475 4110">
     <span class='ocr_line' id='line_1_89' title="bbox 2073 4057 2475 4110; baseline -0.007 0"><span class='ocrx_word' id='word_1_643' title='bbox 2073 4070 2231 4110; x_wconf 89' lang='lat' dir='ltr'>rum.</span> <span class='ocrx_word' id='word_1_644' title='bbox 2270 4057 2475 4109; x_wconf 88' lang='lat' dir='ltr'>Amen.</span> 
     </span>
    </p>
   </div>
   <div class='ocr_carea' id='block_1_90' title="bbox 2638 4140 3152 4197">
    <p class='ocr_par' dir='ltr' id='par_1_90' title="bbox 2638 4140 3152 4197">
     <span class='ocr_line' id='line_1_90' title="bbox 2638 4140 3152 4197; baseline -0.004 -1"><span class='ocrx_word' id='word_1_645' title='bbox 2638 4141 2957 4197; x_wconf 83' lang='lat' dir='ltr'>PSALMUS</span> <span class='ocrx_word' id='word_1_646' title='bbox 2996 4140 3152 4196; x_wconf 90' lang='lat' dir='ltr'>XCV.</span> 
     </span>
    </p>
   </div>
   <div class='ocr_carea' id='block_1_91' title="bbox 2077 4230 3718 4302">
    <p class='ocr_par' dir='ltr' id='par_1_91' title="bbox 2077 4230 3718 4302">
     <span class='ocr_line' id='line_1_91' title="bbox 2077 4230 3718 4302; baseline -0.002 -16"><span class='ocrx_word' id='word_1_647' title='bbox 2077 4231 2310 4301; x_wconf 83' lang='lat' dir='ltr'>Quando</span> <span class='ocrx_word' id='word_1_648' title='bbox 2341 4231 2531 4286; x_wconf 83' lang='lat' dir='ltr'>domus</span> <span class='ocrx_word' id='word_1_649' title='bbox 2560 4230 2945 4300; x_wconf 75' lang='lat' dir='ltr'>aediﬁcabatur</span> <span class='ocrx_word' id='word_1_650' title='bbox 2967 4236 3093 4302; x_wconf 80' lang='lat' dir='ltr'>post</span> <span class='ocrx_word' id='word_1_651' title='bbox 3122 4232 3509 4302; x_wconf 77' lang='lat' dir='ltr'>captivitatem,</span> <span class='ocrx_word' id='word_1_652' title='bbox 3542 4231 3718 4286; x_wconf 83' lang='lat' dir='ltr'>canti-</span> 
     </span>
    </p>
   </div>
   <div class='ocr_carea' id='block_1_92' title="bbox 2145 4301 3716 4375">
    <p class='ocr_par' dir='ltr' id='par_1_92' title="bbox 2145 4301 3716 4375">
     <span class='ocr_line' id='line_1_92' title="bbox 2145 4301 3716 4375; baseline -0.003 -16"><span class='ocrx_word' id='word_1_653' title='bbox 2145 4321 2271 4359; x_wconf 84' lang='lat' dir='ltr'>cum.</span> <span class='ocrx_word' id='word_1_654' title='bbox 2301 4302 2491 4358; x_wconf 82' lang='lat' dir='ltr'>David.</span> <span class='ocrx_word' id='word_1_655' title='bbox 2528 4303 2641 4375; x_wconf 83' lang='lat' dir='ltr'>Iste</span> <span class='ocrx_word' id='word_1_656' title='bbox 2672 4301 3093 4375; x_wconf 22' lang='lat' dir='ltr'>psalmusjhoc</span> <span class='ocrx_word' id='word_1_657' title='bbox 3122 4301 3292 4375; x_wconf 79' lang='lat' dir='ltr'>titulo</span> <span class='ocrx_word' id='word_1_658' title='bbox 3343 4306 3716 4375; x_wconf 64' lang='lat' dir='ltr'>praenotatur.</span> 
     </span>
    </p>
   </div>
   <div class='ocr_carea' id='block_1_93' title="bbox 2146 4373 3718 4446">
    <p class='ocr_par' dir='ltr' id='par_1_93' title="bbox 2146 4373 3718 4446">
     <span class='ocr_line' id='line_1_93' title="bbox 2146 4373 3718 4446; baseline -0.003 -16"><span class='ocrx_word' id='word_1_659' title='bbox 2146 4376 2357 4430; x_wconf 89' lang='lat' dir='ltr'>Totum</span> <span class='ocrx_word' id='word_1_660' title='bbox 2383 4373 2724 4446; x_wconf 78' lang='lat' dir='ltr'>mysterium</span> <span class='ocrx_word' id='word_1_661' title='bbox 2747 4374 2804 4429; x_wconf 92' lang='lat' dir='ltr'>in</span> <span class='ocrx_word' id='word_1_662' title='bbox 2827 4373 2999 4430; x_wconf 87' lang='lat' dir='ltr'>titulo</span> <span class='ocrx_word' id='word_1_663' title='bbox 3022 4373 3484 4446; x_wconf 33' lang='lat' dir='ltr'>est.Totius’vitae</span> <span class='ocrx_word' id='word_1_664' title='bbox 3509 4376 3718 4446; x_wconf 69' lang='lat' dir='ltr'>nostra:</span> 
     </span>
    </p>
   </div>
   <div class='ocr_carea' id='block_1_94' title="bbox 2146 4443 3717 4512">
    <p class='ocr_par' dir='ltr' id='par_1_94' title="bbox 2146 4443 3717 4512">
     <span class='ocr_line' id='line_1_94' title="bbox 2146 4443 3717 4512; baseline -0.002 -10"><span class='ocrx_word' id='word_1_665' title='bbox 2146 4443 2601 4511; x_wconf 80' lang='lat' dir='ltr'>sacramentum,</span> <span class='ocrx_word' id='word_1_666' title='bbox 2635 4451 2691 4501; x_wconf 89' lang='lat' dir='ltr'>et</span> <span class='ocrx_word' id='word_1_667' title='bbox 2719 4445 2879 4502; x_wconf 91' lang='lat' dir='ltr'>salus</span> <span class='ocrx_word' id='word_1_668' title='bbox 2910 4447 2968 4501; x_wconf 91' lang='lat' dir='ltr'>in</span> <span class='ocrx_word' id='word_1_669' title='bbox 3000 4445 3168 4501; x_wconf 92' lang='lat' dir='ltr'>titulo</span> <span class='ocrx_word' id='word_1_670' title='bbox 3199 4449 3304 4501; x_wconf 90' lang='lat' dir='ltr'>est.</span> <span class='ocrx_word' id='word_1_671' title='bbox 3341 4444 3576 4512; x_wconf 79' lang='lat' dir='ltr'>Quando</span> <span class='ocrx_word' id='word_1_672' title='bbox 3617 4443 3717 4499; x_wconf 89' lang='lat' dir='ltr'>do-</span> 
     </span>
    </p>
   </div>
   <div class='ocr_carea' id='block_1_95' title="bbox 2143 4516 3718 4589">
    <p class='ocr_par' dir='ltr' id='par_1_95' title="bbox 2143 4516 3718 4589">
     <span class='ocr_line' id='line_1_95' title="bbox 2143 4516 3718 4589; baseline -0.004 -15"><span class='ocrx_word' id='word_1_673' title='bbox 2143 4535 2265 4574; x_wconf 84' lang='lat' dir='ltr'>mus</span> <span class='ocrx_word' id='word_1_674' title='bbox 2293 4519 2672 4589; x_wconf 75' lang='lat' dir='ltr'>aediﬁcabatur</span> <span class='ocrx_word' id='word_1_675' title='bbox 2695 4521 2809 4589; x_wconf 84' lang='lat' dir='ltr'>post</span> <span class='ocrx_word' id='word_1_676' title='bbox 2848 4520 3228 4589; x_wconf 14' lang='lat' dir='ltr'>captivitatem,</span> <span class='ocrx_word' id='word_1_677' title='bbox 3277 4516 3566 4589; x_wconf 84' lang='lat' dir='ltr'>Canticum</span> <span class='ocrx_word' id='word_1_678' title='bbox 3613 4516 3718 4589; x_wconf 82' lang='lat' dir='ltr'>Da-</span> 
     </span>
    </p>
   </div>
   <div class='ocr_carea' id='block_1_96' title="bbox 386 4564 3720 4714">
    <p class='ocr_par' dir='ltr' id='par_1_96' title="bbox 386 4564 3720 4714">
     <span class='ocr_line' id='line_1_96' title="bbox 386 4564 3720 4666; baseline 0.002 -32"><span class='ocrx_word' id='word_1_679' title='bbox 386 4564 667 4635; x_wconf 82' lang='lat' dir='ltr'>«Venite.</span> <span class='ocrx_word' id='word_1_680' title='bbox 708 4565 1067 4624; x_wconf 80' lang='lat' dir='ltr'>exsultemus</span> <span class='ocrx_word' id='word_1_681' title='bbox 1119 4567 1361 4625; x_wconf 80' lang='lat' dir='ltr'>Domino</span> <span class='ocrx_word' id='word_1_682' title='bbox 1415 4586 1426 4624; x_wconf 84' lang='lat'>:</span> <span class='ocrx_word' id='word_1_683' title='bbox 1477 4569 1802 4640; x_wconf 80' lang='lat' dir='ltr'>jubilemus</span> <span class='ocrx_word' id='word_1_684' title='bbox 1852 4576 1964 4628; x_wconf 83' lang='lat' dir='ltr'>Deo</span> <span class='ocrx_word' id='word_1_685' title='bbox 1998 4601 2044 4666; x_wconf 77' lang='grc' dir='ltr'>ι)</span> <span class='ocrx_word' id='word_1_686' title='bbox 2145 4564 3720 4652; x_wconf 48' lang='lat' dir='ltr'>iiii?deETIdEJEn’iEiuE’éié&#39;iHEéiii&#39;Jiiif&#39;oiiaﬁao</span> 
     </span>
     <span class='ocr_line' id='line_1_97' title="bbox 386 4605 3718 4714; baseline 0.002 -7"><span class='ocrx_word' id='word_1_687' title='bbox 386 4651 553 4708; x_wconf 90' lang='lat' dir='ltr'>lutari</span> <span class='ocrx_word' id='word_1_688' title='bbox 588 4658 808 4710; x_wconf 89' lang='lat' dir='ltr'>nostro.</span> <span class='ocrx_word' id='word_1_689' title='bbox 842 4675 868 4708; x_wconf 72' lang='grc' dir='ltr'>ιι</span> <span class='ocrx_word' id='word_1_690' title='bbox 907 4655 1312 4714; x_wconf 71' lang='lat' dir='ltr'>lntelligamus</span> <span class='ocrx_word' id='word_1_691' title='bbox 1343 4658 1481 4714; x_wconf 81' lang='lat' dir='ltr'>quia</span> <span class='ocrx_word' id='word_1_692' title='bbox 1508 4659 1633 4714; x_wconf 88' lang='lat' dir='ltr'>inse</span> <span class='ocrx_word' id='word_1_693' title='bbox 1659 4664 1748 4714; x_wconf 90' lang='lat' dir='ltr'>est</span> <span class='ocrx_word' id='word_1_694' title='bbox 1771 4659 1964 4714; x_wconf 90' lang='lat' dir='ltr'>Domi-</span> <span class='ocrx_word' id='word_1_695' title='bbox 2146 4665 2278 4714; x_wconf 81' lang='lat' dir='ltr'>post</span> <span class='ocrx_word' id='word_1_696' title='bbox 2306 4660 2629 4714; x_wconf 83' lang='lat' dir='ltr'>Babvloniae</span> <span class='ocrx_word' id='word_1_697' title='bbox 2663 4660 3079 4714; x_wconf 81' lang='lat' dir='ltr'>captivitatem.</span> <span class='ocrx_word' id='word_1_698' title='bbox 3113 4661 3223 4714; x_wconf 91' lang='lat' dir='ltr'>sub</span> <span class='ocrx_word' id='word_1_699' title='bbox 3263 4605 3406 4714; x_wconf 53' lang='grc' dir='ltr'>ἕπει</span> <span class='ocrx_word' id='word_1_700' title='bbox 3452 4663 3508 4714; x_wconf 91' lang='lat' dir='ltr'>et</span> <span class='ocrx_word' id='word_1_701' title='bbox 3549 4660 3718 4714; x_wconf 85' lang='lat' dir='ltr'>Zoro-</span> 
     </span>
    </p>
   </div>
   <div class='ocr_carea' id='block_1_97' title="bbox 315 4651 1964 4731">
    <p class='ocr_par' dir='ltr' id='par_1_97' title="bbox 315 4651 1964 4731">
     <span class='ocr_line' id='line_1_98' title="bbox 315 4651 1964 4731; baseline 0.005 -23"><span class='ocrx_word' id='word_1_702' title='bbox 315 4651 553 4708; x_wconf 90' lang='lat' dir='ltr'>salutari</span> <span class='ocrx_word' id='word_1_703' title='bbox 588 4658 808 4710; x_wconf 89' lang='lat' dir='ltr'>nostro.</span> <span class='ocrx_word' id='word_1_704' title='bbox 842 4675 868 4708; x_wconf 72' lang='grc' dir='ltr'>ιι</span> <span class='ocrx_word' id='word_1_705' title='bbox 907 4655 1312 4728; x_wconf 90' lang='lat' dir='ltr'>lntelligamus</span> <span class='ocrx_word' id='word_1_706' title='bbox 1343 4658 1481 4730; x_wconf 88' lang='lat' dir='ltr'>quia</span> <span class='ocrx_word' id='word_1_707' title='bbox 1508 4659 1633 4731; x_wconf 90' lang='lat' dir='ltr'>ipse</span> <span class='ocrx_word' id='word_1_708' title='bbox 1659 4664 1748 4716; x_wconf 91' lang='lat' dir='ltr'>est</span> <span class='ocrx_word' id='word_1_709' title='bbox 1771 4659 1964 4716; x_wconf 90' lang='lat' dir='ltr'>Domi-</span> 
     </span>
    </p>
   </div>
   <div class='ocr_carea' id='block_1_98' title="bbox 317 4741 1818 4815">
    <p class='ocr_par' dir='ltr' id='par_1_98' title="bbox 317 4741 1818 4815">
     <span class='ocr_line' id='line_1_99' title="bbox 317 4741 1818 4815; baseline 0.005 -19"><span class='ocrx_word' id='word_1_710' title='bbox 317 4758 450 4810; x_wconf 90' lang='lat' dir='ltr'>nus,</span> <span class='ocrx_word' id='word_1_711' title='bbox 483 4745 540 4798; x_wconf 91' lang='lat' dir='ltr'>et</span> <span class='ocrx_word' id='word_1_712' title='bbox 571 4741 695 4815; x_wconf 89' lang='lat' dir='ltr'>ipse</span> <span class='ocrx_word' id='word_1_713' title='bbox 726 4749 912 4801; x_wconf 89' lang='lat' dir='ltr'>morte</span> <span class='ocrx_word' id='word_1_714' title='bbox 939 4763 1046 4802; x_wconf 90' lang='lat' dir='ltr'>sua</span> <span class='ocrx_word' id='word_1_715' title='bbox 1074 4745 1319 4803; x_wconf 90' lang='lat' dir='ltr'>contulit</span> <span class='ocrx_word' id='word_1_716' title='bbox 1347 4749 1516 4805; x_wconf 91' lang='lat' dir='ltr'>nobis</span> <span class='ocrx_word' id='word_1_717' title='bbox 1547 4748 1818 4805; x_wconf 87' lang='lat' dir='ltr'>salutem.</span> 
     </span>
    </p>
   </div>
   <div class='ocr_carea' id='block_1_99' title="bbox 397 4831 1964 4908">
    <p class='ocr_par' dir='ltr' id='par_1_99' title="bbox 397 4831 1964 4908">
     <span class='ocr_line' id='line_1_100' title="bbox 397 4831 1964 4908; baseline 0.004 -21"><span class='ocrx_word' id='word_1_718' title='bbox 397 4854 424 4881; x_wconf 89' lang='grc'>‹‹</span> <span class='ocrx_word' id='word_1_719' title='bbox 457 4831 939 4905; x_wconf 72' lang='lat' dir='ltr'>Praaoccupemus</span> <span class='ocrx_word' id='word_1_720' title='bbox 973 4835 1179 4892; x_wconf 89' lang='lat' dir='ltr'>faciem</span> <span class='ocrx_word' id='word_1_721' title='bbox 1231 4838 1360 4908; x_wconf 88' lang='lat' dir='ltr'>ejus</span> <span class='ocrx_word' id='word_1_722' title='bbox 1408 4839 1467 4893; x_wconf 92' lang='lat' dir='ltr'>in</span> <span class='ocrx_word' id='word_1_723' title='bbox 1515 4837 1899 4895; x_wconf 89' lang='lat' dir='ltr'>confessione.</span> <span class='ocrx_word' id='word_1_724' title='bbox 1937 4862 1964 4888; x_wconf 82' lang='lat'><strong>»</strong></span> 
     </span>
    </p>
   </div>
   <div class='ocr_carea' id='block_1_100' title="bbox 319 4919 1963 4999">
    <p class='ocr_par' dir='ltr' id='par_1_100' title="bbox 319 4919 1963 4999">
     <span class='ocr_line' id='line_1_101' title="bbox 319 4919 1963 4999; baseline 0.004 -21"><span class='ocrx_word' id='word_1_725' title='bbox 319 4919 667 4994; x_wconf 90' lang='lat' dir='ltr'>Priusquam</span> <span class='ocrx_word' id='word_1_726' title='bbox 698 4922 868 4980; x_wconf 91' lang='lat' dir='ltr'>nobis</span> <span class='ocrx_word' id='word_1_727' title='bbox 900 4941 1104 4981; x_wconf 91' lang='lat' dir='ltr'>aversa</span> <span class='ocrx_word' id='word_1_728' title='bbox 1156 4926 1301 4983; x_wconf 86' lang='lat' dir='ltr'>facie</span> <span class='ocrx_word' id='word_1_729' title='bbox 1351 4927 1657 4999; x_wconf 88' lang='lat' dir='ltr'>irascatur,</span> <span class='ocrx_word' id='word_1_730' title='bbox 1692 4929 1963 4985; x_wconf 82' lang='lat' dir='ltr'>conﬁtea-</span> 
     </span>
    </p>
   </div>
   <div class='ocr_carea' id='block_1_101' title="bbox 319 5014 1964 5090">
    <p class='ocr_par' dir='ltr' id='par_1_101' title="bbox 319 5014 1964 5090">
     <span class='ocr_line' id='line_1_102' title="bbox 319 5014 1964 5090; baseline 0.001 -24"><span class='ocrx_word' id='word_1_731' title='bbox 319 5026 456 5068; x_wconf 89' lang='lat' dir='ltr'>mur</span> <span class='ocrx_word' id='word_1_732' title='bbox 478 5015 712 5084; x_wconf 85' lang='lat' dir='ltr'>peccata</span> <span class='ocrx_word' id='word_1_733' title='bbox 743 5017 964 5070; x_wconf 90' lang='lat' dir='ltr'>nostra.</span> <span class='ocrx_word' id='word_1_734' title='bbox 993 5036 1019 5064; x_wconf 84' lang='lat'>«</span> <span class='ocrx_word' id='word_1_735' title='bbox 1051 5015 1119 5070; x_wconf 90' lang='lat' dir='ltr'>Et</span> <span class='ocrx_word' id='word_1_736' title='bbox 1149 5014 1207 5070; x_wconf 91' lang='lat' dir='ltr'>in</span> <span class='ocrx_word' id='word_1_737' title='bbox 1233 5016 1478 5087; x_wconf 89' lang='lat' dir='ltr'>psalmis</span> <span class='ocrx_word' id='word_1_738' title='bbox 1501 5018 1828 5090; x_wconf 88' lang='lat' dir='ltr'>jubilcmus</span> <span class='ocrx_word' id='word_1_739' title='bbox 1855 5020 1964 5074; x_wconf 78' lang='lat' dir='ltr'>ei.»</span> 
     </span>
    </p>
   </div>
   <div class='ocr_carea' id='block_1_102' title="bbox 321 5101 1965 5182">
    <p class='ocr_par' dir='ltr' id='par_1_102' title="bbox 321 5101 1965 5182">
     <span class='ocr_line' id='line_1_103' title="bbox 321 5101 1965 5182; baseline 0.004 -24"><span class='ocrx_word' id='word_1_740' title='bbox 321 5101 638 5159; x_wconf 88' lang='lat' dir='ltr'>Psallentes</span> <span class='ocrx_word' id='word_1_741' title='bbox 667 5101 729 5157; x_wconf 90' lang='lat' dir='ltr'>in</span> <span class='ocrx_word' id='word_1_742' title='bbox 761 5103 1036 5161; x_wconf 91' lang='lat' dir='ltr'>cordibus</span> <span class='ocrx_word' id='word_1_743' title='bbox 1078 5103 1314 5173; x_wconf 89' lang='lat' dir='ltr'>nostris,</span> <span class='ocrx_word' id='word_1_744' title='bbox 1359 5106 1475 5162; x_wconf 91' lang='lat' dir='ltr'>Deo</span> <span class='ocrx_word' id='word_1_745' title='bbox 1523 5107 1742 5180; x_wconf 90' lang='lat' dir='ltr'>gratias</span> <span class='ocrx_word' id='word_1_746' title='bbox 1791 5125 1965 5182; x_wconf 88' lang='lat' dir='ltr'>agen-</span> 
     </span>
    </p>
   </div>
   <div class='ocr_carea' id='block_1_103' title="bbox 319 5195 428 5250">
    <p class='ocr_par' dir='ltr' id='par_1_103' title="bbox 319 5195 428 5250">
     <span class='ocr_line' id='line_1_104' title="bbox 319 5195 428 5250; baseline 0 -2"><span class='ocrx_word' id='word_1_747' title='bbox 319 5195 428 5250; x_wconf 85' lang='lat' dir='ltr'>tes.</span> 
     </span>
    </p>
   </div>
   <div class='ocr_carea' id='block_1_104' title="bbox 391 5281 1965 5359">
    <p class='ocr_par' dir='ltr' id='par_1_104' title="bbox 391 5281 1965 5359">
     <span class='ocr_line' id='line_1_105' title="bbox 391 5281 1965 5359; baseline 0.005 -22"><span class='ocrx_word' id='word_1_748' title='bbox 391 5302 421 5331; x_wconf 89' lang='grc'>‹‹</span> <span class='ocrx_word' id='word_1_749' title='bbox 477 5281 763 5347; x_wconf 84' lang='lat' dir='ltr'>Quoniam</span> <span class='ocrx_word' id='word_1_750' title='bbox 823 5283 980 5340; x_wconf 89' lang='lat' dir='ltr'>Deus</span> <span class='ocrx_word' id='word_1_751' title='bbox 1029 5301 1279 5359; x_wconf 90' lang='lat' dir='ltr'>magnus</span> <span class='ocrx_word' id='word_1_752' title='bbox 1327 5283 1631 5342; x_wconf 89' lang='lat' dir='ltr'>Dominus.</span> <span class='ocrx_word' id='word_1_753' title='bbox 1688 5309 1708 5335; x_wconf 71' lang='grc' dir='ltr'><strong>υ</strong></span> <span class='ocrx_word' id='word_1_754' title='bbox 1758 5287 1965 5346; x_wconf 91' lang='lat' dir='ltr'>Nullus</span> 
     </span>
    </p>
   </div>
   <div class='ocr_carea' id='block_1_105' title="bbox 319 5369 1967 5446">
    <p class='ocr_par' dir='ltr' id='par_1_105' title="bbox 319 5369 1967 5446">
     <span class='ocr_line' id='line_1_106' title="bbox 319 5369 1967 5446; baseline 0.003 -19"><span class='ocrx_word' id='word_1_755' title='bbox 319 5369 475 5428; x_wconf 90' lang='lat' dir='ltr'>enim</span> <span class='ocrx_word' id='word_1_756' title='bbox 492 5375 760 5443; x_wconf 87' lang='lat' dir='ltr'>aequatur</span> <span class='ocrx_word' id='word_1_757' title='bbox 783 5371 1270 5445; x_wconf 87' lang='lat' dir='ltr'>magnitudini,id</span> <span class='ocrx_word' id='word_1_758' title='bbox 1294 5378 1383 5430; x_wconf 91' lang='lat' dir='ltr'>est</span> <span class='ocrx_word' id='word_1_759' title='bbox 1398 5373 1665 5446; x_wconf 79' lang='lat' dir='ltr'>potentiae</span> <span class='ocrx_word' id='word_1_760' title='bbox 1690 5375 1740 5446; x_wconf 85' lang='lat' dir='ltr'>ej</span> <span class='ocrx_word' id='word_1_761' title='bbox 1750 5393 1877 5432; x_wconf 88' lang='lat' dir='ltr'>us.«</span> <span class='ocrx_word' id='word_1_762' title='bbox 1899 5380 1967 5432; x_wconf 92' lang='lat' dir='ltr'>Et</span> 
     </span>
    </p>
   </div>
   <div class='ocr_carea' id='block_1_106' title="bbox 318 5464 1966 5537">
    <p class='ocr_par' dir='ltr' id='par_1_106' title="bbox 318 5464 1966 5537">
     <span class='ocr_line' id='line_1_107' title="bbox 318 5464 1966 5537; baseline 0.004 -22"><span class='ocrx_word' id='word_1_763' title='bbox 318 5476 420 5516; x_wconf 83' lang='lat' dir='ltr'>rex</span> <span class='ocrx_word' id='word_1_764' title='bbox 448 5477 700 5534; x_wconf 89' lang='lat' dir='ltr'>magnus</span> <span class='ocrx_word' id='word_1_765' title='bbox 735 5479 912 5535; x_wconf 89' lang='lat' dir='ltr'>super</span> <span class='ocrx_word' id='word_1_766' title='bbox 941 5478 1148 5519; x_wconf 89' lang='lat' dir='ltr'>omnes</span> <span class='ocrx_word' id='word_1_767' title='bbox 1176 5464 1336 5520; x_wconf 90' lang='lat' dir='ltr'>deos.</span> <span class='ocrx_word' id='word_1_768' title='bbox 1371 5486 1398 5513; x_wconf 87' lang='grc'><strong>››</strong></span> <span class='ocrx_word' id='word_1_769' title='bbox 1431 5467 1560 5537; x_wconf 91' lang='lat' dir='ltr'>Ipse</span> <span class='ocrx_word' id='word_1_770' title='bbox 1580 5464 1736 5520; x_wconf 90' lang='lat' dir='ltr'>enim</span> <span class='ocrx_word' id='word_1_771' title='bbox 1768 5465 1966 5522; x_wconf 86' lang='lat' dir='ltr'>omnia</span> 
     </span>
    </p>
   </div>
   <div class='ocr_carea' id='block_1_107' title="bbox 317 5549 488 5621">
    <p class='ocr_par' dir='ltr' id='par_1_107' title="bbox 317 5549 488 5621">
     <span class='ocr_line' id='line_1_108' title="bbox 317 5549 488 5621; baseline -0.012 -16"><span class='ocrx_word' id='word_1_772' title='bbox 317 5549 488 5621; x_wconf 90' lang='lat' dir='ltr'>regit.</span> 
     </span>
    </p>
   </div>
   <div class='ocr_carea' id='block_1_108' title="bbox 390 5638 1962 5716">
    <p class='ocr_par' dir='ltr' id='par_1_108' title="bbox 390 5638 1962 5716">
     <span class='ocr_line' id='line_1_109' title="bbox 390 5638 1962 5716; baseline 0.006 -24"><span class='ocrx_word' id='word_1_773' title='bbox 390 5638 728 5704; x_wconf 86' lang='lat' dir='ltr'>«Quoniam</span> <span class='ocrx_word' id='word_1_774' title='bbox 761 5658 874 5697; x_wconf 92' lang='lat' dir='ltr'>non</span> <span class='ocrx_word' id='word_1_775' title='bbox 907 5640 1144 5713; x_wconf 90' lang='lat' dir='ltr'>repellet</span> <span class='ocrx_word' id='word_1_776' title='bbox 1173 5641 1452 5701; x_wconf 89' lang='lat' dir='ltr'>Dominus</span> <span class='ocrx_word' id='word_1_777' title='bbox 1484 5643 1710 5716; x_wconf 87' lang='lat' dir='ltr'>plebem</span> <span class='ocrx_word' id='word_1_778' title='bbox 1734 5661 1962 5714; x_wconf 73' lang='lat' dir='ltr'>suarm»</span> 
     </span>
    </p>
   </div>
   <div class='ocr_carea' id='block_1_109' title="bbox 317 5729 1283 5801">
    <p class='ocr_par' dir='ltr' id='par_1_109' title="bbox 317 5729 1283 5801">
     <span class='ocr_line' id='line_1_110' title="bbox 317 5729 1283 5801; baseline 0.002 -16"><span class='ocrx_word' id='word_1_779' title='bbox 317 5743 494 5801; x_wconf 86' lang='lat' dir='ltr'>quam</span> <span class='ocrx_word' id='word_1_780' title='bbox 526 5729 758 5801; x_wconf 88' lang='lat' dir='ltr'>proprio</span> <span class='ocrx_word' id='word_1_781' title='bbox 784 5747 988 5789; x_wconf 87' lang='lat' dir='ltr'>cruore</span> <span class='ocrx_word' id='word_1_782' title='bbox 1018 5731 1283 5787; x_wconf 87' lang='lat' dir='ltr'>redemit.</span> 
     </span>
    </p>
   </div>
   <div class='ocr_carea' id='block_1_110' title="bbox 2187 4660 3718 4732">
    <p class='ocr_par' dir='ltr' id='par_1_110' title="bbox 2187 4660 3718 4732">
     <span class='ocr_line' id='line_1_111' title="bbox 2187 4660 3718 4732; baseline -0.001 -15"><span class='ocrx_word' id='word_1_783' title='bbox 2187 4665 2278 4717; x_wconf 90' lang='lat' dir='ltr'>ost</span> <span class='ocrx_word' id='word_1_784' title='bbox 2306 4660 2629 4732; x_wconf 69' lang='lat' dir='ltr'>Babylonia:</span> <span class='ocrx_word' id='word_1_785' title='bbox 2663 4660 3080 4732; x_wconf 89' lang='lat' dir='ltr'>captivitatem,</span> <span class='ocrx_word' id='word_1_786' title='bbox 3113 4661 3223 4717; x_wconf 91' lang='lat' dir='ltr'>sub</span> <span class='ocrx_word' id='word_1_787' title='bbox 3263 4660 3406 4715; x_wconf 89' lang='lat' dir='ltr'>Ezra</span> <span class='ocrx_word' id='word_1_788' title='bbox 3452 4663 3508 4716; x_wconf 92' lang='lat' dir='ltr'>et</span> <span class='ocrx_word' id='word_1_789' title='bbox 3549 4660 3718 4716; x_wconf 85' lang='lat' dir='ltr'>Zoro-</span> 
     </span>
    </p>
   </div>
   <div class='ocr_carea' id='block_1_111' title="bbox 2146 4680 3721 4788">
    <p class='ocr_par' dir='ltr' id='par_1_111' title="bbox 2146 4680 3721 4788">
     <span class='ocr_line' id='line_1_112' title="bbox 2187 4680 3718 4732; baseline -0.001 -15"><span class='ocrx_word' id='word_1_790' title='bbox 2187 4680 2278 4717; x_wconf 71' lang='lat' dir='ltr'>08E</span> <span class='ocrx_word' id='word_1_791' title='bbox 2306 4680 2629 4732; x_wconf 56' lang='lat' dir='ltr'>DaDYIOIlliB</span> <span class='ocrx_word' id='word_1_792' title='bbox 2663 4680 3080 4732; x_wconf 66' lang='grc' dir='ltr'>οειριινιιειιθιιι,</span> <span class='ocrx_word' id='word_1_793' title='bbox 3113 4680 3223 4717; x_wconf 84' lang='lat' dir='ltr'>SUD</span> <span class='ocrx_word' id='word_1_794' title='bbox 3263 4680 3406 4715; x_wconf 66' lang='lat' dir='ltr'>DZI&#39;B.</span> <span class='ocrx_word' id='word_1_795' title='bbox 3452 4680 3508 4716; x_wconf 62' lang='lat' dir='ltr'>BI.</span> <span class='ocrx_word' id='word_1_796' title='bbox 3549 4680 3718 4716; x_wconf 70' lang='grc' dir='ltr'>ΛΟΓΟ-</span> 
     </span>
     <span class='ocr_line' id='line_1_113' title="bbox 2146 4680 3721 4788; baseline -0.001 0"><span class='ocrx_word' id='word_1_797' title='bbox 2146 4680 2310 4788; x_wconf 63' lang='grc' dir='ltr'>Εεῦθ]</span> <span class='ocrx_word' id='word_1_798' title='bbox 2333 4733 2547 4788; x_wconf 87' lang='lat' dir='ltr'>etJesu</span> <span class='ocrx_word' id='word_1_799' title='bbox 2573 4731 2688 4786; x_wconf 82' lang='lat' dir='ltr'>filio</span> <span class='ocrx_word' id='word_1_800' title='bbox 2708 4733 2953 4788; x_wconf 88' lang='lat' dir='ltr'>Josedec</span> <span class='ocrx_word' id='word_1_801' title='bbox 2984 4750 3220 4788; x_wconf 91' lang='lat' dir='ltr'>rursum</span> <span class='ocrx_word' id='word_1_802' title='bbox 3250 4732 3599 4788; x_wconf 83' lang='lat' dir='ltr'>aediﬁcatum</span> <span class='ocrx_word' id='word_1_803' title='bbox 3631 4735 3721 4786; x_wconf 91' lang='lat' dir='ltr'>est</span> 
     </span>
    </p>
   </div>
   <div class='ocr_carea' id='block_1_112' title="bbox 2147 4802 3719 4876">
    <p class='ocr_par' dir='ltr' id='par_1_112' title="bbox 2147 4802 3719 4876">
     <span class='ocr_line' id='line_1_114' title="bbox 2147 4802 3719 4876; baseline -0.002 -17"><span class='ocrx_word' id='word_1_804' title='bbox 2147 4802 2636 4876; x_wconf 88' lang='lat' dir='ltr'>templum,David</span> <span class='ocrx_word' id='word_1_805' title='bbox 2669 4803 2734 4876; x_wconf 86' lang='lat' dir='ltr'>in</span> <span class='ocrx_word' id='word_1_806' title='bbox 2762 4804 2970 4875; x_wconf 90' lang='lat' dir='ltr'>spiritu</span> <span class='ocrx_word' id='word_1_807' title='bbox 3001 4810 3134 4860; x_wconf 88' lang='lat' dir='ltr'>ante</span> <span class='ocrx_word' id='word_1_808' title='bbox 3164 4805 3512 4876; x_wconf 82' lang='lat' dir='ltr'>quingentos</span> <span class='ocrx_word' id='word_1_809' title='bbox 3534 4819 3719 4858; x_wconf 90' lang='lat' dir='ltr'>annos</span> 
     </span>
    </p>
   </div>
   <div class='ocr_carea' id='block_1_113' title="bbox 2144 4875 3722 4947">
    <p class='ocr_par' dir='ltr' id='par_1_113' title="bbox 2144 4875 3722 4947">
     <span class='ocr_line' id='line_1_115' title="bbox 2144 4875 3722 4947; baseline -0.002 -16"><span class='ocrx_word' id='word_1_810' title='bbox 2144 4875 2364 4947; x_wconf 89' lang='lat' dir='ltr'>sciebat</span> <span class='ocrx_word' id='word_1_811' title='bbox 2392 4891 2628 4930; x_wconf 89' lang='lat' dir='ltr'>rursum</span> <span class='ocrx_word' id='word_1_812' title='bbox 2659 4875 3064 4932; x_wconf 85' lang='lat' dir='ltr'>aediﬁcandum</span> <span class='ocrx_word' id='word_1_813' title='bbox 3098 4875 3224 4933; x_wconf 81' lang='lat' dir='ltr'>esse</span> <span class='ocrx_word' id='word_1_814' title='bbox 3261 4875 3568 4947; x_wconf 79' lang='lat' dir='ltr'>templum.</span> <span class='ocrx_word' id='word_1_815' title='bbox 3603 4878 3722 4929; x_wconf 89' lang='lat' dir='ltr'>Hoc</span> 
     </span>
    </p>
   </div>
   <div class='ocr_carea' id='block_1_114' title="bbox 2144 4946 3714 5017">
    <p class='ocr_par' dir='ltr' id='par_1_114' title="bbox 2144 4946 3714 5017">
     <span class='ocr_line' id='line_1_116' title="bbox 2144 4946 3714 5017; baseline -0.001 -16"><span class='ocrx_word' id='word_1_816' title='bbox 2144 4946 2227 5002; x_wconf 92' lang='lat' dir='ltr'>illi</span> <span class='ocrx_word' id='word_1_817' title='bbox 2261 4947 2480 5002; x_wconf 90' lang='lat' dir='ltr'>dicunt.</span> <span class='ocrx_word' id='word_1_818' title='bbox 2503 4947 2560 5002; x_wconf 92' lang='lat' dir='ltr'>Si</span> <span class='ocrx_word' id='word_1_819' title='bbox 2591 4947 2698 5002; x_wconf 90' lang='lat' dir='ltr'>hoc</span> <span class='ocrx_word' id='word_1_820' title='bbox 2726 4947 2806 5004; x_wconf 91' lang='lat' dir='ltr'>ita</span> <span class='ocrx_word' id='word_1_821' title='bbox 2836 4952 2942 5016; x_wconf 86' lang='lat' dir='ltr'>est,</span> <span class='ocrx_word' id='word_1_822' title='bbox 2973 4966 3004 5004; x_wconf 94' lang='lat' dir='ltr'>o</span> <span class='ocrx_word' id='word_1_823' title='bbox 3033 4949 3250 5015; x_wconf 65' lang='lat' dir='ltr'>Judae,</span> <span class='ocrx_word' id='word_1_824' title='bbox 3280 4953 3343 5002; x_wconf 90' lang='lat' dir='ltr'>ut</span> <span class='ocrx_word' id='word_1_825' title='bbox 3374 4946 3714 5017; x_wconf 80' lang='lat' dir='ltr'>interpreta-</span> 
     </span>
    </p>
   </div>
   <div class='ocr_carea' id='block_1_115' title="bbox 2147 5017 3717 5092">
    <p class='ocr_par' dir='ltr' id='par_1_115' title="bbox 2147 5017 3717 5092">
     <span class='ocr_line' id='line_1_117' title="bbox 2147 5017 3717 5092; baseline -0.002 -20"><span class='ocrx_word' id='word_1_826' title='bbox 2147 5019 2247 5087; x_wconf 89' lang='lat' dir='ltr'>ris,</span> <span class='ocrx_word' id='word_1_827' title='bbox 2281 5018 2419 5092; x_wconf 81' lang='lat' dir='ltr'>quid</span> <span class='ocrx_word' id='word_1_828' title='bbox 2454 5018 2564 5073; x_wconf 90' lang='lat' dir='ltr'>sibi</span> <span class='ocrx_word' id='word_1_829' title='bbox 2595 5017 2719 5072; x_wconf 91' lang='lat' dir='ltr'>vult</span> <span class='ocrx_word' id='word_1_830' title='bbox 2749 5021 2900 5092; x_wconf 91' lang='lat' dir='ltr'>quod</span> <span class='ocrx_word' id='word_1_831' title='bbox 2931 5022 3197 5092; x_wconf 87' lang='lat' dir='ltr'>sequitur</span> <span class='ocrx_word' id='word_1_832' title='bbox 3229 5037 3247 5092; x_wconf 4' lang='lat' dir='ltr'>:j</span> <span class='ocrx_word' id='word_1_833' title='bbox 3277 5019 3502 5092; x_wconf 67' lang='lat' dir='ltr'>Caritate</span> <span class='ocrx_word' id='word_1_834' title='bbox 3532 5017 3717 5092; x_wconf 83' lang='lat' dir='ltr'>Domi-</span> 
     </span>
    </p>
   </div>
   <div class='ocr_carea' id='block_1_116' title="bbox 2144 5089 3722 5147">
    <p class='ocr_par' dir='ltr' id='par_1_116' title="bbox 2144 5089 3722 5147">
     <span class='ocr_line' id='line_1_118' title="bbox 2144 5089 3722 5147; baseline -0.002 -3"><span class='ocrx_word' id='word_1_835' title='bbox 2144 5107 2212 5145; x_wconf 86' lang='lat' dir='ltr'>no</span> <span class='ocrx_word' id='word_1_836' title='bbox 2243 5089 2513 5146; x_wconf 81' lang='lat' dir='ltr'>canticum</span> <span class='ocrx_word' id='word_1_837' title='bbox 2542 5106 2740 5145; x_wconf 82' lang='lat' dir='ltr'>novum</span> <span class='ocrx_word' id='word_1_838' title='bbox 2766 5089 2788 5147; x_wconf 66' lang='grc' dir='ltr'><em>ἓ</em></span> <span class='ocrx_word' id='word_1_839' title='bbox 2814 5097 2869 5147; x_wconf 91' lang='lat' dir='ltr'>et</span> <span class='ocrx_word' id='word_1_840' title='bbox 2896 5089 3102 5147; x_wconf 85' lang='lat' dir='ltr'>deinde</span> <span class='ocrx_word' id='word_1_841' title='bbox 3154 5108 3166 5145; x_wconf 92' lang='lat'>:</span> <span class='ocrx_word' id='word_1_842' title='bbox 3215 5090 3550 5146; x_wconf 74' lang='lat' dir='ltr'>Annuntiate</span> <span class='ocrx_word' id='word_1_843' title='bbox 3580 5089 3722 5142; x_wconf 78' lang='lat' dir='ltr'>inter</span> 
     </span>
    </p>
   </div>
   <div class='ocr_carea' id='block_1_117' title="bbox 2144 5160 3718 5234">
    <p class='ocr_par' dir='ltr' id='par_1_117' title="bbox 2144 5160 3718 5234">
     <span class='ocr_line' id='line_1_119' title="bbox 2144 5160 3718 5234; baseline -0.002 -17"><span class='ocrx_word' id='word_1_844' title='bbox 2144 5169 2326 5232; x_wconf 75' lang='lat' dir='ltr'>gentes</span> <span class='ocrx_word' id='word_1_845' title='bbox 2355 5164 2590 5234; x_wconf 82' lang='lat' dir='ltr'>gloriam</span> <span class='ocrx_word' id='word_1_846' title='bbox 2617 5165 2771 5233; x_wconf 76' lang='lat' dir='ltr'>ejus?</span> <span class='ocrx_word' id='word_1_847' title='bbox 2802 5163 2963 5227; x_wconf 91' lang='lat' dir='ltr'>Quod</span> <span class='ocrx_word' id='word_1_848' title='bbox 2997 5160 3718 5234; x_wconf 84' lang='lat' dir='ltr'>estistud,canticum_no-</span> 
     </span>
    </p>
   </div>
   <div class='ocr_carea' id='block_1_118' title="bbox 2145 5230 3718 5362">
    <p class='ocr_par' dir='ltr' id='par_1_118' title="bbox 2145 5230 3718 5362">
     <span class='ocr_line' id='line_1_120' title="bbox 2145 5230 3718 5305; baseline -0.002 -17"><span class='ocrx_word' id='word_1_849' title='bbox 2145 5230 2312 5290; x_wconf 83' lang='lat' dir='ltr'>vum:</span> <span class='ocrx_word' id='word_1_850' title='bbox 2356 5230 2456 5290; x_wconf 53' lang='lat' dir='ltr'>&#39;uae</span> <span class='ocrx_word' id='word_1_851' title='bbox 2488 5230 2778 5289; x_wconf 29' lang='lat' dir='ltr'>sunt’istae</span> <span class='ocrx_word' id='word_1_852' title='bbox 2809 5232 3262 5305; x_wconf 88' lang='lat' dir='ltr'>gentes?Videtis</span> <span class='ocrx_word' id='word_1_853' title='bbox 3283 5247 3418 5303; x_wconf 90' lang='lat' dir='ltr'>ergo</span> <span class='ocrx_word' id='word_1_854' title='bbox 3439 5230 3718 5301; x_wconf 89' lang='lat' dir='ltr'>quoniam</span> 
     </span>
     <span class='ocr_line' id='line_1_121' title="bbox 2145 5250 3718 5362; baseline -0.004 0"><span class='ocrx_word' id='word_1_855' title='bbox 2145 5250 2468 5362; x_wconf 61' lang='lat' dir='ltr'>secungum</span> <span class='ocrx_word' id='word_1_856' title='bbox 2502 5304 2756 5361; x_wconf 86' lang='lat' dir='ltr'>litteram</span> <span class='ocrx_word' id='word_1_857' title='bbox 2797 5305 3240 5360; x_wconf 86' lang='lat' dir='ltr'>interIieientem</span> <span class='ocrx_word' id='word_1_858' title='bbox 3289 5303 3522 5362; x_wconf 80' lang='lat' dir='ltr'>penitus</span> <span class='ocrx_word' id='word_1_859' title='bbox 3563 5307 3718 5357; x_wconf 91' lang='lat' dir='ltr'>stare</span> 
     </span>
    </p>
   </div>
   <div class='ocr_carea' id='block_1_119' title="bbox 2145 5304 3719 5374">
    <p class='ocr_par' dir='ltr' id='par_1_119' title="bbox 2145 5304 3719 5374">
     <span class='ocr_line' id='line_1_122' title="bbox 2145 5304 3719 5374; baseline -0.004 -12"><span class='ocrx_word' id='word_1_860' title='bbox 2145 5304 2468 5362; x_wconf 87' lang='lat' dir='ltr'>secundum</span> <span class='ocrx_word' id='word_1_861' title='bbox 2502 5304 2756 5361; x_wconf 86' lang='lat' dir='ltr'>litteram</span> <span class='ocrx_word' id='word_1_862' title='bbox 2797 5304 3240 5360; x_wconf 79' lang='lat' dir='ltr'>ihteriieientem</span> <span class='ocrx_word' id='word_1_863' title='bbox 3287 5304 3522 5374; x_wconf 89' lang='lat' dir='ltr'>penitus</span> <span class='ocrx_word' id='word_1_864' title='bbox 3563 5307 3719 5357; x_wconf 91' lang='lat' dir='ltr'>stare</span> 
     </span>
    </p>
   </div>
   <div class='ocr_carea' id='block_1_120' title="bbox 2146 5375 3714 5456">
    <p class='ocr_par' dir='ltr' id='par_1_120' title="bbox 2146 5375 3714 5456">
     <span class='ocr_line' id='line_1_123' title="bbox 2146 5375 3714 5456; baseline -0.004 -22"><span class='ocrx_word' id='word_1_865' title='bbox 2146 5395 2260 5434; x_wconf 91' lang='lat' dir='ltr'>non</span> <span class='ocrx_word' id='word_1_866' title='bbox 2294 5381 2502 5456; x_wconf 78' lang='lat' dir='ltr'>potest.</span> <span class='ocrx_word' id='word_1_867' title='bbox 2537 5381 2682 5448; x_wconf 86' lang='lat' dir='ltr'>Ergo</span> <span class='ocrx_word' id='word_1_868' title='bbox 2732 5377 2993 5456; x_wconf 52' lang='lat' dir='ltr'>mystice</span> <span class='ocrx_word' id='word_1_869' title='bbox 3025 5375 3530 5456; x_wconf 73' lang='lat' dir='ltr'>interpretandum</span> <span class='ocrx_word' id='word_1_870' title='bbox 3579 5377 3669 5456; x_wconf 78' lang='lat' dir='ltr'>est</span> <span class='ocrx_word' id='word_1_871' title='bbox 3702 5391 3714 5428; x_wconf 93' lang='lat'>:</span> 
     </span>
    </p>
   </div>
   <div class='ocr_carea' id='block_1_121' title="bbox 2145 5395 3717 5577">
    <p class='ocr_par' dir='ltr' id='par_1_121' title="bbox 2145 5395 3717 5577">
     <span class='ocr_line' id='line_1_124' title="bbox 2146 5395 3714 5502; baseline -0.004 -68"><span class='ocrx_word' id='word_1_872' title='bbox 2146 5395 2260 5434; x_wconf 91' lang='lat' dir='ltr'>non</span> <span class='ocrx_word' id='word_1_873' title='bbox 2294 5395 2502 5450; x_wconf 72' lang='lat' dir='ltr'>pocesn.</span> <span class='ocrx_word' id='word_1_874' title='bbox 2537 5395 2682 5448; x_wconf 67' lang='lat' dir='ltr'>ergo</span> <span class='ocrx_word' id='word_1_875' title='bbox 2732 5395 2977 5502; x_wconf 49' lang='lat' dir='ltr'>mgsuce</span> <span class='ocrx_word' id='word_1_876' title='bbox 3025 5395 3530 5456; x_wconf 75' lang='lat' dir='ltr'>interpretandum</span> <span class='ocrx_word' id='word_1_877' title='bbox 3579 5395 3669 5430; x_wconf 72' lang='lat' dir='ltr'>est</span> <span class='ocrx_word' id='word_1_878' title='bbox 3702 5395 3714 5428; x_wconf 89' lang='lat'>:</span> 
     </span>
     <span class='ocr_line' id='line_1_125' title="bbox 2145 5447 3715 5520; baseline -0.004 -14"><span class='ocrx_word' id='word_1_879' title='bbox 2145 5451 2380 5520; x_wconf 91' lang='lat' dir='ltr'>quando</span> <span class='ocrx_word' id='word_1_880' title='bbox 2419 5450 2631 5504; x_wconf 91' lang='lat' dir='ltr'>domus</span> <span class='ocrx_word' id='word_1_881' title='bbox 2679 5447 2786 5503; x_wconf 70' lang='lat' dir='ltr'>aedi</span> <span class='ocrx_word' id='word_1_882' title='bbox 2835 5449 3077 5504; x_wconf 86' lang='lat' dir='ltr'>cabatur</span> <span class='ocrx_word' id='word_1_883' title='bbox 3117 5452 3249 5519; x_wconf 88' lang='lat' dir='ltr'>post</span> <span class='ocrx_word' id='word_1_884' title='bbox 3299 5448 3715 5518; x_wconf 79' lang='lat' dir='ltr'>captmtatem.</span> 
     </span>
     <span class='ocr_line' id='line_1_126' title="bbox 2145 5517 3717 5577; baseline -0.004 0"><span class='ocrx_word' id='word_1_885' title='bbox 2145 5521 2314 5577; x_wconf 91' lang='lat' dir='ltr'>Multi</span> <span class='ocrx_word' id='word_1_886' title='bbox 2347 5521 2417 5576; x_wconf 91' lang='lat' dir='ltr'>de</span> <span class='ocrx_word' id='word_1_887' title='bbox 2448 5519 2616 5575; x_wconf 91' lang='lat' dir='ltr'>nobis</span> <span class='ocrx_word' id='word_1_888' title='bbox 2645 5520 2797 5577; x_wconf 83' lang='lat' dir='ltr'>capti</span> <span class='ocrx_word' id='word_1_889' title='bbox 2829 5523 2965 5575; x_wconf 85' lang='lat' dir='ltr'>sunt</span> <span class='ocrx_word' id='word_1_890' title='bbox 3018 5537 3029 5573; x_wconf 95' lang='lat'>:</span> <span class='ocrx_word' id='word_1_891' title='bbox 3083 5518 3250 5573; x_wconf 90' lang='lat' dir='ltr'>multi</span> <span class='ocrx_word' id='word_1_892' title='bbox 3297 5517 3457 5573; x_wconf 92' lang='lat' dir='ltr'>ducti</span> <span class='ocrx_word' id='word_1_893' title='bbox 3488 5521 3628 5573; x_wconf 86' lang='lat' dir='ltr'>sunt</span> <span class='ocrx_word' id='word_1_894' title='bbox 3657 5517 3717 5571; x_wconf 89' lang='lat' dir='ltr'>in</span> 
     </span>
    </p>
   </div>
   <div class='ocr_carea' id='block_1_122' title="bbox 2145 5537 3718 5670">
    <p class='ocr_par' dir='ltr' id='par_1_122' title="bbox 2145 5537 3718 5670">
     <span class='ocr_line' id='line_1_127' title="bbox 2146 5537 3717 5577; baseline -0.004 0"><span class='ocrx_word' id='word_1_895' title='bbox 2146 5537 2314 5577; x_wconf 79' lang='lat' dir='ltr'>mum</span> <span class='ocrx_word' id='word_1_896' title='bbox 2347 5537 2417 5576; x_wconf 85' lang='lat' dir='ltr'>ue</span> <span class='ocrx_word' id='word_1_897' title='bbox 2448 5537 2616 5575; x_wconf 81' lang='lat' dir='ltr'>nonis</span> <span class='ocrx_word' id='word_1_898' title='bbox 2645 5537 2711 5575; x_wconf 88' lang='lat' dir='ltr'>ca</span> <span class='ocrx_word' id='word_1_899' title='bbox 2756 5537 2797 5574; x_wconf 81' lang='grc' dir='ltr'>ιι</span> <span class='ocrx_word' id='word_1_900' title='bbox 2829 5537 2965 5575; x_wconf 75' lang='lat' dir='ltr'>sunt</span> <span class='ocrx_word' id='word_1_901' title='bbox 3018 5537 3029 5573; x_wconf 95' lang='lat'><em>:</em></span> <span class='ocrx_word' id='word_1_902' title='bbox 3083 5537 3250 5573; x_wconf 81' lang='lat' dir='ltr'>mum</span> <span class='ocrx_word' id='word_1_903' title='bbox 3297 5537 3457 5573; x_wconf 80' lang='grc' dir='ltr'>αυοιι</span> <span class='ocrx_word' id='word_1_904' title='bbox 3488 5537 3628 5573; x_wconf 76' lang='lat' dir='ltr'>sunt</span> <span class='ocrx_word' id='word_1_905' title='bbox 3657 5537 3717 5571; x_wconf 89' lang='grc' dir='ltr'>ιιι</span> 
     </span>
     <span class='ocr_line' id='line_1_128' title="bbox 2145 5537 3718 5670; baseline -0.003 -22"><span class='ocrx_word' id='word_1_906' title='bbox 2145 5593 2523 5666; x_wconf 82' lang='lat' dir='ltr'>Babyloniam</span> <span class='ocrx_word' id='word_1_907' title='bbox 2558 5609 2570 5646; x_wconf 87' lang='lat'>:</span> <span class='ocrx_word' id='word_1_908' title='bbox 2607 5537 2773 5670; x_wconf 56' lang='lat' dir='ltr'>muﬁi</span> <span class='ocrx_word' id='word_1_909' title='bbox 2799 5589 3572 5670; x_wconf 68' lang='lat' dir='ltr'>jugum_Nabuchodonosor</span> <span class='ocrx_word' id='word_1_910' title='bbox 3592 5587 3718 5645; x_wconf 87' lang='lat' dir='ltr'>suis</span> 
     </span>
    </p>
   </div>
   <div class='ocr_carea' id='block_1_123' title="bbox 2144 5661 3714 5737">
    <p class='ocr_par' dir='ltr' id='par_1_123' title="bbox 2144 5661 3714 5737">
     <span class='ocr_line' id='line_1_129' title="bbox 2144 5661 3714 5737; baseline -0.003 -16"><span class='ocrx_word' id='word_1_911' title='bbox 2144 5661 2444 5737; x_wconf 78' lang='lat' dir='ltr'>portavere</span> <span class='ocrx_word' id='word_1_912' title='bbox 2493 5662 2814 5737; x_wconf 86' lang='lat' dir='ltr'>cervicibus</span> <span class='ocrx_word' id='word_1_913' title='bbox 2847 5661 3064 5718; x_wconf 48' lang='lat' dir='ltr'>{multi</span> <span class='ocrx_word' id='word_1_914' title='bbox 3115 5661 3283 5737; x_wconf 83' lang='lat' dir='ltr'>missi</span> <span class='ocrx_word' id='word_1_915' title='bbox 3330 5665 3469 5737; x_wconf 81' lang='lat' dir='ltr'>sunt</span> <span class='ocrx_word' id='word_1_916' title='bbox 3512 5661 3570 5716; x_wconf 91' lang='lat' dir='ltr'>in</span> <span class='ocrx_word' id='word_1_917' title='bbox 3621 5677 3714 5717; x_wconf 87' lang='lat' dir='ltr'>ca-</span> 
     </span>
    </p>
   </div>
   <div class='ocr_carea' id='block_1_124' title="bbox 2144 5732 3714 5808">
    <p class='ocr_par' dir='ltr' id='par_1_124' title="bbox 2144 5732 3714 5808">
     <span class='ocr_line' id='line_1_130' title="bbox 2144 5732 3714 5808; baseline -0.001 -15"><span class='ocrx_word' id='word_1_918' title='bbox 2144 5732 2374 5794; x_wconf 76' lang='lat' dir='ltr'>minum</span> <span class='ocrx_word' id='word_1_919' title='bbox 2406 5735 2580 5808; x_wconf 85' lang='lat' dir='ltr'>ignis,</span> <span class='ocrx_word' id='word_1_920' title='bbox 2612 5739 2670 5793; x_wconf 90' lang='lat' dir='ltr'>et</span> <span class='ocrx_word' id='word_1_921' title='bbox 2698 5737 2969 5794; x_wconf 88' lang='lat' dir='ltr'>arserunt</span> <span class='ocrx_word' id='word_1_922' title='bbox 3000 5753 3013 5793; x_wconf 86' lang='lat'><strong>:</strong></span> <span class='ocrx_word' id='word_1_923' title='bbox 3047 5732 3217 5792; x_wconf 88' lang='lat' dir='ltr'>multi</span> <span class='ocrx_word' id='word_1_924' title='bbox 3251 5732 3538 5807; x_wconf 87' lang='lat' dir='ltr'>templum</span> <span class='ocrx_word' id='word_1_925' title='bbox 3585 5749 3714 5806; x_wconf 61' lang='lat' dir='ltr'>per:</span> 
     </span>
    </p>
   </div>
  </div>
