4256 6610
503 367 659 442 11⁸19

2000 372 2418 440 APPENDIX.

3748 372 3906 442 MBD

577 507 875 587 diderunt,
905 510 977 587 _et
1021 504 1082 566 in
1129 507 1250 587 illis
1292 507 1511 587 domus
1553 508 1655 568 Dei
1710 510 1993 587 subversa
2037 515 2145 587 est.
2176 515 2231 578 Α
2261 509 2683 570 diemsalutare
2704 509 3572 585 ejusmbicamusetaliterzbuo
3594 515 3902 587 sunt-dies,

580 580 1006 657 Infelix__Judas_
1019 583 1258 657 quando
1289 582 1591 657 apostolus
1627 588 1771 652 erat,
1805 585 2016 657 domus
2046 584 2147 640 Dei

577 655 718 728 erat.
763 651 928 728 venit
975 651 1265 728 diabolus,
1317 651 1373 711 ét
1419 657 1638 728 accepit
1690 651 2035 721 baccellam,
2093 659 2149 710 et

577 724 778 799 statim
807 724 1044 781 intravit
1071 727 1320 783 Satanas
1350 729 1408 782 in
1443 724 1603 784 illum
1640 729 1822 799 (Joan.
1855 745 1976 798 xm,
2014 729 2104 797 27)
2133 753 2146 794 ;

523 823 538 826 -
572 799 633 850 et
660 796 872 852 domus
901 798 1029 868 ejus
1060 799 1340 856 subversa
1386 805 1495 867 est,
1543 803 1599 854 et
1639 796 1755 855 non
1799 806 1887 855 est
1925 796 2147 855 instau-

576 870 703 944 rata
749 885 761 922 :
805 868 944 938 quia
992 887 1106 926 non
1140 872 1258 944 egit
1303 871 1733 944 poentientiam.
1761 872 1821 944 Si
1853 871 1985 944 quis
2016 887 2148 927 vero

578 943 711 1014 post
753 947 1056 1014 peccatum
1088 943 1209 1014 agit
1239 943 1638 1014 paenitentiam
1673 960 1685 996 :
1719 943 1894 998 istius
1938 945 2148 998 domus

577 1013 709 1081 post
724 1012 1793 1086 captivitatem'retedilicaturﬂremus
1813 1031 1949 1086 ergo
1968 1019 2024 1070 et
2045 1032 2150 1070 nos

524 1092 526 1095 '
577 1081 916 1156 Dominum,
950 1085 1204 1155 primum
1245 1084 1502 1156 quidem,
1536 1091 1602 1140 ut
1633 1103 1745 1140 non
1779 1081 2153 1142 sub—vertatur

578 1153 793 1209 domus
826 1153 1044 1229 nostra,
1091 1153 1399 1229 neveniat
1430 1156 1748 1229 Chaldzeus
1779 1163 1835 1213 et
1876 1157 2151 1229 Assyrius

570 1229 633 1280 et
663 1224 949 1296 templum
981 1227 1190 1283 Christi
1217 1228 1275 1283 in
1307 1227 1476 1284 nobis
1506 1229 1822 1285 subvertet.
1857 1230 1915 1286 Si
1956 1224 2150 1285 autem

573 1297 920 1372 subversum
950 1297 1126 1372 tuerit
1155 1300 1320 1370 quasi
1351 1300 1675 1372 naufragio,
1702 1303 1955 1357 secundo
2000 1301 2150 1356 sola-

578 1367 658 1441 tio
678 1367 1081 1441 per_tabulam
1109 1367 1426 1441 possumus
1459 1367 1691 1428 salvari.
1710 1373 1935 1441 Quando
1965 1373 2153 1427 domus

577 1437 980 1519 astiz'ﬁgqbqtur
1019 1437 1140 1512 post
1188 1444 1573 1519 summitatem.
1625 1437 1923 1519 Quotidie_
1942 1445 2153 1519 domus

579 1509 692 1565 ista
721 1509 934 1587 Christi
967 1509 1033 1567 in'
1058 1509 1476 1587 paenitentibus
1525 1509 1858 1572 instruitur.
1891 1515 2153 1587 Denique

579 1581 868 1663 nondixit
899 1600 911 1636 :
941 1581 1184 1663 quade
1214 1586 1426 1663 domus
1455 1587 1740 1663 aedificata
1761 1592 1850 1663 est
1880 1604 1893 1642 :
1922 1604 2000 1663 ne
2031 1581 2154 1663 tan-

578 1654 715 1729 tum
735 1654 1037 1729 videretur
1059 1655 1652 1729 fuisseipro'steritum;
1683 1659 1804 1728 sed,
1847 1660 2154 1729 aediﬁcaba-

577 1725 694 1806 τμη
725 1729 789 1779 ut
818 1726 1077 1806 quotidie
1107 1727 1216 1782 hoc
1237 1725 1361 1783 fieri
1392 1725 1902 1806 de_monstret.Hoc
1922 1725 2152 1806 interim

578 1795 851 1874 dinimus:
867 1798 939 1852 de
969 1797 1168 1853 anima
1200 1806 1416 1874 nostra.
1443 1800 1729 1874 Caeterum
1763 1819 2079 1874 possumus
2101 1805 2157 1855 et

581 1866 753 1958 aliter
787 1867 1034 1958 dicere}!
1059 1871 1310 1958 quando
1335 1871 1596 1958 ‘Ecclesia
1639 1866 1849 1929 Christi
1898 1874 2149 1958 instrue-
2181 1894 2229 1958 Β

582 1936 756 2017 batur
786 1944 916 2010 post
943 1936 1564 2017 ruinam.rVideamus
1611 1961 1746 2017 ergo
1794 1949 1926 2016 post
1973 1944 2152 2000 istum

583 2007 822 2064 titulum
856 2011 996 2082 quid
1029 2016 1319 2082 sequetur.

585 2137 607 2164 ι
644 2115 881 2174 Cantate
909 2118 1156 2175 Domino
1188 2120 1482 2177 canticum
1510 2139 1746 2178 novum.
1783 2145 1809 2173 »
1845 2122 2001 2179 Felix
2033 2141 2155 2195 pos-

510 2204 695 2261 tentia
726 2220 738 2260 :
774 2204 907 2262 licet
937 2207 1145 2274 rueris,
1186 2212 1380 2266 tamen
1431 2209 1481 2266 si
1528 2213 1717 2284 egeris
1756 2212 2156 2284 paenitentiam

511 2310 659 2349 nova
683 2294 894 2350 domus
925 2296 1022 2351 Dei
1045 2297 1558 2357 diceris.«Cantate
1586 2302 1832 2358 Domino
1863 2301 2158 2358 canticum

513 2399 752 2440 novum.
788 2408 816 2433 ››
847 2385 1004 2441 Nova
1031 2387 1264 2456 domus,
1287 2405 1504 2445 novum
1556 2397 1813 2448 meretur
1843 2392 2156 2461 canticum,

516 2493 546 2521 ‹‹
578 2473 818 2528 Cantate
845 2473 1092 2530 Domino
1123 2476 1415 2534 canticum
1449 2496 1683 2536 novum.
1711 2504 1732 2533 ι
1772 2481 1875 2537 Cui
1907 2479 2162 2537 cantate?

515 2583 544 2610 «
578 2561 820 2618 Cantate
842 2563 1106 2632 Domino,
1130 2567 1322 2622 omnis
1374 2569 1650 2626 terra.»Si
1673 2571 1743 2626 de
1760 2568 1978 2642 templo
1999 2570 2157 2626 Jero-

515 2648 752 2722 solymas
791 2651 1021 2718 dicitur,
1068 2671 1100 2709 ο
1147 2656 1367 2727 Judaee,
1419 2661 1712 2730 quomodo
1765 2660 1958 2718 omnis
2004 2666 2162 2715 terra

515 2744 862 2812 provocatur
890 2742 961 2798 ad
993 2741 1267 2801 laudem?
1299 2771 1325 2796 «
1359 2747 1599 2806 Cantate
1647 2749 1916 2818 Domino,
1967 2750 2160 2807 omnis

513 2830 844 2886 terra.»Iste
874 2829 1037 2888 locus
1067 2838 1124 2890 et
1151 2835 1422 2892 Judaaum
1445 2837 1641 2907 vincit,
1666 2844 1723 2894 et
1747 2839 2156 2897 Novatianum.

514 2940 542 2967 ‹‹
578 2919 818 2976 Cantate
845 2920 1109 2990 Domino,
1142 2925 1336 2981 omnis
1365 2929 1537 2983 terra.
1573 2950 1600 2979 »
1635 2929 1761 2984 Non
1810 2928 2158 2994 Jerusalem,

515 3008 613 3063 sed
677 3008 870 3064 omnis
901 3011 1178 3068 mundus.
1216 3013 1318 3069 Hic
1347 3014 1589 3071 Judmus
1619 3017 1918 3072 occiditur.
1955 3039 1982 3065 «
2015 3018 2160 3072 Can-

512 3100 633 3155 tate
665 3097 932 3164 Domino,
964 3099 1157 3156 omnis
1187 3106 1359 3159 terra.
1396 3125 1424 3154 »
1472 3105 1826 3162 Novatianus
1857 3106 2158 3162 occiditur.

514 3188 857 3254 Quomodo?
894 3190 1042 3246 Dicit
1079 3192 1236 3248 enim
1278 3193 1633 3251 Novatianus
1695 3213 1707 3252 :
1763 3197 1911 3252 Sunt
1966 3197 2163 3268 aliqua

2257 619 2371 659 non
2405 608 2541 671 tres,
2562 620 2675 660 non
2699 607 2970 676 quatuor,
2994 621 3108 660 non
3131 603 3409 678 quinque.
3445 609 3568 661 Duo
3587 610 3726 661 sunt
3745 605 3901 672 dies,

2256 692 2434 748 Vetus
2465 695 2921 760 Testamentum,
2945 699 3002 749 et
3033 695 3279 750 Novum.
3314 699 3379 749 Et
3408 695 3468 750 in
3500 694 3600 750 illo
3633 694 3901 752 Christus

2255 781 2429 849 lucet,
2461 787 2518 838 et
2547 783 2604 838 in
2638 782 2750 837 isto
2782 782 3048 838 Christus
3077 782 3249 839 lucet.
3282 783 3471 839 Nolite
3500 799 3636 839 eum
3666 788 3898 840 tantum

2256 870 2481 926 laudari
2513 871 2573 926 in
2595 871 2787 927 Veteri
2809 872 3281 939 Testamento,ne
3299 871 3427 929 sitis
3452 873 3638 928 Judmi
3674 891 3686 929 :
3721 872 3902 929 nolite

2257 976 2392 1015 eum
2423 963 2653 1014 tantum
2684 958 2922 1015 laudare
2952 960 3010 1014 in
3041 961 3196 1016 Novo
3227 962 3624 1030 Testamento,
3658 978 3730 1018 ne
3773 963 3902 1020 sitis

2257 1047 2577 1104 Manichaai.
2615 1049 2868 1104 Laudate
2899 1048 3068 1104 illum
3099 1050 3170 1105 de
3201 1051 3294 1105 die
3323 1051 3384 1106 in
3412 1051 3704 1118 diem,hoc
3729 1052 3902 1120 est,in

2259 1137 2453 1194 Veteri
2483 1142 2541 1194 et
2563 1137 2622 1192 in
2653 1139 2810 1194 Novo
2842 1139 3212 1194 Testamento
3238 1156 3398 1212 :quae
3425 1140 3541 1196 duo
3572 1141 3695 1196 dies
3723 1158 3904 1198 unam

2259 1227 2451 1284 lucem
2483 1226 2722 1282 faciunt.
2756 1228 3065 1300 Propterea
3102 1229 3380 1285 scribitur
3408 1232 3466 1285 et
3494 1229 3552 1284 in
3584 1229 3833 1286 Levitico
3885 1247 3900 1286 :

2263 1319 2430 1374 Omne
2455 1321 2639 1374 autem
2666 1318 2881 1374 animal
2904 1318 3043 1388 quod
3071 1318 3231 1388 ﬁndit
3258 1319 3526 1389 ungulam
3552 1327 3605 1374 et
3639 1321 3904 1390 ruminat,

2261 1408 2533 1462 mundum
2557 1413 2636 1462 est
2669 1408 2861 1478 (Leuit.
2893 1425 2971 1474 x1,
3003 1409 3078 1477 3).
3112 1411 3229 1463 Hoc
3257 1411 3366 1478 est,
3401 1408 3628 1464 si-duas
3656 1408 3906 1482 ungulas

2261 1496 2458 1564 habet,
2491 1500 2548 1551 et
2576 1495 3149 1566 ruminat,mundum
3171 1496 3350 1552 est.Si
3373 1512 3508 1569 ergo
3535 1512 3710 1553 unam
3734 1497 3909 1554 habet

2266 1585 2692 1658 ungulam,non
2719 1591 2807 1641 est
2829 1587 3380 1643 mundum.Judzeus
3402 1586 3578 1643 habet
3600 1604 3777 1643 unam
3803 1605 3909 1642 un-

2264 1673 2547 1748 gulam,et
2562 1679 2866 1745 propterea
2885 1675 3230 1732 immundus
3251 1680 3339 1731 est
3359 1675 3715 1732 Manicheus
3731 1690 3907 1732 unam

2264 1762 2440 1818 habet
2472 1763 2840 1835 ungulam,et
2859 1769 3172 1836 propterea
3198 1764 3542 1821 immundus
3570 1767 3751 1822 est.Et
3771 1765 3911 1836 quia

2266 1869 2446 1908 unam
2477 1852 2655 1908 habet
2685 1854 2988 1926 ungulam,
3017 1870 3138 1911 non
3167 1855 3426 1910 ruminat
3453 1854 3613 1910 cibos
3636 1871 3910 1911 suosznec

2265 1941 2324 1997 id
2357 1943 2511 2014 quod
2545 1942 2724 1998 semei
2755 1943 2816 1998 in
2847 1947 3109 2001 ventrem
3140 1943 3386 2011 miSerit,
3419 1960 3656 1999 rursum
3715 1944 3911 1999 educit

2267 2031 2339 2087 ad
2369 2035 2654 2103 guttur,et
2684 2032 2944 2088 ruminat
2973 2033 3139 2102 illud,
3173 2038 3228 2089 et
3257 2037 3431 2089 tenue
3461 2033 3627 2100 facit;
3661 2037 3726 2088 ut
3753 2033 3910 2105 quod

2268 2137 2541 2193 grossum
2573 2121 3026 2188 fuerat,rursum
3057 2127 3231 2178 tenue
3255 2121 3597 2178 mittaturin
3617 2126 3908 2178 ventrem:

2267 2209 2377 2266 hoc
2407 2211 2642 2281 quidem
2697 2211 2949 2282 pertinet
2977 2212 3050 2267 ad
3083 2215 3448 2268 sacramenta
3477 2211 3672 2268 divina
3701 2212 3912 2267 dicere.

2268 2299 2452 2356 Omne
2481 2299 2696 2355 animal
2729 2301 2885 2372 quod
2917 2301 3086 2356 ﬁndit
3115 2301 3422 2373 ungulam,
3455 2301 3914 2372 ruminat,mun-

2270 2390 2411 2444 dum
2445 2394 2551 2444 est.
2585 2389 2824 2445 Judaus
2857 2407 3034 2445 unam
3067 2390 3349 2462 ungulam
3381 2390 3557 2447 habet
3590 2407 3602 2444 :
3635 2390 3695 2445 in
3730 2406 3914 2446 unum

2268 2479 2424 2534 enim
2455 2481 2686 2534 tantum
2716 2479 3456 2547 credit.Testamentum,et
3487 2496 3601 2536 non
3634 2479 3913 2535 ruminat.

2270 2568 2432 2641 Legit
2461 2568 2618 2623 enim
2645 2569 3053 2624 tantummodo
3093 2569 3369 2640 litteram,
3392 2573 3449 2624 et
3479 2568 3624 2624 nihil
3655 2569 3917 2624 conside-

2270 2662 2360 2713 rat
2393 2674 2406 2712 :
2443 2656 2588 2712 nihil
2636 2658 2844 2728 quaerit
2892 2657 3264 2715 intrinsecus.
3301 2657 3745 2715 Ecclesiasticus
3783 2673 3915 2713 vero

2270 2746 2522 2819 ungulas
2553 2746 2725 2802 ﬁndit
2770 2752 2827 2802 et
2871 2747 3130 2815 runinat,
3179 2747 3288 2804 hoc
3337 2751 3445 2814 est,
3488 2747 3550 2805 in
3601 2751 3917 2819 utrumque

2270 2837 2454 2893 credit
2482 2836 3097 2902 Testamentum,et‘in
3131 2840 3377 2908 utroque
3406 2837 3780 2893 Testamento
3809 2852 3913 2892 saa-

2270 2942 2342 2998 pe
2371 2925 2636 2995 requirit.
2669 2926 2735 2981 Et
2767 2925 3157 2998 quodcunque
3187 2925 3327 2982 latet
3358 2927 3416 2982 in
3448 2925 3661 2992 littera,
3695 2925 3754 2981 in
3795 2925 3914 2998 spi-

2272 3015 2386 3072 ritu
2419 3016 2656 3087 profert.
2691 3014 2808 3069 Hoc
2837 3018 3027 3070 totum
3058 3031 3240 3086 quare
3269 3015 3427 3071 dixi?
3456 3016 3602 3081 Quia
3633 3016 3917 3088 scriptum
3963 3035 3970 3042 ·

2271 3108 2362 3160 est
2395 3121 2408 3160 :
2443 3125 2470 3154 «
2501 3103 2861 3160 Annuntiate
2891 3105 2962 3159 de
2992 3103 3085 3160 die
3115 3104 3173 3160 in
3206 3104 3360 3161 diem
3401 3104 3657 3161 salutare
3706 3105 3852 3178 ejus.
3891 3127 3912 3156 ι

2270 3194 2582 3266 Propterea
2638 3197 2694 3248 et
2741 3193 2986 3265 apostoli
3039 3193 3161 3250 bini
3211 3194 3526 3251 mittuntur
3569 3209 3583 3250 :
3619 3198 3921 3267 propterea

515 3280 880 3350 pecoata,pro
911 3279 1127 3351 quibus
1157 3283 1436 3340 debemus
1458 3301 1627 3357 agere
1656 3285 2164 3356 posnitentiam.Ac
2196 3284 2238 3351 C
2277 3301 2391 3341 non
2423 3283 2709 3340 habemus
2740 3299 2923 3339 unum
2955 3283 3213 3352 oculum,
3263 3285 3366 3341 sed
3415 3285 3582 3340 duos.
3617 3285 3922 3357 Propterea

518 3365 568 3422 si
597 3366 754 3423 dicat
786 3384 799 3421 :
833 3372 910 3424 De
940 3370 1264 3442 mendacio,
1299 3373 1370 3428 de
1390 3374 1667 3446 perjurio,
1692 3376 1764 3431 de
1783 3377 1957 3432 furto.
1989 3379 2160 3431 Caete-

518 3471 652 3512 rum
703 3457 804 3528 qui
852 3458 1170 3516 fornicatus
1220 3462 1415 3530 fuerit,
1449 3463 1548 3535 qui
1581 3463 1965 3521 homicidium
2014 3465 2161 3521 fece-

519 3545 597 3602 rit
629 3563 642 3602 :
675 3545 785 3602 iste
813 3563 984 3620 agere
1015 3565 1126 3605 non
1159 3554 1350 3622 potest
1378 3553 1801 3624 paenitentiam.
1843 3553 1991 3610 Audi
2023 3553 2165 3625 quid

517 3635 721 3693 dicat:
759 3657 787 3689 α
815 3636 1054 3694 Cantate
1103 3641 1368 3709 Domino,
1420 3643 1611 3699 omnis
1667 3647 1841 3698 terra.
1890 3666 1917 3692 ››
1961 3641 2167 3698 Omnis

521 3728 717 3781 autem
748 3726 922 3798 terra,
946 3733 1005 3784 et
1028 3723 1306 3787 adultera
1334 3737 1518 3800 est,et
1548 3733 1860 3802 homicida,
1891 3736 1948 3789 et
1972 3732 2169 3788 omnia

524 3820 764 3891 peccata
791 3822 1022 3874 terrena
1069 3825 1228 3876 sunt.
1262 3821 1322 3877 Si
1373 3826 1568 3879 autem
1617 3824 1888 3880 universa
1935 3826 2170 3895 peccata

520 3911 753 3965 terrena
782 3912 921 3964 sunt
953 3925 966 3964 :
999 3910 1429 3984 qualiacunque
1458 3918 1696 3986 peccata
1733 3913 2030 3981 habueris,
2064 3927 2170 3983 age

523 3998 924 4071 paenitentiam
956 4003 1013 4055 ct
1043 3999 1240 4057 salvus
1269 4005 1405 4059 eris.
1457 4017 1460 4021 λ

600 4111 622 4137 ι
658 4088 897 4145 Cantate
929 4091 1191 4162 Domino,
1227 4096 1284 4147 et
1313 4091 1639 4148 benedicite
1692 4091 1917 4149 nomini
1957 4093 2105 4164 ejus.
2141 4112 2168 4140 ››

527 4179 755 4236 Nomen
805 4179 1032 4234 Domini
1081 4180 1344 4238 Salvator
1388 4185 1495 4253 est,
1528 4199 1596 4238 ex
1619 4199 1686 4238 eo
1719 4183 1872 4254 quod
1902 4181 1962 4236 in
2003 4180 2173 4236 nobis

529 4265 722 4322 factus
750 4271 858 4326 est.
893 4292 921 4319 ‹‹
949 4268 1187 4327 Cantate
1217 4271 1844 4327 Domino.Annuntiate
1875 4271 1946 4326 de
1992 4269 2084 4326 die
2115 4269 2173 4324 in

527 4358 684 4416 diem
716 4358 972 4417 salutare
1001 4359 1338 4433 ejus.»Quid
1369 4359 1495 4415 vult
1523 4359 1714 4416 dicere
1745 4377 1797 4416 :«
1818 4343 2176 4415 Annuntiate

526 4449 600 4506 de
630 4449 812 4506 die'in
847 4451 1003 4507 diem
1051 4449 1306 4507 salutare
1350 4447 1518 4520 ejus?
1551 4470 1579 4498 »
1610 4447 1718 4512 Qui
1769 4447 2017 4520 simplex
2064 4451 2175 4518 est,

530 4538 615 4595 sic
643 4539 916 4613 intelligit
958 4554 972 4598 :
1018 4539 1305 4596 Omnibus
1337 4539 1546 4597 diebus
1575 4536 1808 4594 laudate
1839 4536 2178 4604 Dominum,

2273 3375 2421 3431 duas
2452 3373 2740 3430 habemus
2770 3390 2962 3440 aures,
2997 3379 3302 3447 propterea
3339 3374 3500 3430 duas
3535 3389 3726 3446 nares,
3755 3385 3922 3446 prop-

2274 3468 2432 3521 terea
2460 3464 2575 3520 duo
2605 3462 2780 3530 labia,
2814 3467 3119 3536 propterea
3167 3463 3314 3519 duas
3361 3477 3596 3530 manus,
3627 3463 3774 3520 duos
3823 3477 3921 3535 pe-

2276 3555 2399 3611 des.
2432 3541 2588 3609 Nihil
2619 3551 2678 3607 in
2711 3553 2879 3608 nobis
2920 3570 3105 3610 unum
3134 3552 3441 3622 habemus,
3474 3552 3590 3609 nisi
3622 3553 3774 3625 quod
3807 3556 3923 3607 tur-

2278 3659 2348 3716 pe
2376 3647 2486 3699 est.
2520 3643 2588 3697 Et
2631 3643 2891 3714 corporis
2921 3642 3105 3698 nostri
3135 3642 3399 3698 membra
3428 3643 3680 3698 duorum
3719 3641 3920 3716 Testa?

2278 3735 2610 3789 mentorum
2633 3719 3003 3787 sacramenta
3032 3733 3344 3787 testantur.
3810 3743 3812 3746 '

2313 3839 2316 3841 ’
2351 3842 2380 3871 ‹‹
2411 3821 2622 3876 Aﬂ'erte
2653 3819 2920 3887 Domino,
2971 3816 3170 3890 patriae
3222 3820 3488 3891 gentium
3525 3835 3538 3874 :
3572 3820 3775 3876 afferte
3821 3822 3927 3876 Do-

2280 3909 2440 3965 mino
2479 3907 2723 3981 gloriam
2769 3910 2826 3962 et
2875 3907 3176 3962 honorem.
3215 3929 3236 3959 ι
3272 3908 3330 3962 Si
3364 3908 3680 3978 de'templo
3729 3909 3932 3964 Hiero-

2281 3999 2514 4071 solymae
2572 3997 2813 4064 dicitur;
2863 3995 3003 4068 quid
3052 3995 3162 4052 sibi
3219 4012 3377 4051 nunc
3432 3994 3575 4050 vult.
3629 4018 3657 4044 ‹‹
3716 3997 3937 4053 Atl‘erte

2282 4088 2527 4145 Domino
2573 4086 2768 4160 patriae
2816 4085 3076 4158 gentium
3111 4102 3125 4142 :
3159 4085 3358 4141 afferte
3389 4083 3633 4141 Domino
3681 4083 3933 4156 gloriam

2283 4183 2339 4236 et
2367 4176 2719 4234 honorem?»
2743 4175 3014 4232 Gentium
3047 4173 3611 4242 multitudo,vocatio
3645 4172 3938 4245 gentium,

2282 4272 2340 4325 et
2367 4265 2634 4324 Ecclesiae
2665 4263 3034 4339 congregatio
3067 4267 3173 4319 est.
3213 4285 3233 4312 α
3272 4262 3480 4320 Ati‘erte
3527 4260 3774 4318 Domino
3821 4260 3941 4334 glo-

2285 4357 2433 4414 riam
2461 4360 2517 4412 et
2546 4356 2849 4412 honorem.
2886 4377 2913 4404 ››
2946 4354 3185 4419 Quando
3217 4353 3576 4410 honoramus
3619 4349 3938 4408 Dominum

2285 4446 2344 4502 in
2399 4461 2640 4516 corpore
2690 4448 2909 4514 nostro,
2957 4443 3243 4516 gloriatur
3303 4442 3587 4500 Dominus
3633 4437 3694 4497 in
3743 4439 3934 4496 nobis.

2288 4558 2316 4585 ‹‹
2355 4535 2569 4590 AtI'erte
2615 4532 2861 4589 Domino
2910 4532 3159 4606 gloriam
3207 4531 3428 4588 nomini
3474 4531 3626 4601 ejus.
3677 4552 3706 4580 »
3745 4525 3938 4587 Gloria

530 4629 643 4685 hoc
671 4633 779 4696 est,
813 4630 928 4685 d-iei
960 4630 1234 4686 succedat
1265 4629 1536 4700 dies,hoc
1568 4634 1675 4698 est,
1711 4625 1963 4683 laudasti
1985 4625 2176 4694 hodie,
2210 4660 2257 4726 Β
2289 4624 2457 4695 servi,
2491 4623 2678 4695 gloria
2708 4622 2937 4678 Domini
2972 4625 3079 4677 est.
3115 4621 3222 4690 Qui
3249 4637 3339 4676 vos
3365 4620 3579 4691 recipit,
3610 4635 3698 4675 me
3744 4617 3933 4717 recipit

529 4717 707 4774 lauda
755 4721 813 4772 et
859 4719 1134 4775 crastino.
1190 4718 1433 4775 Videtur
1490 4719 1728 4791 quidem
1787 4734 1997 4774 sensus
2054 4732 2183 4773 esse

532 4803 814 4878 simplex:
836 4806 936 4860 sed
968 4805 1112 4862 mihi
1129 4807 1356 4863 videtur
1375 4807 1598 4881 aliquid
1623 4807 1975 4866 sacramenti
2001 4805 2178 4862 latere

537 4917 566 4947 α
595 4895 954 4952 Annuntiate
983 4895 1055 4950 de
1086 4895 1179 4952 die
1211 4896 1269 4952 in
1301 4897 1457 4953 diem
1508 4897 1762 4954 salutare
1807 4898 1956 4969 ejus.
1993 4918 2019 4947 »
2052 4896 2176 4952 Non

532 4989 726 5060 potest
787 4984 1013 5041 laudari
1067 4983 1354 5054 Salvator,
1413 4985 1525 5041 nisi
1587 4987 1646 5041 in
1723 4987 1834 5043 die.
1892 4987 2181 5042 Debuerat

528 5077 688 5134 enim
746 5074 937 5131 dicere
985 5092 998 5131 :
1041 5075 1310 5131 Laudate
1361 5074 1673 5132 Dominum
1729 5076 1821 5131 die
1870 5092 1934 5131 ac
1992 5078 2177 5143 nocte,

533 5166 584 5223 si
615 5167 686 5224 de
713 5165 830 5222 ista
855 5166 947 5223 die
978 5167 1288 5223 diceretur.
1323 5165 1612 5222 Debemus
1642 5165 1799 5222 enim
1831 5165 2021 5222 dicere
2046 5165 2177 5234 hoc,

531 5257 582 5314 si
613 5258 939 5314 secundum
989 5255 1241 5313 litteram
1292 5254 1696 5328 intelligimus.
1729 5255 1789 5310 Si
1829 5272 1965 5327 ergo
1998 5255 2056 5309 in
2089 5255 2180 5311 die

533 5345 847 5404 laudamus
877 5347 1186 5403 Dominum
1218 5347 1428 5403 iterum
1479 5345 1538 5400 in
1590 5349 1756 5402 nocte
1793 5340 2033 5400 laudare
2063 5360 2179 5399 non

532 5438 883 5510 possumus?
908 5436 1112 5494 Videte
1144 5453 1279 5510 ergo
1311 5435 1452 5510 quid
1475 5435 1629 5491 dicat
1657 5453 1670 5490 :
1703 5433 2180 5505 Quandocunque

531 5526 786 5585 laudatis
822 5527 1155 5598 Dominum,
1189 5543 1420 5600 semper
1449 5523 1617 5583 illum
1648 5525 1708 5580 in
1739 5523 1868 5580 luce
1896 5522 2132 5580 laudate
2166 5540 2178 5578 :

530 5632 646 5672 non
674 5617 735 5674 in
765 5616 1022 5674 tenebris
1053 5620 1448 5690 peccatorum,
1475 5615 1577 5672 sed
1611 5614 1671 5670 in
1702 5615 1830 5671 luce
1867 5612 2178 5668 virtutum.

529 5705 772 5776 Semper
802 5706 862 5771 i—n
884 5707 1082 5764 anima
1104 5712 1207 5762 tua
1227 5706 1313 5762 sol
1337 5704 1550 5762 Christi
1573 5703 1795 5761 oriatur
1819 5723 1832 5762 ;
1861 5707 1925 5760 ut
1947 5717 2182 5774 semper

528 5795 589 5856 in
610 5798 692 5852 'te
710 5800 984 5852 nascatur
1011 5796 1208 5855 lumen
1242 5793 1878 5854 novum.«Annuntiate
1900 5793 1971 5851 de
2001 5791 2093 5849 die
2119 5791 2178 5849 in

2292 4715 2499 4788 (Matth.
2531 4731 2585 4784 x,
2617 4713 2726 4785 40).
2761 4711 2916 4768 Felix
2948 4727 3172 4780 servus,
3221 4713 3456 4782 propter
3507 4724 3683 4781 quem
3739 4706 3923 4764 Domi-

2286 4821 2399 4861 nus
2425 4801 2727 4876 gloriatur.
3519 4797 3526 4802 '

2361 4916 2389 4943 ‹‹
2421 4891 2631 4948 Tollite
2662 4889 2907 4956 hostias,
2938 4891 2996 4944 et
3023 4886 3261 4945 introite
3291 4887 3352 4944 in
3384 4886 3532 4944 atria
3569 4887 3717 4959 ejus.
3759 4908 3786 4935 »
3817 4885 3933 4946 Ho-

2289 4981 2463 5040 stiam
2495 4983 2780 5047 sanctam,
2802 4978 3013 5047 vivam,
3047 4976 3372 5051 placentem
3405 4977 3698 5050 Deo(Rom.
3729 4989 3832 5044 xu,

2291 5071 2498 5129 Tollite
2521 5069 2767 5126 hostias.
2821 5071 2935 5124 Vos
2989 5067 3103 5141 ipsi
3150 5059 3349 5123 afferte
3378 5065 3623 5124 hostias.
3657 5066 3810 5134 Quas
3839 5057 3940 5121 ho-

2291 5161 2476 5219 stias?
2501 5158 2618 5216 Vos
2647 5158 2760 5232 ipsi
2809 5161 2994 5216 estote
3037 5155 3256 5212 hostiae.
3289 5155 3630 5230 Virginitas.
3663 5154 3936 5211 holocau-

2291 5249 2697 5308 stum-Christi
2745 5252 2852 5306 est.
2905 5245 3187 5304 Universa
3231 5245 3488 5319 castitas,
3523 5245 3640 5303 sive
3669 5244 3728 5302 in
3759 5237 3936 5327 virgi-

2293 5340 2496 5407 nitate,
2527 5339 2650 5396 sive
2681 5339 2739 5394 in
2772 5337 3073 5404 viduitate,
3106 5335 3226 5392 sive
3255 5335 3316 5392 in
3347 5334 3729 5403 continentia,
3747 5323 3939 5400 hostia

2289 5429 2501 5488 Christi
2533 5433 2639 5486 est.
2689 5429 2831 5486 Rem
2881 5443 3090 5484 novam
3139 5425 3369 5499 loquor,
3409 5423 3602 5483 hostia
3647 5417 3936 5482 castitatis

2290 5521 2418 5594 ipsa
2447 5535 2508 5576 se
2539 5522 2751 5592 portat.
2779 5541 2808 5567 «
2839 5515 3048 5574 Tollite
3072 5515 3315 5587 hostias,
3349 5517 3406 5572 et
3434 5514 3669 5572 introite
3697 5513 3757 5570 in
3789 5511 3935 5570 atria

2288 5611 2437 5682 ejus.
2469 5608 2717 5665 Adorate
2745 5605 3056 5662 Dominum
3087 5605 3148 5662 in
3181 5605 3327 5662 atrio
3360 5608 3560 5661 sancto
3591 5604 3738 5675 ejus.
3773 5623 3801 5654 »
3833 5600 3931 5655 Vi-

2289 5700 2395 5756 deo
2426 5699 2597 5772 plura
2627 5697 2802 5766 atria;
2835 5696 3000 5753 video
3032 5712 3217 5753 unum
3250 5693 3484 5753 atrium.
3524 5717 3544 5744 α
3578 5691 3786 5751 Tollite
3809 5689 3928 5749 ‘ho-

2291 5788 2456 5857 stias,
2487 5790 2544 5847 et
2571 5785 2807 5845 introite
2853 5785 2914 5846 in
2963 5786 3111 5846 atria
3139 5785 3290 5858 ejus.
3325 5805 3355 5836 ››
3385 5781 3526 5842 Ecce
3571 5782 3740 5857 plura
3784 5777 3932 5838 atria
