4256 6576
220 3433 233 3441 ’
339 3432 528 3506 pictas,
576 3437 637 3489 et
691 3433 854 3506 ligna
906 3439 1258 3492 venerentur
1308 3454 1321 3492 :

347 391 498 457 HBl

1507 397 2002 463 BRE'VIARIUM
2037 398 2129 462 'lN
2172 399 2555 464 PSALMOS.

3605 381 3757 463 uss

345 530 605 584 Rursum
647 539 662 582 :
712 543 754 578 -‹‹
783 525 1037 585 Adorate
1091 527 1404 586 Dominum
1465 529 1523 586 in
1582 531 1727 586 atrio
1783 536 1988 588 sancto
2014 531 2071 598 Α
2100 547 2233 588 mus
2263 533 2432 604 panis
2471 533 2618 604 ejus,
2653 528 2754 605 qui
2807 529 2879 588 de
2932 527 3075 588 coelo
3124 527 3444 604 descendit.
3479 529 3750 596 Quotidie

350 617 481 689 ejus
514 633 527 672 :
563 636 594 667 υ
647 631 777 674 ecce
831 631 1017 672 unum
1051 617 1288 674 atrium.
1319 619 1523 675 Videte
1554 636 1688 692 ergo
1719 621 1996 692 quoniam

353 722 471 763 non
501 709 694 778 potest
723 706 794 761 de
823 721 939 762 uno
970 707 1116 763 atrio
1146 707 1326 762 veniri
1358 709 1430 764 ad
1464 708 1632 780 plura
1662 709 1809 764 atria
1835 725 1849 765 :
1897 709 1998 765 sed

349 794 422 850 de
453 793 726 866 plurimis
753 793 920 850 atriis
941 795 1184 850 venitur
1214 796 1285 851 ad
1318 813 1499 852 unum
1541 798 1775 854 atrium.
1809 796 1998 853 Vultis

349 883 500 940 scire
529 883 638 939 hoc
670 883 869 954 ipsum
902 883 1249 956 mysterium
1270 885 1298 938 ‘?
1338 885 1480 940 Ecce
1509 885 1567 940 in
1599 885 1714 942 alio
1743 886 1866 942 loco
1898 902 1998 942 ne-

346 971 598 1045 gotiator
644 971 744 1028 ille
790 972 889 1044 qui
942 972 1194 1028 habebat
1249 973 1534 1045 plurimas
1594 976 1993 1046 margaritas:

342 1060 604 1116 vendidit
650 1060 870 1133 plures,
907 1066 973 1116 ut
1015 1066 1232 1117 emeret
1274 1079 1450 1118 unam
1483 1064 1690 1132 (Matth.
1723 1080 1850 1131 xm,
1884 1065 1996 1134 46).

342 1148 414 1204 Et
440 1149 502 1204 in
533 1149 774 1205 Michaaa
820 1149 1033 1205 dicitur
1064 1165 1078 1206 :
1131 1149 1300 1219 State,
1333 1151 1546 1222 inquit,
1584 1153 1643 1206 in
1672 1153 1777 1206 viis
1807 1153 1998 1208 Domi-

339 1238 423 1303 ni,
465 1242 519 1293 et
576 1239 838 1310 inquirite
893 1240 1044 1294 viam
1097 1240 1320 1295 Domini
1371 1241 1558 1307 (Mich.
1617 1257 1688 1310 iv,
1738 1242 1814 1311 2).
1875 1241 1999 1300 Nisi

343 1327 679 1382 steterimus
727 1327 790 1380 in
839 1327 948 1383 viis
998 1327 1294 1399 plurimis,
1327 1344 1505 1384 uuam
1554 1328 1709 1384 viam
1743 1329 2001 1385 invenire

340 1431 457 1470 non
506 1431 845 1487 possumus.
878 1418 1015 1480 Quae
1044 1421 1185 1471 sunt
1215 1416 1337 1471 istis
1368 1418 1698 1488 margaritas
1751 1417 1950 1489 plures
1970 1419 1998 1472 ?

339 1505 478 1570 One
523 1507 663 1560 sunt
689 1504 792 1558 viae
816 1503 1068 1576 plures?
1115 1505 1251 1568 Quae
1283 1510 1424 1561 sunt
1455 1505 1570 1562 ista
1600 1506 1750 1562 atria
1780 1506 1948 1578 plura
1982 1538 1996 1577 ε

341 1597 409 1648 ut
437 1592 809 1649 inveniamus
845 1609 1022 1648 unam
1071 1594 1451 1666 margaritam
1500 1599 1558 1650 et
1611 1612 1789 1650 unam
1819 1596 1995 1669 viam,

338 1685 396 1737 et
423 1697 609 1737 unum
642 1680 858 1737 atrium
944 1680 1260 1749 Abraham,
1299 1684 1481 1751 Isaac,
1515 1688 1572 1739 et
1599 1684 1800 1754 Jacob,
1840 1685 1997 1757 Moy-

338 1785 455 1836 ses,
487 1770 630 1837 Jesu
681 1770 854 1838 Nave,
899 1772 1081 1838 Isaac,
1111 1771 1425 1840 Jeremias,
1457 1771 1740 1840 Ezechiel,
1775 1774 1996 1830 duode-

337 1859 453 1918 cim
501 1858 820 1930 prophetae,
851 1859 1052 1925 David,
1084 1859 1359 1917 Salomon
1413 1862 1650 1917 fuerunt
1679 1861 1846 1932 atria,
1881 1862 1988 1919 hoc

333 1951 442 2017 est,
467 1946 618 2003 atria
644 1951 844 2003 nostra
872 1951 1030 2004 sunt.
1063 1948 1326 2004 Primum
1356 1949 1416 2005 in
1448 1949 1548 2006 illa
1573 1950 1888 2019 intramus,
1913 1951 1983 2007 de

332 2034 450 2095 illis
498 2034 661 2092 atriis
713 2040 915 2107 postea
959 2036 1228 2093 venimus
1283 2039 1354 2094 ad
1405 2038 1623 2095 atrium
1667 2039 1984 2112 Evangelii,

344 2124 448 2180 ubi
477 2123 774 2180 invenitur
803 2125 1088 2182 Christus.

411 2271 432 2298 ε
467 2249 924 2306 Commoveatur
973 2268 1008 2306 a
1055 2251 1206 2307 facie
1253 2253 1381 2323 ejus
1427 2251 1699 2308 universa
1748 2257 1988 2310 terra.»

337 2336 543 2394 Videte
597 2338 738 2410 quid
788 2338 988 2394 dicat:
1041 2339 1262 2396 Ccnlum
1313 2357 1427 2397 non
1462 2346 1727 2397 movetur
1767 2359 1799 2398 a
1849 2343 1991 2399 facie

339 2422 443 2482 Dei
478 2441 491 2480 :
548 2427 648 2482 sed
683 2427 1020 2500 quicunque
1050 2432 1318 2485 terrenus
1349 2434 1456 2498 est,
1488 2429 1583 2485 ille
1614 2431 1851 2502 respicit
1878 2431 1988 2487 Do-

341 2514 572 2570 minum
605 2532 620 2570 :
671 2519 728 2571 et
760 2521 1178 2585 commovetur,
1212 2522 1268 2573 et
1297 2518 1603 2574 tremiscit.
1659 2541 1686 2569 ‹‹
1717 2519 1900 2576 Dicite
1931 2521 1990 2575 in

340 2599 620 2676 gentibus
649 2603 792 2674 quia
821 2604 1110 2661 Dominus
1139 2606 1420 2679 regnavit.
1449 2630 1475 2654 ››
1507 2607 1627 2662 Nisi
1659 2612 1814 2664 terra
1842 2625 1992 2664 com-

339 2695 503 2746 mota
533 2692 727 2758 fuerit,
757 2697 816 2748 et
845 2710 879 2750 a
909 2711 1014 2750 suo
1044 2699 1274 2752 terreno
1321 2713 1493 2769 opere
1523 2698 1845 2766 recesserit,
1878 2697 1988 2754 Do-

340 2777 540 2835 minus
571 2797 686 2835 non
719 2781 987 2854 regnabit
1019 2783 1076 2838 in
1109 2784 1406 2857 gentibus.

417 2920 440 2949 ι
472 2901 700 2958 Etenim
754 2905 1006 2960 correxit
1053 2906 1252 2961 orbem
1303 2911 1470 2964 terrae
1520 2909 1619 2982 qui
1669 2926 1784 2967 non
1833 2926 1989 2966 com-

346 2990 695 3048 movebitur.
729 3013 759 3040 »
811 2992 1126 3064 Nunquam
1156 2995 1488 3070 corrigitur,
1524 2998 1640 3055 nisi
1672 3001 1824 3071 quod
1860 3003 1992 3056 ante

346 3083 572 3134 rectum
624 3079 755 3149 fuit,
787 3084 844 3136 et
889 3086 1095 3153 postea
1143 3083 1520 3156 depravatum
1551 3091 1659 3143 est.
1694 3087 1787 3144 Sic
1815 3087 1995 3161 igitur

342 3169 400 3223 et
429 3183 556 3239 nos,
588 3171 648 3223 et
693 3184 866 3224 omne
915 3169 1242 3227 humanum
1292 3189 1478 3244 genus
1522 3175 1865 3231 naturaliter
1903 3176 1991 3231 in-

2108 621 2278 678 nobis
2308 620 2576 678 Christus
2606 619 2970 692 crucifigitur
3002 635 3014 674 :
3068 636 3175 675 nos
3205 620 3426 676 mundo
3458 620 3753 693 crucifigi-

2109 727 2262 776 mur,
2296 715 2354 766 et
2394 709 2661 766 Christus
2712 710 2770 764 in
2821 709 2988 764 nobis
3042 708 3422 780 cruciﬁgitur.
3456 707 3612 765 Felix
3641 713 3752 776 est,

2107 799 2165 854 in
2197 801 2366 870 cujus
2396 799 2566 854 corde
2597 797 2854 869 quotidie
2885 797 3152 853 Christus
3184 797 3437 869 resurgit
3471 814 3484 852 :
3527 796 3577 852 si
3609 814 3756 868 quo-

2106 888 2248 944 tidie
2296 905 2399 960 pro
2448 887 2699 958 peccatis
2746 885 2891 955 suis,
2923 886 3100 942 etiam
3141 885 3384 955 levibus,
3419 886 3539 958 agit
3566 885 3754 958 pceni-

2106 977 2370 1033 tentiam.
2396 975 2552 1032 Felix
2581 980 2669 1031 est
2698 975 2796 1047 qui
2829 975 2898 1030 de
2930 979 3123 1032 monte
3147 974 3353 1030 Oliveti
3384 975 3650 1031 ascendit
3677 976 3752 1030 ad

2107 1081 2286 1137 regna
2331 1064 2656 1122 calorum:
2709 1063 2808 1120 ubi
2859 1069 2997 1119 sunt
3047 1063 3210 1119 olivas
3259 1063 3490 1119 Domini
3522 1063 3752 1131 uberes,

2106 1155 2207 1209 ubi
2237 1154 2437 1210 lumen
2467 1153 2679 1210 Christi
2728 1153 2990 1209 nascitur
3019 1169 3032 1206 :
3084 1153 3183 1208 ubi
3231 1156 3370 1208 sunt
3398 1152 3608 1208 oliveta
3641 1154 3752 1208 Do-

2107 1243 2269 1298 mini.
2297 1243 2410 1314 Ego
2432 1243 2588 1298 enim
2611 1242 2778 1314 quasi
2807 1241 2958 1298 oliva
2986 1241 3182 1297 uberis
3212 1240 3272 1296 in
3301 1241 3474 1297 domo
3495 1241 3751 1298 Domini.

2105 1333 2507 1388 Accendamus
2561 1347 2698 1403 ergo
2747 1335 2805 1386 et
2852 1347 2958 1386 nos
3006 1330 3305 1386 lucernam
3357 1336 3619 1386 nostram
3681 1331 3754 1386 de

2107 1418 2219 1476 ista
2269 1420 2436 1486 oliva,
2469 1424 2525 1476 et
2555 1420 2760 1476 statim
2793 1435 2922 1475 cum
2958 1418 3187 1476 Christo
3220 1418 3438 1474 ibimus
3470 1419 3541 1473 ad
3573 1435 3756 1490 regna

2107 1509 2406 1565 caelorum.
2441 1508 2720 1564 «Etenim
2742 1507 2988 1565 correxit
3043 1508 3240 1564 orbem
3273 1511 3459 1574 terrae,
3502 1507 3602 1578 qui
3631 1523 3749 1562 non

2107 1598 2586 1665 commovebitur,
2624 1621 2652 1648 »
2703 1597 2803 1670 qui
2843 1598 3006 1670 prius
3037 1613 3138 1669 pro
3167 1597 3421 1668 peccatis
3451 1600 3755 1652 tortuosus

2105 1691 2248 1744 erat.
2289 1710 2316 1737 «
2349 1686 2649 1743 Judicabit
2678 1686 2923 1760 pepulos
2954 1686 3009 1741 in
3043 1684 3334 1757 aequitate.
3370 1707 3398 1733 »
3443 1684 3522 1739 De
3551 1684 3750 1740 futuro

2107 1776 2216 1833 hoc
2254 1776 2479 1848 judicio
2529 1775 2719 1831 dixit:
2773 1775 2832 1830 in
2884 1791 2999 1846 quo
3048 1774 3251 1830 iterato
3299 1771 3568 1829 adveniet
3591 1771 3750 1843 judi-

2109 1881 2237 1922 care
2269 1867 2339 1921 de
2368 1865 2509 1922 vivis
2541 1869 2599 1921 et
2627 1864 2898 1921 mortuis.
3656 1858 3660 1862 ’

2166 1979 2193 2005 ‹‹
2229 1955 2522 2010 Lastentur
2571 1953 2718 2011 coeli.
2758 1976 2778 2003 ι
2832 1951 3118 2024 Apostoli,
3149 1951 3241 2008 vel
3291 1949 3503 2022 reliqui
3542 1947 3753 2006 sancti.

2100 2063 2122 2093 ι
2157 2043 2418 2100 Exsultet
2448 2050 2624 2099 terra.
2659 2065 2686 2092 »
2721 2043 2975 2115 Corpora
3003 2041 3224 2099 scilicet
3251 2039 3526 2096 coelestia.
3573 2057 3597 2091 ι
3631 2038 3758 2094 MO'

2094 2137 2299 2190 veatur
2353 2149 2535 2198 mare,
2570 2137 2626 2188 et
2685 2129 2986 2202 plenitudo
3041 2131 3172 2201 ejus
3207 2146 3220 2186 :
3254 2127 3410 2185 orbis
3456 2131 3745 2183 terrarum

2097 2228 2154 2277 et
2182 2220 2437 2277 universi
2468 2221 2569 2292 qui
2601 2220 2870 2276 habitant
2913 2219 2972 2274 in
3015 2235 3103 2274 eo.
3139 2240 3162 2269 ι
3223 2215 3516 2274 Saeculum
3551 2215 3758 2286 utique

2098 2316 2164 2366 ut
2221 2311 2280 2366 in
2339 2309 2550 2366 melius
2607 2313 3021 2365 commutetur.
3074 2332 3101 2359 «
3136 2307 3486 2364 Gaudebunt
3533 2304 3750 2376 campi,

2099 2404 2159 2456 et
2188 2400 2386 2457 omnia
2406 2417 2534 2472 quis
2565 2400 2624 2456 in
2654 2397 2739 2454 eis
2767 2403 2926 2454 sunt.
2958 2419 2986 2448 ››
3017 2397 3240 2454 Animis
3265 2401 3502 2465 sanctae,
3529 2399 3586 2450 et
3611 2410 3752 2466 prae-

2101 2489 2305 2545 sertim
2354 2489 2629 2561 virgines,
2665 2505 2793 2560 quis
2840 2487 3086 2544 diversis
3118 2487 3328 2543 ﬂorum
3361 2483 3750 2542 suavitatibus

2102 2577 2344 2651 pollent.

2170 2690 2199 2718 «
2229 2668 2393 2724 Tunc
2423 2665 2799 2722 exsultabunt
2827 2665 3027 2722 omnia
3053 2664 3216 2737 ligna
3254 2663 3534 2720 silvarum
3582 2679 3617 2718 a
3661 2661 3746 2718 fa-

2099 2755 2185 2813 cie
2212 2755 2464 2811 Domini.
2497 2777 2525 2806 »
2559 2754 2704 2820 Quia
2734 2770 2848 2810 non
2880 2758 3020 2810 sunt
3049 2753 3298 2810 obnoxia
3326 2749 3742 2808 combustioni.

2101 2867 2129 2895 «
2162 2845 2447 2910 Quoniam
2476 2843 2629 2900 veni.
2657 2866 2684 2893 »
2719 2843 2910 2900 Primo
2936 2835 3192 2899 adventu
3213 2841 3285 2898 ad
3313 2839 3745 2896 redimendum.

2099 2955 2130 2984 ‹‹
2163 2933 2451 3000 Quoniam
2482 2933 2638 2990 venit
2657 2932 2927 3004 judicare
2955 2937 3189 2989 terram.
3226 2953 3254 2980 »
3305 2931 3514 3012 Iterato
3549 2929 3621 2984 ad
3645 2929 3745 3010 ju-

2102 3022 2441 3079 dicandum.

2179 3133 2207 3166 α
2233 3105 2534 3168 Judicabit
2568 3111 2768 3168 orbem
2800 3114 3086 3168 terrarum
3136 3110 3194 3166 in
3239 3109 3529 3184 aequitate,
3561 3111 3618 3165 et
3646 3124 3750 3188 po-

2101 3200 2272 3274 pulos
2301 3201 2359 3256 in
2390 3199 2629 3256 veritate
2659 3217 2805 3268 sua;
2837 3203 2903 3256 ut
2933 3204 3266 3271 peccatores
3288 3189 3503 3255 subdat
3525 3196 3749 3270 poenis;

821 3256 1010 3362 N91,}?
1053 3258 1208 3362 enim
1240 3265 1444 3333 gentes
1473 3267 1631 3362 anﬂt’
1664 3267 1989 3362 fluam?“-
2021 3269 2066 3337 ο
2093 3254 2290 3362 justus
2338 3254 2620 3361 praemiis
2645 3254 3345 3351 minuere—t‘aaternis.Qui
3377 3254 3547 3342 nobis
3577 3254 3749 3342 timo:

339 3343 540 3400 raliter
569 3343 904 3418 intelligant
929 3346 1258 3403 Creatorem
1289 3365 1488 3406 suum.
1532 3350 1689 3407 Licet
1716 3352 1874 3407 enim
1903 3351 1987 3408 la-

1390 3442 1588 3496 tamen
1653 3439 1990 3513 intelligunt

341 3521 566 3593 aliquid
613 3523 809 3594 majus
856 3539 986 3580 esse
1032 3540 1213 3596 quam
1262 3525 1376 3599 ipsi
1426 3531 1585 3595 sunt,
1618 3531 1677 3584 et
1705 3527 1765 3584 in
1796 3543 1990 3584 errore

342 3626 450 3674 suo
492 3609 756 3668 indicant
803 3627 866 3668 se
911 3612 1128 3669 habere
1166 3615 1538 3687 sapientiam,
1572 3616 1682 3673 hoc
1711 3621 1801 3674 est
1829 3617 1990 3674 nulla

342 3715 487 3774 gens
516 3704 606 3756 est
633 3717 761 3772 quas
794 3701 1134 3759 naturaliter
1161 3719 1280 3759 non
1324 3703 1614 3777 intelligat
1641 3705 1846 3762 Deum.
1881 3711 1985 3763 De-

343 3788 523 3861 nique
569 3790 817 3863 gentiles
867 3790 1026 3848 idola
1073 3791 1322 3849 colunt:
1373 3793 1484 3850 hoc
1532 3799 1640 3862 est,
1672 3795 1896 3868 lapides
1936 3800 1994 3852 et

341 3877 504 3952 ligna
531 3884 882 3937 venerantur
915 3898 928 3936 :
983 3887 1042 3937 et
1084 3881 1135 3938 si
1165 3883 1313 3940 forte
1343 3883 1529 3940 rixam
1561 3885 1825 3957 fecerint,
1849 3889 1912 3942 et
1941 3886 1992 3941 si

335 3967 746 4038 juramentum
773 3969 1013 4042 aliquod
1036 3971 1189 4028 inter
1217 3971 1352 4029 illos
1379 3973 1620 4045 venerit,
1643 3991 1762 4030 non
1791 3975 1996 4031 dicunt

342 4054 568 4128 lapides
595 4057 696 4114 isti
725 4059 944 4130 vident,
974 4059 1137 4132 ligna
1180 4061 1378 4118 vident
1410 4079 1425 4118 :
1476 4063 1578 4118 sed
1627 4067 1780 4120 Deus
1821 4064 1992 4135 videt,

344 4147 402 4201 et
429 4149 582 4201 Deus
613 4145 797 4202 audit.
830 4147 1032 4203 Videte
1074 4164 1212 4221 ergo
1259 4149 1399 4221 quid
1451 4151 1605 4206 dicat
1639 4167 1652 4205 :
1711 4172 1738 4205 α
1767 4151 1993 4208 Etenim

344 4233 594 4289 correxit
618 4234 818 4289 orbem
844 4237 1010 4290 terra:
1036 4236 1134 4308 qui
1163 4253 1276 4292 non
1300 4239 1785 4295 commovebitur.
1813 4264 1834 4289 ι
1865 4241 1995 4296 Ideo

342 4320 500 4376 venit
528 4319 816 4390 Christus,
847 4327 909 4380 et
951 4325 1200 4380 correxit
1238 4342 1424 4398 genus
1454 4327 1804 4397 humanum,
1839 4330 1995 4402 quod

345 4413 480 4467 ante
533 4409 721 4466 fuerat
769 4411 1176 4484 depravatum,
1208 4418 1275 4470 ut
1313 4415 1372 4470 in
1411 4420 1691 4473 aeternum
1726 4435 1840 4474 non
1874 4437 1994 4474 mo-

341 4504 567 4558 veatur.
599 4501 751 4556 Crux
783 4500 936 4557 enim
968 4501 1156 4574 ipsius
1186 4501 1462 4559 columna
1491 4509 1580 4560 est
1609 4506 1839 4579 generis
1888 4507 1995 4562 hu-

346 4587 529 4645 mani.
565 4589 627 4644 In
680 4590 809 4662 ipsa
857 4589 1134 4646 columna
1175 4590 1460 4649 adificata
1490 4597 1577 4650 est
1607 4594 1817 4650 domus
1848 4596 1996 4667 ejus.

346 4677 466 4749 Ego
497 4692 729 4734 crucem
760 4678 912 4749 dico,
939 4696 1054 4737 non
1086 4680 1336 4753 lignum,
1374 4683 1474 4739 sed
1508 4682 1860 4755 passionem.
1894 4685 2007 4740 Ca2-

344 4770 538 4822 terum
586 4781 729 4822 crux
777 4768 892 4826 ista
938 4772 995 4825 et
1044 4768 1105 4825 in
1155 4770 1455 4827 Britannia
1504 4776 1613 4845 est,
1647 4775 1700 4828 et
1745 4773 1805 4828 in
1838 4773 2003 4831 India

345 4858 454 4925 est,
487 4858 544 4912 et
591 4855 650 4912 in
701 4855 974 4914 universo
1023 4859 1162 4915 orbe
1209 4863 1517 4918 terrarum.
1561 4861 1820 4934 Denique
1861 4862 2000 4934 quid

346 4942 489 5000 dicit
523 4947 581 5000 et
609 4945 896 5004 Dominus
925 4947 985 5002 in
1015 4947 1324 5022 Evangelia
1345 4949 1374 5003 ?
1423 4950 1544 5007 Nisi
1586 4951 1839 5008 tuleritis
1871 4970 2000 5008 cru-

345 5041 474 5089 cem
505 5047 720 5100 meam,
751 5039 809 5092 et
839 5036 1102 5108 quotidie
1133 5037 1318 5093 secuti
1352 5039 1582 5096 fueritis
1612 5057 1705 5096 me
1735 5044 1888 5112 (Luc.
1925 5059 1999 5110 ix,

345 5121 461 5194 23).
494 5122 696 5179 Videte
745 5125 884 5197 quid
929 5126 1092 5183 dicat
1125 5145 1139 5184 :
1191 5125 1316 5182 Nisi
1361 5128 1560 5185 anima
1597 5134 1790 5186 vestra
1820 5131 1901 5186 ita
1931 5132 2001 5186 ad

348 5225 580 5269 crucem
614 5212 791 5269 fuerit
822 5219 1166 5288 praeparata,
1196 5215 1349 5272 sicut
1381 5233 1511 5274 mea
1540 5218 1653 5274 fuit
1681 5236 1785 5292 pro
1816 5219 2001 5289 vobis,

351 5299 465 5355 mei
495 5299 769 5374 discipuli
801 5318 934 5359 esse
973 5320 1090 5360 non
1123 5305 1389 5377 potestis.
1426 5305 1583 5362 Felix
1613 5307 1715 5379 qui
1747 5323 2004 5376 crucem,

351 5392 409 5445 et
437 5390 944 5460 resurrectionem,
977 5396 1034 5449 et
1089 5395 1283 5451 locum
1327 5395 1650 5452 nativitatis
1682 5395 1918 5464 Christi,
1950 5401 2008 5454 et

354 5476 548 5535 locum
606 5481 970 5538 ascensionis
1015 5487 1210 5554 portat
1266 5485 1325 5539 in
1385 5488 1615 5559 pectore
1669 5503 1795 5542 suo.
1851 5485 2006 5544 Felix

357 5568 576 5650 estqui
609 5569 947 5628 Bethlehem
978 5570 1156 5629 habet
1195 5573 1256 5630 in
1304 5575 1474 5631 corde
1522 5591 1628 5631 suo
1661 5593 1674 5632 ε
1725 5575 1785 5631 in
1835 5577 2006 5648 cujus

361 5656 534 5713 sorde
558 5658 822 5717 Christus
852 5661 1112 5733 quotidie
1143 5663 1424 5721 nascitur.
1457 5664 1719 5738 Denique
1749 5665 1886 5737 quid
1919 5665 2004 5722 di-

363 5746 516 5804 citur
547 5747 884 5808 Bethlehem
906 5750 934 5806 ?
976 5747 1196 5810 Demus
1228 5755 1418 5824 panis.
1451 5754 1648 5813 Simus
1675 5759 1736 5812 et
1765 5771 1871 5812 nos
1902 5756 2002 5811 do-

2035 4644 2084 4709 Β

2098 3395 2222 3435 rem
2255 3376 2512 3433 nominis
2543 3377 2636 3432 sui
2667 3375 2957 3446 tribuens,
2986 3380 3262 3447 praestare
3291 3375 3566 3446 dignetur
3596 3377 3662 3430 ut
3689 3373 3750 3428 in

2096 3466 2195 3522 illo
2245 3466 2550 3521 tremendo
2593 3464 2806 3538 judicii
2854 3470 3115 3537 tempore
3161 3480 3275 3520 non
3307 3462 3661 3519 collocemur
3690 3463 3750 3517 in

2097 3555 2336 3613 sinistro
2367 3570 2610 3609 numero
2639 3571 2650 3609 :
2691 3552 2790 3624 qui
2823 3570 2930 3609 nos
2961 3552 3290 3622 redemptos
3315 3552 3447 3624 ejus
3467 3551 3754 3630 sanguine

2099 3644 2446 3700 conﬁtemur
2494 3641 2607 3714 ipsi
2657 3641 2843 3715 gloria
2889 3658 3022 3698 cum
3074 3645 3286 3697 aeterno
3335 3645 3504 3698 Patre
3533 3645 3591 3698 et
3620 3638 3748 3713 Spi-

2098 3733 2215 3790 ritu
2247 3736 2447 3789 sancto
2477 3731 2538 3788 in
2571 3730 2784 3787 saecula
2815 3732 3186 3788 saeculorum.
3219 3735 3430 3788 Amen.

2639 3820 2971 3878 PSALMUS
3028 3819 3214 3877 XCVI.

2101 3901 2364 3982 Psa_lm_us
2396 3903 2502 3982 ipsi
2531 3901 2957 3982 Dayidnquando
2999 3905 3165 3982 terra
3203 3902 3325 3982 ejus
3369 3902 3628 3982 restitute
3674 3908 3758 3982 est

2174 3977 2246 4030 ei.
2282 3971 2556 4055 Legimus
2605 3972 2666 4056 in
2706 3973 2931 4096 Reﬁum
2959 3975 3018 4026 et
3051 3971 3756 4054 Paralipomenonlibrls,

2176 4060 2456 4096 quoniam
2487 4044 2665 4096 Βανιά
2713 4043 2781 4096 be
2832 4058 3026 4096 icosus
3067 4058 3154 4096 νιι·
3197 4041 3330 4096 fuit.
3366 4047 3425 4096 et
3453 4057 3756 4096 universas

2176 4041 2456 4116 quoniam
2487 4043 2672 4116 David
2713 4041 3154 4116 bellicosusvir
3197 4041 3330 4116 fuit,
3366 4047 3425 4097 et
3453 4041 3758 4116 universas

2175 4112 2378 4189 gentes
2409 4116 2466 4169 in
2499 4114 2746 4189 circuitu
2774 4112 3106 4189 subjece_rit,
3141 4116 3200 4168 et
3225 4113 3282 4169 in
3316 4114 3768 4189 s_uam_redege-.

2176 4183 2253 4242 rit
2283 4189 2652 4258 potestatem.
2686 4183 2802 4240 Hoc
2852 4183 3086 4258 interim
3133 4186 3458 4258 secundum
3483 4183 3754 4258 litteram

2179 4255 2576 4330 intelligamus
2629 4256 2737 4312 hoc
2786 4256 3005 4330 modo:
3056 4255 3326 4330 Psalmus
3361 4255 3755 4330 Davidgquem

2178 4326 2394 4400 cecinit
2418 4328 2662 4384 Domino
2695 4345 2707 4382 :
2759 4327 2993 4400 quando
3039 4326 3206 4400 victis
3244 4326 3753 4383 adversariis'red-

2179 4399 2328 4456 didit
2384 4404 2549 4456 terris
2607 4415 2746 4465 suis,
2782 4399 2908 4455 hoc
2952 4402 3062 4465 est,
3091 4399 3305 4454 Judtsm
3367 4414 3587 4470 pacem.
3635 4402 3755 4453 Hoc

2180 4473 2505 4529 secundum
2562 4471 2888 4526 historiam.
2923 4471 3205 4527 Ceterum
3251 4471 3299 4527 si
3341 4469 3522 4527 David
3577 4469 3754 4526 inter-

2180 4548 2445 4617 pretatur
2473 4545 2638 4617 fortis
2677 4559 2900 4617 manu;
2949 4541 3115 4598 t‘ortis
3147 4545 3344 4598 autem
3377 4558 3554 4597 manu
3585 4558 3758 4617 nekmo

2183 4611 2294 4684 est,
2325 4615 2438 4670 nisi
2475 4611 2585 4669 ille
2629 4613 2730 4685 qui
2761 4613 2899 4685 vicit
2927 4629 3131 4685 omnes
3162 4619 3384 4685 gentes,
3419 4617 3616 4670 noster
3644 4611 3756 4670 Da-

2181 4683 2299 4752 vid,
2332 4687 2402 4741 ad
2437 4701 2610 4758 quem
2643 4683 2977 4740 clamabant
3003 4683 3296 4758 damones
3329 4703 3343 4741 :
3370 4683 3531 4758 Quut
3558 4686 3762 4758 uenisti

2184 4757 2464 4829 torquere;
2499 4771 2598 4829 nos
2659 4760 2807 4829 ante
2853 4760 3087 4828 tempus,
3155 4757 3239 4825 ﬁli
3310 4757 3484 4814 Dauid
3549 4757 3756 4829 (Matth.

2181 4825 2305 4894 vui,
2334 4827 2472 4902 29)?
2522 4828 2636 4902 Iste
2687 4825 3193 4902 psalmus—abgeo
3241 4825 3602 4902 compositus
3648 4833 3758 4902 est,

2181 4901 2415 5027 quando
2456 4899 2729 4982 restituta
2757 4904 2848 4955 est
2876 4903 3050 4981 terra.
3081 4900 3152 4956 Et
3181 4899 3410 4983 egregie
3455 4900 3601 4981 dixit
3630 4900 3758 4970 qui-

2231 4988 2325 5027 am
2361 4989 2374 5027 :
2427 4986 2704 5027 quoniam
2753 4974 2906 5027 terra
2947 4975 3062 5027 ista
3091 4988 3216 5027 uuae
3249 4976 3596 5027 restituitur.
3629 4986 3756 5025 cor-

2231 4988 2325 5028 am
2361 4989 2374 5027 :
2427 4971 2704 5043 quoniam
2753 4974 2906 5028 terra
2947 4971 3062 5027 ista
3091 4971 3756 5043 quae—restituitur,_cpr-

2180 5059 2324 5115 pora
2381 5039 2580 5098 nostra
2639 5047 2796 5115 sunt.
2830 5047 2976 5098 Vere
3006 5039 3160 5115 enim
3193 5059 3258 5097 eo
3291 5046 3551 5114 tempore
3580 5039 3755 5097 debe-

2185 5113 2323 5170 mus
2363 5117 2599 5171 cantare
2629 5113 2890 5183 Domino,
2924 5114 3156 5184 quando
3185 5118 3339 5168 terra
3367 5113 3568 5184 nostra
3597 5128 3756 5184 com-

2184 5187 2375 5259 posita
2421 5190 2530 5243 est.
2565 5183 3086 5259 Dicamusautem
3135 5201 3241 5259 nos
3285 5188 3341 5259 et
3389 5183 3557 5240 aliter
3584 5201 3598 5250 ;
3625 5183 3758 5259 _Nos

2183 5255 2341 5315 enim
2392 5261 2578 5326 nocet,
2612 5257 2662 5313 si
2711 5257 2989 5326 eamdem
3022 5271 3144 5310 rem
3189 5255 3419 5311 duobus
3463 5264 3516 5311 et
3563 5255 3756 5326 tribus

2185 5329 2378 5386 modis
2421 5324 2842 5400 intelligamus.
2876 5325 3166 5400 Scriptum
3200 5332 3297 5400 est
3316 5327 3470 5400 enim
3505 5324 3756 5400 in_Salo-_

2185 5417 2358 5458 mone
2391 5418 2404 5456 :
2455 5397 2721 5468 Assurﬁes,
2755 5399 2964 5470 inquit,
2997 5397 3059 5454 ea
3084 5400 3166 5470 fin
3219 5398 3407 5454 tabula
3458 5397 3639 5470 cordis
3674 5398 3766 5453 tui

2188 5473 2488 5545 tripliciter
2527 5473 2712 5541 (Prov.
2746 5469 2884 5538 xxii,
2915 5469 3027 5540 20).
3067 5469 3205 5545 Non
3250 5473 3424 5545 nocet
3465 5469 3759 5545 diversum

2186 5540 2404 5615 aliquid
2427 5540 2648 5615 dicere,
2676 5557 2808 5615 cum
2842 5557 2957 5596 uno
2989 5540 3201 5615 spigitu
3233 5540 3483 5615 dicitur:
3517 5540 3760 5606 Quando

2182 5611 2339 5672 terra
2388 5614 2515 5685 ejus
2568 5613 2887 5670 constituta
2936 5616 3042 5685 est.
3077 5612 3253 5666 Terra
3293 5611 3406 5685 ista
3441 5615 3758 5685 antequam

2185 5686 2366 5743 David
2415 5682 2632 5767 noster
2660 5699 2862 5741 omnes
2893 5682 3189 5767 vinceret,
3219 5682 3626 5767 nonnhabebat
3654 5701 3758 5767 pa-

2175 5775 2311 5815 cem
2342 5776 2355 5827 ;
2402 5756 2503 5814 sed
2535 5755 2753 5828 ubique
2787 5758 2912 5812 erat
2942 5755 3250 5813 discordia.
3284 5755 3407 5814 Alia
3433 5770 3577 5830 gens
3607 5755 3766 5818 (ιόιεδ-⁵
