4256 6576
490 357 646 422 1183

1984 364 2402 428 APPENDIX.

3738 362 3898 426 1184

557 493 660 550 bat
705 491 1510 573 Jovem,alia__Mercu_rium,_
1550 496 1663 573 alia
1716 499 2026 573 Iunonem,
2078 501 2135 554 et
2162 505 2218 573 Α
2250 502 2435 571 ptum.
2473 499 2718 558 «Nubes
2741 504 2798 557 et
2831 497 3014 573 caligo
3045 498 3104 555 in
3129 497 3377 555 circuitu
3397 496 3548 569 ejus.
3571 517 3599 549 »
3627 493 3892 554 Diximus

561 582 765 646 omnes
813 569 1014 646 gentes
1055 564 1282 646 diversa
1312 564 1809 646 idolahabebant.
1843 569 2132 646 Vexillum

561 642 752 762 CI‘lthls
802 642 1087 693 elevatum
1138 643 1246 706 est,
1279 645 1338 695 et
1385 643 1578 697 omnis
1627 648 1781 698 terra
1823 643 2140 698 constituta

561 724 621 762 es
655 750 668 762 .

559 724 668 764 BSt.

561 891 589 917 «
625 867 911 924 Dominus
961 871 1242 941 regnavit,
1273 871 1524 928 exsultet
1571 876 1745 928 terra.
1782 895 1809 921 »
1861 873 2141 929 Universa

487 961 665 1029 terra,
699 961 756 1013 et
785 959 978 1014 omnis
1009 959 1186 1027 orbis,
1211 960 1310 1031 qui
1342 962 1708 1017 daemonibus
1741 967 1796 1017 et
1826 961 2000 1018 idolis
2023 965 2138 1018 fue-

487 1051 578 1103 rat
625 1051 759 1102 ante
811 1048 1133 1119 subjectus.
1167 1049 1283 1105 Deo
1334 1055 1532 1105 nostro
1580 1056 1859 1122 regnante
1890 1052 2135 1106 lcetetur.

489 1158 516 1185 ‹‹
549 1136 838 1192 Dominus
887 1138 1166 1209 regnavit.
1203 1161 1231 1188 »
1285 1141 1568 1210 Dominus,
1601 1144 1835 1195 Creator
1881 1140 1980 1212 qui
2031 1157 2137 1195 nos

486 1224 645 1294 fecit,
680 1226 803 1297 ipse
835 1228 1115 1298 regnavit.
1149 1227 1192 1283 Ο
1235 1245 1338 1284 vos
1369 1229 1468 1300 qui
1501 1235 1633 1285 ante
1664 1229 1910 1301 subjecti
1961 1230 2137 1284 eratis

486 1316 598 1370 sub
648 1315 904 1371 dominio
955 1315 1193 1383 diaboli,
1228 1335 1383 1372 nunc
1429 1318 1675 1390 subjecti
1709 1319 1850 1374 estis
1884 1318 1995 1373 sub
2031 1325 2136 1373 Do-

486 1403 646 1459 mino
677 1408 950 1460 creatore.
1007 1428 1034 1454 «
1071 1407 1364 1463 Laatentur
1392 1407 1594 1463 insulae
1629 1407 1846 1462 multm.
1880 1430 1907 1458 ››
1962 1408 2140 1463 Bene-

485 1492 628 1549 dixit
657 1495 728 1548 de
758 1494 1071 1552 animabus
1103 1497 1320 1551 nostris
1357 1514 1368 1551 :
1413 1514 1539 1568 quae
1569 1498 1746 1553 variis
1777 1497 2139 1570 cogitationi-

482 1582 616 1649 bus,
649 1583 818 1654 quasi
865 1584 1044 1640 variis
1097 1585 1234 1639 hinc
1284 1586 1418 1640 inde
1465 1587 1798 1641 tunduntur
1838 1586 2133 1641 fluctibus.

484 1672 601 1727 Nos
633 1676 829 1728 autem
865 1673 1152 1744 dicamus,
1187 1679 1244 1728 et
1280 1674 1505 1730 insulas
1537 1675 1842 1730 Ecclesiae.
1877 1675 2136 1746 Denique

487 1760 722 1832 dicitur,
746 1765 803 1816 et
829 1761 890 1815 in
922 1761 1033 1816 alio
1065 1761 1190 1817 loco
1218 1779 1230 1817 :
1263 1767 1683 1819 Convertentur
1704 1765 1774 1818 ad
1809 1780 1900 1818 me
1930 1763 2135 1818 insulae

487 1847 688 1904 multae
737 1850 914 1920 (Osee.
947 1868 1060 1913 xlv,
1090 1852 1166 1920 8).
1222 1851 1411 1907 Vultis
1443 1853 1589 1908 scire
1621 1851 1897 1923 quoniam
1929 1851 2133 1908 insulae
2165 1878 2212 1943 B

485 1938 758 1993 dicantur
783 1938 1050 1995 Ecclesiae
1072 1940 1099 1994 ‘I
1129 1941 1363 1996 Dictum
1389 1946 1477 1998 est
1507 1943 1565 1996 in
1597 1942 1880 2013 propheta
1907 1958 1975 1997 ex
2007 1958 2131 2013 per-

487 2043 632 2082 sona
663 2028 892 2083 Domini
927 2045 940 2085 :
993 2029 1273 2101 Loquere,
1316 2029 1527 2101 inquit,
1563 2031 1988 2086 habitatoribus
2037 2031 2131 2085 in-

486 2114 626 2170 sulae
680 2115 860 2186 hujus
908 2118 1120 2185 (Ezech.
1166 2135 1338 2187 xxvu,
1377 2122 1432 2184 2,
1484 2121 1558 2189 3).
1611 2124 1884 2176 ιαἰεη-ιιιν
1931 2122 2134 2176 insulae

483 2204 690 2259 multae.
725 2206 1025 2269 Quomodo
1075 2209 1229 2263 enim
1276 2208 1484 2264 insulae
1517 2209 1576 2262 in
1611 2210 1800 2264 medio
1833 2209 1978 2264 mari
2031 2227 2130 2280 po-

486 2291 608 2347 sitae
658 2298 841 2348 sunt:
904 2294 989 2349 sic
1037 2300 1095 2351 et
1140 2295 1407 2353 Ecclesiae
1449 2297 1614 2369 quasi
1662 2298 1720 2352 in
1762 2298 1952 2354 medio
1984 2299 2130 2353 mari

486 2381 682 2436 seaculi
716 2381 891 2439 istius
923 2384 1124 2455 positae
1167 2389 1307 2440 sunt
1339 2403 1350 2439 :
1402 2391 1458 2441 et
1490 2387 1572 2442 ita
1603 2387 2129 2458 persecutionibus,

487 2470 656 2541 quasi
681 2471 929 2528 diversis
955 2474 1285 2529 tunduntur
1316 2475 1610 2531 fluctibus.
1639 2476 1855 2530 Verum
1887 2475 2012 2530 istae
2042 2475 2133 2530 in-

485 2558 626 2614 sulae
655 2561 986 2617 tunduntur
1018 2563 1301 2634 quotidie,
1337 2565 1433 2619 sed
1469 2582 1580 2620 non
1630 2565 2016 2619 subruuntur.
2068 2566 2130 2619 In

483 2648 629 2703 mari
663 2650 900 2722 quidem
933 2656 1089 2719 sunt,
1115 2654 1214 2708 sed
1252 2653 1470 2708 habent
1500 2654 1948 2710 fundamentum
1973 2653 2133 2709 Chri-

481 2739 638 2794 stum
673 2738 774 2810 qui
809 2741 1027 2795 moveri
1059 2759 1174 2797 non
1207 2746 1415 2814 potest.

558 2885 578 2911 ι
613 2863 809 2920 Nubes
831 2868 886 2919 et
907 2864 1091 2938 caligo
1114 2867 1172 2921 in
1195 2867 1440 2923 circuitu
1470 2870 1618 2941 ejus.
1648 2891 1676 2918 »
1706 2870 1823 2941 Ego
1857 2872 1996 2940 puto
2030 2886 2132 2924 nu-

480 2950 616 3007 bem
662 2953 836 3009 istam
885 2971 1032 3024 esse,
1067 2956 1138 3011 de
1183 2973 1300 3027 qua
1330 2957 1541 3012 dicitur
1571 2960 1629 3012 in
1663 2957 1969 3028 Evangelio
2001 2975 2014 3012 :
2066 2959 2134 3012 Et

479 3043 717 3111 operuit,
753 3042 967 3113 inquit,
1000 3060 1087 3099 eos
1116 3046 1282 3100 nubes
1313 3047 1495 3101 lucida
1526 3047 1732 3116 (Matth.
1766 3064 1901 3116 xvu,
1935 3048 2009 3113 :2).
2053 3047 2130 3101 Eo

481 3133 746 3200 tempore
800 3131 1037 3201 quando
1087 3135 1546 3190 transformatus
1600 3140 1688 3190 est
1736 3135 2040 3203 Dominus,
2074 3140 2129 3190 et

481 3217 734 3312 apostoli
766 3219 1121 3312 ceciderunt,
1156 3223 1384 3294 operuit
1413 3241 1514 3280 eos
1547 3225 1732 3281 nubes
1762 3225 1977 3281 lucida.
2015 3225 2129 3296 Ego
2163 3245 2205 3312 ρ

481 3311 624 3380 puto
655 3307 800 3365 istas
831 3326 959 3366 esse
991 3311 1198 3379 nubes,
1233 3313 1450 3384 quibus
1503 3314 1800 3370 mandavit
1847 3313 2128 3369 Dominus

481 3412 555 3453 ne
603 3395 807 3468 pluant
853 3415 1031 3471 super
1085 3399 1259 3457 Israel
1307 3401 1555 3458 imbrem
1609 3405 1735 3473 (Isa.
1777 3421 1830 3474 v,
1877 3405 1954 3473 6).
2013 3404 2129 3474 Ego

481 3490 621 3557 puto
652 3485 796 3543 istas
828 3503 957 3544 esse
987 3490 1194 3556 nubes,
1230 3490 1300 3546 de
1349 3491 1563 3563 quibus
1597 3492 1655 3546 in
1688 3491 1800 3547 alio
1831 3491 1954 3547 loco
1987 3491 2130 3547 dici-

476 3577 622 3630 tur:
678 3575 885 3632 Veritas
933 3585 1053 3633 tuas
1100 3595 1272 3650 usque
1314 3580 1384 3634 ad
1429 3583 1600 3637 nubes
1648 3582 1817 3651 (Psal.
1854 3597 2018 3649 xxxv,
2050 3581 2126 3651 6).

476 3663 704 3719 Veritas
732 3665 963 3720 Domini
995 3666 1114 3733 illa,
1147 3685 1274 3739 qua:
1308 3669 1449 3724 dicit
1479 3670 1537 3724 in
1569 3669 1946 3742 Evangelium
1977 3686 1988 3723 :
2026 3671 2130 3740 Ego

479 3768 605 3807 sum
638 3753 757 3819 via,
789 3756 990 3810 veritas
1021 3760 1069 3811 et
1102 3758 1237 3811 vita.
1273 3758 1449 3827 (Joan.
1482 3775 1597 3828 xxv,
1627 3760 1703 3827 6).
1739 3758 1964 3814 Veritas
2007 3758 2128 3828 Dei,

483 3839 752 3896 Christus
782 3847 889 3898 est.
922 3843 1150 3900 Veritas
1181 3845 1412 3901 Domini
1444 3863 1628 3919 usque
1661 3848 1732 3902 ad
1775 3847 1980 3903 nubes.
2013 3847 2129 3901 Nu-

482 3929 587 3985 bes
608 3931 857 4002 apostoli
882 3937 1098 3989 suntet
1129 3935 1422 4007 prophetae
1447 3953 1459 3991 ε
1493 3936 1624 3992 istis
1647 3937 1990 3992 mandatum
2023 3940 2130 4003 est,

484 4035 557 4074 ne
588 4019 793 4092 pluant
841 4039 1018 4094 super
1067 4023 1238 4081 Israel
1271 4025 1540 4081 imbrem.
1577 4031 1654 4081 Ex
1685 4044 1800 4098 quo
1831 4026 2010 4093 enim,
2043 4042 2133 4081 se-

485 4109 745 4166 cundum
774 4110 1101 4181 historiam,
1136 4115 1290 4186 quod
1322 4115 1605 4187 scriptum
1639 4121 1728 4171 est
1756 4116 1818 4171 in
1860 4116 2007 4171 libro
2038 4115 2137 4171 Ju-

486 4196 707 4268 dicum,
730 4199 915 4256 vellus
947 4201 1089 4257 illud
1122 4203 1406 4260 siccatum
1431 4209 1519 4260 est
1548 4205 1745 4276 pldvia
1775 4206 1834 4260 in
1865 4205 2136 4261 universo

486 4287 625 4344 orbe
685 4288 962 4346 discurrit
1019 4292 1219 4364 (Judic.
1270 4310 1349 4360 vx,
1395 4296 1484 4362 38,
1521 4296 1632 4365 40).
1685 4296 1846 4368 Quod
1901 4294 2137 4362 dicitur,

487 4375 598 4433 hoc
628 4383 736 4448 est,
766 4379 936 4437 [srael
969 4381 1223 4438 siccatus
1255 4387 1364 4452 est,
1387 4387 1445 4437 et
1474 4382 1669 4455 pluvia
1698 4401 1875 4455 super
1904 4400 2138 4440 omnem

489 4468 689 4523 orbem
707 4469 1006 4525 discurrit.
1032 4493 1059 4520 «
1082 4470 1277 4527 Nubes
1299 4476 1356 4526 et
1375 4472 1562 4545 caligo
1585 4473 1643 4528 in
1667 4473 1915 4528 circuitu
1941 4474 2088 4543 ejus.
2115 4496 2133 4522 υ

489 4557 754 4612 Dominus
783 4561 932 4614 venit
961 4561 1022 4613 in
1055 4562 1352 4632 Egyptian
1382 4579 1544 4635 super
1572 4564 1774 4618 nubem
1801 4563 1970 4618 levem
2011 4563 2136 4632 (Isa.

492 4661 611 4710 xxx,
644 4645 718 4716 1).
768 4645 972 4702 Videte
1001 4648 1140 4718 quid
1173 4649 1344 4706 dicat.
1381 4651 1666 4709 Dominus
1696 4651 1852 4708 venit
1884 4669 1896 4705 :
1949 4651 2143 4708 Domi-

496 4749 610 4788 nus
642 4731 819 4805 atque
849 4733 1107 4791 Salvator
1153 4736 1212 4791 in
1242 4741 1553 4811 Egyptum
1598 4741 1770 4798 istam
1801 4741 1859 4796 in
1892 4759 2008 4813 qua
2037 4757 2142 4796 nos

495 4837 706 4878 sumus
741 4838 754 4875 :
791 4821 849 4874 in
881 4821 1076 4877 locum
1109 4826 1479 4884 tenebrarum
1510 4830 1611 4885 ubi
1638 4830 1859 4888 Pharao
1891 4835 1998 4899 est,
2036 4835 2139 4885 Do-

497 4910 696 4967 minus
742 4909 919 4966 venit.
954 4910 1079 4966 Non
1129 4914 1304 4984 venit,
1341 4914 1453 4971 nisi
1497 4918 1557 4973 in
1601 4921 1754 4975 nube
1782 4920 1912 4976 levi.
1948 4921 2144 4976 Nubes

496 4999 610 5056 ista
655 4998 819 5064 levis,
861 5016 989 5071 qua
1038 5001 1175 5056 est?
1227 5001 1472 5058 Videtur
1523 5005 1666 5061 mihi
1715 5013 1917 5064 sancta
1966 5009 2145 5065 Maria

497 5087 660 5145 nullo
691 5089 951 5145 humano
984 5089 1208 5146 semine
1236 5097 1612 5164 praegravata.
1643 5095 1758 5151 Ista
1785 5099 1970 5153 nubes
2001 5099 2143 5154 levis

496 5178 658 5233 venit
702 5177 761 5233 in
801 5179 1114 5248 mundum,
1149 5184 1206 5235 et
1234 5197 1434 5236 secum
1466 5186 1656 5254 portat
1687 5185 1892 5240 mundi
1923 5191 2143 5244 creato-

499 5284 643 5324 rem.
678 5269 746 5323 Et
775 5267 913 5339 quid
945 5267 1160 5325 dicitur
1189 5270 1268 5325 ibi
1301 5270 1359 5325 in
1393 5272 1542 5328 Isaia
1565 5271 1592 5326 ?
1621 5274 1882 5330 Dominus
1912 5277 2052 5331 venit
2083 5278 2145 5330 in.

498 5359 793 5429 AEgyptum
821 5374 991 5429 super
1021 5359 1222 5414 nubem
1254 5357 1464 5416 levem:
1495 5367 1545 5417 et
1565 5363 1978 5435 confringentur
1998 5364 2145 5420 idola.

501 5448 744 5518 {Egypti
776 5447 946 5502 Venit
976 5447 1280 5517 Dominus,
1314 5454 1370 5505 et
1411 5449 1566 5508 idola
1593 5453 1820 5527 [Egypti
1853 5457 2146 5510 commota

503 5539 662 5602 sunt,
695 5538 751 5590 et
779 5551 1087 5607 concussa,
1122 5541 1298 5610 atque
1328 5540 1642 5598 destructa.
1678 5544 1874 5600 Nubes
1906 5543 2017 5599 ista
2046 5543 2142 5598 de-

503 5622 716 5676 struxit
771 5623 1034 5697 Serapim
1093 5627 1151 5681 in
1211 5627 1594 5700 Alexandria;
1657 5650 1771 5690 non
1829 5633 2148 5706 imperator

501 5710 678 5807 homo
712 5713 992 5787 mortalis,
1025 5716 1126 5774 sed
1159 5717 1344 5777 nubes
1376 5719 1487 5779 ista
1518 5738 1644 5794 qua:
1674 5723 1831 5783 venit
1856 5723 1916 5781 in
1947 5727 2147 5797 Egyp-

2249 589 2319 643 de
2352 590 2505 646 nube
2540 608 2552 646 :
2606 592 2871 647 dicamus
2911 592 2980 645 de
3011 589 3274 661 caligine.
3309 588 3592 644 Dominus
3640 587 3699 642 in
3753 585 3896 642 cali-

2247 678 2381 749 gine
2411 685 2517 734 est.
2556 681 2837 735 Dominus
2865 685 2968 735 aut
2999 681 3055 734 in
3087 679 3308 734 lumine
3347 683 3456 744 est,
3490 681 3595 734 aut
3642 677 3699 732 in
3754 676 3896 733 cali-

2247 767 2398 839 gine.
2453 771 2514 823 In
2568 769 2790 824 lumine
2839 768 3253 839 incipientibus
3311 773 3422 823 est.
3473 767 3894 838 Incipientibus

2247 857 2404 913 enim
2438 857 2785 930 simpliciter
2815 858 3076 928 loquitur
3109 875 3120 912 :
3169 856 3266 928 qui
3300 873 3430 912 vero
3462 856 3701 927 perfecti
3733 860 3894 922 sunt,

2249 945 2363 1001 illis
2420 947 2661 1019 mystice
2712 947 2990 1018 loquitur.
3025 947 3282 1016 Denique
3325 945 3605 1017 apostolis
3653 963 3766 1000 non
3816 945 3896 1001 lo-

2247 1036 2538 1105 quebatur
2562 1035 2731 1106 quasi
2764 1035 2974 1098 turbis,
3005 1037 3104 1090 sed
3130 1035 3483 1090 intrinsecus
3509 1033 3892 1106 loquebatur:

2247 1127 2304 1178 et
2333 1123 2472 1194 quid
2514 1124 2704 1178 dicit?
2754 1123 2860 1188 Qui
2915 1124 3088 1179 habet
3134 1140 3306 1178 aures
3349 1123 3625 1178 audiendi
3675 1123 3893 1178 audiat.

2246 1212 2393 1283 Ergo
2425 1211 2532 1266 hoc
2565 1214 2717 1284 quod
2753 1212 2941 1268 dicit?
2971 1236 2997 1262 «
3022 1214 3089 1267 Et
3119 1211 3304 1284 caligo
3337 1212 3395 1267 in
3423 1213 3668 1268 circuitu
3689 1213 3835 1284 ejus.
3859 1235 3889 1263 »

2245 1304 2362 1355 Hoc
2394 1305 2501 1367 est,
2534 1305 2590 1356 et
2641 1303 2918 1370 mysteria
2967 1303 3026 1356 in
3084 1301 3330 1356 circuitu
3363 1303 3492 1373 ejus
3526 1320 3538 1356 :
3585 1306 3893 1374 Propterea

2245 1389 2462 1444 dicitur
2508 1395 2564 1444 et
2612 1391 2672 1445 in
2722 1392 2964 1446 Exodo:
3017 1392 3081 1445 Et
3135 1393 3333 1456 omnis,
3392 1391 3603 1462 inquit,
3659 1392 3892 1462 populus

2244 1479 2428 1534 stabat
2471 1481 2718 1535 deorsum
2753 1498 2765 1534 :
2813 1485 3029 1550 Moyses
3076 1483 3264 1535 autem
3313 1482 3457 1536 solus
3507 1483 3776 1548 ingressus
3813 1483 3894 1535 est

2246 1569 2307 1622 in
2363 1573 2604 1624 montem
2663 1570 2801 1624 Sina
2861 1573 2920 1624 in
2976 1571 3211 1641 caligine
3271 1569 3464 1639 (Exod.
3515 1587 3630 1636 xix,
3675 1572 3743 1623 2.3
3767 1569 3889 1639 25).

2245 1657 2366 1712 Non
2418 1659 2572 1712 enim
2634 1663 2860 1730 poterat
2917 1659 3110 1714 omnis
3161 1658 3411 1730 populus
3450 1659 3550 1714 Dei
3583 1658 3730 1714 scire
3763 1675 3890 1729 my-

2245 1746 2443 1813 steria,
2479 1765 2604 1818 quae
2637 1747 2797 1804 solus
2829 1752 3053 1820 poterat
3084 1765 3254 1804 nosse
3283 1749 3528 1820 Moyses.
3563 1747 3785 1802 Dicitur
3814 1747 3890 1801 de

2247 1835 2406 1890 Deo:
2458 1839 2648 1891 Posuit
2688 1839 2933 1892 tenebras
2985 1839 3280 1892 latibulum
3325 1854 3485 1892 suum
3534 1837 3711 1904 (Psal.
3746 1853 3886 1901 xvu,

2244 1925 2348 1988 12).
2401 1946 2428 1974 ‹‹
2459 1924 2695 1980 Justitia
2723 1930 2779 1980 et
2801 1925 3091 1997 judicium
3139 1927 3417 1981 correctio
3467 1925 3622 1980 sedis
3673 1925 3822 1994 ejus.
3857 1944 3889 1974 »

2243 2011 2389 2076 Quid
2421 2012 2548 2067 vult
2577 2013 2788 2078 dicere,
2847 2037 2867 2062 α
2905 2015 3181 2069 correctio
3213 2013 3369 2069 sedis
3400 2013 3572 2082 ejus?
3606 2035 3632 2060 »
3684 2013 3892 2069 Debuit

2243 2100 2433 2156 dicere
2483 2101 2774 2158 stabilitas
2823 2103 2981 2158 sedis
3032 2104 3180 2174 ejus.
3213 2102 3452 2166 Quando
3485 2118 3622 2173 ergo
3653 2101 3886 2170 dicitur,

2247 2210 2275 2238 «
2304 2191 2586 2246 correctio
2611 2192 2768 2246 sedis
2790 2193 2937 2262 ejus,
2967 2215 2993 2240 »
3015 2191 3342 2248 ostenditur
3362 2191 3751 2262 quodcunque
3771 2208 3892 2247 cor-

2243 2277 2483 2349 rigitur,
2545 2296 2787 2350 pravum
2850 2281 3032 2335 fuisse
3098 2285 3413 2352 antequam
3482 2279 3886 2351 corrigeretur.

2240 2366 2538 2422 Judicium
2589 2385 2725 2440 ergo
2774 2369 2872 2424 Dei
2928 2374 3244 2440 antequam
3293 2369 3488 2424 veniat
3517 2368 3587 2422 ad
3620 2369 3891 2438 judican-

2242 2455 2405 2527 dum,
2426 2457 2591 2528 quasi
2619 2475 2859 2530 pravum
2884 2458 3130 2513 videtur.
3150 2460 3313 2513 Nunc
3333 2457 3564 2512 videtur
3582 2456 3886 2526 injustum,

2240 2549 2299 2615 et
2329 2562 2572 2616 pravum
2604 2563 2731 2603 esse
2755 2547 3069 2617 judicium.
3104 2548 3347 2612 Quando
3378 2546 3535 2602 enim
3567 2545 3753 2616 iniqui
3785 2545 3889 2601 ho-

2241 2634 2431 2690 mines
2462 2635 2746 2700 ditantur,
2780 2643 2837 2692 et
2885 2637 3070 2692 sancti
3121 2653 3405 2708 pauperes
3455 2639 3640 2690 sunt:
3696 2651 3889 2691 nonne

2239 2723 2470 2779 videtur
2490 2725 2784 2795 judicium
2814 2725 2911 2781 Dei
2937 2741 3066 2782 esse
3097 2743 3341 2796 pravum
3365 2725 3392 2778 ‘?
3421 2724 3662 2788 Quando
3692 2728 3883 2780 autem

2239 2813 2461 2867 venerit
2511 2813 2583 2868 ad
2620 2814 3030 2884 judicandum,
3065 2819 3131 2868 ut
3177 2815 3381 2870 reddat
3430 2813 3751 2884 unicuique
3797 2828 3887 2868 se-

2241 2901 2501 2955 cundum
2550 2919 2726 2973 opera
2774 2919 2900 2968 sua,
2934 2919 2999 2956 eo
3046 2907 3310 2974 tempore
3360 2902 3529 2973 quasi
3571 2901 3890 2974 corrigetur

2242 2991 2410 3044 sedes
2444 2991 2600 3059 ejus.
2627 2991 2884 3062 Denique
2912 2991 3088 3046 vultis
3119 2991 3266 3046 scire
3292 2991 3432 3062 quia
3461 2991 3532 3046 de
3561 2990 3655 3045 die
3677 2989 3890 3060 judieii

2243 3077 2456 3131 dicitur
2478 3077 2505 3130 ?

2317 3258 2343 3284 ‹‹
2379 3236 2536 3308 Ignis
2568 3245 2704 3293 ante
2734 3240 2930 3312 ipsum
2962 3240 3266 3311 praecedet.
3293 3261 3322 3289 »
3354 3240 3552 3312 Ignem
3581 3240 3758 3296 istum
3786 3239 3886 3312 qui

2244 3330 2483 3381 sanctus
2514 3331 2623 3395 est,
2649 3329 2886 3384 timeat:
2920 3328 3019 3400 qui
3050 3334 3318 3400 peccator
3345 3334 3453 3396 est,
3485 3328 3706 3385 timeat.
3730 3328 3888 3401 Ignis

2241 3413 2348 3469 iste
2381 3420 2612 3472 sanctos
2644 3423 2854 3490 purgat
2886 3435 2898 3472 :
2952 3423 3284 3490 peccatores
3315 3419 3631 3474 consumit.
3665 3441 3691 3467 «
3728 3418 3886 3489 Ignis

2241 3508 2373 3558 ante
2403 3503 2598 3576 ipsum
2631 3507 2931 3577 praecedet.
2967 3527 2995 3558 »
3047 3509 3153 3575 Qui
3197 3509 3337 3578 facit
3364 3509 3588 3577 angelos
3615 3523 3740 3562 suos
3767 3509 3883 3578 spi-

2238 3594 2404 3659 ritus,
2436 3599 2488 3649 et
2519 3597 2802 3653 ministros
2828 3613 2953 3652 suos
2996 3600 3176 3668 ignem
3221 3597 3504 3652 ardentem
3555 3596 3732 3669 (Psal.
3765 3613 3884 3662 cur,

2241 3683 2314 3751 4).
2367 3684 2482 3755 Ego
2529 3689 2668 3754 puto
2724 3685 2866 3741 istos
2918 3702 3046 3741 esse
3095 3687 3280 3756 ignes,
3333 3685 3442 3740 hoc
3491 3691 3603 3752 est,
3647 3683 3884 3757 angelos

2241 3771 2389 3842 ejus.
2424 3772 2523 3826 Isti
2579 3788 2715 3844 ergo
2763 3772 2975 3844 angeli,
3010 3773 3118 3828 hoc
3168 3778 3276 3842 est,
3309 3773 3464 3844 ignis
3495 3774 3645 3843 ejus,
3678 3789 3886 3845 praece-

2241 3859 2382 3914 dent
2412 3864 2545 3915 ante
2575 3877 2729 3916 eum.
2764 3862 2878 3916 Iste
2908 3861 3063 3932 ignis
3093 3877 3238 3932 quos
3269 3862 3610 3916 consumit?
3640 3863 3892 3925 Quicun-

2244 3965 2356 4019 que
2387 3952 2475 4003 est
2505 3947 2753 4021 lignum,
2778 3949 3001 4016 fenum,
3029 3949 3265 4022 stipula.
3291 3949 3398 4013 Qui
3429 3953 3625 4006 autem
3657 3967 3892 4022 aurum,

2244 4042 2550 4108 argentum
2583 4043 2690 4109 est,
2726 4043 2781 4094 et
2812 4039 3035 4110 lapides
3076 4039 3336 4112 pretiosi,
3370 4039 3623 4098 mittitur
3651 4041 3890 4110 quidem

2244 4124 2302 4179 in
2337 4127 2553 4197 ignem,
2589 4129 2688 4183 sed
2723 4129 2997 4184 mundior
3029 4129 3343 4185 invenitur.

2321 4310 2346 4333 «
2379 4286 2724 4344 Alluxerunt
2778 4289 3009 4362 fulgura
3061 4291 3192 4362 ejus
3239 4290 3362 4347 orbi
3409 4296 3598 4358 terrae,
3639 4288 3784 4344 vidit
3835 4291 3896 4344 et

2250 4381 2540 4432 commota
2595 4382 2684 4432 est
2743 4382 2914 4433 terra.
2964 4402 2990 4426 ››
3049 4380 3260 4434 Dicunt
3323 4377 3676 4450 philosophi,
3736 4377 3890 4448 quod

2250 4464 2484 4538 fulgura
2539 4482 2607 4521 ex
2665 4467 2910 4523 nubium
2978 4467 3277 4524 collisione
3340 4471 3711 4540 generentur.
3769 4464 3889 4521 Nisi

2253 4554 2408 4612 enim
2457 4555 2622 4627 prius
2670 4556 2897 4611 sonitus
2954 4557 3191 4612 auditus
3247 4555 3438 4622 fuerit,
3490 4554 3722 4627 fulgura
3777 4570 3889 4610 non

2251 4645 2712 4718 prospiciuntur.
2750 4645 2867 4701 Hoc
2921 4646 3134 4701 dicitur
3161 4649 3219 4700 et
3257 4645 3328 4699 de
3375 4643 3572 4716 lapide
3623 4643 3845 4716 ignario
3876 4659 3890 4698 :

2254 4735 2376 4807 qui,
2409 4734 2522 4790 nisi
2575 4733 2813 4790 collisus
2861 4734 3058 4799 fuerit,
3092 4734 3320 4790 medius
3371 4732 3526 4805 ignis
3576 4750 3691 4790 non
3736 4748 3891 4805 egre-

2253 4824 2464 4879 dietur.
2501 4825 2615 4879 Hoc
2647 4823 2898 4880 dicimus
2941 4823 3266 4879 secundum
3321 4822 3648 4893 historiam,
3683 4825 3740 4878 et
3765 4837 3898 4893 par-

2257 4913 2373 4969 vuli
2390 4912 2580 4968 adhuc
2599 4911 2916 4983 loquimur.
2934 4912 3196 4968 Diximus
3215 4927 3349 4983 ergo
3374 4915 3646 4967 naturam
3669 4925 3889 4976 rerum;

2254 5007 2317 5059 ut
2346 5019 2414 5058 ex
2445 5004 2653 5056 natura
2684 5018 2880 5058 rerum
2913 5000 3218 5073 spirituale
3250 4998 3474 5071 aliquid
3505 5000 3892 5072 proferamus.

2254 5093 2427 5164 Lapis
2476 5091 2576 5162 qui
2626 5090 2797 5163 vulgo
2843 5094 3083 5147 vocatur
3136 5086 3420 5160 ignarius,
3473 5088 3524 5143 si
3574 5088 3733 5145 solus
3785 5089 3893 5155 est,

2252 5183 2448 5255 ignem
2501 5198 2615 5236 non
2666 5184 2857 5252 potest
2887 5180 3161 5235 mittere:
3224 5177 3314 5233 sin
3363 5181 3555 5234 autem
3604 5193 3736 5233 cum
3785 5174 3896 5232 alio

2252 5271 2446 5344 lapide
2473 5269 2712 5327 collisus
2744 5270 2938 5334 fuerit,
2971 5266 3201 5323 medius
3246 5266 3399 5339 ignis
3449 5266 3757 5323 excutitur.
3788 5269 3898 5321 Fac

2255 5361 2402 5418 mihi
2448 5376 2576 5416 esse
2619 5360 2835 5416 nubem
2866 5355 3202 5427 Jeremiam,
3238 5355 3469 5423 Isaiam,
3503 5355 3689 5411 Eliam
3723 5373 3736 5410 :
3795 5371 3901 5410 nu-

2255 5452 2386 5507 bem
2420 5453 2636 5516 autem,
2670 5452 2726 5503 et
2759 5445 3005 5503 Paulum
3037 5451 3093 5502 et
3123 5450 3384 5514 Petrum,
3414 5450 3470 5503 et
3500 5449 3735 5502 caeteros
3767 5460 3902 5516 apo-

2256 5539 2452 5597 stolos.
2510 5539 2637 5595 Istae
2695 5553 2831 5608 ergo
2889 5536 3075 5592 nubes
3133 5537 3369 5609 quando
3421 5534 3631 5592 collisae
3682 5533 3898 5589 fuerint

2254 5630 2408 5684 inter
2455 5645 2537 5694 se,
2570 5626 2844 5684 emittunt
2892 5627 3152 5683 medium
3204 5627 3424 5700 ignem,
3467 5629 3524 5682 et
3571 5624 3729 5680 lucet
3777 5621 3900 5680 orbi

2255 5725 2442 5779 terrae.
2495 5741 2523 5770 ‹‹
2554 5718 2899 5778 Alluxerunt
2927 5717 3163 5792 fulgura
3193 5719 3321 5789 ejus
3353 5715 3478 5776 orbi
3509 5718 3713 5786 terrae;
3756 5711 3904 5771 vidit
