4256 6576
367 510 521 572 1185

373 738 586 789 xerunt
616 735 673 788 in
703 737 823 787 toto
854 733 992 787 orbe
1041 737 1349 787 terrarum.
1384 755 1411 780 «
1464 734 1764 787 Commota
1819 737 1926 787 est.
1982 754 2010 782 »

373 823 464 876 Illi
500 823 907 894 loquebantur,
940 826 997 876 et
1017 819 1339 876 tonitruum
1371 820 1527 874 vocis
1553 837 1755 876 eorum
1791 821 2015 876 univer-

375 927 476 966 sus
510 911 765 965 mundus
813 909 1102 966 audiebat.
1167 914 1287 963 Duo
1344 909 1640 964 habebant
1697 910 1916 980 pariter
1960 914 2017 963 et

373 1001 654 1071 grandem
686 1016 902 1064 vocem,
959 1004 1015 1053 et
1063 997 1372 1069 splendida
1403 997 1653 1070 fulgura.
1716 999 1844 1053 Haec
1904 997 2012 1052 ful-

369 1104 516 1159 gura
547 1089 848 1143 credentes
880 1085 1294 1141 illuminabant
1327 1104 1338 1140 :
1373 1103 1487 1140 non
1522 1087 1820 1141 credentes
1855 1103 2012 1140 com-

366 1177 678 1232 burebant.

440 1291 468 1317 ‹‹
505 1268 730 1322 Montes
762 1265 914 1320 sicut
942 1280 1074 1320 cera
1103 1266 1396 1319 ﬂuxerunt
1437 1281 1470 1319 a
1503 1264 1643 1319 facie
1702 1263 1954 1320 Domini.
1987 1286 2013 1312 »

370 1356 512 1410 Mihi
541 1356 814 1410 videntur
843 1353 938 1408 isti
998 1359 1226 1408 montes
1283 1370 1410 1408 esse
1468 1354 1800 1407 dzemonum
1856 1357 2014 1424 pote-

369 1448 570 1499 states.
605 1443 733 1498 Sive
762 1447 912 1497 certe
943 1441 1440 1512 montes,superbi
1472 1442 1690 1513 quique
1723 1442 2012 1498 homines.

375 1533 531 1604 Ignis
563 1533 671 1587 iste
703 1549 817 1587 non
859 1531 1153 1586 consumit
1209 1529 1484 1597 humiles,
1521 1532 1622 1585 sed
1681 1531 2017 1602 quicunque

372 1621 668 1676 montuosi
701 1624 856 1676 sunt.
893 1619 1151 1690 Denique
1185 1619 1418 1690 quando
1450 1618 1648 1690 fulgur
1705 1619 2013 1686 emittitur,

378 1708 613 1764 difficile
645 1708 779 1763 illos
810 1708 1079 1780 percutit,
1115 1708 1216 1778 qui
1238 1708 1296 1761 in
1327 1707 1476 1762 valle
1508 1712 1648 1762 sunt
1681 1726 1694 1775 ;
1727 1711 1829 1763 sed
1861 1725 2016 1764 sem-

366 1815 471 1870 per
499 1797 633 1853 illos
663 1797 764 1869 qui
794 1797 854 1851 in
889 1801 1085 1852 monte
1117 1802 1276 1851 sunt.

446 1908 473 1937 ‹‹
504 1887 1009 1942 Annuntiaverunt
1034 1885 1160 1941 cceli
1186 1885 1474 1955 justitiam
1505 1887 1652 1956 ejus.
1684 1907 1710 1936 »
1748 1885 1847 1941 Isti
1879 1891 2017 1940 sunt

375 1975 522 2043 coeli,
558 1976 627 2030 de
662 1975 898 2047 quibus,
931 1979 987 2030 et
1016 1975 1072 2028 in
1125 1980 1325 2030 octavo
1358 1975 1583 2029 decimo
1616 1975 1841 2047 psalmo
1873 1975 2014 2029 dici-

373 2069 471 2119 tur
501 2082 513 2120 :
548 2064 685 2121 Caz’li
714 2069 986 2120 enarrant
1015 2064 1258 2131 gloriam
1311 2065 1425 2117 Dei.
1481 2062 1617 2117 C(eli
1669 2065 2022 2119 annuntiant

375 2153 668 2225 justitiam
700 2155 829 2224 ejus
863 2172 875 2208 :
905 2159 1118 2207 terram
1149 2169 1264 2207 non
1297 2153 1626 2208 annuntiat.
1680 2153 2022 2224 Quicunque

388 2245 599 2298 cmlum
633 2247 740 2313 est,
775 2259 890 2297 non
923 2242 1089 2297 timet
1136 2243 1367 2311 justum
1417 2246 1618 2296 Deum.
1679 2243 2023 2314 Quicunque

383 2333 455 2387 de
485 2331 647 2387 coelis
679 2335 787 2397 est,
813 2347 929 2386 non
961 2331 1128 2385 timet
1153 2331 1280 2400 ejus
1329 2331 1678 2386 annuntiare
1702 2332 2018 2404 justitiam.

382 2422 724 2492 Quicunque
756 2427 993 2475 sanctus
1026 2426 1114 2474 est
1145 2425 1200 2474 et
1258 2419 1462 2476 coelum
1496 2424 1604 2485 est,
1636 2420 1745 2475 iste
1789 2422 2020 2491 justum

367 2512 566 2566 “Deum
597 2527 713 2565 non
765 2509 949 2564 timet.
1001 2513 1274 2564 Peccator
1330 2513 1526 2564 autem
1583 2509 2020 2565 misericordem

382 2601 589 2670 quaerit
613 2599 819 2654 Deum.

457 2707 478 2735 π
510 2687 1020 2743 Aununtiaverunt
1076 2685 1201 2741 cmli
1254 2687 1547 2757 justitiam
1606 2689 1755 2758 ejus,
1789 2711 1818 2738 »
1850 2705 2018 2744 evan-

378 2775 597 2848 gelistaa
646 2775 888 2831 scilicet.
929 2799 948 2823 ιο
987 2776 1054 2829 Et
1085 2775 1356 2830 viderunt
1408 2791 1610 2831 omnes
1663 2776 1862 2848 populi
1895 2777 2020 2849 glo-

378 2865 525 2920 riam
558 2866 705 2935 ejus.
738 2887 764 2913 »
797 2865 946 2930 Quia
974 2865 1176 2931 etiam,
1219 2865 1434 2936 quibus
1467 2882 1581 2920 non
1640 2871 1730 2920 est
1788 2883 2020 2921 annun-

379 2954 587 3010 tiatum
619 2956 690 3009 de
719 2971 808 3023 eo,
841 2953 1251 3009 intellexerunt
1285 2959 1461 3008 Deum
1485 2955 1544 3008 in
1569 2971 1742 3011 carne
1771 2955 2018 3010 venisse.

451 3067 478 3093 «
513 3043 961 3098 Confundantur
999 3059 1203 3098 omnes
1258 3043 1359 3113 qui
1410 3043 1653 3098 adorant
1704 3042 2020 3116 sculptilia,

380 3133 480 3202 qui
512 3132 838 3203 gloriantur
865 3131 925 3186 in
956 3131 1286 3186 simulacris
1317 3131 1461 3187 suis.
1497 3154 1524 3180 »
1557 3132 1629 3187 Ut
1658 3134 1798 3188 dum
1829 3133 1888 3187 in
1920 3151 2024 3206 spe

377 3238 530 3277 vana
562 3221 1028 3288 confunduntur,
1069 3221 1140 3274 ad
1172 3219 1332 3274 illam
1371 3237 1567 3275 veram
1628 3220 1859 3276 valeant
1890 3239 2020 3293 per-

376 3325 591 3364 venire.

1537 509 2029 572 BREVIARIUM
2079 509 2155 569 IN
2206 509 2582 570 PSALMOS.

371 648 429 700 et
455 647 747 700 commota
769 646 859 700 est
885 647 1060 700 terra.
1096 664 1124 691 »
1153 641 1564 712 Apostolorum
1597 641 1830 713 fulgura
1861 641 2006 697 allu-
2039 643 2095 710 Α

3615 516 3772 580 1186

2655 642 2990 700 PSALMUS
3022 643 3216 702 XCVII

2126 733 2379 809 Psalmus
2407 735 2604 788 David.
2645 735 2754 809 Iste
2783 734 3273 809 psalmusivocem
3309 738 3599 809 prophetae
3631 755 3768 795 con-

2195 805 2409 930 tinpnts,
2443 806 2762 877 potentiam
2790 805 3011 862 narrat
3053 805 3340 864 Dominici
3395 805 3652 867 nominis
3699 828 3767 867 ac

2196 893 2280 929 VlI‘
2310 894 2340 930 u
2377 894 2444 930 IS.

2198 1025 2224 1049 ‹‹
2248 1004 2485 1055 Cantate
2519 1002 2766 1056 Domino
2787 1002 3078 1057 canticum
3095 1021 3380 1062 novum.«
3409 1030 3428 1055 ‹ι
3460 1006 3766 1063 Canticum

2126 1105 2362 1158 novum,
2398 1111 2425 1138 »
2460 1095 2550 1144 est
2573 1091 2669 1145 Dei
2700 1089 2879 1145 Filius
2912 1093 3246 1162 cruciﬁxus,
3281 1096 3435 1166 quod
3464 1112 3767 1167 nunquam

2125 1177 2394 1232 auditum
2426 1179 2634 1249 fuerat,
2667 1179 2823 1234 Nova
2855 1196 2965 1246 res,
3000 1198 3215 1238 novum
3247 1182 3429 1239 babet’
3451 1185 3768 1254 canticum,

2131 1287 2151 1315 α
2189 1265 2428 1321 Cantate
2464 1268 2704 1322 Domino
2736 1270 3026 1324 canticum
3072 1288 3306 1326 novum.
3363 1295 3390 1322 »
3426 1273 3608 1329 Homo
3637 1275 3772 1346 qui-

2126 1354 2256 1408 dem
2291 1359 2399 1423 est,
2434 1355 2531 1426 qui
2560 1373 2770 1428 passus
2793 1363 2879 1412 est
2912 1375 2923 1412 :
2959 1359 3060 1414 sed
3090 1376 3192 1414 vos
3241 1365 3470 1416 cantate
3501 1362 3769 1419 Domino.

2127 1442 2340 1498 Passus
2371 1449 2460 1498 est
2489 1445 2722 1514 quidem
2755 1447 2921 1517 quasi
2955 1447 3150 1517 homo,
3187 1450 3287 1504 sed
3327 1450 3570 1506 salvavit
3601 1453 3770 1523 quasi

2127 1537 2298 1588 Deus.
2342 1553 2362 1581 α
2397 1534 2635 1590 Cantate
2668 1535 2912 1591 Domine
2943 1537 3238 1593 canticum
3272 1556 3508 1594 novum.
3544 1563 3572 1591 ››
3609 1544 3766 1596 «Cen

2126 1622 2307 1677 ticum
2339 1639 2575 1694 novum,
2607 1645 2633 1676 ι)
2671 1631 2967 1680 mereatur
2996 1643 3207 1682 nomen
3240 1645 3473 1684 novum.
3507 1633 3771 1702 Propter-

2126 1728 2193 1765 ea
2222 1712 2435 1766 dicitur
2491 1717 2546 1766 et
2601 1712 2738 1768 alibi
2773 1716 2876 1769 :El
2932 1716 3236 1783 vocabitur,
3299 1717 3513 1788 inquit,
3573 1735 3772 1776 nomen

2125 1816 2324 1854 novum
2356 1801 2481 1871 (Isa.
2517 1817 2653 1867 Lxu,
2684 1803 2761 1870 2).
2797 1803 3021 1858 Novum
3077 1821 3312 1873 nomen,
3376 1823 3590 1863 novum
3650 1825 3770 1864 me-

2128 1893 2290 1943 retur
2320 1890 2712 1944 canticum.Et
2741 1891 2800 1945 in
2830 1891 3175 1964 Apocalypsi
3209 1894 3422 1949 dicitur
3455 1914 3467 1951 :
3503 1898 3606 1964 Qui
3633 1899 3773 1953 vice-

2127 1981 2221 2044 rit,
2289 1979 2499 2050 inquit,
2533 1979 2680 2035 dabo
2741 1981 2796 2034 ci
2853 1981 3149 2048 calculum,
3194 1985 3244 2037 et
3304 1999 3497 2039 nomen
3566 2001 3772 2042 novum

2129 2068 2363 2122 scribam
2391 2084 2557 2137 super
2583 2084 2706 2122 eum
2757 2069 2936 2139 (Apoc.
2995 2087 3078 2134 III,
3127 2071 3234 2140 l2).
3284 2071 3506 2128 Nomen
3561 2090 3774 2129 novum

2131 2155 2596 2211 Christianorum
2628 2156 3018 2213 est.«Cantate
3047 2158 3544 2224 Domino.»Quare
3570 2161 3597 2216 ?
3619 2162 3767 2225 Quid

2131 2245 2288 2299 enim
2321 2245 2452 2299 fecit
2479 2245 2506 2299 ?
2527 2245 2713 2308 Quare
2743 2245 2897 2300 enim
2913 2263 3127 2301 novum
3160 2253 3454 2304 mereatur
3481 2251 3774 2308 canticum

2134 2333 2335 2396 «Quia
2365 2333 2660 2389 mirabilia
2707 2335 2860 2390 fecit.
2916 2357 2942 2383 »
2989 2335 3164 2408 signa
3213 2337 3350 2392 fecit
3388 2339 3445 2393 in
3504 2339 3771 2410 Judmis;

2133 2423 2484 2495 paralyticos
2518 2424 2745 2480 sanavit
2780 2442 2792 2491 ;
2835 2424 3095 2496 leprosos
3155 2429 3426 2499 purgavit
3467 2447 3479 2494 ;
3515 2440 3777 2487 mortuos

2131 2513 2452 2568 suscitavit.
2486 2517 2604 2568 Hoc
2634 2517 2690 2567 et
2720 2513 2816 2568 alii
2851 2514 3112 2569 fecerunt
3141 2515 3642 2588 prophetaeﬂertit
3671 2537 3772 2591 pa-

2131 2618 2234 2656 nes
2266 2618 2481 2672 paucos
2515 2603 2570 2656 in
2604 2602 2821 2673 plures,
2855 2607 2910 2656 et
2940 2603 3097 2674 pavit
3143 2603 3440 2660 inﬁnitum
3473 2607 3772 2679 populum.

2131 2690 2247 2744 Hoc
2280 2691 2411 2745 fecit
2439 2695 2496 2746 et
2525 2691 2770 2746 Eliseus.
2805 2691 2952 2756 Quid
3010 2709 3146 2764 ergo
3177 2693 3314 2748 fecit
3371 2695 3523 2760 novi,
3556 2702 3620 2750 ut
3646 2713 3773 2753 me-

2131 2784 2326 2834 reatur
2354 2797 2570 2834 novum
2602 2780 2892 2834 canticum
2915 2781 2942 2834 ‘I
2964 2780 3152 2835 Vultis
3183 2781 3332 2836 scire
3364 2783 3504 2854 quid
3553 2800 3769 2841 novum

2131 2868 2328 2923 fecerit
2358 2868 2510 2923 Deus
2537 2868 2564 2922 ‘I
2598 2869 2771 2934 Quasi
2799 2867 2974 2923 homo
2998 2873 3263 2924 mortuus
3294 2873 3474 2936 est,ut
3504 2870 3772 2928 homines

2131 2957 2404 3012 viverent.
2440 2957 2619 3012 Filius
2651 2957 2749 3012 Dei
2778 2956 3089 3012 cruciﬁxus
3138 2961 3245 3028 est,
3280 2963 3344 3013 ut
3401 2975 3507 3016 nos
3558 2959 3774 3017 levaret

2133 3048 2205 3101 ad
2256 3047 2482 3102 cmlum.
2547 3069 2574 3095 ‹‹
2613 3047 2898 3111 Quoniam
2949 3045 3240 3102 mirabilia
3295 3048 3451 3104 fecit.
3497 3072 3524 3098 »
3581 3049 3775 3108 Vultis

2133 3136 2280 3191 scire
2312 3137 2589 3207 quoniam
2623 3135 2916 3191 mirabilia
2945 3135 3080 3190 fecit
3106 3135 3134 3191 ?
3163 3135 3343 3193 Filius
3391 3137 3577 3194 viduae
3611 3141 3774 3210 jace-

2135 3227 2233 3281 bat
2263 3227 2321 3279 in
2351 3225 2648 3281 caenaculo
2683 3244 2695 3281 :
2724 3225 2883 3281 venit
2912 3224 3136 3281 Eliseus
3165 3230 3220 3281 et
3274 3228 3563 3283 contraxit
3604 3245 3685 3296 se,
3719 3233 3776 3285 et

2133 3331 2197 3369 os
2221 3314 2290 3368 ad
2327 3330 2391 3368 os
2422 3312 2636 3384 posuit,
2668 3317 2724 3368 et
2752 3329 2966 3368 manus
2993 3313 3064 3368 ad
3097 3329 3331 3382 manus,
3369 3319 3443 3370 ‘et
3493 3316 3670 3388 pedes
3701 3317 3775 3372 ad

451 3419 479 3447 «
505 3399 752 3452 Adorale
782 3413 915 3452 eum
948 3413 1152 3452 omnes
1184 3396 1372 3468 angeli
1432 3398 1578 3468 ejus.
1615 3418 1642 3446 »
1691 3400 2017 3455 Annuntia-
2052 3383 2093 3447 C
2133 3401 2313 3472 pedes
2345 3401 2588 3470 (IV,Reg.
2627 3418 2698 3466 IV,
2730 3401 2840 3470 34).
2877 3401 2934 3456 Si
2968 3383 3513 3472 enimexpandisset
3542 3421 3623 3470 se,
3659 3421 3776 3460 non

377 3493 532 3542 tores
563 3487 724 3558 regni
757 3486 936 3542 illius.
975 3486 1266 3540 «Audivit
1311 3490 1367 3541 et
1393 3485 1583 3541 laetata
1633 3491 1722 3541 est
1772 3487 1925 3542 Sion.
1993 3511 2019 3538 ››

376 3575 634 3631 Ecclesia
664 3593 789 3647 quae
821 3575 1068 3647 gloriam
1105 3577 1232 3646 ejus
1265 3575 1695 3647 speculabatur.

449 3688 477 3716 «
520 3665 586 3720 Et
627 3665 1030 3720 exultaverunt
1084 3665 1214 3719 ﬁliae
1272 3666 1458 3720 Judae.
1492 3683 1544 3731 ⁵η
1605 3665 1825 3720 Animae
1883 3684 2018 3722 con-

376 3754 686 3810 fessorum.
723 3777 750 3804 «
784 3759 1027 3826 Propter
1067 3755 1292 3826 judicia
1323 3760 1440 3824 tua,
1500 3754 1759 3812 Domine.
1797 3778 1824 3806 »
1875 3755 2021 3822 Quia

374 3845 778 3900 custodierunt
803 3861 888 3900 ea.

449 3957 475 3982 ‹‹
512 3935 795 4001 Quoniam
830 3939 891 3988 tu
916 3934 1200 3989 Dominus
1219 3933 1557 3990 Altissimus
1584 3952 1762 4008 super
1783 3954 2016 3995 omnem

375 4026 636 4077 terram:
697 4021 875 4076 nimis
934 4021 1396 4091 superexaltatus
1455 4039 1515 4077 es
1581 4041 1758 4095 super
1813 4043 2018 4084 omnes

374 4111 532 4166 deos.
574 4134 594 4159 ιι
631 4112 698 4166 Et
729 4128 842 4165 non
875 4111 1064 4165 solum
1102 4127 1279 4181 super
1306 4111 1465 4176 deos,
1500 4113 1599 4164 sed
1633 4113 1808 4168 etiam
1841 4133 2018 4188 super

372 4199 544 4254 caelos
566 4199 867 4254 ecelorum.

449 4309 470 4338 α
505 4287 613 4352 Qui
645 4287 889 4356 diligitis
921 4287 1256 4353 Dominum,
1289 4309 1314 4339 »
1351 4289 1450 4359 qui
1483 4291 1643 4346 solus
1675 4297 1764 4347 est
1794 4293 2011 4364 bonus;

373 4399 399 4426 α
434 4376 590 4432 odite
622 4374 866 4444 malum,
902 4397 926 4423 »
989 4375 1310 4446 diabolum,
1352 4402 1371 4426 ι
1435 4379 1700 4436 Custodit
1730 4381 2014 4440 Dominus

371 4467 601 4521 animas
635 4469 972 4520 sanctorum
1029 4481 1272 4519 suorum
1309 4483 1320 4520 :
1355 4467 1425 4522 de
1458 4484 1635 4524 manu
1695 4473 2014 4541 peccatoris

371 4554 644 4611 liberabit
673 4570 790 4610 eas.
830 4576 855 4600 »
887 4553 968 4609 Ne
1000 4554 1081 4609 eis
1113 4554 1333 4624 aliquid
1369 4562 1591 4612 noceat.

445 4665 473 4693 ‹‹
506 4645 627 4698 Lux
656 4650 782 4698 orta
812 4648 899 4699 est
921 4645 1141 4714 justo.»
1177 4644 1442 4700 Christus
1474 4645 1721 4718 refulget
1751 4648 1809 4701 in
1841 4651 2012 4706 corde

2133 3505 2403 3544 reversus
2429 3493 2585 3545 esset
2616 3488 2772 3544 ﬁlius
2803 3489 3016 3544 viduas.
3073 3490 3204 3545 Ideo
3263 3506 3324 3545 se
3375 3492 3680 3563 contraxit,
3712 3497 3778 3548 ut

2129 3577 2464 3633 viviﬁcaret.
2498 3582 2640 3632 Cum
2671 3577 2914 3633 essetin
2947 3579 3135 3633 forma
3191 3579 3290 3635 Dei
3325 3597 3337 3634 :
3371 3580 3499 3656 ideo
3557 3582 3779 3654 accepit

2129 3668 2378 3723 formam
2405 3667 2662 3723 hominis
2694 3667 2924 3739 (Philip.
2961 3685 3022 3736 1|,
3065 3669 3119 3740 6,
3142 3669 3196 3740 7)
3232 3668 3398 3724 :ideo
3455 3685 3517 3726 se
3548 3675 3776 3726 contra-

2128 3758 2229 3828 xit,
2263 3761 2327 3812 ut
2356 3774 2462 3813 nos
2494 3757 2705 3812 faceret
2735 3757 2993 3813 altiores.

2201 3869 2226 3895 ‹‹
2262 3845 2514 3902 Salvavit
2544 3846 2655 3901 sibi
2683 3846 2916 3902 dextera
2944 3847 3130 3917 ejus.»
3164 3848 3325 3912 Quod
3359 3847 3632 3915 dicit,hoc
3655 3852 3764 3905 est:

2127 3936 2378 3992 Salvavit
2398 3935 2685 4003 homines,
2713 3953 2827 3990 non
2859 3935 3248 4002 alienum,sed
3281 3953 3455 3992 suum
3487 3938 3770 4008 opus,hoc

2127 4031 2236 4091 est,
2271 4026 2425 4095 quod
2456 4024 2653 4078 fecerit
2682 4023 2931 4084 sibi.sibi
2962 4023 3086 4096 ipse
3116 4024 3379 4078 selvavit.
3416 4025 3650 4081 Fecerat
3667 4025 3768 4082 ho-

2127 4115 2317 4169 mines
2349 4114 2405 4167 in
2439 4112 2710 4181 salutem,
2738 4113 2838 4182 qui
2868 4113 3007 4167 vitio
3039 4130 3146 4168 suo
3188 4113 3582 4184 perierat.lste
3615 4131 3768 4170 mor-

2125 4208 2263 4257 tuus
2293 4207 2400 4266 est,
2436 4206 2500 4255 ut
2548 4201 2800 4256 salvaret
2832 4199 2943 4255 sibi
3000 4201 3301 4257 hominem
3358 4203 3592 4260 dextera
3639 4221 3764 4260 sua.

2126 4298 2365 4348 Dextera
2398 4290 2489 4345 hic
2521 4307 2622 4361 pro
2654 4290 2862 4345 virtute
2894 4290 3150 4363 ponitur,
3184 4296 3240 4346 et
3297 4291 3606 4348 brachium
3664 4309 3768 4365 pro

2125 4384 2350 4438 robore.
2382 4403 2407 4429 ‹‹
2441 4381 2510 4434 Et
2541 4379 2846 4434 brachium
2878 4385 3144 4435 sanctum
3167 4381 3352 4451 ejus.»
3385 4379 3538 4436 Licet
3559 4384 3615 4436 et
3635 4381 3769 4437 bra-

2125 4471 2345 4536 chium,
2378 4473 2435 4525 et
2460 4470 2695 4524 dextera
2723 4469 2990 4525 Christus
3021 4469 3247 4524 dicatur
3279 4485 3290 4522 :
3321 4469 3551 4524 Dextera
3581 4469 3769 4525 Domi-

2123 4563 2184 4615 ni
2212 4561 2339 4630 fecit
2367 4560 2621 4613 virtutem
2652 4558 2826 4628 (Psal.
2872 4574 3021 4612 cxvn
3057 4557 3140 4629 16)
3178 4575 3190 4612 :
3224 4562 3280 4612 et
3312 4557 3610 4613 Brachium
3665 4560 3769 4615 Do-

2121 4651 2269 4704 mini
2295 4650 2388 4702 cui
2413 4647 2716 4702 revelatum
2745 4654 2820 4701 est
2857 4649 2992 4714 (Isa.
3040 4663 3155 4715 LIII,
3194 4648 3266 4718 1),
3300 4652 3495 4704 tamen
3557 4647 3650 4703 hic
3697 4648 3769 4704 de

370 4733 519 4803 ejus.
560 4754 580 4781 α
619 4732 683 4786 Et
713 4732 884 4787 rectis
917 4734 1087 4789 corde
1117 4732 1338 4788 lzetitia.
1404 4757 1430 4783 »
1490 4735 1636 4798 Quia
1691 4752 1867 4806 quem
1926 4754 2016 4794 ex—
2048 4750 2092 4816 D
2125 4737 2355 4793 Christo
2387 4735 2618 4790 dicitur.

367 4822 730 4893 spectabant,
765 4837 1000 4876 cernere
1031 4827 1388 4877 meruerunt.

443 4935 471 4962 ‹‹
499 4911 794 4966 Laetamini
819 4911 966 4981 justi
997 4911 1055 4965 in
1091 4911 1357 4979 Domino,
1390 4918 1446 4968 et
1503 4914 1859 4970 conﬁtemini
1892 4933 2009 4971 me-

369 5000 564 5055 moriae
598 5000 928 5055 sanctitatis
960 5000 1109 5071 ejus.
1145 5022 1170 5049 »
1204 5001 1310 5064 Qui
1343 5017 1479 5056 eum
1532 5003 1589 5056 in
1623 5005 1762 5058 recti
1820 5005 2010 5060 cordis

366 5088 589 5144 lumine
620 5088 1118 5161 contemplamini,
1141 5089 1363 5161 jugiter
1391 5089 1738 5160 collaudata,
1772 5092 1858 5148 vel
1881 5111 2010 5148 san-

367 5178 622 5234 ctitatem
655 5178 783 5248 ejus
819 5179 993 5249 :quia
1023 5184 1277 5234 vestrum
1330 5195 1554 5234 memor
1615 5181 1744 5251 fuit,
1780 5188 1845 5236 ut
1875 5199 2008 5238 san-

367 5267 648 5323 ctiﬁcaret
680 5285 692 5322 :
727 5266 816 5323 vel
847 5268 1144 5339 pietatem,
1194 5286 1340 5340 quos
1393 5285 1494 5324 vos
1550 5269 1608 5322 in
1667 5286 1843 5341 regno
1901 5288 2008 5328 suo

366 5356 589 5411 ascivit.
618 5356 724 5419 Qui
757 5356 926 5412 nobis
958 5363 1232 5428 praestare
1279 5357 1574 5430 diguetur,
1611 5362 1695 5425 ut,
1757 5361 1885 5430 ejus
1919 5360 2005 5414 lu-

365 5446 522 5500 mine
571 5446 786 5501 nostris
833 5447 1109 5503 cordibus
1161 5449 1401 5514 oriente,
1449 5463 1780 5502 mereamur
1827 5450 1897 5503 ab
1940 5466 2006 5505 eo

364 5535 434 5588 de
468 5536 852 5605 praesentibus
883 5537 1008 5592 erui
1044 5553 1056 5592 ε
1091 5538 1261 5608 cujus
1293 5554 1500 5592 sumus
1521 5536 1816 5608 baptismo
1847 5556 1879 5592 a
1912 5557 2009 5594 no-

362 5622 471 5678 xiis
503 5624 889 5696 originalibus
921 5626 1166 5681 liberati.
1203 5628 1318 5699 Ipsi
1351 5627 1543 5699 gloria
1602 5643 1733 5681 cum
1795 5632 2006 5684 mterno

363 5713 530 5768 Patre
568 5719 625 5768 et
672 5716 889 5787 Spiritu
957 5720 1160 5772 sancto
1229 5717 1286 5772 in
1354 5716 1568 5773 saecula
1635 5716 2003 5776 saeculorum.

361 5805 569 5868 Amen.

2195 4850 2223 4876 «
2257 4827 2471 4880 Notum
2505 4823 2637 4879 fecit
2666 4823 2950 4880 Dominus
2976 4824 3234 4882 salutare
3264 4844 3458 4883 suum.
3487 4851 3506 4876 υ
3539 4827 3665 4882 Non
3687 4827 3768 4881 di-

2121 4917 2224 4982 xit,
2255 4914 2920 4980 ostendit,sed,«notum
2955 4915 3107 4971 fecit.
3141 4935 3166 4966 η
3195 4917 3358 4979 Quod
3390 4915 3766 4982 dicit,hocest

2122 5005 2276 5078 quod
2310 5009 2444 5060 ante
2476 5008 2753 5059 noverant
2785 5003 2993 5072 Deum,
3034 5010 3091 5060 et
3120 5022 3226 5060 suo
3256 5003 3571 5059 vitioobliti
3603 5005 3760 5059 sunt.

2119 5096 2267 5166 Ergo
2303 5095 2449 5149 Deus
2479 5093 2850 5159 veniens,sua
2866 5093 3052 5165 gratia
3083 5092 3358 5164 hocquod
3383 5091 3758 5163 perdiderant

2121 5183 2513 5238 manifestavit
2543 5182 2802 5253 eis.Ergo
2835 5181 2942 5236 hoc
2973 5180 3114 5236 dicit
3143 5197 3154 5233 :
3193 5179 3292 5236 Ille
3323 5197 3497 5252 quem
3517 5168 3757 5235 noverat

2117 5273 2326 5338 Adam,
2361 5287 2535 5343 quem
2565 5276 2797 5326 noverat
2832 5269 2968 5325 Seth
3003 5286 3014 5324 :
3051 5285 3226 5341 quem
3260 5273 3503 5324 noverat
3524 5268 3714 5325 Enoch
3743 5285 3756 5322 :

2118 5363 2217 5435 qui
2252 5361 2540 5417 invocavit
2571 5359 2968 5423 Dominum,et
3000 5358 3252 5430 speravit
3280 5359 3338 5412 in
3369 5375 3501 5413 eum
3530 5374 3541 5411 :
3577 5362 3633 5412 et
3664 5372 3762 5412 no-

2115 5456 2278 5507 verat
2301 5451 2418 5517 Noe
2449 5466 2461 5504 :
2497 5453 2554 5503 et
2585 5451 2784 5520 postea
2815 5446 3033 5502 oblitus
3062 5448 3252 5503 fuerat
3303 5447 3628 5502 humanum
3660 5461 3758 5518 ge-

2118 5558 2251 5603 nus,
2283 5539 2440 5595 venit
2467 5537 2677 5591 iterum
2708 5534 2766 5589 in
2802 5537 3113 5602 mundum,
3145 5540 3209 5590 ut
3230 5535 3497 5591 homines
3522 5534 3621 5606 qui
3656 5551 3755 5607 po-

2117 5637 2240 5685 stea
2271 5627 2433 5684 obliti
2466 5627 2714 5693 fuerant,
2739 5624 2949 5679 iterum
3002 5629 3437 5697 cognoscerent.
3473 5647 3500 5674 «
3544 5624 3759 5681 Notum

2117 5721 2252 5775 fecit
2284 5718 2562 5773 Dominus
2591 5714 2844 5770 salutare
2878 5731 3111 5770 suum.»
3136 5715 3199 5770 In
3223 5715 3500 5771 Iiebraico
3523 5714 3756 5787 legitur:

2117 5831 2145 5861 ‹‹
2178 5808 2392 5865 Notum
2421 5803 2554 5862 fecit
2581 5801 2863 5862 Dominus
2895 5804 3101 5864 Jesum
3134 5822 3332 5865 suum.
3365 5828 3393 5859 ››
3416 5805 3760 5880 Ubicunque
