4256 6574
504 483 657 544 118⁸7

2007 473 2261 539 APPEN
2272 475 2426 540 DIX.

3752 477 3781 536 1
3793 478 3912 542 t88

503 616 660 672 enim
691 616 959 671 Salvator
989 613 1224 681 dicitur,
1257 611 1321 668 In
1343 611 1624 670 Hebraico
1661 612 1835 669 Jesus
1894 610 2150 684 ponitur.
2184 613 2238 679 Α
2267 611 2396 681 igne
2421 611 2823 677 examinatum,
2849 616 3161 683 purgatum
3187 607 3480 680 septulum
3509 609 3688 680 (Psat.
3723 626 3802 678 xi,
3829 612 3910 684 7).

509 728 537 755 ‹‹
568 706 632 759 In
664 708 980 776 conspectu
1009 703 1274 775 gentium
1308 701 1578 758 revelavit
1599 702 1896 772 justitiam
1927 718 2151 757 suam.»

506 795 891 866 Nequaquam
924 793 984 848 in
1014 793 1138 848 sola
1165 791 1552 858 Judaa,sed,«
1585 791 1644 845 in
1676 796 1988 862 conspectu
2013 806 2157 862 gen-

507 884 718 939 tium.»
748 882 780 938 J
789 887 989 938 ustum
1011 881 1168 937 enim
1185 885 1328 947 erat,
1345 885 1409 934 ut
1437 879 1699 935 Salvator
1729 878 1979 934 salvaret
1997 894 2156 934 crea-

507 977 700 1028 turam
737 988 926 1027 suam.
963 969 1578 1039 Revelavitjustitiam
1637 985 1830 1034 suam,
1891 984 2019 1039 qua:
2067 967 2157 1022 in-

508 1060 852 1118 credulitate
883 1059 1188 1116 hominum
1222 1059 1408 1113 fuerat
1436 1058 1764 1113 obscurata.

584 1173 612 1198 «
648 1149 1004 1206 Recordatus
1034 1153 1124 1204 est
1153 1146 1566 1202 misericordiae
1625 1162 1764 1211 suas,
1800 1167 1828 1193 »
1879 1143 2160 1200 ροηδεωἰί

504 1241 695 1295 omnia
722 1239 821 1294 sub
845 1242 1087 1308 peccato,
1123 1244 1182 1291 ut
1207 1235 1460 1290 omnibus
1514 1237 1843 1290 misereatur
1871 1234 2044 1305 (Rem.
2077 1248 2156 1302 x1,

503 1327 642 1400 32.),
677 1328 804 1382 «Et
830 1325 1090 1382 veritatis
1134 1341 1252 1380 sua:
1312 1323 1512 1380 domui
1585 1323 1780 1382 lsrael.
1846 1344 1872 1371 ››
1932 1320 2156 1376 Miseri-

505 1417 714 1472 cordiae
745 1415 1091 1471 recordatur
1123 1431 1136 1469 :
1169 1414 1474 1470 veritatem
1505 1412 1762 1484 implet.»
1802 1410 2159 1467 Recordatus

504 1511 595 1562 est
624 1504 1038 1561 misericordia;
1068 1520 1209 1570 sum,
1241 1503 1348 1558 hoc
1380 1508 1492 1572 est,
1527 1503 1586 1556 in
1617 1500 1884 1572 gentium
1917 1498 2160 1572 populo-

512 1596 582 1651 Et
607 1593 912 1650 veritatem
943 1607 1114 1648 suam
1146 1591 1349 1647 domui
1381 1591 1580 1646 Israel.
1637 1591 1754 1645 Hoc
1797 1605 1970 1660 opere
2000 1604 2159 1644 com-

513 1683 705 1757 plens,
737 1682 894 1754 quod
927 1681 1276 1753 patriarchis
1308 1681 1674 1753 promiserat.

577 1771 864 1827 Viderunt
895 1785 1102 1825 omnes
1159 1769 1306 1825 fines
1363 1773 1528 1825 terrae
1585 1768 1841 1824 salutare
1900 1766 1998 1822 Dei
2055 1783 2158 1822 no-

508 1861 636 1916 stri.
673 1882 700 1910 ››
731 1860 858 1914 Non
889 1857 1050 1915 solus
1082 1857 1260 1914 Israel
1289 1858 1436 1913 vidit
1461 1862 1518 1913 et
1535 1857 1711 1925 Juda,
1743 1857 1867 1925 sed,
1905 1878 1934 1906 ‹‹
1956 1871 2160 1911 omnes

509 1949 690 2016 fines;
728 1969 755 1996 »
787 1946 1082 2018 simulque
1115 1947 1439 2002 secundum
1459 1945 1772 2018 mysticum
1797 1943 2157 2000 intellectum
2190 1987 2238 2054 B

513 2061 533 2087 ι
571 2038 716 2092 fines
744 2042 932 2091 terrae.
967 2057 995 2086 ››
1024 2035 1292 2099 Quandiu
1326 2035 1384 2088 in
1447 2036 1638 2090 medio
1697 2038 1865 2090 terra:
1922 2050 2154 2100 sumus,

510 2126 696 2183 Deum
729 2125 922 2180 videre
951 2140 1067 2180 non
1100 2139 1438 2197 possumus.
1499 2124 1740 2188 Quando
1797 2137 1932 2194 ergo
1989 2122 2156 2194 quasi

515 2214 909 2286 relinquimus
935 2217 1179 2286 terram,
1212 2217 1268 2268 et
1292 2211 1352 2267 in
1383 2212 1724 2267 summitate
1755 2228 1985 2276 sumus,
2015 2215 2157 2268 tunc

511 2319 807 2359 meremur
832 2303 1024 2356 videre
1055 2301 1261 2357 Deum.
1294 2299 1482 2355 Vultis
1512 2301 1662 2355 scire
1691 2301 1986 2370 quomodo
2008 2299 2156 2355 fines

512 2397 676 2447 terrai
705 2390 941 2446 videant
974 2391 1154 2446 Deum
1175 2389 1202 2444 ?
1235 2389 1510 2460 Legimus
1539 2387 1599 2442 in
1628 2387 1888 2444 Ezechiel
1921 2403 1935 2444 :
1971 2389 2150 2458 Cap.1,

509 2496 648 2537 vers.
681 2467 802 2551 21.),
826 2481 889 2535 Et
911 2487 1062 2549 rotae,
1096 2478 1306 2550 inquit~
1364 2478 1476 2533 illa:
1507 2492 1639 2550 quae
1693 2479 2006 2544 volvuntur,
2065 2477 2154 2532 di-

510 2571 750 2626 cebatur
780 2570 885 2636 eis,
910 2566 1521 2641 Getget.quoddicitur
1550 2568 1813 2623 revolutio
1845 2565 1977 2625 :Gel
1996 2566 2151 2622 enim

503 2660 717 2714 uolutio
748 2676 766 2712 :
801 2657 981 2727 Gegel,
1010 2656 1303 2725 revolutio,
1337 2657 1495 2711 Rotas
1543 2672 1680 2728 ergo
1714 2655 1823 2711 illa:
1883 2655 2153 2724 audiunt,

512 2735 794 2804 revolutio
822 2772 836 2813 ;
869 2746 1146 2818 quoniam
1163 2744 1470 2816 rotaquasi
1492 2761 1666 2817 parvo
1689 2746 1941 2817 quodam
1966 2743 2154 2817 spatio

508 2842 724 2893 terram
746 2837 1020 2909 tangit,et
1049 2839 1170 2890 tota
1201 2835 1434 2890 festinat
1454 2835 1527 2890 ad
1549 2835 1920 2892 cmludeeo
1941 2833 2155 2889 dicitur

508 2931 572 2982 et
601 2926 660 2981 in
683 2925 796 2981 alio
818 2923 964 2980 loco:
997 2924 1186 2979 Sancti
1215 2923 1425 2994 lapides
1448 2923 1736 2978 volvuntur
1753 2939 1918 2995 super
1945 2931 2155 2979 terram

511 3013 697 3086 (Zach.
733 3031 810 3078 1x,
848 3013 956 3083 16),
980 3013 1046 3067 Et
1075 3012 1216 3083 quid
1257 3011 1473 3067 dicitur
1501 3011 1561 3066 in
1620 3011 1916 3067 Ezechiele
1943 3012 1970 3066 ?
2001 3014 2153 3077 Quo-

511 3118 765 3174 cunque,
795 3102 1010 3172 inquit,
1045 3101 1168 3156 ibat
1197 3100 1462 3172 spiritus,
1496 3099 1634 3156 illuc
1673 3101 2071 3172 sequebantur
2099 3103 2157 3155 et

511 3195 668 3247 rotae.
701 3191 770 3246 Et
805 3207 912 3246 nos
942 3206 1260 3261 sequamur
1279 3190 1560 3260 Spiritum
1586 3195 1880 3260 sanctum,
1914 3194 1982 3245 ut
2006 3189 2158 3244 dica-

510 3297 645 3336 mur
673 3284 829 3336 rotae.
862 3280 931 3336 Et
960 3279 1100 3351 quid
1133 3279 1350 3335 dicitur
1379 3278 1460 3334 ibi
1494 3281 1517 3334 Ρ
1544 3281 1607 3334 Et
1628 3279 1974 3351 non,inquit,
2001 3280 2158 3334 ibant

2267 699 2545 769 Rursum,
2578 701 2638 754 in
2667 715 2790 755 voce
2818 699 2967 756 tubae
2995 713 3232 765 corneae,
3265 697 3364 753 hic
3395 713 3650 770 regnans
3684 698 3912 756 induci-

2265 792 2363 843 tur
2390 789 2477 842 vir
2506 788 2627 844 Dei.
2660 788 2723 844 In
2755 786 3065 858 scripturis
3093 786 3328 858 proprie
3357 801 3539 842 cornu
3569 802 3674 858 pro
3730 804 3912 862 regno

2267 875 2501 945 dicitur,
2536 880 2594 931 et
2621 891 2725 947 pro
2757 873 3152 946 potententia:
3190 875 3343 930 sicut
3371 874 3456 932 ibi
3484 875 3769 948 scriptum
3792 883 3910 935 est:

2265 965 2456 1018 Erexit
2483 980 2652 1019 cornu
2678 965 2879 1022 salutis
2908 965 3066 1020 nobis
3097 964 3246 1033 (Luc.
3280 963 3438 1031 1,69).
3471 964 3541 1020 Et
3569 965 3630 1020 in
3660 965 3912 1024 alioloco

2267 1053 2552 1124 scriptum
2583 1057 2672 1108 est
2702 1071 2714 1107 :
2748 1055 2816 1108 In
2851 1058 2903 1109 te
2958 1055 3218 1108 inimicos
3274 1061 3483 1109 nostros
3529 1055 3915 1113 veniilabimus

2266 1142 2620 1212 cornu(Psal.
2648 1158 2804 1209 xnm,
2854 1143 2932 1209 6).
2965 1142 3114 1213 Ergo
3145 1141 3335 1197 videte
3388 1141 3483 1198 hic
3513 1144 3654 1214 quid
3711 1145 3866 1203 dicat
3895 1160 3911 1204 :

2272 1231 2424 1287 Duas
2455 1230 2726 1287 habetote
2765 1231 2961 1298 tubas,
2993 1234 3050 1285 et
3090 1233 3453 1302 argenteam,
3509 1237 3568 1288 et
3621 1249 3912 1291 corneam.

2265 1322 2636 1391 Argenteam,
2669 1325 2733 1375 ut
2761 1319 3026 1376 habeatis
3085 1335 3414 1375 sermonem
3450 1338 3464 1376 :
3496 1337 3789 1392 corneam,
3849 1327 3915 1380 ut

2269 1409 2541 1466 habeatis
2568 1407 3071 1465 virtutem.Vultis
3100 1409 3246 1464 scire
3267 1409 3548 1480 quoniam
3569 1427 3749 1467 cornu
3761 1428 3915 1468 sem-

2269 1514 2372 1570 per
2400 1498 2460 1553 in
2492 1499 2706 1556 bonam
2741 1501 2966 1570 partem
2989 1497 3246 1569 ponitur.
3271 1498 3556 1571 Legimus
3583 1499 3642 1556 in
3672 1500 3917 1557 Levitico

2269 1587 2495 1644 Nullum
2517 1589 2731 1644 animal
2758 1589 3020 1659 offeratur
3049 1589 3163 1643 nisi
3217 1587 3573 1660 quodcunque
3610 1595 3904 1647 cornutum

2267 1681 2365 1732 est.
2400 1677 2591 1748 (Leuit.
2623 1693 2700 1744 ιι,
2731 1679 2847 1747 26).
2878 1676 3016 1732 Tria
3044 1691 3258 1748 genere
3287 1676 3632 1734 animalium
3663 1679 3917 1737 offerun-

2269 1770 2365 1820 tur
2397 1782 2409 1820 :
2442 1765 2677 1838 bos,qui
2708 1782 2889 1820 cornu
2929 1765 3188 1832 habet,et
3219 1765 3493 1837 aries,qui
3524 1783 3704 1823 cornu
3737 1767 3916 1826 habet

2269 1859 2326 1909 et
2352 1853 2572 1922 hircus,
2603 1854 2705 1926 qui
2735 1870 2917 1910 cornu
2948 1853 3144 1910 habet.
3175 1854 3314 1910 Sine
3342 1869 3520 1910 causa
3564 1861 3744 1927 putas
3767 1855 3916 1913 dici-

2269 1948 2366 1998 tur
2397 1947 2461 1999 ut
2491 1942 2720 2000 nullum
2735 1943 3014 2000 offeratur
3043 1941 3571 2016 animal,nisiquod
3600 1949 3913 2004 cornutum

2267 2033 2384 2089 est?
2413 2033 2482 2087 Et
2513 2049 2619 2089 nos
2651 2048 2788 2104 ergo
2819 2032 3084 2104 quandiu
3103 2031 3396 2089 habemus
3413 2049 3918 2101 cornu,meremur

2266 2122 2504 2178 victima
2531 2138 2659 2177 esse
2689 2121 2813 2177 Dei.
2848 2121 2907 2177 Si
2939 2126 3137 2178 autem
3192 2139 3374 2178 cornu
3422 2128 3690 2180 nostrum
3741 2123 3918 2180 fuerit

2265 2210 2776 2282 cxcussum,quasi
2809 2209 3032 2266 debiles
3061 2226 3294 2276 sumus,
3315 2215 3373 2266 et
3400 2210 3553 2266 inter
3581 2213 3919 2270 sacerdotes

2271 2300 2365 2355 Dei
2397 2300 2592 2355 venire
2623 2316 2738 2355 non
2770 2316 3114 2372 possumus.
3145 2299 3419 2356 Moveatur
3446 2317 3598 2357 mare
3643 2310 3694 2358 et
3739 2301 3924 2373 pleni-

2263 2391 2400 2445 tudo
2427 2392 2562 2461 ejus.
2595 2389 2870 2444 Moveatur
2899 2393 3135 2455 mare,et
3164 2405 3377 2446 amaras
3408 2405 3574 2461 aquae
3605 2395 3911 2447 mutentur

2268 2478 2325 2533 in
2359 2478 2581 2536 dulces.
2615 2478 2873 2549 Denique
2916 2482 2972 2534 et
3001 2481 3158 2535 Mare
3189 2481 3414 2534 mutata
3441 2483 3532 2534 est
3559 2483 3616 2534 et
3645 2479 3796 2535 facta
3822 2483 3911 2536 est

2264 2566 2322 2621 in
2354 2567 2584 2623 dulcem
2619 2583 2885 2639 saporem
2936 2567 3131 2638 (Exod,
3184 2585 3277 2633 xv,
3307 2566 3421 2638 25).
3481 2572 3712 2640 Aquam
3743 2567 3904 2628 illam

2263 2671 2523 2711 amaram
2560 2672 2674 2710 non
2711 2655 2844 2711 fecit
2875 2655 3034 2712 aliud
3066 2654 3319 2725 dulcem,
3352 2656 3465 2714 nisi
3521 2656 3748 2730 lignum
3778 2674 3905 2713 cru-

2262 2745 2530 2816 cis,quod
2562 2744 2809 2801 missum
2833 2751 2958 2801 erat
2986 2744 3047 2801 in
3077 2745 3618 2803 eam.Mihividetur
3636 2763 3900 2803 amarum

2265 2849 2442 2901 mare,
2475 2833 2567 2890 lex
2596 2851 2725 2889 esse
2753 2834 2956 2906 Moysi.
2991 2839 3105 2890 Hoc
3135 2838 3224 2890 est
3253 2835 3410 2906 quod
3450 2835 3665 2892 dicitur
3718 2852 3898 2907 mera,

2263 2921 2372 2978 hoc
2398 2925 2506 2988 est,
2541 2939 2761 2978 amara.
2795 2925 2922 2976 Huic
2953 2938 3156 2978 amara
3184 2938 3341 2994 aqua
3369 2923 3514 2995 legis
3542 2924 3776 2991 veteris,
3806 2939 3902 2980 ac-

2267 3011 2421 3082 cepit
2452 3009 2679 3083 lignum
2711 3011 2995 3080 crucis,et
3022 3010 3225 3066 effecta
3253 3016 3344 3068 est
3372 3011 3584 3068 dulcis.

2341 3122 2362 3150 ι
2398 3098 2669 3155 Flumina
2697 3099 2975 3171 plaudent
3022 3116 3200 3158 manu
3259 3101 3461 3158 simul.
3523 3124 3552 3153 »
3585 3101 3901 3175 Interrogo-

2267 3206 2399 3246 mus
2427 3189 2675 3257 Iudaeos,
2709 3188 2809 3260 qui
2841 3189 3168 3246 secundum
3212 3189 3466 3247 litteram
3520 3191 3854 3265 intelligunt
3887 3210 3901 3249 :

2266 3279 2512 3334 ﬂumina
2532 3282 2794 3334 ventrem
2848 3279 3064 3334 habent
3097 3295 3109 3335 :
3146 3277 3391 3336 ﬂumina
3418 3297 3588 3336 voces
3641 3280 3858 3338 habent
3888 3298 3902 3338 :

509 3372 828 3436 retrorsum,
861 3367 952 3424 sed
979 3385 1190 3440 semper
1220 3368 1372 3423 ibant
1410 3373 1537 3424 ante
1585 3385 1660 3424 se.
1727 3368 1908 3440 (lbid.)
1939 3366 2156 3424 Simul-
2187 3362 2230 3428 C
2269 3368 2514 3424 flumina
2571 3369 2746 3440 pedes
2800 3367 3018 3424 habent
3049 3385 3061 3422 :
3097 3368 3345 3426 ﬂumina
3402 3386 3614 3427 manus
3669 3370 3903 3427 habent.

509 3476 621 3532 que
647 3459 1010 3516 considerate
1040 3457 1179 3530 quid
1229 3458 1386 3514 dicat
1419 3475 1431 3512 :
1467 3458 1591 3514 Non
1633 3459 1846 3530 inquit,
1905 3463 2152 3514 reverte-

513 3548 856 3614 bantur,sed
887 3563 1117 3619 semper
1131 3551 1264 3602 ante
1279 3547 1973 3604 seibant.Pra-teritorum
1997 3547 2153 3602 enim

510 3637 1089 3704 obliviscebantur,et
1121 3636 1190 3689 ad
1213 3634 1408 3706 priora
1429 3636 2157 3708 seextendebant(Phiiipp

511 3742 597 3792 ιιι,
633 3726 742 3795 13).
776 3725 846 3779 Et
870 3723 1043 3795 plena
1071 3728 1256 3792 erant,
1289 3723 1508 3798 inquit,
1539 3723 1744 3779 oculis.
1765 3725 1976 3780 Omnia
1997 3725 2154 3781 enim

509 3817 770 3868 rotarum
802 3811 1048 3867 istarum
1083 3809 1254 3882 plena
1281 3815 1446 3868 erant
1475 3813 1698 3868 lumine
1728 3799 1851 3868 Dei.
1910 3814 2034 3868 Non
2067 3817 2157 3868 est

509 3901 683 3958 istius
713 3899 1013 3973 temporis,
1043 3903 1106 3955 ut
1134 3900 1205 3955 de
1236 3900 1400 3968 rotis,
1445 3904 1502 3956 et
1530 3900 1601 3956 de
1626 3900 1965 3969 Cherubim,
1997 3907 2056 3958 et
2084 3902 2155 3957 de

509 3977 869 4048 animalibus
895 3989 1155 4046 Ezechiel
1179 3989 1573 4062 disputemus.

587 4101 609 4130 ι
643 4079 902 4138 Jubilate
933 4080 1070 4146 Deo,
1098 4079 1290 4135 omnis
1314 4085 1522 4137 terra.»
1555 4079 1679 4135 Non
1710 4080 1901 4136 solum
1931 4081 2153 4154 Judzea,

507 4170 632 4238 sed,
671 4193 690 4218 «ι
728 4168 921 4225 omnis
952 4175 1125 4234 terra,
1149 4168 1400 4240 jubilate
1422 4168 1729 4225 Domino.»
1763 4170 1952 4242 Digna
1980 4171 2158 4227 mitti-

508 4266 562 4316 te
597 4259 832 4315 victoris
863 4259 1205 4314 exercitus.-
1240 4258 1886 4327 Cantate,etexsultate,
1920 4266 1976 4315 et
2005 4260 2158 4332 psal-

508 4348 626 4405 lite.
661 4372 688 4399 .ι›
715 4349 966 4414 Cantate,
997 4346 1385 4421 cogitatione:
1415 4347 1656 4418 psallite,
1691 4349 1884 4416 verbo,
1912 4348 2021 4424 hoc
2047 4353 2154 4419 est,

507 4438 785 4494 omnibus
809 4437 1090 4494 membris
1117 4434 1792 4491 vestris.Psallatmanus
1814 4435 1874 4491 in
1903 4436 2156 4495 eleemo-

509 4542 656 4596 syna
687 4542 700 4580 :
746 4525 958 4598 psallat
987 4543 1088 4598 pes
1120 4523 1338 4580 vadens
1370 4523 1426 4579 in
1459 4540 1629 4596 opere
1663 4525 1834 4581 bono.

583 4635 610 4663 ‹‹
643 4613 878 4669 Psallite
907 4615 1152 4670 Domino
1187 4614 1244 4669 in
1278 4612 1518 4670 cithara.
1559 4637 1579 4663 η
1617 4613 1832 4670 Omnes
1864 4615 2048 4670 corda:
2071 4631 2159 4671 ve-

509 4706 643 4758 strae
675 4702 899 4756 vocales
931 4703 1067 4757 sint.
1102 4706 1227 4757 Non
1266 4708 1456 4774 potest
1503 4720 1632 4759 esse
1662 4703 1905 4772 cithara,
1939 4705 1990 4760 si
2040 4721 2157 4762 una
2187 4729 2234 4796 Β

507 4791 686 4847 corda
714 4789 981 4844 defuerit.
1017 4790 1164 4853 Quid
1193 4789 1298 4846 tibi
1354 4793 1592 4863 prodest
1622 4791 1671 4848 si
1731 4794 1811 4850 sis
1852 4799 2082 4860 castus,
2107 4795 2155 4850 si

507 4880 590 4938 sis
617 4879 816 4952 largus
848 4879 907 4933 in
944 4877 1332 4950 eleemosyna,
1391 4885 1446 4934 et
1475 4881 1799 4938 invidiosus
1840 4883 1921 4939 sis
1944 4883 1971 4938 ‘?
2005 4883 2154 4948 Quid

509 4970 613 5026 tibi
642 4969 902 5042 prodest,
935 4968 985 5025 si
1017 4983 1120 5023 sex
1148 4967 1354 5023 cordas
1382 4967 1638 5040 integras
1672 4970 1969 5039 habueris,
2003 4977 2060 5028 et
2088 4989 2153 5028 u-

509 5077 645 5117 nam
667 5063 901 5131 ruptam
931 5057 959 5112 ‘I
983 5057 1042 5137 Si
1076 5073 1192 5112 una
1222 5057 1398 5112 corda
1449 5056 1714 5125 defuerit,
1752 5061 2040 5127 perfectus
2071 5061 2160 5116 ci-

508 5149 688 5206 tharae
711 5165 892 5206 sonus
924 5164 1052 5204 esse
1083 5163 1197 5202 non
1232 5145 1463 5218 poterit.
1501 5168 1528 5196 ‹‹
1563 5147 1622 5200 In
1649 5146 1806 5202 tubis
1837 5149 2159 5207 ductilibus

512 5245 568 5296 et
599 5254 738 5295 voce
768 5237 920 5294 tuba:
934 5253 1207 5302 corneze,c
1233 5234 1508 5306 Legimus
1531 5235 1589 5290 in
1607 5234 2158 5296 Numerorumlibro

507 5329 621 5385 duo
653 5344 869 5402 genera
898 5342 1027 5382 esse
1061 5325 1358 5381 tubarum:
1394 5340 1578 5380 unum
1608 5340 1795 5396 genus
1822 5341 1949 5380 esse
1983 5328 2156 5383 tuba-

510 5434 638 5473 rum
663 5415 880 5473 ductile
910 5432 976 5472 ex
1009 5419 1249 5487 argento
1284 5432 1296 5481 ;
1331 5413 1491 5469 aliud
1513 5429 1641 5470 esse
1663 5429 1848 5486 genus
1879 5416 2158 5474 tubarum

508 5511 847 5562 corneatum
879 5505 1060 5576 (Num.
1095 5521 1150 5574 x,
1182 5503 1413 5575 2).Ergo
1447 5502 1540 5558 hic
1572 5508 1888 5576 utrumque
1919 5505 2156 5562 dicitur:

511 5615 540 5644 ‹‹
572 5595 634 5648 In
665 5595 826 5650 tubis
856 5593 1196 5658 ductilibus,
1231 5598 1288 5648 et
1317 5609 1455 5648 voce
1488 5592 1640 5647 tuba:
1688 5609 1962 5649 corneae.»
1997 5595 2158 5658 Quod

511 5681 743 5750 dicitur,
767 5683 874 5738 hoc
906 5689 995 5740 est
1022 5684 1049 5738 ‘2
1079 5683 1246 5739 Tuba
1274 5681 1511 5738 ductilis
1552 5698 1622 5738 ex
1669 5689 1912 5754 argento
1967 5701 2160 5742 sermo

509 5770 614 5841 Dei
635 5773 745 5842 est,
775 5774 831 5828 et
860 5772 1096 5848 Eloquia
1116 5772 1356 5843 Domini,
1388 5773 1606 5851 eloquia
1635 5779 1784 5832 casta
1815 5793 1832 5834 :
1866 5780 2160 5852 argentum

2265 3457 2432 3513 Dicat
2459 3456 2674 3529 aliquis
2707 3473 2720 3511 :
2754 3457 2880 3512 Non
2909 3461 2997 3513 est
3026 3457 3311 3530 scriptum
3352 3459 3424 3515 de
3453 3463 3674 3530 ventre,
3707 3460 3777 3516 de
3807 3475 3906 3532 pe-

2266 3547 2459 3603 dibus.
2494 3547 2604 3601 Sed
2635 3547 2763 3602 dico
2792 3545 2900 3602 tibi
2933 3562 2946 3600 :
2980 3561 3050 3602 ex
3078 3563 3194 3603 uno
3227 3548 3490 3604 membro
3522 3548 3906 3621 intelligimus

2265 3639 2321 3690 et
2351 3638 2574 3691 caetera.
2608 3635 2730 3690 Non
2763 3636 2916 3690 enim
2973 3652 3290 3706 possumus
3344 3635 3667 3710 intelligere
3697 3653 3907 3695 manus

2266 3724 2392 3779 sine
2422 3723 2688 3794 pedibus,
2721 3722 2846 3778 sine
2876 3728 3094 3790 ventre,
3141 3724 3268 3780 sine
3325 3726 3605 3781 membris
3662 3726 3905 3784 caeteris.

2265 3834 2294 3860 ‹‹
2326 3810 2597 3866 Flumina
2628 3808 2909 3881 plaudent
2947 3826 3125 3864 manu
3184 3809 3381 3864 simul.
3418 3833 3446 3860 »
3477 3811 3752 3870 Flumina
3781 3829 3904 3886 qua

2265 3899 2535 3957 biberunt
2563 3899 2635 3954 de
2673 3898 2830 3953 fonte
2856 3898 3017 3953 Jesu.
3061 3899 3159 3965 Me,
3221 3897 3436 3970 inquit,
3488 3902 3909 3973 dereliquerunl

2263 3992 2467 4061 fontem
2509 4002 2668 4060 aquae
2699 3988 2832 4042 vivae
2864 3987 3083 4058 (Jerem.
3120 4005 3179 4058 ιι,
3226 3989 3336 4061 13).
3370 3988 3642 4047 Flumina
3671 3991 3802 4065 ipsa
3838 3992 3910 4049 de

2266 4080 2422 4134 fonte
2451 4077 2664 4133 Christi
2697 4080 2958 4132 currunt.
3014 4076 3113 4132 Ille
3172 4077 3302 4132 fons
3330 4084 3422 4133 est
3452 4095 3465 4144 ;
3501 4095 3606 4135 nos
3664 4079 3914 4138 flumina

2265 4183 2491 4223 sumus:
2525 4167 2574 4222 si
2616 4171 2811 4221 tamen
2859 4181 3156 4220 meremur
3186 4181 3315 4222 esse
3348 4167 3608 4224 ﬂumina.
3641 4167 3911 4229 Christus

2268 4257 2396 4312 fons
2426 4261 2516 4311 est
2547 4271 2560 4310 :
2595 4253 3055 4324 sancti,llumina
3091 4254 3361 4320 sunt.Qui
3386 4259 3578 4312 autem
3609 4254 3914 4315 inferiores

2268 4350 2406 4401 sunt
2449 4343 2620 4400 rivuli
2679 4348 2839 4400 sunt.
2896 4342 3006 4397 Alii
3057 4361 3192 4400 vero
3251 4349 3540 4402 torrentes
3589 4349 3744 4403 sunt.
3805 4346 3913 4411 Qui

2266 4438 2407 4492 sunt
2434 4437 2718 4490 torrentes
2747 4433 2774 4487 ?
2803 4432 2908 4493 Qui
2943 4433 3016 4488 ad
3068 4433 3272 4490 boram
3331 4433 3548 4491 habent
3599 4451 3799 4507 aquas,
3831 4439 3908 4504 et,

2269 4522 2588 4578 tentatione
2618 4520 2906 4589 veniente,
2939 4520 3256 4578 siccantur.
3277 4544 3298 4572 ι
3336 4521 3607 4579 Flumina
3637 4522 3914 4595 plaudent

2268 4629 2449 4667 manu
2481 4610 2678 4668 simul.
2714 4634 2743 4662 ››
2777 4610 2902 4666 Non
2935 4615 3024 4667 est
3057 4627 3242 4667 unum
3302 4611 3546 4681 flumen,
3578 4611 3748 4684 plura
3775 4617 3912 4669 sunt

2268 4700 2533 4756 flumina.
2569 4701 2719 4764 Quot
2739 4699 2924 4756 sancti
2957 4703 3116 4767 sunt,
3149 4704 3233 4755 tot
3263 4704 3320 4756 et
3349 4699 3596 4757 flumina
3627 4705 3784 4758 sunt.
3805 4701 3910 4764 Sed

2269 4791 2380 4846 ista
2410 4790 2656 4845 flumina
2689 4806 2804 4844 non
2864 4788 3083 4844 habent
3139 4789 3292 4845 inter
3348 4806 3412 4845 se
3462 4790 3912 4850 dissensionem.

2267 4881 2555 4946 Quoniam
2588 4882 2729 4934 sunt
2756 4877 3004 4933 ﬂumina
3042 4877 3279 4948 Christi,
3338 4884 3647 4950 propterea
3703 4880 3915 4940 habent

2269 4969 2420 5025 inter
2451 4985 2512 5023 se
2561 4966 2956 5023 concordiam.
2994 4989 3022 5018 «
3075 4966 3344 5022 Flumina
3399 4967 3684 5040 plaudent
3739 4985 3914 5028 manu

2268 5057 2468 5115 simul.
2503 5078 2530 5110 ι»
2569 5058 2859 5126 Ptaudent,
2894 5058 3034 5129 quia
3063 5073 3236 5129 opera
3258 5063 3624 5128 sanctorum,
3655 5057 3785 5115 laus
3813 5058 3915 5116 Dei

2269 5153 2373 5204 cst.
2404 5146 2674 5204 Christus
2709 5165 2824 5204 non
2855 5164 2991 5204 voce
3048 5146 3347 5218 laudatur,
3379 5148 3481 5204 sed
3541 5163 3734 5222 opere.
3790 5148 3916 5206 Non

2269 5236 2432 5294 audit
2462 5254 2684 5308 vocem,
2717 5238 2818 5293 sed
2849 5252 3045 5309 opera.
3087 5255 3108 5283 α
3144 5235 3411 5294 Flumina
3431 5236 3712 5309 plaudent
3739 5253 3919 5298 manu

2270 5327 2474 5383 simul.
2516 5351 2542 5377 »
2575 5327 2883 5399 Pr0pterea
2904 5325 3046 5381 dicit
3075 5330 3132 5380 et
3161 5324 3285 5397 ipse
3321 5327 3378 5382 in
3433 5327 3736 5400 Evangelia
3765 5345 3778 5384 :
3813 5327 3918 5396 Qui

2268 5419 2385 5473 sitit
2431 5419 2614 5473 veniat
2645 5420 2696 5471 et
2754 5416 2920 5482 bibat,
2967 5422 3017 5470 et
3073 5415 3265 5486 ﬂuent,
3326 5415 3537 5487 inquit,
3593 5415 3921 5489 ﬂumi-nado

2270 5512 2453 5562 ventre
2483 5508 2598 5579 ejus
2629 5507 2807 5574 (Joan.
2862 5520 2963 5570 vn,
3016 5505 3106 5574 37,
3163 5506 3274 5575 38).
3311 5528 3337 5555 «
3397 5509 3622 5562 Montes
3667 5505 3920 5566 exsulta-

2271 5597 2418 5651 bunt
2450 5597 2506 5651 in
2542 5599 2862 5668 conspectu
2883 5594 3172 5649 Domini.«
3207 5595 3356 5661 Quid
3380 5595 3571 5652 simile
3603 5595 3918 5651 ﬂuminaet

2271 5691 2498 5742 montes
2527 5686 2554 5742 Ἰ
2585 5685 2696 5742 Sed
2729 5684 3009 5757 quoniam
3058 5685 3130 5740 de
3161 5685 3433 5756 perfectis
3461 5685 3687 5741 sanctis
3746 5685 3913 5756 dicit,

2271 5793 2386 5834 non
2419 5777 2583 5848 dixit,
2619 5773 2789 5832 rivuli
2818 5773 3102 5849 plaudent
3123 5789 3302 5833 manu
3336 5773 3516 5833 simul
3549 5793 3563 5834 :
3597 5775 3756 5850 sed,«
3777 5771 3914 5854 Plus
