4256 6634
250 552 412 635 uss

1429 539 1922 606 BREVIAltlUM
1968 544 2044 603 ΙΝ
2091 543 2472 606 PbALMOS.

3502 555 3659 616 1190

261 680 422 737 mina
471 678 747 753 plaudent
795 691 972 732 manu
1023 674 1220 731 simul.
1254 699 1277 728 ι
1315 676 1518 732 Videte
1561 675 1826 731 ordinem
1887 691 1900 730 :
1933 676 1991 741 Α
2019 657 2132 746 non
2167 678 2357 747 potest
2386 691 2512 731 esse
2538 675 2663 731 sine
2690 678 2875 742 veste;
2907 675 3098 747 priore
3147 679 3360 751 populo
3405 685 3656 755 perdito,

265 793 292 820 «
327 769 628 825 Moveatur
658 781 836 837 mare,
870 788 899 816 »
932 769 989 820 et
1017 768 1175 820 totus
1204 765 1418 822 orbis.«
1452 764 1719 821 Flumina
1743 764 1904 835 plau-

267 859 405 914 dent
454 875 632 913 manu
681 855 878 913 simul.
917 880 938 908 ι
977 854 1199 910 Montes
1248 854 1653 921 nihilominus,
1687 855 1787 926 qui
1836 853 1907 909 ad

268 964 560 1004 summam
587 945 884 1017 justitiam
917 948 1317 1016 pervenerunt.
1372 945 1567 999 Dicam
1598 949 1655 999 et
1685 943 1854 999 aliter
1892 960 1905 997 :

271 1058 299 1085 «
339 1040 632 1092 Moventur
678 1050 856 1101 mare,
895 1056 922 1084 »
953 1034 1107 1105 quod
1162 1037 1294 1088 ante
1342 1033 1529 1088 fuerat
1576 1034 1908 1100 immotum,

271 1129 570 1194 moveatur
601 1124 660 1180 in
691 1125 942 1180 adventu
974 1122 1202 1178 Christi.
1241 1143 1268 1170 ‹‹
1302 1121 1599 1177 Moveatur
1648 1136 1828 1187 mare,
1882 1141 1910 1168 »

264 1216 390 1286 jam
421 1213 700 1282 diximus,
735 1212 842 1268 hoc
873 1216 960 1267 est
988 1210 1077 1266 lex
1108 1210 1312 1282 Moysi.
1357 1234 1385 1260 ι(
1434 1210 1702 1266 Flumina
1747 1208 1911 1280 plau-

271 1304 407 1359 dent
462 1320 639 1358 manu
672 1301 872 1368 simul,
919 1323 940 1349 ιι
985 1300 1093 1356 hoc
1137 1304 1245 1368 est,
1280 1300 1594 1371 propheta.
1632 1323 1658 1349 «
1693 1302 1914 1353 Montes

270 1392 651 1450 exsultabunt
677 1407 710 1447 a
739 1395 1054 1462 conspectu
1089 1389 1337 1459 Domini,
1376 1413 1396 1437 ι»
1433 1389 1541 1445 hoc
1572 1393 1661 1444 est
1690 1391 1913 1459 aposto-

269 1479 331 1550 li,
364 1504 391 1532 «
425 1479 710 1546 Quoniam
738 1479 896 1535 venit
917 1479 1186 1550 judicare
1213 1483 1450 1533 terram.
1476 1500 1504 1528 ››
1534 1478 1916 1548 Nequaquam

268 1569 426 1625 venit
451 1567 694 1624 humilis
727 1571 956 1622 tantum
984 1567 1041 1621 in
1074 1581 1267 1633 carne,
1301 1567 1398 1622 sed
1433 1565 1721 1638 gloriosus
1762 1564 1919 1619 venit

273 1660 332 1714 in
374 1660 682 1729 majestate
718 1673 856 1712 sua.
889 1679 917 1705 «
951 1655 1236 1721 Quoniam
1293 1653 1452 1710 venit
1489 1654 1757 1725 judicare
1804 1658 1918 1709 ter-

274 1765 421 1804 ram.
456 1769 483 1798 ››
517 1747 640 1803 Non
673 1746 837 1812 dixit,
869 1745 1106 1817 perdere
1141 1761 1153 1800 :
1188 1746 1309 1814 sed,
1333 1744 1608 1816 judicare.
1668 1765 1696 1794 «
1747 1743 1920 1799 Venit

270 1837 554 1910 judicare,
592 1859 619 1885 »
652 1839 716 1891 ut
745 1835 1024 1890 zizaniam
1057 1839 1287 1906 separet
1319 1852 1352 1890 a
1386 1834 1679 1890 frumento
1712 1833 1918 1902 (Matth.

275 1943 401 1994 x111,
433 1926 543 1996 30).
581 1925 832 1993 Venit,ut
857 1923 1169 1997 pisciculos
1195 1923 1377 1980 malos
1410 1927 1639 1996 separet
1668 1941 1702 1979 a
1729 1923 1918 1980 bonis.

352 2037 380 2066 «
409 2013 709 2070 Judicabit
738 2014 938 2069 orbem
962 2017 1250 2068 terrarum
1282 2012 1339 2066 in
1365 2012 1618 2083 justitia,
1651 2017 1708 2068 et
1739 2028 1922 2083 popu-

280 2104 368 2160 los
397 2103 455 2159 in
487 2102 779 2174 aequitate.
813 2123 840 2152 »
872 2101 1112 2157 Justitia
1141 2100 1379 2174 ponitur
1407 2105 1464 2157 et
1493 2100 1756 2172 aquitas.
1798 2099 1921 2154 Pri-

281 2207 445 2248 mum
470 2191 706 2262 justitia
732 2190 986 2263 ponitur,
1020 2194 1077 2245 et
1112 2194 1316 2262 postea
1357 2190 1646 2261 aquitas,,
1699 2187 1922 2257 εὐθύτης

279 2279 511 2354 proprie
543 2280 779 2347 dicitur,
812 2295 940 2350 qua
990 2295 1234 2350 pravum
1283 2282 1506 2334 rectum
1552 2278 1708 2334 facit.
1756 2278 1928 2333 Venit

281 2386 417 2442 ergo
441 2369 708 2440 judicare
738 2368 797 2423 in
830 2385 939 2424 sua
959 2368 1214 2438 justitia,
1247 2372 1313 2423 ut
1343 2368 1496 2441 quod
1531 2384 1776 2440 pravum
1816 2370 1924 2433 est,

281 2459 341 2514 in
374 2458 472 2515 illo
503 2463 726 2514 rectum
758 2458 880 2514 fiat.
915 2457 1016 2512 Cui
1053 2457 1131 2514 sit
1159 2457 1343 2530 gloria
1393 2442 1476 2512 in.
1503 2456 1714 2513 sacula
1746 2473 1925 2513 sacu-

283 2547 496 2604 lorum.
530 2549 734 2603 Amen.

807 2654 1138 2710 PSALMUS
1176 2653 1414 2709 XCVIII.

285 2745 535 2800 Psalmus
577 2743 770 2800 David.
807 2747 920 2799 Iste
950 2743 1212 2815 psalmus
1259 2760 1456 2799 vocem
1501 2743 1757 2799 continet
1803 2759 1931 2815 pro:

360 2816 544 2888 pheta
586 2815 904 2888 sacerdotis
940 2814 1194 2888 Domini,
1235 2816 1661 2871 commonentis
1711 2814 1932 2870 ad’Dei

361 2886 779 2958 omnipotentis
805 2886 1052 2958 gratiam
1086 2886 1470 2942 referendam.

363 2993 707 3050 «Dominus
739 2993 1022 3065 regnavit,
1073 2991 1402 3049 irascantur
1452 2992 1672 3065 populi.
1727 3015 1754 3040 »
1799 2996 1937 3052 Tres

289 3082 503 3156 psalmi
533 3082 686 3137 idem
712 3081 936 3138 habent
964 3081 1318 3154 principium
1354 3098 1366 3137 :
1401 3083 1817 3154 nonagesimus
1847 3101 1936 3140 se-

293 3173 543 3237 cundus,
577 3175 635 3227 et
675 3170 1095 3243 nonagesimus
1144 3176 1363 3238 sextus,
1414 3177 1473 3226 et
1519 3175 1938 3245 nonagesimus

294 3259 684 3317 octavus.Sed
716 3275 849 3314 cum
883 3258 1037 3314 idem
1071 3259 1323 3314 habeant
1352 3260 1707 3331 principium
1742 3262 1799 3316 in
1821 3278 1941 3318 ver~

293 3347 502 3412 siculo,
534 3347 594 3402 in
626 3347 741 3403 ﬁne
771 3346 984 3402 diversi
1014 3351 1172 3402 sunt.
1193 3346 1433 3409 Quando
1458 3348 1613 3403 enim
1644 3349 1936 3406 diciturin

2017 763 2157 818 facit
2213 764 2326 819 sibi
2383 768 2603 820 vestem
2663 765 2734 819 de
2782 764 2996 836 populo
3053 768 3386 838 gentilium.
3420 773 3487 827 Et
3519 775 3662 846 quid

2017 852 2235 907 dicitur
2283 870 2294 906 :
2348 853 2632 910 Dominus
2685 853 2967 926 regnavit,
3023 855 3272 913 exsultet
3323 864 3500 919 terra.
3559 864 3666 920 Ex-

2021 939 2198 996 sultet
2234 945 2386 996 terra
2429 942 2718 1008 universa,
2772 942 2880 999 hoc
2927 948 3037 1013 est,
3087 948 3449 1006 credentium
3479 969 3666 1024 popu-

2020 1029 2133 1084 lus.
2171 1030 2444 1100 Denique,
2472 1030 2648 1086 vultis
2678 1033 2826 1086 scire
2856 1034 3135 1104 quoniam
3167 1039 3488 1094 secundum
3515 1041 3670 1098 lum-

2021 1119 2159 1174 bare
2216 1119 2286 1174 de
2341 1119 2600 1190 gentium
2660 1119 2874 1192 populo
2931 1122 3184 1180 dicitur?
3228 1116 3534 1198 Dominus,
3583 1131 3670 1188 in-

2023 1207 2168 1278 quit,
2213 1207 2495 1280 regnavit,
2554 1207 2804 1266 exsultet
2864 1215 3021 1268 terra
3069 1230 3081 1267 2
3137 1213 3406 1272 latentur
3464 1219 3668 1276 insula

2024 1296 2237 1352 multa.
2271 1297 2394 1353 Non
2429 1315 2547 1354 una
2577 1298 2771 1354 insula
2801 1299 3024 1365 Judaa,
3057 1303 3156 1357 sed
3206 1304 3412 1361 insula
3449 1309 3665 1379 multa,

2024 1384 2133 1440 hoc
2161 1393 2269 1450 est,
2302 1390 2460 1441 totus
2487 1387 2763 1442 mundus.
2799 1387 2962 1445 Dicat
2995 1390 3140 1445 mihi
3171 1387 3505 1465 aliquis,Da
3527 1398 3673 1453 mihi

2026 1473 2356 1545 exemplum
2403 1476 2472 1529 de
2519 1475 2859 1547 Scripturis,
2912 1478 3010 1532 ubi
3060 1481 3258 1537 Judaa
3306 1482 3430 1539 sola
3477 1485 3675 1542 insula

2029 1562 2182 1625 dicta
2211 1562 2305 1617 sit.
2341 1563 2524 1620 Omne
2553 1565 2706 1636 quod
2739 1564 3346 1636 loquimur,debemus
3379 1572 3674 1631 afﬁrmare

2028 1651 2099 1705 de
2129 1651 2446 1722 Scripturis
2475 1653 2696 1710 sanctis
2730 1671 2743 1710 :
2773 1656 2834 1708 In
2865 1670 2960 1710 ore
2985 1658 3134 1711 enim
3163 1658 3395 1716 duorum
3420 1670 3470 1718 et
3498 1663 3676 1721 trium

2029 1740 2254 1795 testium
2308 1741 2474 1797 stabit
2529 1757 2689 1798 omne
2744 1746 2970 1799 verbum
3016 1746 3192 1817 (Deut.
3244 1766 3380 1814 xvn,
3429 1753 3507 1820 6).
3547 1753 3676 1810 Non

2032 1827 2207 1884 habet
2234 1833 2456 1885 tantam
2489 1831 2896 1888 auctoritatem
2937 1851 3132 1890 sermo
3187 1837 3456 1906 dicentis,
3491 1857 3676 1912 quan-

2031 1923 2156 1973 tum
2190 1919 2416 1974 Domini
2449 1922 3120 1995 praceptum.Legimus
3150 1925 3205 1980 in
3239 1927 3524 2000 propheta
3545 1934 3677 1986 Eze-

2034 2006 2182 2062 chiel
2217 2023 2229 2062 :
2265 2012 2333 2064 Et
2374 2012 2454 2076 tu,
2483 2010 2694 2081 inquit,
2726 2012 2812 2081 ﬁli
2854 2012 3117 2082 hominis,
3167 2016 3384 2087 loquere
3412 2018 3482 2073 ad
3521 2020 3678 2076 habri

2033 2099 2231 2152 latores
2288 2099 2488 2155 insulse
2543 2099 2708 2168 huius
2761 2101 2987 2172 (Επειδὴ.
3046 2121 3220 2170 xxvn,
3291 2106 3348 2172 2,
3423 2109 3501 2175 3),
3566 2108 3676 2164 hoc

2034 2190 2144 2253 est,
2200 2186 2435 2241 Judaa.
2469 2187 2754 2251 Quoniam
2812 2206 2951 2262 ergo
3012 2208 3129 2247 una
3180 2194 3377 2251 insula
3431 2195 3680 2253 dimissa

2035 2283 2141 2341 est,
2175 2291 2330 2331 nunc
2360 2276 2575 2332 dicitur
2627 2295 2640 2332 :
2700 2279 2991 2335 Latentur
3033 2281 3238 2338 insula
3278 2284 3495 2340 multa.
3529 2286 3679 2359 Ergo

2036 2362 2303 2420 lumbare
2333 2365 2548 2420 dicitur
2576 2367 2632 2421 in
2665 2367 2842 2438 priori
2874 2369 3088 2442 populo
3123 2389 3136 2427 :
3169 2375 3438 2430 Dominus
3482 2393 3680 2447 regna-

2037 2453 2132 2516 vit,
2167 2454 2422 2509 decorem
2452 2455 2676 2511 indutus
2706 2465 2785 2512 est
2812 2459 2982 2526 (Psal.
3033 2477 3146 2527 κει,
3197 2463 3270 2533 1).
3315 2463 3377 2518 In
3427 2466 3684 2522 secundo

2038 2540 2254 2612 populo
2283 2543 2353 2598 de
2382 2545 2656 2614 gentibus
2688 2552 3035 2619 congregato
3067 2565 3079 2602 :
3114 2551 3376 2606 Dominus
3415 2555 3683 2624 regnavit,

2038 2631 2267 2685 exsultet
2298 2639 2480 2693 terra;
2530 2635 2789 2689 laetentur
2839 2638 3046 2694 insulae
3084 2639 3271 2694 multa
3309 2641 3481 2712 (Psal.
3533 2659 3686 2710 xcvr,

2044 2720 2115 2790 1).
2172 2720 2335 2778 Nunc
2381 2720 2441 2775 in
2491 2722 2659 2778 tertio
2706 2723 2963 2781 dicitur:
3003 2745 3026 2774 α
3068 2726 3352 2783 Dominus
3401 2731 3683 2801 regnavit,

2045 2808 2372 2864 irascantur
2427 2810 2648 2882 populi.
2693 2834 2720 2860 ‹‹
2773 2812 2902 2867 Sive
2961 2813 3031 2868 de
3085 2815 3380 2886 gentibus,
3439 2818 3558 2875 sive
3615 2819 3687 2875 de

2041 2895 2258 2952 Judais
2288 2901 2448 2965 sunt,
2477 2899 2814 2972 quicunque
2844 2917 2956 2956 non
2990 2903 3255 2971 credunt,
3288 2905 3618 2962 irascantur
3668 2923 3684 2962 :

2045 2986 2220 3053 Quare
2276 2988 2619 3057 fremuerunt
2667 2993 2869 3057 gentes,
2922 2999 2974 3046 et
3016 2993 3209 3063 populi
3257 2994 3507 3050 meditati
3560 2999 3692 3052 sunt

2046 3076 2247 3130 inania
2300 3077 2472 3146 (Psal.
2533 3094 2595 3143 ιι,
2657 3078 2748 3149 1)?
2811 3098 2833 3127 ι
2893 3080 3177 3137 Dominus
3233 3083 3512 3155 regnavit,
3573 3085 3691 3142 ira-

2047 3168 2288 3220 scantur
2317 3164 2536 3237 p0puli.
2587 3188 2616 3216 »
2657 3167 2940 3224 Dominus
2983 3186 3197 3242 passus
3245 3175 3352 3240 est,
3406 3173 3691 3232 Dominus

2048 3253 2361 3310 cruciﬁxus
2407 3260 2515 3321 est,
2569 3255 2856 3312 Dominus
2911 3263 3180 3315 mortuus
3236 3266 3346 3328 est,
3410 3264 3690 3321 Dominus

2049 3343 2383 3409 resurrexit,
2441 3341 2725 3400 Dominus
2781 3345 2852 3399 ad
2909 3343 3120 3401 coelum
3169 3348 3350 3404 victor
3405 3352 3688 3407 ascendit.

297 3435 672 3506 nonagesimo
705 3436 962 3491 secundo
997 3453 1009 3491 :
1045 3458 1072 3484 «
1106 3435 1389 3492 Dominus
1436 3437 1715 3508 regnavit,
1770 3439 1938 3494 deco-
1975 3420 2018 3485 C
2060 3454 2080 3478 α
2121 3430 2400 3486 Dominus
2433 3432 2712 3502 regnavit,
2742 3432 3075 3489 irascantur
3101 3436 3324 3507 populi.
3361 3459 3384 3486 ι
3419 3436 3527 3501 Qui
3557 3444 3698 3496 sunt

301 3542 423 3581 rem
475 3525 722 3600 indutus
779 3528 898 3592 est;
933 3545 961 3573 »
993 3524 1051 3579 in
1101 3525 1478 3596 nonagesimo
1524 3543 1658 3582 vero
1708 3531 1868 3582 sexto
1926 3545 1939 3584 :

300 3638 328 3665 ‹‹
363 3614 644 3670 Dominus
676 3613 956 3686 regnavit.
991 3612 1239 3669 exsultet
1269 3618 1452 3680 terra;
1506 3637 1534 3664 »
1581 3615 1641 3671 in
1691 3631 1943 3688 nonage-

301 3703 450 3759 simo
481 3706 676 3758 autem
708 3708 906 3757 octavo
942 3718 954 3757 :
991 3725 1018 3752 ‹‹
1050 3703 1331 3758 Dominus
1375 3704 1658 3776 regnavit,
1690 3704 1944 3760 irascan-

301 3798 398 3848 tur
429 3790 662 3864 populi;
694 3816 722 3842 ››
756 3791 983 3847 videtur
1012 3793 1179 3864 quasi
1213 3792 1352 3848 ordo
1385 3792 1499 3848 sibi
1541 3809 1669 3848 esse
1717 3797 1946 3850 contra-

304 3882 449 3936 rius.
511 3881 722 3936 Debuit
777 3880 934 3937 enim
992 3881 1248 3953 primum
1303 3882 1493 3938 dicere
1537 3899 1550 3937 :
1593 3906 1614 3934 α
1669 3884 1949 3940 Dominus

304 3969 584 4042 regnavit,
635 3970 964 4025 irascantur
1010 3970 1247 4043 populi;
1281 3991 1309 4021 »
1343 3973 1395 4026 et
1437 3975 1638 4043 postea
1685 3969 1877 4028 dicere
1934 3989 1948 4027 :

308 4060 588 4116 Dominus
620 4059 899 4130 regnavit,
934 4058 1186 4116 exsultet
1232 4064 1416 4126 terra;
1467 4063 1525 4115 et
1571 4059 1630 4115 in
1685 4059 1887 4115 ultimo
1935 4078 1948 4116 :

304 4150 586 4204 Dominus
633 4147 916 4218 regnavit,
963 4148 1230 4202 decorem
1281 4147 1524 4202 indutus
1571 4151 1677 4203 est.
1735 4148 1954 4204 Verum

300 4237 566 4292 diversus
598 4236 738 4291 ordo
771 4235 871 4289 dat
901 4234 1072 4290 nobis
1101 4233 1361 4307 aliquam
1393 4234 1788 4308 intelligentia
1819 4253 1951 4291 sus-

299 4324 610 4398 picionem.
647 4323 927 4378 Dominus
961 4323 1243 4395 regnavit,
1277 4326 1544 4380 decorem
1575 4325 1818 4380 indutus
1840 4329 1952 4381 est.

300 4413 583 4469 Dominus
614 4411 899 4485 regnavit,
948 4416 1001 4466 et
1051 4412 1293 4468 indutus
1344 4417 1434 4468 est
1478 4413 1846 4486 patriarchis,
1897 4419 1956 4470 et

303 4502 627 4576 prophetis,
647 4505 703 4557 et
733 4499 946 4574 pepulo
977 4501 1537 4558 credenti.Decorem
1570 4503 1814 4560 indutus
1845 4507 1952 4575 est,

307 4591 446 4664 quia
476 4591 822 4663 patriarcha
851 4596 907 4645 et
937 4589 1252 4662 prophetae,
1300 4590 1468 4662 quasi
1518 4591 1730 4647 Christi
1780 4581 1951 4648 vesti-

310 4685 575 4738 mentum
607 4681 862 4736 fuerunt.
894 4678 1041 4734 Illud
1073 4683 1162 4735 est
1192 4682 1502 4750 perizoma,
1527 4681 1682 4752 quod
1716 4681 1774 4735 in
1804 4680 1956 4736 Jere-

2054 3519 2150 3574 isti
2205 3519 2446 3590 p0puli?
2506 3519 2776 3576 Dicamus
2843 3521 3173 3594 exemplum
3231 3525 3301 3580 de
3361 3526 3692 3599 Evangelio.

2055 3607 2301 3672 Quidam
2335 3608 2752 3679 paterfamilias
2783 3610 2888 3666 ivit
2915 3612 3175 3684 accipere
3205 3614 3316 3669 sibi
3348 3632 3595 3688 regnum
3628 3619 3698 3675 de

2053 3697 2224 3769 longe
2271 3697 2421 3768 (Luc.
2472 3715 2584 3766 xm,
2639 3699 2705 3753 12
2759 3703 2950 3772 seqq.).
3003 3701 3152 3765 Quid
3209 3701 3464 3776 longius,
3518 3722 3704 3778 quam-

2056 3786 2266 3842 ccelum
2296 3804 2329 3842 a
2357 3787 2549 3842 terra?
2574 3787 2894 3860 Dereliquit
2940 3795 3176 3861 terram,
3227 3791 3330 3848 ivit
3376 3794 3448 3849 ad
3499 3795 3696 3866 caelus,

2058 3881 2124 3932 ut
2153 3875 2441 3948 acciperet
2471 3876 2583 3932 sibi
2614 3894 2881 3950 regnum.
2914 3880 2979 3934 Et
3006 3882 3164 3952 cives,
3198 3881 3413 3954 inquit,
3461 3883 3560 3940 illi
3604 3902 3704 3957 qu:

2058 3965 2284 4022 oderant
2328 3982 2474 4034 eum,
2512 3968 2779 4022 miserunt
2823 3968 3168 4040 legationem,
3217 3971 3454 4027 dicentes
3484 3990 3503 4026 :
3532 3974 3700 4029 Nolu-

2058 4071 2180 4110 mus
2230 4071 2356 4110 eum
2406 4071 2638 4123 regnare
2681 4071 2849 4126 super
2892 4071 2990 4111 nos
3034 4057 3192 4127 (Ibid.
3227 4059 3336 4130 14).
3365 4059 3579 4116 Verum
3604 4061 3710 4118 ille

2061 4144 2280 4214 accepit
2309 4158 2578 4214 regnum,
2611 4149 2668 4199 et
2695 4145 2852 4198 venit
2882 4145 2952 4198 ad
2992 4145 3144 4202 cives
3195 4148 3503 4218 pessimos.
3537 4150 3710 4207 Venit:

2061 4234 2132 4288 ad
2166 4232 2316 4299 illos,
2351 4231 2448 4303 qui
2480 4247 2673 4304 regem
2702 4248 2832 4288 eum
2866 4233 3143 4290 nolebant
3172 4235 3403 4294 habere.
3439 4239 3507 4293 Et
3549 4255 3706 4295 nunc

2061 4321 2204 4377 dicit
2232 4321 2484 4392 Spiritus
2514 4326 2755 4379 sanctus
2788 4323 2857 4379 ad
2891 4324 3044 4380 cives
3075 4324 3260 4381 malos
3296 4342 3308 4381 :
3343 4325 3564 4396 Velitis,
3600 4343 3706 4384 no-

2061 4410 2202 4478 litis,
2236 4433 2264 4462 ‹‹
2292 4410 2578 4466 Dominus
2626 4412 2908 4485 regnavit,
2951 4415 3282 4470 irascantur
3327 4415 3550 4488 populi.
3588 4438 3616 4466 »
3663 4416 3712 4473 Ο

2063 4499 2372 4556 clementia
2423 4501 2677 4572 Spiritus
2735 4501 2921 4558 sancti
2978 4521 2991 4557 :
3051 4520 3165 4559 non
3223 4503 3389 4574 dixit,
3449 4510 3709 4578 pereant,

2063 4590 2186 4661 sed,
2217 4592 2554 4646 irascantur.
2586 4590 2806 4645 Vitium
2839 4590 3022 4646 voluit
3050 4591 3402 4663 signiﬁcare,
3435 4611 3550 4649 non
3583 4611 3710 4668 pm-

2066 4696 2190 4734 nas.
2243 4678 2332 4733 Illi
2383 4679 2738 4745 irascuntur,
2785 4683 2842 4734 et
2889 4680 3171 4736 Dominus
3230 4683 3595 4754 deprecatur.
3647 4684 3716 4741 Et

310 4771 432 4826 mia
459 4769 741 4824 scribitur
771 4768 986 4841 (Jerem.
1023 4785 1143 4837 xm,
1180 4770 1265 4840 11)
1303 4787 1314 4824 :
1347 4768 1490 4825 illud
1523 4774 1614 4826 est
1643 4771 1954 4842 perizoma,
1991 4789 2034 4854 Ι)
2067 4767 2206 4838 quid
2247 4768 2425 4822 dicit?
2461 4769 2644 4822 Venite
2690 4768 2760 4823 ad
2805 4785 2910 4839 me,
2961 4785 3167 4837 omnes,
3217 4774 3315 4843 qui
3363 4773 3626 4830 laboratis
3668 4777 3720 4831 et

312 4858 468 4930 quod
497 4857 723 4929 habuit,
756 4858 910 4913 circa
935 4857 1170 4914 lumbos
1220 4877 1378 4927 suos,
1423 4858 1724 4916 Jeremias.
1773 4859 1962 4917 Vultis
2066 4857 2284 4914 onerati
2332 4858 2465 4912 estis
2518 4856 2722 4928 (Matth.
2785 4873 2863 4929 X1,
2919 4860 3036 4930 28).
3103 4860 3366 4934 Regnum
3435 4863 3627 4935 accepi
3685 4879 3720 4918 a

311 4949 459 5005 scire
489 4947 768 5020 quoniam
800 4947 986 5004 sancti
1018 4947 1186 5019 quasi
1217 4949 1528 5020 perizoma,
1543 4950 1960 5006 vestimentum

309 5039 409 5094 Dei
442 5037 617 5095 sunt?
649 5041 955 5108 Propterea
1003 5037 1129 5110 ipse
1179 5041 1331 5093 Deus
1383 5037 1646 5110 loquitur
1687 5041 1758 5096 ad
1805 5040 1961 5095 Jere-

311 5128 492 5184 miam
525 5145 537 5184 :
573 5126 725 5182 Sicut
752 5130 832 5197 tu,
865 5126 1081 5199 inquit,
1118 5128 1358 5199 posuisti
1405 5128 1654 5184 lumbare
1697 5129 1845 5185 istud
1893 5128 1964 5184 ad

309 5218 519 5272 lumbos
566 5219 687 5272 tuos
716 5235 735 5272 :
768 5218 848 5270 ita
896 5225 950 5271 et
996 5232 1096 5288 ego
1142 5217 1424 5288 applicavi
1469 5218 1738 5288 populum
1784 5234 1966 5273 meum

308 5305 378 5361 ad
419 5323 506 5362 me
546 5305 758 5377 (Ibid.).
804 5306 1108 5370 Quomodo
1155 5322 1290 5378 ergo
1337 5305 1754 5362 vestimentum
1811 5307 1966 5363 circa

308 5394 608 5473 hominem
644 5411 656 5450 :
690 5394 774 5451 sic
806 5393 1062 5466 populus
1093 5395 1246 5451 circa
1293 5395 1515 5451 Deum?
1560 5395 1777 5450 Verum
1829 5397 1966 5467 quia

311 5483 422 5539 hoc
453 5482 771 5556 perizoma,
800 5499 1001 5538 verum
1035 5483 1174 5553 quia
1202 5482 1297 5538 hic
1329 5484 1500 5538 decor
1537 5499 1652 5554 quo
1686 5481 1967 5538 Dominus

314 5574 508 5630 fuerat
535 5572 802 5640 indutus,
835 5577 996 5628 trans
1045 5571 1379 5644 Euphraten
1425 5573 1724 5645 expositus
1772 5577 1861 5628 est
1907 5572 1967 5628 in

320 5661 605 5718 foramine
636 5665 831 5733 petra,
867 5665 925 5717 et
974 5661 1053 5716 ibi
1095 5662 1475 5733 computruit,
1507 5667 1563 5717 et
1595 5662 1666 5717 ab
1695 5660 1970 5733 Assyriis,

325 5751 538 5806 ductus
569 5753 658 5803 est
686 5749 745 5804 in
792 5749 1184 5823 captivitatem
1220 5767 1233 5804 :
1266 5751 1550 5806 Dominus
1600 5750 1739 5822 quid
1789 5750 1972 5806 facit?

327 5839 456 5934 μου
484 5841 576 5899 est
603 5838 821 5913 nudus,
852 5856 969 5898 non
1020 5842 1212 5914 potest
1259 5854 1389 5898 esse
1436 5841 1562 5899 sine
1592 5839 1871 5913 lumbari,
1918 5844 1976 5900 et

2069 4946 2254 5014 Patre,
2288 4945 2406 5001 imo
2453 4946 2629 5002 homo
2679 4963 2852 5018 quem
2905 4949 3155 5022 suscepi,
3206 4951 3279 5006 do
3329 4951 3496 5022 quasi
3541 4956 3714 5021 Deus,

2071 5034 2290 5106 accipio
2322 5035 2488 5106 quasi
2523 5035 2713 5091 homo.
2751 5059 2779 5086 ‹‹
2814 5037 2920 5103 Qui
2964 5039 3131 5094 sedes
3175 5055 3352 5109 super
3381 5036 3715 5105 Cherubim,

2072 5129 2373 5179 moveatur
2401 5128 2574 5180 terra.
2631 5146 2658 5174 »
2721 5127 2989 5191 Quandiu
3038 5131 3193 5182 terra
3239 5127 3558 5182 immobilis
3606 5130 3718 5195 est,

2074 5213 2268 5268 sanari
2301 5230 2412 5268 non
2446 5219 2658 5285 potest.
2709 5214 2834 5270 Non
2887 5215 2955 5270 de
3008 5219 3172 5270 terra
3223 5219 3384 5271 motu
3436 5213 3717 5286 loquitur,

2075 5321 2189 5375 quo
2221 5303 2490 5359 videmus
2545 5310 2732 5360 terras
2763 5305 3016 5374 concuti,
3069 5309 3125 5358 et
3171 5321 3343 5360 omne
3382 5303 3721 5360 mortalium

2076 5392 2281 5449 timere
2312 5409 2528 5466 genus;
2561 5395 2661 5449 sed
2702 5394 2773 5448 de
2806 5399 3006 5449 nostra
3052 5398 3207 5450 terra
3255 5393 3534 5466 loquitur.
3586 5395 3725 5460 Qua

2078 5482 2336 5554 quandiu
2371 5483 2612 5538 immota
2643 5482 2837 5550 fuerit,
2862 5482 3054 5537 sanari
3089 5499 3203 5537 non
3239 5487 3446 5554 potest.
3480 5482 3722 5546 Quando

2076 5588 2210 5628 vero
2243 5577 2402 5628 mota
2433 5572 2624 5639 fuerit,
2672 5575 2730 5626 ct
2758 5571 3145 5642 intremuerit,
3180 5575 3318 5626 tunc
3349 5571 3585 5643 recipiet
3630 5589 3724 5628 sa-

2082 5662 2347 5717 nitatem.
2383 5663 2558 5732 Super
2577 5677 2753 5733 quem,
2787 5661 3000 5732 inquit,
3028 5664 3388 5733 requiescam,
3418 5663 3533 5716 nisi
3563 5678 3730 5735 super

2083 5749 2348 5806 humilem
2391 5755 2446 5805 et
2491 5751 2756 5820 quietum,
2806 5754 2859 5805 et
2906 5753 3222 5806 trementem
3265 5765 3538 5807 sermones
3581 5767 3733 5808 meo:

2083 5840 2210 5918 (ινα.
2264 5856 2412 5910 LXVI,
2455 5839 2550 5919 2)?
2600 5839 2886 5905 Quoniam
2929 5844 3084 5899 terra
3131 5843 3390 5902 tremens
3438 5845 3736 5907 commota
