4256 6584
597 508 744 566 “9|

2087 502 2510 565 APPENDIX.

3843 494 3988 565 1199.

591 644 681 696 est
713 655 726 692 :
762 643 1068 708 prapterea
1095 633 1192 689 ille
1222 633 1322 704 qui
1353 635 1516 689 sedet
1543 651 1720 706 super
1747 635 2058 692 Cherubim
2089 636 2238 690 inci-
2267 637 2322 703 Α
2352 636 2445 691 fici
2476 653 2666 709 posse,
2701 636 2801 708 qui
2834 651 2937 707 per
2967 615 3367 708 paenitentiam
3398 650 3612 690 nomen
3652 635 3881 691 Domini
3910 637 3991 694 in-

591 727 681 800 pit
711 728 913 781 sedere
939 724 997 779 in
1030 727 1184 778 terra
1211 726 1516 778 tremente.
1551 723 1708 778 Felix
1756 729 1844 780 est
1894 725 1995 796 qui
2027 723 2240 779 solium

594 817 693 872 Dei
741 819 848 871 est.
882 813 1040 868 Felix
1068 812 1244 868 estin
1278 829 1391 882 quo
1442 812 1595 868 Deus
1645 829 1878 884 semper
1917 815 2096 869 sedet.
2149 813 2240 868 Di-

591 921 757 962 versa
786 907 926 960 sunt
957 903 1275 958 schemata.
1311 907 1427 956 Aut
1457 902 1613 956 enim
1647 903 1941 969 sedemus,
1976 907 2077 957 aut
2123 907 2245 957 sta-

594 1012 749 1063 mus,
783 998 884 1049 aut
915 991 1309 1061 ambulamus,
1343 995 1445 1045 aut
1465 991 1754 1061 jacemus.
1783 991 1989 1046 Infelix
2019 1000 2108 1046 est
2144 991 2244 1046 ille

593 1085 688 1141 cui
713 1086 870 1155 jacet
900 1088 1052 1138 Deus
1108 1099 1121 1135 :
1167 1082 1325 1152 jacet
1374 1079 1590 1136 etenim
1622 1097 1755 1135 cum
1789 1081 2043 1151 jacente.
2092 1082 2242 1145 Quo-

597 1175 772 1230 modo
803 1172 1028 1246 plangit
1056 1187 1188 1226 cum
1221 1170 1615 1242 plangente,et
1645 1170 1794 1225 ridet
1823 1186 1958 1225 cum
1988 1169 2240 1236 ridente;

593 1263 677 1318 ita
734 1267 791 1319 et
827 1263 987 1334 jacet
1033 1278 1167 1316 cum
1208 1261 1460 1330 jacente.
1494 1260 1796 1323 Quomodo
1829 1259 1952 1314 sitit
1997 1275 2132 1314 cum
2165 1258 2243 1314 si-

594 1353 796 1419 tiente,
819 1355 885 1407 ’et
915 1350 1098 1406 esurit
1127 1365 1262 1404 cum
1293 1349 1608 1418 esuriente,
1658 1353 1715 1403 et
1761 1349 1957 1404 nudus
1989 1353 2079 1404 est
2108 1363 2242 1402 cum

592 1441 771 1506 nudo,
801 1441 884 1494 sic
916 1443 970 1494 et
993 1440 1148 1510 jacet
1176 1453 1309 1493 eum
1331 1439 1584 1507 jacente.
1617 1437 1724 1500 Qui
1764 1453 1900 1509 ergo
1975 1435 2244 1492 vulnera-

593 1535 690 1585 tus
720 1535 830 1598 est,
865 1534 922 1584 et
943 1529 1130 1599 jacet;
1159 1533 1218 1582 et
1250 1527 1375 1598 ipse
1405 1527 1838 1597 quodammodo
1862 1527 2057 1596 jacere
2099 1525 2244 1580 dici-

592 1623 690 1674 tur
729 1635 863 1673 cum
918 1635 1005 1673 eo.
1059 1617 1166 1682 Qui
1215 1620 1410 1672 autem
1461 1615 1747 1684 ambulat,
1775 1620 1831 1670 et
1859 1613 1955 1669 ille
1982 1613 2246 1670 ambulat

595 1725 730 1763 cum
759 1725 846 1763 eo.
880 1707 986 1773 Qui
1019 1705 1301 1773 ambulat,
1333 1705 1564 1760 videtur
1593 1703 1830 1776 quidem
1879 1703 2085 1759 melior
2115 1719 2244 1758 esse

591 1798 662 1852 ab
692 1813 758 1851 eo
791 1795 890 1867 qui
913 1796 1092 1865 jacet,
1124 1798 1320 1849 tamen
1353 1794 1600 1848 necdum
1630 1793 1787 1848 venit
1837 1793 1908 1847 ad
1952 1793 2080 1862 ejus
2111 1791 2242 1846 feli-

526 1917 531 1930 ι
593 1885 829 1940 citatem
861 1884 961 1954 qui
995 1883 1398 1953 stat.Denique
1428 1887 1484 1937 et
1513 1883 1701 1937 Adam
1733 1881 1967 1953 quando
1999 1898 2059 1936 se
2109 1881 2240 1935 abs-

594 1973 792 2029 condit
822 1990 856 2028 a
887 1973 1030 2027 facie
1060 1972 1158 2027 Dei
1195 1988 1207 2026 :
1242 1971 1586 2027 ambulabat
1614 1971 1665 2025 ei
1696 1971 1851 2026 Deus
1891 1974 2022 2043 post
2069 1971 2240 2025 meri-

593 2063 747 2118 diem
779 2061 929 2134 (Gen.
966 2078 1050 2128 ΙΙΙ,
1083 2063 1157 2132 8).
1186 2061 1352 2116 Dicat
1381 2059 1594 2132 aliquis
1629 2077 1640 2114 :
1673 2059 1732 2115 Si
1765 2061 1949 2115 Adam
1982 2058 2236 2114 offende-

592 2157 701 2222 rat,
735 2157 792 2207 et
822 2152 892 2206 de
924 2151 1194 2223 paradiso
1226 2151 1413 2205 fuerat
1443 2150 1662 2220 ejectus
1696 2165 1708 2203 :
1736 2165 1871 2222 ergo
1901 2148 2238 2220 imperfecta

591 2240 864 2296 felicitate
893 2246 982 2296 est
1012 2240 1360 2310 cuicumque
1393 2238 1657 2294 ambulat
1687 2239 1861 2293 Deus.
1896 2239 1963 2292 Et.
1995 2254 2100 2310 ego
2149 2237 2236 2292 di-

591 2345 658 2385 co
693 2347 704 2384 :
739 2329 799 2384 Si
829 2330 1017 2384 Adam
1050 2328 1280 2400 penitus
1313 2327 1542 2383 occisus
1576 2326 1800 2397 fuisset,
1824 2333 1881 2382 et
1913 2344 2025 2382 non
2060 2326 2108 2382 ei
2144 2327 2239 2381 da-

587 2421 686 2492 tus
748 2418 955 2473 fuisset
1001 2417 1165 2472 locus
1212 2415 1584 2488 pcenitentiae,
1623 2416 1911 2486 jacuisset
1958 2414 2008 2469 ei
2060 2415 2234 2470 Deus.

587 2506 755 2562 Nunc
784 2524 916 2563 vero
949 2505 1086 2578 quia
1116 2507 1290 2561 datur
1337 2506 1388 2560 ei
1437 2504 1600 2560 locus
1649 2504 2020 2576 pmnitentiee,
2064 2521 2235 2576 prop-

587 2598 747 2651 terea
777 2595 1045 2651 ambulat
1074 2595 1124 2650 ei
1155 2595 1329 2650 Deus.

661 2708 682 2732 α
719 2684 1004 2739 Dominus
1060 2683 1117 2737 in
1165 2683 1300 2738 Sion
1353 2698 1625 2755 magnus,
1659 2687 1715 2737 et
1766 2681 2030 2737 excelsus
2061 2697 2238 2754 super

587 2789 792 2829 omnes
832 2772 1099 2845 populos.
1153 2793 1180 2822 »
1234 2773 1563 2827 Ascendens
1611 2773 1682 2828 ad
1731 2771 1928 2838 eoelos,
1958 2771 2240 2826 excelsior

587 2867 676 2928 est
722 2863 999 2918 omnibus
1043 2863 1275 2917 factus:
1321 2863 1474 2916 unde
1522 2878 1627 2917 nos
1676 2866 1958 2932 actusque
2005 2865 2237 2916 nostros

586 2937 691 3023 per
719 2951 984 3022 singulos
1009 2951 1135 3006 dies
1166 2949 1522 3021 speculatur.

669 3064 689 3088 α
725 3040 1120 3096 Conliteamur
1150 3037 1374 3093 nomini
1405 3042 1505 3092 tuo
1538 3053 1751 3109 magno
1785 3056 1796 3092 :
1831 3039 2110 3109 quoniam
2133 3045 2238 3092 ter-

590 3127 761 3184 ribile
799 3131 856 3184 et
884 3132 1156 3184 sanctum
1206 3131 1312 3182 est.
1364 3148 1390 3178 ι)
1447 3127 1775 3198 Praeparent
1819 3144 1880 3182 se
1929 3127 2114 3182 sancti
2165 3126 2236 3181 ad

591 3217 988 3273 confitendum
1021 3216 1244 3271 nomini
1276 3221 1396 3283 tuo,
1431 3216 1584 3288 quod
1617 3219 1707 3271 est
1734 3221 2024 3284 sanctum,
2049 3215 2237 3286 siqui-

2349 743 2585 794 vocans,
2618 725 2893 797 lacrymis
2924 725 3290 796 nigredinem
3323 725 3546 796 peccati
3577 723 3833 781 diluerit.

2423 838 2450 864 ‹‹
2507 815 2858 869 Invocabant
2909 813 3238 869 Dominum.
3295 834 3323 862 »
3377 813 3665 886 Apostoli.
3700 837 3728 864 ‹‹
3761 816 3829 870 Et
3877 815 3991 888 ipse

2351 902 2695 957 exaudiebat
2725 918 2824 957 eos
2859 918 2870 956 :
2908 901 2965 956 in
2996 901 3268 957 columna
3315 902 3490 957 nubis
3545 901 3897 974 loquebatur
3923 907 3989 961 ad

2351 1006 2468 1044 eos.
2506 1011 2533 1037 ››
2567 991 2820 1045 Locutus
2850 995 2940 1044 est
2971 991 3252 1046 Dominus
3297 992 3369 1046 de
3416 991 3573 1046 nube
3629 991 3763 1047 ﬁliis
3824 993 3989 1049 Israel

2351 1079 2544 1150 (Exod.
2579 1081 2810 1147 xv1,10,
2845 1080 2932 1150 11)
2980 1097 2992 1134 :
3043 1081 3144 1134 sed
3198 1084 3255 1135 et
3300 1079 3576 1152 deinceps
3626 1082 3865 1138 aﬂ'ectus
3913 1089 3992 1140 est

2355 1167 2651 1239 apostolos
2685 1169 2754 1224 de
2783 1167 3110 1224 velamento
3140 1168 3333 1224 carnis
3377 1175 3694 1241 assumpta;
3729 1187 3740 1227 :
3772 1171 3831 1227 in
3881 1187 3989 1245 quo

2356 1257 2630 1312 divinitas
2661 1257 2979 1313 obumbata
3007 1257 3244 1313 latebat.

2425 1369 2453 1395 «
2484 1347 2900 1402 Custodiebant
2927 1350 3347 1403 testamentum
3378 1349 3526 1419 ejus,
3552 1354 3609 1404 et
3640 1356 3986 1424 praeceptum

2352 1437 2504 1506 quod
2539 1435 2698 1491 dedit
2726 1435 2862 1491 illis.
2899 1458 2926 1485 »
2959 1435 3113 1491 Nihil
3145 1437 3217 1492 de
3247 1435 3337 1492 his
3366 1437 3437 1492 ad
3465 1436 3697 1494 irritum
3747 1440 3989 1499 deduxe-

2353 1529 2510 1580 runt.

2431 1634 2452 1662 ι
2484 1613 2728 1670 Domine
2758 1619 2912 1670 Deus
2943 1618 3160 1681 noster,
3193 1618 3258 1670 tu
3289 1616 3640 1672 exaudiebas
3669 1632 3796 1685 eos;
3823 1623 3988 1685 Deus,

2353 1707 2412 1757 tu
2444 1704 2730 1775 propitius
2763 1703 2924 1759 fuisti
2953 1704 3058 1771 eis,
3091 1708 3147 1760 et
3176 1703 3465 1760 ulciscens
3497 1705 3554 1761 in
3587 1723 3791 1763 omnes
3838 1708 3995 1763 adin-

2351 1791 2650 1847 ventiones
2675 1808 2935 1848 eorum.»
2967 1793 3177 1848 Omnia
3207 1793 3364 1848 enim
3396 1810 3521 1865 quas
3553 1810 3720 1867 agere
3751 1797 3991 1852 studue-

2351 1885 2507 1947 runt,
2533 1882 2601 1936 ad
2635 1882 2953 1953 perfectum
2987 1881 3279 1938 deduxisti
3327 1898 3340 1936 :
3391 1882 3529 1954 quia
3575 1882 3790 1956 placita
3827 1889 3992 1941 erant

2354 1969 2476 2026 libi.

2419 2081 2447 2109 ‹‹
2476 2057 2732 2116 Exaltate
2762 2060 3072 2116 Dominum
3105 2064 3287 2116 Deum
3320 2064 3612 2128 nostrum,
3653 2067 3711 2118 et
3758 2063 3987 2121 adorato

2347 2147 2408 2203 in
2439 2153 2634 2203 monte
2665 2153 2866 2204 sancto
2898 2149 3027 2220 ejus
3061 2166 3071 2204 :
3103 2150 3381 2220 quoniam
3424 2155 3662 2207 sanctus
3713 2153 3990 2209 Dominus

2346 2241 2499 2292 Deus
2532 2238 3033 2293 noster.»Sanctos
3061 2255 3163 2294 vos
3192 2238 3453 2295 exhibete
3484 2240 3542 2294 in
3565 2239 3818 2297 Ecclesia
3842 2244 3987 2314 ejus,

2347 2326 2501 2381 sicut
2542 2326 2669 2398 ipse
2715 2343 2841 2382 eam
2901 2326 3165 2382 exhibuit
3212 2333 3498 2396 sanctam,
3534 2346 3649 2385 non
3681 2329 3988 2387 habentem

2347 2414 2640 2470 maculam
2671 2422 2773 2471 aut
2803 2431 3010 2488 rugam
3043 2417 3254 2488 (Ephes.
3285 2435 3340 2483 v,
3371 2419 3483 2489 27).
3517 2419 3624 2484 Qui
3657 2419 3827 2475 nobis
3861 2437 3992 2493 prae-

2347 2507 2503 2558 stare
2532 2504 2904 2576 dignetur,ut
2935 2506 3174 2560 modum
3207 2507 3581 2563 sacerdotalis
3615 2509 3837 2564 ordinis
3859 2525 3988 2564 cum

2345 2593 2654 2648 sanctitate
2684 2595 2937 2665 perfecta
2965 2598 3246 2661 tenentes,
3291 2611 3420 2666 qua
3470 2597 3779 2652 studemus
3828 2613 3992 2671 agere

2346 2683 2417 2737 de
2448 2683 2620 2752 bono,
2652 2683 2776 2754 ipse
2804 2684 3120 2755 perducere
3151 2684 3429 2755 dignetur
3457 2686 3528 2742 ad
3561 2686 3853 2743 effectum.

2891 2808 3221 2865 PSALMUS
3262 2808 3448 2865 XCIX.

2348 2897 2598 2973 Psalmus
2622 2911 2723 2966 pro
2753 2899 3113 2973 confessione:
3139 2899 3263 2973 _Is_te
3303 2897 3568 2970 psalmus
3621 2914 3818 2973 vocem
3870 2917 3994 2973 pro-

2459 2967 2606 3042 hetaa
2631 2968 2911 3042 continet,
2945 2968 3278 3042 quiﬁdeles
3303 2967 3600 3042 provocat
3629 2971 3688 3026 in
3719 2967 3993 3028 laudibus

2469 3037 2738 3094 ominicis
2768 3037 3196 3094 incessabiliter
3228 3037 3514 3097 exercere.

2417 3125 2729 3182 «Jubilate
2781 3131 2890 3182 Deo
2940 3126 3133 3182 omnis
3182 3131 3355 3195 terra,
3406 3128 3616 3186 servite
3661 3131 3905 3187 Domino
3936 3131 3992 3186 in

2347 3215 2562 3274 laetitia.
2601 3239 2627 3264 »
2661 3215 2788 3285 Qui,
2836 3232 3079 3272 excusso
3131 3233 3164 3272 a
3212 3217 3535 3275 cervicibus
3590 3220 3796 3276 vestris
3852 3219 3994 3293 legis

590 3307 722 3362 dem
757 3313 818 3362 tu
849 3305 1045 3361 dixisti
1081 3323 1094 3359 :
1129 3306 1318 3361 Sancti
1344 3309 1527 3372 estote,
1561 3308 1693 3376 quia
1730 3321 1823 3376 ego
1871 3313 2087 3361 sanctus
2114 3322 2237 3359 sum
2337 3305 2506 3377 jugo,
2539 3322 2654 3360 non
2686 3306 2746 3360 in
2779 3322 3026 3363 mocrore
3055 3307 3268 3362 veteris
3298 3307 3614 3377 servitutis,
3665 3309 3764 3365 sed
3816 3309 3878 3366 in
3923 3309 3994 3364 li-

587 3395 783 3466 (Levz't.
816 3413 930 3461 x1x,
961 3395 1038 3465 ‘2).
1071 3418 1098 3444 «
1134 3395 1202 3449 Et
1231 3394 1418 3449 honor
1447 3393 1598 3465 regis
1623 3393 1914 3464 judicium
1947 3393 2158 3464 diligit.
2209 3415 2235 3442 »
2269 3381 2312 3448 C
2350 3394 2573 3450 bertate
2600 3395 2729 3451 novi
2761 3394 3018 3451 hominis
3049 3395 3376 3452 exsultatis.

586 3485 764 3540 Debet
790 3501 852 3539 se
883 3485 1046 3556 prius
1076 3484 1250 3540 homo
1283 3483 1625 3554 dijudicare,
1657 3487 1714 3538 et
1743 3483 1977 3555 proprio
2006 3483 2232 3553 judicio

586 3575 974 3630 condemnare
1007 3573 1162 3629 mala
1191 3590 1317 3640 sua,
1351 3578 1408 3628 et
1439 3573 1522 3628 sic
1556 3572 1801 3628 honoret
1831 3577 2111 3627 :cternum
2143 3589 2234 3627 re-

583 3679 716 3735 gem
740 3663 948 3718 Deum.

661 3772 687 3803 α
716 3751 800 3806 Tu
829 3752 1046 3824 parasti
1080 3751 1419 3806 dilectiones
1447 3751 1507 3805 in
1541 3749 1798 3822 populis.
1852 3769 1877 3800 ο
1934 3751 2044 3805 Sed
2099 3767 2232 3822 pro-

584 3841 710 3913 prio
732 3840 871 3895 vitio
904 3841 1197 3912 depravati
1231 3845 1388 3896 sunt.
1439 3863 1467 3888 «
1518 3839 1813 3895 Judicium
1847 3845 1904 3894 et
1935 3839 2232 3909 justitiam

582 3930 640 3984 in
673 3930 852 3986 Jacob
885 3934 947 3986 tu
981 3929 1188 3986 fecisti.
1225 3952 1253 3979 »
1292 3930 1416 3985 Non
1459 3929 1652 3985 solum
1702 3929 1760 3984 in
1814 3928 2162 4001 patriarchis
2216 3945 2229 3983 :

583 4020 685 4075 sed
717 4020 894 4075 etiam
927 4019 985 4074 in
1019 4019 1234 4092 populo
1266 4019 1615 4086 Christiano,
1643 4017 1744 4090 qui
1775 4017 1991 4073 meruit
2021 4017 2234 4089 primo-

583 4109 782 4180 genita
814 4109 1082 4166 senioris.

657 4220 684 4246 «
736 4197 993 4254 Exaltate
1041 4199 1357 4254 Dominum
1411 4198 1594 4253 Deum
1645 4201 1993 4252 nostrum.»
2033 4197 2105 4252 Ut
2158 4197 2234 4252 sit

583 4286 847 4343 excelsus
880 4288 937 4342 in
970 4288 1244 4344 cordibus
1285 4287 1515 4343 vestris.
1555 4312 1573 4335 ε
1612 4288 1677 4341 Et
1725 4287 1960 4342 adorato
2008 4286 2230 4342 scabel-

579 4376 703 4432 lum
739 4379 953 4450 pedum
985 4378 1134 4448 ejus,
1164 4377 1439 4448 quoniam
1473 4380 1741 4431 sanctum
1773 4381 1915 4430 est.»
1947 4374 2140 4430 Multae
2164 4376 2234 4430 de

583 4465 836 4521 scabello
867 4466 1175 4537 opiniones
1209 4469 1348 4520 sunt
1381 4483 1392 4520 :
1428 4467 1527 4520 sed
1563 4464 1656 4519 hic
1689 4464 1975 4536 Propheta
2023 4481 2233 4536 corpus

560 4547 955 4609 'Dominieum
986 4554 1148 4621 dicit,
1184 4555 1243 4609 in
1275 4571 1388 4626 quo
1421 4555 1701 4626 majestas
1733 4553 2058 4608 divinitatis
2106 4559 2232 4608 tan-

587 4656 766 4711 quam
817 4658 994 4712 super
1041 4641 1362 4697 scabellum
1413 4646 1548 4698 stat.
1599 4643 1878 4696 Sanctum
1911 4640 2065 4695 enim
2097 4657 2232 4696 eum

2418 3484 2704 3540 «Introite
2735 3485 2792 3538 in
2825 3490 3135 3557 conspectu
3167 3487 3295 3556 ejus
3325 3486 3383 3541 in
3416 3487 3993 3553 exsultatione.»Non

2336 3573 2489 3645 jocis
2541 3573 2814 3645 turpibus
2846 3573 3239 3630 dissolvimini
3274 3593 3286 3631 :
3321 3577 3421 3632 sed
3471 3576 3670 3633 omnia
3718 3594 3998 3649 quaecun-

2345 3680 2458 3734 que
2490 3663 2700 3733 Iacitis,
2730 3663 2787 3718 in
2822 3663 3069 3735 gloriam
3103 3665 3202 3720 Dei
3235 3665 3424 3720 facite.

2416 3775 2443 3801 ‹‹
2478 3751 2690 3808 Scitole
2715 3753 2997 3822 quoniam
3029 3754 3309 3809 Dominus
3351 3754 3475 3824 ipse
3515 3759 3608 3811 est
3641 3761 3789 3812 Deus
3823 3773 3839 3812 ε
3877 3757 3998 3828 ipse

2343 3841 2477 3896 fecit
2506 3857 2635 3908 nos,
2666 3845 2720 3895 et
2755 3857 2872 3895 non
2904 3841 3016 3912 ipsi
3048 3858 3207 3897 nos.»
3243 3843 3326 3896 Ab
3358 3858 3425 3897 eo
3457 3843 3612 3898 enim
3638 3861 3849 3901 sumus
3881 3861 3994 3900 non

2344 3929 2535 3986 solum
2568 3929 2946 4001 corporaliter
2985 3930 3145 3998 facti,
3193 3931 3294 3986 sed
3341 3931 3516 3986 etiam
3549 3932 3607 3986 in
3641 3951 3858 3991 novum
3892 3935 3993 3989 ho-

2343 4019 2561 4075 minem
2594 4019 2852 4075 recreati.
2887 4023 2954 4074 Et
2981 4019 3091 4076 hoc
3125 4037 3237 4076 non
3271 4026 3470 4076 nostro
3502 4023 3730 4091 merito,
3763 4025 3866 4080 sed
3894 4039 3998 4080 suo

2343 4109 2516 4164 dono.

2415 4223 2442 4250 ‹‹
2475 4200 2592 4254 Nos
2623 4198 2874 4272 populus
2904 4200 3054 4270 ejus,
3087 4204 3142 4254 et
3177 4216 3313 4256 oves
3363 4217 3591 4272 pascuze
3621 4201 3767 4272 ejus.
3803 4223 3831 4250 ››
3869 4203 3999 4274 Ipse

2342 4292 2432 4344 est
2483 4291 2681 4358 pastor
2730 4289 2942 4355 bonus,
2975 4287 3074 4360 qui
3108 4289 3368 4344 animam
3417 4306 3584 4345 suam
3634 4305 3737 4361 pro
3789 4290 3999 4347 ovibus

2344 4377 2468 4432 suis
2501 4377 2697 4448 posuit
2726 4379 2903 4445 (Joan.
2934 4394 2993 4456 _x,
3031 4379 3139 4446 ll).
3201 4379 3316 4434 Nos
3361 4383 3556 4434 autem
3601 4394 3809 4435 sumus
3841 4397 3996 4448 oves,

2345 4465 2446 4538 qui
2473 4483 2606 4521 eum
2639 4466 2964 4538 sequimur,
3015 4472 3071 4522 et
3109 4483 3306 4523 vocem
3339 4468 3469 4538 ejus
3499 4468 3852 4524 audivimus.
3904 4469 4000 4523 In-

2342 4557 2502 4611 troite
2543 4559 2730 4624 portas
2778 4557 2895 4626 ejus
2945 4558 3004 4610 in
3053 4559 3406 4628 confessione.
3459 4556 3624 4612 Sicut
3667 4557 3822 4612 enim
3874 4557 3995 4629 ipse

2344 4650 2516 4717 porta
2543 4649 2632 4700 est
2661 4645 2846 4700 Patris
2879 4661 3011 4700 cum
3045 4645 3185 4700 dicit
3217 4662 3230 4701 :
3266 4650 3374 4701 Per
3401 4662 3487 4700 me
3516 4646 3567 4701 si
3592 4648 3712 4717 quis
3758 4647 3996 4702 introie-

589 4728 704 4784 diei
734 4745 891 4822 sape
914 4731 1407 4822 docuimusQuod
1442 4735 1635 4787 autem
1669 4730 1898 4786 adorari
1929 4730 2230 4822 debeatur,
2266 4758 2311 4822 D
2345 4737 2419 4790 rit
2446 4734 2751 4789 salvabz‘tur
2780 4735 2938 4806 (Ibid.
2990 4735 3067 4806 9),
3125 4734 3206 4791 ita
3255 4739 3312 4790 et
3368 4734 3620 4807 apostoli
3649 4739 3828 4808 portae
3863 4737 4002 4792 sunt

587 4834 653 4874 eo
684 4819 1033 4873 ascendente
1082 4819 1329 4890 apostoli
1379 4821 1722 4891 docuerunt,
1755 4837 1889 4875 eum
1923 4821 2232 4876 adorantes

586 4908 837 4981 regressi
888 4911 1026 4963 sunt
1072 4908 1131 4962 in
1176 4908 1500 4965 Jerusalem
1533 4910 1670 4980 (Act.
1706 4929 1744 4978 ι,
1779 4913 1885 4981 12).
1923 4905 2032 4966 Sed
2067 4914 2122 4965 et
2160 4911 2231 4965 ad

585 5013 818 5053 crucem
867 4997 1252 5064 Dominicam,
1303 5002 1358 5052 et
1405 4998 1477 5052 ad
1526 4997 1783 5053 animam
1816 5003 2080 5054 sanctam
2113 4999 2235 5055 hzec

585 5088 890 5143 referenda
919 5092 1079 5143 sunt.

657 5201 684 5226 ‹‹
719 5178 947 5250 Moyses
976 5182 1032 5234 et
1061 5180 1248 5234 Aaron
1273 5177 1333 5232 in
1366 5176 1767 5232 sacerdotibus
1799 5179 1945 5248 ejus.
1982 5201 2008 5226 »
2043 5179 2234 5242 Quan-

584 5283 762 5339 quam
795 5284 951 5323 unus
981 5267 1146 5340 legis,
1180 5267 1325 5323 alter
1357 5265 1665 5323 sacerdotii
1700 5266 1960 5337 regulam
1993 5272 2186 5323 teneat
2221 5287 2232 5323 :

583 5361 779 5413 tamen
821 5362 1067 5429 uterque
1105 5359 1420 5414 adventum
1453 5356 1683 5412 Domini
1718 5357 2066 5412 sacerdotali
2099 5375 2239 5429 prae-

581 5447 770 5514 conio,
801 5447 889 5504 vel
921 5448 976 5501 in
1011 5447 1300 5519 legalibus
1329 5449 1508 5514 tubis,
1570 5447 1657 5501 vel
1710 5447 1765 5500 in
1824 5445 2237 5502 tintinnabulis

583 5536 890 5611 nuntiavit.
927 5561 954 5587 ‹‹
989 5538 1055 5592 Et
1086 5537 1320 5593 Samuel
1356 5537 1506 5592 inter
1534 5553 1632 5592 eos
1682 5537 1782 5608 qui
1835 5536 2104 5591 invocant
2134 5554 2238 5592 no-

517 5613 520 5616 ’
585 5639 720 5678 men
752 5627 899 5696 ejus.
940 5650 960 5677 η
999 5627 1235 5682 Samuel
1281 5627 1509 5682 Levitici
1558 5626 1783 5681 ordinis
1836 5625 2099 5697 regulam
2148 5631 2238 5682 te-

586 5715 730 5767 net:
769 5718 924 5786 quod
976 5717 1175 5789 Ephod
1227 5715 1371 5772 illud
1422 5715 1644 5772 lineum
1695 5721 1869 5787 atque
1918 5716 2239 5773 candidum

583 5799 858 5876 ﬁguravit
887 5804 935 5879 (I
954 5807 1090 5883 Reg.
1123 5823 1184 5880 ιι,
1220 5807 1305 5882 18)
1360 5824 1374 5872 ;
1420 5805 1737 5865 ostendens
1793 5804 2108 5867 candidum
2157 5807 2238 5865 ef-

2341 5540 2564 5612 jugiter
2593 5537 2778 5594 salvat
2835 5554 2846 5591 :

2343 4825 2470 4894 ejus
2501 4840 2603 4896 per
2633 4840 2782 4896 quas
2811 4823 2882 4879 ad
2915 4840 3050 4879 eum
3086 4825 3384 4880 acceditur
3439 4842 3451 4880 :
3503 4842 3650 4897 quas
3675 4841 3865 4881 .nemo
3899 4841 3996 4898 po-

2345 4917 2458 4968 test
2483 4907 2873 4984 ingredi,'nisi
2907 4928 2967 4967 se
3001 4917 3237 4984 peccata
3267 4914 3595 4970 confitendo
3640 4913 3998 4986 purgaverit.

2351 5021 2372 5050 ι
2404 5001 2565 5056 Atria
2595 5002 2722 5072 ejus
2751 5001 2809 5055 in
2842 5001 3078 5074 hymnis
3108 5001 3466 5057 confitemini
3499 5002 3601 5058 illi.
3648 5025 3676 5052 »
3719 5003 4000 5058 Dilatatas

2345 5091 2398 5145 ei
2448 5093 2672 5145 mentes
2729 5107 2862 5146 cum
2910 5091 3147 5163 hymnis
3203 5090 3613 5162 spiritualibus
3643 5091 4001 5164 canticisque
4108 5161 4114 5167 .

2347 5181 2581 5237 deferte.

2421 5294 2448 5320 «
2484 5270 2741 5326 Laudate
2772 5287 2984 5326 nomen
3018 5271 3167 5340 ejus,
3203 5270 3485 5342 quoniam
3517 5271 3712 5327 suavis
3759 5275 3849 5327 est
3896 5275 4002 5326 Do-

2349 5361 2566 5416 minus.
2607 5384 2631 5408 »
2662 5359 2814 5414 Nihil
2864 5359 3019 5414 enim
3070 5360 3343 5415 acerbum
3396 5361 3572 5416 habet
3608 5377 3620 5415 :
3655 5383 3682 5411 «
3729 5359 3788 5415 In
3843 5365 4004 5415 aster-

2349 5467 2491 5505 num
2553 5448 2950 5506 misericordia
2999 5449 3148 5520 ejus.
3207 5472 3234 5499 ››
3286 5450 3432 5516 Quia
3480 5467 3587 5506 nos
3640 5449 3911 5516 redemit,
3953 5451 4006 5503 et

2909 5559 2936 5586 «
2971 5538 3036 5592 Et
3083 5555 3273 5611 usque
3325 5540 3381 5593 in
3434 5540 3903 5613 generationem,
3954 5539 4008 5590 et

2350 5629 2781 5700 generationem
2839 5625 3074 5682 veritas.
3130 5651 3158 5677 »
3217 5631 3341 5693 Qua
3397 5628 3645 5702 populos
3683 5625 4005 5700 judicahit.

2351 5719 2459 5786 Qui
2491 5718 2658 5775 nobis
2688 5721 2962 5790 prastare
2991 5716 3286 5792 dignetur,
3320 5723 3385 5774 ut
3436 5718 3504 5774 ab
3553 5718 3683 5791 ipso
3734 5716 3900 5783 facti,
3933 5714 4006 5770 ab

2349 5811 2478 5885 ipso
2519 5805 2825 5882 redempti,
2859 5822 3191 5882 mereamur
3218 5811 3276 5866 et
3299 5808 3362 5866 in
3393 5807 3593 5868 laetitia
3640 5805 4009 5883 sempiterna
