4256 6614
317 495 472 556 1193

1538 495 2025 556 BlllCVIAHIUM
2085 497 2152 553 IN
2205 495 2584 552 PSALMOS.

3569 499 3723 556 Hii/1

307 629 568 701 jubilum
609 626 979 685 exultationis
1009 642 1140 682 cum
1164 630 1487 699 grattarum
1511 630 1740 684 actione
1761 628 1959 684 conci-
1989 629 2043 695 Α
2072 642 2274 682 cum.»
2329 627 2453 682 Non
2503 625 2648 681 dixit
2695 625 2922 695 divites,
2974 630 3078 682 aut
3145 626 3550 698 imperatores,
3625 636 3728 686 aut

317 733 472 775 nere.
509 717 625 790 Ipsi
655 714 840 790 gloria
863 732 996 771 cum
1019 720 1230 771 aeterno
1255 720 1420 771 Patre
1440 720 1495 772 et
1517 717 1736 789 Spiritu
1760 722 1962 773 sancto

319 807 379 861 in
410 806 620 863 sazcula
648 805 1017 862 saeculorum.
1050 807 1252 860 Amen.

921 910 1241 967 PSALMUS
1294 912 1356 966 C.

389 1002 770 1073 Psalmusripsi
799 1001 990 1073 David.
1028 1001 1138 1073 Iste
1156 999 1422 1073 psalmus
1452 1015 1651 1055 vocem
1700 1001 1964 1057 continet

495 1070 810 1146 prophetae,
841 1071 938 1127 Dei
969 1070 1403 1126 misericordias
1433 1073 1782 1126 enarrantis:

390 1184 418 1212 ‹‹
451 1161 906 1217 Misericordiam
939 1164 994 1214 et
1024 1159 1314 1230 judicium
1368 1159 1614 1214 cantabo
1663 1159 1790 1223 tibi,
1850 1159 1964 1216 Do-

320 1250 497 1306 mine.
527 1273 547 1298 ι
580 1248 1037 1305 Misericordiam
1071 1247 1310 1303 audiant
1341 1252 1670 1318 peccatores
1705 1247 1804 1320 qui
1860 1249 1963 1303 de—

319 1341 556 1410 sperant
586 1339 656 1394 de
685 1355 792 1393 sua
822 1335 1029 1400 salute,
1056 1337 1155 1408 qui
1180 1341 1320 1392 sunt
1344 1336 1402 1390 in
1427 1337 1783 1408 pcenitentia.
1807 1338 1965 1392 ludi-

319 1427 474 1482 cium
505 1426 749 1482 audiant
777 1429 1224 1497 contemptores,
1254 1425 1353 1496 qui
1380 1425 1611 1480 dicunt:
1637 1425 1966 1482 Misericors

320 1521 408 1571 est
437 1515 750 1572 Dominus:
787 1530 1116 1586 peccemus,
1147 1513 1477 1586 indulgebit
1508 1515 1698 1571 nobis.
1747 1538 1773 1563 ‹‹
1799 1515 1963 1570 Psal-

320 1606 437 1662 lam
468 1610 524 1660 et
551 1603 873 1676 intelligam
905 1603 964 1658 in
995 1603 1090 1659 via
1119 1602 1516 1658 immaculata.
1545 1627 1566 1655 ι
1598 1603 1968 1675 Utintelligat

321 1694 454 1766 quis
486 1694 640 1764 quod
673 1691 895 1764 psallit,
945 1695 1003 1746 et
1042 1709 1251 1747 sensus
1301 1691 1491 1764 ipsius
1539 1693 1969 1764 contempletur

321 1782 640 1855 psalmum,
690 1785 755 1836 ut
806 1797 921 1835 non
969 1787 1211 1851 vagetur
1260 1796 1424 1835 mens
1479 1781 1606 1850 ejus
1674 1782 1853 1847 foras,
1912 1785 1968 1836 et

322 1887 558 1944 corpore
607 1870 846 1941 quidem
893 1869 1161 1924 videatur
1205 1868 1473 1939 psallere,
1541 1885 1706 1923 mens
1772 1873 1966 1924 autem

322 1961 448 2015 sine
479 1960 673 2015 fructu
706 1959 801 2014 sit.
856 1980 876 2007 α
915 1959 975 2012 ln
1025 1957 1117 2013 via
1165 1957 1563 2026 immaculata,
1603 1980 1630 2007 »
1666 1963 1731 2013 ut
1759 1959 1967 2014 ambu-

325 2048 525 2104 lansin
557 2047 664 2103 hoc
713 2047 935 2102 mundo
955 2047 1115 2117 juste
1169 2061 1362 2117 agam,
1412 2051 1468 2102 et
1509 2045 1804 2102 maculam
1856 2063 1971 2102 non

326 2138 596 2194 habeam.

397 2250 425 2277 «
459 2227 700 2292 Quando
755 2225 952 2282 venies
1010 2225 1080 2279 ad
1140 2241 1253 2280 me.
1285 2248 1312 2274 »
1337 2225 1578 2288 Quando
1640 2229 1833 2281 autem
1883 2225 1970 2281 in-

325 2315 627 2371 tellectum
653 2331 942 2386 recepero,
975 2319 1034 2369 et
1055 2315 1216 2384 juste
1247 2330 1452 2386 egero:
1479 2318 1620 2370 tunc
1653 2331 1788 2370 cum
1821 2315 1973 2370 fidu-

326 2405 417 2460 cia
445 2405 578 2460 dico
607 2405 678 2459 ad
715 2404 1056 2458 Dominum:
1100 2426 1128 2454 «
1163 2403 1404 2468 Quando
1463 2402 1658 2459 venies
1709 2404 1780 2458 ad
1833 2403 1972 2459 me?

330 2495 517 2549 Venias
547 2497 764 2560 autem,
792 2493 864 2548 de
893 2492 1150 2548 secundo
1201 2494 1330 2563 ejus
1387 2494 1636 2549 adventu
1690 2493 1974 2564 accipien-

327 2583 470 2638 dum
501 2585 608 2638 est.

398 2694 424 2721 ‹‹
457 2669 944 2726 Perambulabam
987 2669 1046 2723 in
1085 2669 1421 2725 innocentia
1467 2671 1658 2726 cordis
1708 2671 1860 2727 mei:
1912 2671 1971 2726 in

327 2759 519 2815 medio
555 2760 766 2814 domus
790 2775 949 2814 mea}.
986 2779 1014 2808 »
1049 2757 1204 2813 Nihil
1235 2759 1318 2813 sic
1349 2758 1538 2830 placet
1565 2758 1702 2830 Deo,
1734 2763 1799 2814 ut
1829 2761 1974 2816 sim-

327 2848 558 2922 plicitas
587 2852 644 2903 et
673 2848 1024 2903 innocentia.
1059 2847 1320 2919 Denique
1351 2847 1602 2920 Spiritus
1634 2851 1872 2905 sanctus
1911 2848 1970 2904 in

328 2938 460 2993 aliis
490 2936 828 2992 volatilibus
861 2953 974 2991 non
1008 2935 1363 3008 complacuit
1402 2936 1517 2992 nisi
1569 2937 1627 2992 in
1678 2937 1970 3009 columba,

329 3030 564 3100 propter
589 3025 1053 3098 simplicitatem,
1084 3029 1142 3081 et
1169 3025 1230 3081 in
1261 3025 1744 3098 quadrupedibus
1765 3027 1823 3082 in
1849 3043 1972 3095 ove,

331 3121 568 3188 propter
598 3115 1139 3171 mansuetudinem.

402 3228 430 3256 «
475 3205 599 3262 Non
631 3205 1029 3276 proponebam
1060 3209 1194 3259 ante
1225 3202 1425 3259 oculos
1457 3219 1618 3259 meos
1669 3222 1792 3260 rem
1825 3205 1976 3276 inju-

333 3298 504 3370 stam.
534 3314 556 3343 ι
591 3293 717 3348 Non
748 3293 1170 3364 anteponebam
1202 3292 1424 3365 aliquid
1472 3294 1736 3362 Domino,
1786 3310 1974 3365 neque

2073 717 2400 787 episcopos,
2435 719 2536 769 aut
2564 715 2950 786 presbyteros,
2985 719 3089 770 aut
3112 715 3410 782 diaconos,
3446 718 3544 772 sed
3579 717 3724 773 fide-

2073 805 2193 860 les:
2258 821 2390 859 cum
2463 804 2592 859 istis
2642 804 2939 860 sedebam.
3000 808 3199 860 Potest
3250 804 3361 860 hoc
3416 807 3626 874 dicere,
3668 811 3730 864 et

2073 892 2382 965 episcopus
2431 897 2670 949 sanctus
2725 892 2812 947 vir
2859 894 3137 964 quoniam
3186 911 3301 949 non
3382 895 3731 951 ordinabam

2071 983 2472 1054 presbyterum
2536 981 2702 1036 illum
2752 981 2850 1053 qui
2913 981 3055 1036 mihi
3107 983 3557 1054 obsequebatur,
3613 988 3717 1039 aut

2073 1070 2465 1141 propinquum
2501 1087 2717 1139 meum,
2752 1070 2852 1125 sed
2883 1087 3017 1126 eum
3068 1087 3242 1142 quem
3289 1072 3549 1127 sciebam
3581 1073 3720 1128 fide-

2071 1157 2209 1214 lem.
2272 1159 2337 1213 Et
2394 1157 2608 1214 iterum
2677 1159 2831 1214 idem
2892 1164 3084 1230 potest
3139 1161 3365 1216 dicere:
3438 1161 3727 1226 Quoniam

2073 1263 2277 1303 omnes
2309 1246 2549 1302 clericos
2601 1263 2786 1315 meos,
2831 1252 2888 1302 et
2934 1248 3113 1304 laicos
3166 1249 3369 1305 ﬁdeles
3413 1249 3724 1306 habebam.

2072 1335 2267 1391 Potest
2321 1353 2390 1392 ex
2448 1352 2698 1409 persona
2756 1337 2984 1392 Domini
3043 1337 3156 1392 dici
3208 1337 3318 1392 iste
3370 1338 3717 1395 versiculus.

2075 1449 2101 1474 ‹‹
2138 1424 2459 1480 Ambulans
2494 1427 2553 1480 in
2602 1426 2696 1480 via
2752 1425 3150 1496 immaculata,
3210 1425 3301 1480 hic
3356 1427 3501 1481 mihi
3553 1427 3726 1482 mini-

2075 1514 2322 1569 strabat.
2356 1535 2382 1562 »
2414 1514 2700 1577 Quoniam
2751 1531 2865 1569 non
2900 1514 3240 1570 ordinabam
3274 1531 3371 1570 eos
3431 1515 3530 1587 qui
3581 1515 3724 1571 mihi

2075 1602 2386 1674 propinqui
2420 1607 2604 1669 erant,
2640 1603 2739 1658 sed
2763 1604 2958 1674 justos
2990 1608 3046 1658 et
3079 1603 3297 1659 fideles.

2146 1714 2173 1740 ‹‹
2207 1691 2314 1754 Qui
2349 1691 2608 1762 loquitur
2639 1691 2860 1763 iniqua,
2895 1709 3009 1746 non
3045 1692 3253 1747 direxit
3304 1693 3362 1747 in
3405 1697 3720 1764 conspectu

2076 1780 2378 1835 oculorum
2426 1797 2710 1836 meorum.
2740 1803 2764 1829 ν
2803 1783 3098 1836 Intantum
3153 1781 3310 1837 enim
3362 1781 3725 1838 declinabam

2077 1869 2149 1925 ab
2181 1886 2246 1924 eo
2277 1870 2374 1940 qui
2408 1870 2751 1925 detrahebat
2781 1869 3044 1942 proximo
3077 1887 3204 1941 suo,
3238 1876 3303 1926 ut
3353 1888 3457 1926 nec
3500 1870 3582 1926 illi
3615 1888 3734 1927 cre-

2079 1958 2298 2029 derem,
2333 1974 2437 2012 nec
2469 1958 2734 2015 audirem
2764 1958 2964 2014 talem.

2157 2048 2275 2102 «In
2335 2047 2625 2103 matutino
2677 2047 3095 2104 interficiebam
3145 2064 3349 2104 omnes
3398 2052 3731 2120 peccatores

2082 2139 2271 2192 terrae.
2299 2158 2326 2185 ››
2359 2138 2505 2191 Bene
2573 2136 2736 2202 dixit,
2787 2157 2814 2185 ‹‹
2845 2136 3178 2193 Peccatores
3217 2141 3404 2192 terra).
3434 2160 3460 2185 »
3529 2141 3730 2194 Pecca-

2080 2228 2237 2279 tores
2268 2224 2423 2279 enim
2456 2226 2668 2279 terreni
2727 2229 2885 2280 sunt.
2954 2229 3073 2281 Hoc
3127 2225 3252 2280 vult
3306 2226 3520 2294 dicere,
3570 2227 3727 2298 quod

2082 2311 2474 2368 immissiones
2505 2312 2718 2368 diaboli
2754 2329 2902 2385 quas
2933 2313 3079 2368 mihi
3111 2315 3484 2387 suggerebat,
3528 2315 3726 2386 ejicie-

2083 2402 2216 2456 bam
2248 2402 2319 2456 de
2350 2402 2522 2457 corde
2566 2418 2714 2472 meo,
2756 2407 2812 2458 et
2861 2420 2974 2458 non
3025 2403 3440 2475 suscipiebam.
3497 2403 3728 2477 Cogita-

2083 2489 2343 2545 tionibus
2374 2491 2530 2545 enim
2562 2490 2734 2546 malis
2763 2491 2982 2562 ejectis,
3015 2492 3310 2547 daemones
3359 2492 3726 2548 occiduntur.

2080 2577 2269 2634 Judaei
2293 2578 2450 2633 hunc
2481 2595 2713 2634 versum
2747 2580 3072 2650 audientes,
3106 2587 3162 2636 et
3210 2585 3523 2651 sequentes
3573 2581 3730 2638 litte-

2083 2683 2207 2722 ram
2241 2667 2624 2734 occidentem,
2654 2672 2710 2722 et
2759 2668 3158 2725 desiderantes
3199 2669 3551 2740 sanguinem
3593 2671 3726 2725 fun-

2082 2755 2237 2823 dere,
2273 2755 2320 2809 si
2354 2755 2486 2826 quis
2515 2755 2928 2826 praevaricatus
2986 2757 3159 2812 fuerit
3207 2758 3278 2812 de
3310 2757 3456 2830 lege,
3508 2758 3730 2813 interfi-

2083 2844 2244 2899 ciunt
2268 2860 2422 2899 eum.
2458 2844 2758 2916 Siquidem
2809 2862 2925 2900 non
2958 2850 3096 2900 sunt
3138 2846 3392 2901 contenti
3443 2846 3732 2924 occisione

2083 2933 2530 3005 prOphetarum:
2575 2933 2675 2988 sed
2734 2938 2789 2989 et
2837 2934 3031 3006 ipsum
3081 2934 3394 2990 Dominum
3441 2935 3736 2991 crucifixe-

2083 3026 2238 3076 runt.
2270 3044 2297 3071 «
2331 3021 2402 3076 Ut
2430 3022 2826 3093 disperderem
2859 3023 2928 3078 de
2970 3023 3200 3079 civitate
3252 3023 3483 3080 Domini
3529 3041 3732 3081 omnes

2085 3110 2184 3182 qui
2208 3110 2962 3183 operanturiniquitatem.»
2989 3112 3221 3168 Utinam
3238 3117 3294 3168 et
3312 3130 3417 3169 nos
3439 3114 3736 3186 disperda-

2085 3217 2219 3256 mus
2240 3201 2310 3255 de
2341 3200 2570 3256 civitate
2584 3200 2814 3256 Domini
2837 3207 3143 3273 operantes
3170 3202 3561 3274 iniquitatem.
3586 3202 3735 3259 Civi-

2083 3293 2171 3344 tas
2187 3288 2418 3342 Domini
2441 3293 2530 3344 est
2544 3287 2794 3345 Ecclesia
2807 3293 3138 3344 sanctorum
3151 3291 3735 3362 ,congregatiojusto-

333 3381 772 3438 consentiebam
805 3380 1097 3452 iniquitati
1122 3398 1134 3448 ;
1159 3381 1260 3435 sed
1292 3385 1450 3436 totus
1473 3381 1545 3437 ad
1577 3381 1762 3437 Deum
1794 3397 1973 3436 eram.
2010 3373 2052 3440 C
2092 3393 2243 3431 rum.
2277 3376 2644 3448 Disperdam,
2677 3377 2783 3432 hoc
2813 3381 2921 3443 est,
2957 3395 3222 3450 arguam,
3251 3378 3546 3451 increpem
3594 3396 3730 3435 eum

409 3493 437 3522 ‹(
467 3470 766 3526 Facientes
796 3468 1327 3540 praevaricationem
1381 3469 1553 3526 odivi.
1583 3492 1609 3518 »
1643 3470 1771 3525 Sive
1817 3474 1982 3542 pater

337 3577 504 3617 meus
562 3563 706 3629 erat,
766 3558 885 3615 sive
932 3561 1138 3626 mater,
1199 3557 1318 3614 sive
1378 3559 1574 3627 frater,
1634 3563 1736 3615 aut
1793 3576 1977 3626 soror,

335 3648 726 3719 sive'amicus,
757 3652 955 3704 tamen
997 3646 1047 3703 si
1088 3645 1440 3703 declinasset
1465 3666 1498 3703 a
1534 3647 1744 3704 timore
1791 3649 1982 3704 Domi-

338 3740 440 3800 ni;
471 3739 628 3793 hunc
659 3737 791 3793 odio
822 3736 1132 3808 habebam,
1174 3741 1231 3792 et
1277 3738 1516 3793 omnino
1563 3739 1634 3793 ad
1687 3735 1822 3793 eu'm
1865 3755 1979 3794 non

337 3827 710 3884 accedebam.
739 3826 865 3882 Non
896 3826 1324 3898 anteponebam
1357 3826 1853 3898 propinquitatem
1880 3833 1985 3882 aut

341 3915 663 3974 amicitiam
693 3915 891 3989 pietati
923 3914 1176 3971 Domini.

413 4005 593 4061 «Non
632 4004 877 4060 adhaesit
907 4004 1051 4060 mihi
1081 4020 1181 4061 cor
1227 4021 1490 4077 pravum.
1517 4028 1544 4055 »
1578 4005 1702 4060 Non
1754 4009 1876 4061 erat
1923 4005 1982 4062 in

340 4110 434 4150 me
463 4093 681 4166 aliquid
735 4092 991 4159 difficile,
1041 4097 1143 4148 aut
1190 4109 1526 4164 perversum
1573 4093 1834 4166 aliquid:
1885 4094 1982 4150 sed

341 4181 588 4252 aequitas
619 4184 678 4234 et
696 4178 948 4249 justitia.
983 4201 1012 4230 ‹‹
1042 4179 1440 4236 Declinantem
1471 4198 1506 4236 a
1536 4197 1628 4236 me
1659 4180 1984 4254 malignum

342 4285 458 4325 non
488 4269 931 4341 cognoscebam.
954 4289 983 4317 »
1011 4271 1129 4323 Hoc
1160 4271 1270 4335 est,
1321 4269 1367 4324 si
1395 4274 1518 4325 erat
1567 4269 1712 4325 mihi
1761 4270 1986 4327 amicus

343 4361 445 4413 aut
475 4356 796 4429 proximus,
829 4356 948 4411 sive
976 4355 1290 4428 episcopus
1338 4362 1440 4413 aut
1488 4360 1810 4431 presbyter,
1866 4361 1986 4416 sive

339 4447 402 4502 in
435 4459 783 4519 quacunque
814 4443 1095 4516 dignitate
1124 4445 1480 4501 constitutus
1508 4463 1520 4500 :
1554 4451 1752 4504 tamen
1777 4447 1825 4504 si
1863 4465 1988 4520 per-

341 4535 604 4591 vertebat
620 4534 744 4590 vias
775 4549 935 4599 suas,
967 4533 1051 4588 sic
1081 4549 1216 4588 eum
1265 4533 1583 4605 fugiebam,
1642 4541 1708 4592 ut
1753 4537 1986 4609 penitus

343 4625 472 4696 ejus
502 4623 844 4680 memoriam
876 4639 991 4678 non
1025 4622 1292 4678 facerem.

2089 3464 2188 3536 qui
2245 3468 2462 3536 peccat,
2524 3469 2589 3519 ut
2636 3465 3035 3536 paenitentiam
3081 3471 3234 3538 agat,
3304 3471 3362 3522 et
3434 3468 3736 3539 disperdat

2089 3552 2454 3624 iniquitatem
2489 3554 2558 3608 de
2589 3555 2760 3609 corde
2777 3571 2904 3611 suo.
2934 3555 3062 3610 Non
3094 3555 3250 3610 enim
3291 3555 3457 3624 dixit,
3520 3562 3583 3611 ut
3630 3557 3734 3612 ab-

2081 3640 2339 3714 jiciatur,
2373 3643 2474 3698 sed
2508 3645 2575 3697 ut
2604 3641 2879 3698 salvetur.

2687 3731 3018 3788 PSALMUS
3059 3733 3144 3787 CI.

2093 3820 2583 3896 Oratiapouperia
2608 3836 2730 3875 cum
2759 3823 3116 3896 anxiaretuf,
3148 3827 3201 3878 et
3243 3825 3304 3879 in
3323 3833 3609 3896 conspectu
3638 3825 3744 3880 Do-

2164 3892 2305 3967 mini
2334 3891 2587 3960 funderet
2608 3909 2823 3967 precem
2849 3891 3176 3967 suam.‘lste
3205 3891 3476 3964 psalmus
3498 3898 3555 3950 in
3580 3897 3742 3967 prin-

2165 3962 2314 4046 cipio
2338 3979 2546 4046 vqcem_
2569 3962 2861 4045 prophetae
2891 3962 3243 4046 continetek
3267 3982 3522 4046 persona
3539 3962 3745 4046 pecca-

2163 4033 2343 4160 toris;
2379 4035 2510 4089 dein
2533 4033 2750 4091 laus—in
2785 4052 2852 4090 ea
2890 4034 3177 4090 Dominici
3199 4033 3455 4092 nominis
3486 4033 3746 4093 contine-

2194 4123 2282 4160 ur.

2194 4123 2282 4160 ΠΡ.

2166 4216 2192 4242 ‹‹
2227 4191 2472 4247 Domine
2512 4192 2717 4247 exaudi
2768 4193 3092 4249 orationem
3139 4210 3358 4268 meam,
3390 4218 3417 4246 »
3449 4200 3558 4253 etc.
3603 4197 3748 4264 Quia

2094 4282 2164 4337 de
2194 4285 2313 4336 toto
2338 4281 2507 4336 corde
2538 4281 2850 4354 profertur.

2168 4393 2194 4420 ‹‹
2228 4369 2352 4426 Non
2386 4375 2612 4426 avertas
2639 4370 2846 4426 faciem
2899 4375 3065 4427 tuam
3098 4389 3131 4428 a
3160 4389 3271 4429 me.
3300 4395 3326 4422 ››
3381 4374 3440 4429 Si
3499 4375 3632 4446 quis
3679 4374 3739 4429 in

2095 4459 2266 4514 corde
2307 4459 2527 4514 mundo
2558 4463 2702 4525 orat,
2735 4466 2792 4515 et
2814 4477 2928 4516 non
2963 4462 3228 4533 arguitur
3271 4479 3379 4518 sua
3436 4464 3743 4518 conscien-

2095 4545 2212 4601 tia:
2243 4545 2351 4600 hoc
2382 4551 2572 4616 potest
2601 4546 2824 4602 dicere:
2877 4551 3152 4604 Peccator
3204 4551 3360 4604 enim
3412 4567 3525 4605 non
3567 4551 3745 4607 audet

2097 4635 2325 4690 dicere:
2382 4656 2409 4684 «
2439 4635 2564 4690 Non
2615 4639 2840 4690 avertas
2899 4634 3103 4692 faciem
3163 4642 3323 4694 tuam
3360 4657 3394 4695 a
3425 4656 3588 4712 me,»
3637 4641 3740 4698 sed

418 4737 446 4764 ‹‹
484 4712 890 4768 Detrahentem
950 4710 1211 4784 proximo
1277 4728 1404 4782 suo,
1463 4713 1618 4768 hunc
1675 4730 1987 4786 perseque-
2021 4741 2066 4807 Ι)
2100 4723 2288 4795 magis
2317 4722 2491 4778 dicit:
2526 4727 2733 4778 Averte
2765 4723 2971 4780 faciem
3011 4729 3175 4782 tuam
3207 4745 3239 4783 a
3270 4710 3529 4800 peccatis
3574 4731 3744 4788 meis.

347 4803 472 4858 bar.
501 4824 529 4851 »
564 4801 864 4857 Intantum
895 4817 1010 4857 non
1035 4804 1262 4874 oportet
1289 4801 1615 4858 consentire
1641 4803 1989 4861 detrahenti.

349 4895 415 4947 ut
434 4891 610 4948 etiam
642 4895 928 4962 quantum
955 4890 1014 4945 in
1046 4891 1215 4946 nobis
1243 4895 1332 4946 est
1353 4907 1776 4963 persequamur
1795 4893 1995 4961 talem,

349 4981 716 5054 providentes
746 4979 806 5036 in
835 4985 1083 5052 utroque
1113 4978 1446 5049 utilitatem,
1492 4984 1557 5036 ut
1599 4999 1703 5039 nec
1749 4982 2000 5040 libenter

351 5071 689 5137 audiamus,
722 5086 825 5125 nec
858 5068 1026 5125 illum
1058 5068 1470 5141 permittamus
1501 5086 1760 5141 peccare.
1813 5073 2000 5130 Tanta

350 5159 507 5216 enim
538 5157 821 5214 distantia
876 5162 965 5214 est
1019 5159 1173 5215 inter
1228 5157 1634 5226 fornicantem,
1696 5166 1750 5216 et
1801 5163 1998 5219 detra-

351 5248 590 5304 hentem
614 5264 628 5303 :
653 5251 717 5302 ut
747 5245 844 5302 ille
869 5246 970 5318 qui
995 5247 1332 5316 fornicatur,
1367 5264 1429 5303 se
1458 5252 1692 5304 tantum
1733 5250 1993 5306 occidat:

355 5336 453 5392 ille
483 5341 682 5392 autem
714 5336 813 5409 qui
845 5335 1123 5405 detrahit,
1156 5339 1212 5393 et
1242 5353 1303 5393 se
1351 5341 1408 5392 et
1465 5335 1631 5393 illum
1690 5339 1798 5410 qui,
1836 5340 1998 5395 audit

356 5426 679 5499 demerget.

426 5539 448 5567 α
483 5516 742 5588 Superbo
775 5515 963 5583 oculo,
995 5519 1053 5572 et
1090 5515 1412 5572 insatiabili
1464 5517 1654 5585 corde,
1707 5533 1839 5573 cum
1887 5511 1994 5576 hoc

350 5621 465 5662 non
498 5605 762 5660 edebam.
800 5628 828 5655 »
860 5604 920 5660 Si
946 5605 1080 5677 quis
1119 5609 1244 5661 erat
1274 5606 1564 5678 superbus
1612 5611 1714 5663 aut
1761 5625 1993 5680 avarus,

352 5711 487 5754 cum
518 5694 628 5750 hoc
659 5695 894 5767 penitus
924 5710 1040 5750 non
1070 5695 1333 5752 edebam.

425 5808 454 5837 ‹‹
487 5783 652 5842 Oculi
684 5785 797 5840 mei
829 5799 1008 5858 super
1034 5783 1236 5840 fideles
1257 5787 1444 5856 terrae,
1479 5789 1544 5843 ut
1590 5787 1829 5845 sedeant
1873 5805 1994 5847 me-

672 5910 937 5975 Pa'ruon.
983 5912 1205 5978 XXVI.

2105 4811 2230 4866 «In
2258 4828 2605 4883 quacunque
2652 4812 2746 4868 die
2793 4813 3070 4883 tribulor,
3114 4815 3333 4873 inclina
3387 4819 3457 4875 ad
3510 4836 3602 4878 me
3655 4837 3753 4876 au-

2107 4917 2229 4956 rem
2253 4904 2411 4954 tuam
2441 4918 2453 4955 :
2481 4902 2541 4955 In
2576 4917 2927 4975 quacunque
2959 4904 3050 4960 die
3091 4905 3430 4963 invocavero
3479 4913 3552 4976 te,
3599 4909 3757 4964 velo-

2107 4989 2249 5044 citer
2278 4988 2486 5044 exaudi
2518 5005 2629 5044 me.
2659 5012 2684 5038 η
2717 4990 2826 5046 Pro
2857 4994 3246 5064 przesentibus
3277 4996 3571 5066 pressuris
3605 5001 3752 5066 orat,

2106 5082 2172 5132 ut
2202 5077 2383 5134 abhis
2409 5078 2901 5151 contemplatione
2933 5082 3130 5137 divina
3159 5082 3462 5154 eripiatur.

2179 5191 2206 5218 ‹‹
2240 5167 2386 5233 Quia
2407 5168 2745 5224 defecerunt
2776 5171 2929 5224 sicut
2953 5171 3149 5225 fumus
3183 5171 3305 5227 dies
3338 5172 3472 5226 mei.
3503 5195 3528 5220 n
3576 5176 3658 5228 Ac
3705 5174 3756 5229 si

2108 5255 2290 5312 dicat.
2326 5256 2657 5312 Infantulus
2691 5257 2795 5324 fui,
2827 5262 2883 5312 et
2913 5258 3052 5312 dum
3090 5259 3305 5330 nescio,
3330 5261 3458 5315 veni
3509 5261 3568 5316 in
3591 5262 3755 5333 juve-

2107 5343 2285 5401 nilem
2317 5349 2566 5417 aetatem,
2602 5350 2658 5401 et
2688 5346 2899 5401 iterum
2932 5346 2991 5401 in
3022 5348 3337 5418 perfectam
3397 5353 3647 5420 atatem,
3694 5354 3751 5406 et

2106 5435 2247 5490 dum
2280 5435 2496 5500 nescio,
2555 5434 2742 5490 senui.
2784 5456 2811 5484 ‹‹
2846 5435 2910 5490 Et
2960 5436 3295 5492 defecerunt
3337 5437 3492 5493 sicut
3549 5440 3746 5495 fumus

2105 5524 2230 5580 dies
2260 5525 2396 5580 mei.
2424 5547 2450 5574 ››
2481 5522 2727 5587 Quidam
2761 5528 2955 5580 autem
2988 5531 3198 5597 putant
3230 5542 3290 5582 se
3349 5543 3478 5584 esse
3524 5530 3744 5602 sempi-

2103 5618 2323 5680 ternos,
2355 5619 2412 5669 et
2461 5617 2830 5686 perseverant
2876 5613 2935 5668 in
2987 5631 3093 5670 suo
3146 5621 3403 5688 peccato.
3442 5641 3470 5669 ‹‹
3503 5622 3570 5675 Et
3612 5637 3747 5676 ossa

2105 5718 2236 5758 mea
2266 5705 2417 5759 sicut
2447 5702 2729 5757 cremium
2760 5708 3059 5760 aruerunt.
3088 5727 3115 5753 »
3165 5709 3310 5761 Ossa
3368 5708 3509 5764 dicit
3557 5709 3747 5783 ipsam

2103 5792 2530 5850 fortitudinem.
2596 5791 2655 5847 Si
2704 5807 2838 5864 ergo
2869 5794 3024 5866 quod
3075 5795 3250 5854 estin
3295 5813 3390 5856 me
3421 5799 3586 5873 forte,
3640 5801 3750 5858 hoc

3361 5926 3438 5988 38
