4256 6602
586 440 737 499 1193

2076 433 2491 491 ΑΡΡΙῦΝΠΙΧ.

3833 435 3990 493 “96

584 569 754 639 aruit,
787 568 1166 624 etinﬁrmum
1190 567 1410 621 factum
1440 570 1559 621 est:
1594 570 1813 638 quanto
1854 562 2041 635 magis
2100 580 2223 635 quae
2254 566 2304 630 Α
2339 576 2474 636 ergo
2497 564 2596 636 qui
2628 565 2746 636 agit
2772 565 3173 637 pcenitentiam
3202 582 3215 620 :
3249 566 3528 636 quoniam
3565 563 3722 620 venit
3750 569 3987 637 tempus

582 675 686 731 per
706 661 977 714 naturam
1011 656 1247 711 inﬁrma
1277 658 1365 709 est
1394 655 1570 709 caro?

656 771 683 798 ‹‹
711 746 1033 803 Percussus
1063 760 1195 800 sum
1219 747 1282 799 ut
1313 742 1536 812 fenum,
1557 747 1612 799 et
1643 744 1796 798 aruit
1827 760 1925 799 cor
1950 758 2168 798 meum.
2197 765 2223 791 »

581 836 741 893 Sicut
776 840 833 892 et
862 833 1003 891 alibi
1057 833 1340 906 scriptum
1399 836 1518 887 est:
1582 831 1765 886 Homo
1823 833 1977 887 sicut
2025 832 2226 887 fenum

583 926 709 983 dies
739 925 889 997 ejus.
921 923 1015 979 Sic
1057 923 1213 980 enim
1263 922 1384 977 vita
1431 920 1736 976 hominum
1790 920 1955 989 viret,
2010 925 2065 975 et
2113 920 2225 976 cito

584 1013 817 1072 arescit.
863 1036 893 1063 ‹‹
926 1013 1073 1080 Quia
1127 1011 1345 1067 oblitus
1400 1027 1531 1066 sum
1593 1009 1947 1064 manducare
2015 1024 2224 1080 panem

584 1119 855 1160 meum.»
906 1102 1031 1158 Non
1084 1101 1247 1172 dixit,
1306 1116 1421 1155 non
1481 1096 1805 1154 desideravi
1848 1096 2225 1165 manducare,

584 1196 687 1249 aut
718 1190 1040 1263 contempsi
1091 1189 1465 1245 manducare.
1529 1188 1827 1242 Intantum
1878 1184 2023 1241 mihi
2072 1183 2228 1239 venit

584 1279 867 1337 memoria
898 1281 1267 1351 peccatorum
1302 1290 1588 1344 meorum,
1626 1279 1682 1331 et
1712 1273 1889 1330 talem
1937 1273 2227 1345 poeniten-

583 1370 727 1426 tiam
750 1368 862 1442 egi,
893 1372 959 1423 ut
986 1366 1162 1423 etiam
1216 1364 1587 1422 obliviscerer
1633 1365 2021 1419 manducare:
2072 1362 2225 1417 desi-

581 1458 809 1516 derium
842 1457 942 1513 Dei
972 1456 1217 1523 habens,
1248 1458 1306 1511 et
1334 1454 1525 1528 ipsum
1550 1452 1742 1509 solum
1771 1452 2168 1507 cansiderans.

656 1569 685 1598 «
715 1552 759 1602 A
792 1562 930 1603 voce
960 1545 1194 1619 genitus
1243 1543 1358 1600 mei
1385 1560 1397 1599 :
1452 1541 1698 1597 adhaesit
1728 1559 1794 1597 os
1824 1557 2019 1596 meum
2064 1538 2224 1595 carni

583 1651 746 1692 meae.
772 1658 800 1686 »
838 1635 1074 1692 Discant
1104 1634 1202 1706 qui
1235 1636 1417 1705 agunt
1466 1630 1892 1704 pcenitentiam,
1935 1629 2226 1700 quomodo

582 1724 832 1783 debeant
880 1740 1050 1796 agere
1107 1720 1531 1795 paenitentiam.
1587 1719 1672 1774 Ita
1728 1719 1884 1773 enim
1944 1718 2224 1773 exsiccavi

582 1813 997 1885 memetipsum
1030 1817 1095 1867 ut
1124 1812 1249 1866 sine
1290 1826 1462 1865 carne
1492 1824 1705 1873 essem,
1751 1812 1807 1862 et
1852 1806 2033 1878 pelles
2087 1822 2223 1860 meae

532 1962 542 1979 θ
583 1901 939 1959 cohaererent
963 1901 1197 1956 ossibus
1235 1898 1401 1955 meis.
1434 1901 1677 1953 Carnem
1728 1913 1831 1968 pro
1881 1895 2028 1967 pelle
2059 1895 2223 1949 dixit.
2259 1934 2305 1997 Β

657 2015 685 2043 ‹‹
712 1991 937 2048 Similis
960 1990 1149 2046 factus
1178 2005 1310 2045 sum
1348 1988 1607 2059 pelicano
1634 1985 1990 2042 solitudinis.
2021 2007 2047 2035 »
2104 1985 2227 2039 Duo

585 2097 800 2154 genera
830 2080 1108 2136 dicuntur
1136 2095 1265 2134 esse
1296 2077 1505 2132 horum
1538 2075 1882 2131 volatilium.
1933 2074 2124 2128 Unum
2169 2073 2225 2127 in

587 2169 759 2243 aquis
787 2174 896 2237 est,
927 2173 984 2225 et
1012 2185 1146 2224 esca
1200 2168 1329 2238 ejus
1379 2166 1568 2238 pisces
1628 2167 1808 2219 sunt?
1857 2168 1912 2218 et
1942 2180 2124 2217 unum
2169 2164 2224 2216 in

587 2259 923 2331 solitudine,
955 2264 1012 2314 et
1061 2274 1196 2313 esca
1241 2256 1370 2327 ejus
1418 2258 1701 2311 venenata
1759 2252 2057 2323 animalia,
2120 2252 2225 2307 hoc

586 2352 698 2421 est,
730 2352 1052 2421 serpentes,
1082 2351 1139 2402 et
1176 2344 1471 2409 crocodili,
1531 2347 1588 2398 et
1636 2342 1883 2397 lacertze.
1948 2343 2229 2397 Dicuntur

585 2442 784 2494 autem
815 2436 930 2493 ista
965 2433 1248 2491 volatillia
1305 2434 1509 2489 Latine
1563 2432 1876 2489 onocrotali.
1944 2430 2027 2485 Illi
2089 2447 2225 2502 ergo

582 2525 799 2582 similis
831 2525 1019 2582 factus
1064 2540 1197 2580 sum
1230 2522 1330 2595 qui
1361 2526 1449 2577 est
1480 2521 1537 2576 in
1589 2520 1930 2576 solitudine:
1979 2519 2079 2591 qui
2132 2537 2226 2575 co-

583 2614 765 2672 medit
790 2609 1070 2672 venenata
1098 2612 1397 2680 animalia,
1428 2612 1537 2666 hoc
1569 2615 1675 2678 est,
1708 2627 1839 2665 esca
1871 2626 2001 2664 mea
2058 2610 2227 2680 quasi

580 2721 869 2762 venenum
906 2708 1031 2760 erat
1062 2702 1227 2759 mihi.
1258 2724 1278 2751 α
1317 2702 1523 2757 Factus
1581 2715 1713 2755 sum
1763 2700 1915 2755 sicut
1973 2699 2225 2770 nyctico-

580 2811 684 2850 rax
711 2794 772 2850 in
803 2792 1171 2850 domicilio.»
1206 2791 1437 2847 Scimus
1468 2788 1607 2861 quia
1637 2805 1841 2843 corvus
1894 2788 2059 2859 niger
2104 2792 2224 2842 est:

581 2888 640 2941 et
668 2882 817 2939 nihil
846 2882 1023 2939 habet
1051 2882 1111 2937 in
1143 2897 1205 2937 se
1234 2880 1456 2936 album.
1507 2876 1885 2950 Hyperbolice
1914 2875 2095 2932 voluit
2137 2876 2226 2929 di-

582 2989 750 3029 cere:
789 2971 947 3044 quia,
986 2994 1007 3021 c
1043 2971 1254 3026 Factus
1302 2985 1435 3024 sum
1484 2967 1636 3021 sicut
1679 2965 2028 3038 nycticorax.
2057 2987 2085 3013 »
2135 2965 2229 3019 Sic

582 3076 719 3133 ergo
745 3058 806 3114 in
856 3059 949 3114 die
997 3057 1162 3129 niger
1208 3060 1335 3111 est:
1397 3059 1615 3127 quanto
1673 3054 1861 3125 magis
1911 3054 1969 3108 in
2018 3056 2231 3108 nocte?

582 3151 675 3207 Sic
704 3166 839 3223 ergo
863 3148 1051 3205 factus
1076 3163 1207 3203 sum
1238 3148 1471 3217 propter
1518 3148 1753 3215 peccata
1784 3159 1932 3208 mea,
1987 3147 2227 3198 memet-

582 3244 779 3317 ipsum
812 3238 1210 3296 considerans.

2337 652 2620 708 salvandi.
2682 654 3014 709 Misericors
3066 659 3155 709 est
3211 654 3367 710 enim
3428 653 3716 710 Dominus
3804 656 3983 723 (Psal.

2337 759 2542 809 Lxxvn,
2575 744 2646 795 38
2676 750 2729 796 el
2759 743 2900 796 Eccl.
2935 759 2997 812 ιι,
3032 743 3137 813 13).

2408 853 2435 879 ‹‹
2470 831 2754 897 Quoniam
2786 829 3131 902 placuerunt
3158 830 3340 887 servis
3370 832 3492 887 tuis
3522 830 3747 903 lapides
3775 834 3924 904 ejus.
3953 856 3979 884 ι)

2338 919 2586 991 Lapides
2619 920 2802 974 sancti
2832 922 2989 974 sunt.
3020 920 3197 975 Terra
3225 924 3445 985 autem,
3476 921 3586 976 hoc
3612 925 3721 992 est,
3781 937 3982 994 pecca-

2336 1011 2512 1075 tores,
2582 1008 2981 1063 misericordia
3033 1008 3266 1063 Domini
3321 1009 3606 1082 indigent.
3646 1035 3673 1059 ‹‹
3705 1015 3771 1066 Et
3819 1017 3981 1069 terra:

2336 1096 2461 1164 ejus
2493 1096 2946 1152 miserebuntur.
2985 1121 3011 1146 ››
3072 1097 3141 1152 Ut
3191 1098 3448 1153 fructum
3498 1098 3770 1156 exhibeat
3820 1117 3981 1157 sanc-

2336 1184 2543 1240 tﬁaﬁs.

2408 1297 2434 1321 ‹‹
2470 1274 2784 1329 Timebunt
2814 1279 3015 1346 gentes
3069 1290 3281 1331 nomen
3333 1276 3603 1332 Domini:
3664 1282 3722 1333 et
3777 1296 3980 1336 omnes

2337 1378 2500 1432 reges
2532 1366 2696 1417 terra:
2726 1362 2971 1435 gloriam
3004 1368 3186 1420 tuam.
3222 1387 3247 1414 ››
3272 1366 3407 1430 Quae
3442 1366 3603 1438 prius
3653 1366 3807 1423 idola
3854 1384 3983 1424 me-

2336 1452 2597 1521 tuebant,
2628 1457 2685 1507 et
2714 1453 3133 1509 daemoniorum
3159 1452 3765 1512 nominainvocabaut
3786 1472 3801 1513 :
3824 1473 3981 1512 nunc

2335 1557 2549 1597 nomen
2581 1546 2748 1597 tuum
2782 1548 3134 1599 venerentur
3164 1548 3220 1598 et
3250 1544 3521 1601 timeant.

2412 1655 2437 1679 (ι
2474 1632 2621 1694 Quia
2680 1632 2993 1687 aedilicabit
3052 1633 3333 1688 Dominus
3390 1633 3546 1689 Sion.
3576 1656 3604 1685 »
3663 1634 3981 1694 Ecclesiam

2335 1736 2506 1775 suam
2565 1738 2741 1792 super
2796 1722 3244 1777 fundamentum
3305 1722 3697 1795 apostolorum
3742 1729 3801 1781 et
3847 1741 3982 1796 pro-

2335 1809 2685 1881 phetarum:
2750 1811 2875 1865 «Et
2921 1811 3213 1866 videbitur
3259 1811 3318 1865 in
3367 1810 3549 1883 gloria
3591 1829 3777 1868 sua.»
3832 1813 3983 1869 Cum

2336 1915 2509 1953 omne
2582 1916 2794 1971 corpus
2887 1899 3296 1973 gloriﬁcaverit
3378 1902 3449 1957 ad
3529 1901 3983 1958 similitudinem

2339 1988 2615 2059 imaginis
2645 1989 2843 2060 gloria:
2878 2006 3017 2045 suae.

2410 2100 2435 2123 ‹‹
2474 2076 2539 2129 Et
2580 2076 2829 2147 respexit
2878 2078 2935 2131 in
2985 2078 3307 2133 orationem
3354 2078 3701 2135 humilium:
3757 2085 3815 2136 et
3862 2098 3977 2137 non

2338 2165 2555 2235 sprevit
2586 2181 2787 2236 preces
2817 2182 3039 2221 eorum.
3068 2188 3096 2215 »
3128 2167 3233 2221 Sed
3267 2167 3517 2223 adventu
3561 2185 3666 2224 suo
3719 2169 3978 2226 visitavit

2340 2255 2657 2309 mundum:
2692 2256 2791 2327 qui
2822 2255 2961 2310 olim
2996 2256 3455 2314 desiderabatur.

2409 2368 2436 2391 ‹‹
2473 2344 2818 2399 Scribantur
2869 2344 2989 2399 haec
3050 2344 3107 2399 in
3188 2347 3557 2417 generatione
3622 2346 3868 2405 altera.»
3917 2349 3978 2404 In

2342 2433 2494 2488 Novo
2550 2437 2940 2489 Testamento.
2985 2458 3011 2483 ‹‹
3049 2439 3113 2488 Et
3169 2435 3421 2506 populus
3493 2437 3593 2509 qui
3669 2438 3979 2507 creabitur,

2336 2521 2601 2577 laudabit
2631 2522 3020 2577 Dominum.»
3055 2522 3424 2580 Christianus
3448 2526 3674 2597 utique,
3697 2528 3797 2599 qui
3820 2527 3981 2601 prius

2338 2611 2590 2682 peccatis
2621 2617 2911 2678 mortuus,
2947 2612 3006 2667 in
3038 2629 3103 2667 eo
3126 2616 3213 2667 est
3243 2618 3555 2669 recreatus.

2412 2721 2439 2747 ‹‹
2471 2699 2615 2763 Quia
2647 2699 2942 2771 prospexit
2979 2702 3048 2755 de
3080 2700 3304 2757 excelso
3335 2706 3538 2758 sancto
3589 2720 3733 2760 suo:
3788 2704 3981 2761 Domi-

2338 2806 2450 2843 nus
2473 2790 2544 2843 de
2574 2789 2717 2843 coelo
2750 2789 2806 2844 in
2838 2794 3052 2845 terram
3084 2790 3328 2862 aspexit.
3367 2790 3437 2846 Ut
3466 2793 3695 2849 audiret
3723 2794 3974 2866 gemitus

2337 2878 2820 2950 compeditorum,
2882 2882 2947 2933 ut
2998 2878 3181 2934 solvat
3237 2879 3390 2937 ﬁlios
3439 2881 3975 2955 interemptorum.»

2340 2966 2612 3039 Respexit
2670 2971 2733 3022 ut
2791 2966 3186 3023 misereretur.
3248 2968 3560 3025 Descendit
3603 2975 3670 3028 ut
3725 2972 3975 3041 vincula,

2338 3057 2554 3129 quibus
2587 3056 2715 3111 nexi
2739 3072 2992 3125 eramus,
3025 3056 3365 3114 absolveret.

2411 3168 2438 3196 «
2475 3145 2547 3201 Ut
2576 3146 2926 3201 annuntient
2955 3146 3015 3201 in
3041 3146 3178 3201 Sion
3209 3163 3420 3202 nomen
3452 3147 3703 3217 Domini,
3753 3155 3809 3206 et
3855 3150 3977 3207 lau-

2341 3236 2473 3291 dem
2504 3236 2632 3305 ejus
2664 3235 2723 3289 in
2756 3234 3099 3290 Jerusalem.
3124 3258 3152 3285 »
3184 3219 3663 3309 Semper-bonus
3716 3240 3978 3305 nuntius,

657 3356 686 3385 ‹‹
718 3330 864 3400 Quia
900 3328 1153 3385 cinerem
1198 3330 1479 3397 tanquam
1541 3337 1751 3396 panem
1811 3320 2227 3377 manducavi.»
2260 3305 2303 3373 (ἶ
2342 3341 2490 3380 nova
2519 3324 2750 3380 exhibet
2788 3324 3020 3396 gaudia,
3082 3324 3237 3380 sicut
3287 3305 3530 3397 angelus
3583 3327 3653 3382 ad
3704 3327 3978 3384 Mariam:

585 3425 647 3481 In
681 3423 937 3479 cinerem
967 3417 1328 3490 intingeham
1355 3429 1564 3487 panem
1609 3428 1833 3467 meum:
1882 3416 1941 3466 et
1988 3411 2071 3466 sic
2134 3426 2230 3465 co-

583 3511 910 3569 medebam.
943 3508 1001 3563 Si
1034 3522 1169 3579 ergo
1218 3504 1505 3576 Propheta
1560 3501 1667 3556 hoc
1716 3501 1879 3567 dicit,
1935 3518 2039 3555 nos
2088 3501 2227 3571 quid

584 3600 878 3659 iacimus?
913 3598 1034 3652 «Et
1062 3593 1335 3668 poculum
1386 3608 1583 3647 meum
1635 3607 1769 3647 eum
1829 3590 1966 3645 fletu
2019 3590 2227 3645 misce-

580 3693 738 3748 bam.
771 3710 798 3741 ιο
831 3684 987 3742 Nihil
1018 3685 1163 3741 mihi
1212 3687 1335 3739 erat
1393 3698 1591 3749 suave,
1641 3694 1830 3751 neque
1888 3679 2077 3750 panis,
2126 3695 2224 3734 ne-

579 3796 694 3852 que
723 3775 1033 3851 poculum:
1069 3774 1167 3829 sed
1198 3775 1426 3828 tantum
1463 3770 1751 3826 cmlestem
1811 3785 2019 3840 panem
2070 3769 2225 3824 deei-

582 3867 881 3934 derabam,
904 3864 962 3919 id
993 3866 1081 3919 est
1108 3861 1426 3918 Christum.

654 3983 681 4009 ‹‹
718 3963 765 4012 Α
797 3955 940 4013 Iacie
974 3954 1069 4008 ira
1099 3949 1523 4024 indignationis
1560 3954 1694 4003 tuae.
1719 3971 1745 3996 ››
1776 3947 1846 4002 Et
1876 3947 1997 4003 haec
2027 3947 2228 4003 omnia

580 4048 887 4114 faciebam,
913 4042 1289 4100 considerans
1318 4040 1631 4096 adventum
1666 4042 1833 4092 tuum
1866 4041 1923 4093 et
1963 4037 2225 4091 futurum

574 4136 887 4211 judicium.
914 4157 941 4183 «
965 4133 1110 4197 Quia
1128 4131 1361 4188 elevans
1393 4128 1622 4185 allisisti
1658 4143 1765 4183 me.
1789 4150 1815 4175 η
1864 4127 1981 4181 IIoc
2032 4127 2230 4181 dicant

583 4228 686 4301 qui
716 4224 1032 4297 aliquando
1064 4225 1299 4278 fuerunt
1328 4218 1535 4286 sancti,
1569 4223 1627 4273 et
1655 4218 2008 4272 ceciderunt.
2059 4215 2225 4271 Exal-

580 4318 687 4377 tati
745 4317 902 4374 enim
943 4318 1001 4369 in
1056 4311 1392 4377 virtutibus,
1450 4311 1652 4379 postea
1702 4306 2056 4361 ceciderunt.
2138 4306 2226 4361 Si-

582 4407 819 4482 quidem
860 4402 1047 4461 sancti
1078 4401 1311 4455 dicunt:
1345 4396 1484 4469 quia
1538 4395 1770 4451 elevans
1828 4393 2066 4449 tenuisti
2110 4410 2223 4452 me.

655 4520 682 4547 ‹‹
716 4495 853 4552 Dies
907 4491 1020 4547 mei
1078 4490 1231 4545 sicut
1315 4486 1523 4542 umbra
1587 4483 2097 4539 declinaverunt.»
2168 4484 2225 4539 Si

580 4586 727 4655 dies,
760 4587 980 4656 quanto
1031 4580 1220 4652 magis
1278 4575 1517 4632 noctes?
1570 4573 1680 4629 hoc
1738 4578 1846 4641 est,
1902 4573 1952 4627 si
2007 4573 2225 4642 lumen,

2338 3414 2596 3485 Spiritus,
2659 3413 2869 3484 inquit,
2926 3418 3149 3468 sanctus
3193 3416 3539 3485 superveniet
3596 3418 3657 3471 in
3718 3425 3769 3472 te
3831 3418 3979 3488 (Luc.

2340 3520 2379 3571 ι,
2410 3503 2520 3570 35).
2556 3503 2624 3556 Et
2682 3502 2893 3557 iterum
2941 3502 3318 3573 pastoribus:
3374 3504 3505 3559 Ecce
3559 3521 3653 3576 ego
3714 3509 3983 3562 annuntio

2336 3590 2652 3645 robishodie
2682 3590 2952 3659 gaudium
2983 3607 3280 3659 magnum:
3326 3595 3457 3663 quia
3503 3598 3671 3649 natus
3715 3602 3795 3650 est
3836 3595 3984 3652 vobis

2342 3680 2592 3735 Salvator
2618 3679 2777 3750 (Ibid.
2814 3696 2875 3745 ιι,
2909 3680 3020 3749 10).
3056 3679 3149 3735 Sic
3178 3685 3234 3735 et
3291 3698 3446 3737 nunc
3498 3683 3558 3738 in
3618 3682 3754 3740 Sion
3785 3683 3873 3739 vel
3922 3685 3981 3740 in

2338 3767 2662 3823 Jerusalem
2694 3768 3030 3823 nuntiatur:
3065 3769 3205 3839 quia
3238 3774 3410 3825 natus
3469 3776 3559 3826 est
3608 3772 3668 3827 in
3715 3772 3884 3828 terris
3932 3774 3982 3827 is

2338 3857 2439 3928 qui
2473 3856 2692 3911 mundo
2724 3856 2975 3928 peccatis
3008 3861 3237 3913 mortuo
3270 3858 3446 3913 vitam
3477 3860 3730 3918 aﬂ‘erret.

2415 3965 2438 3993 ι
2474 3945 2533 3999 In
2566 3945 2961 4000 conveniendo
3020 3945 3267 4017 populos
3324 3946 3383 4001 in
3444 3964 3669 4007 unum:
3720 3956 3774 4006 et
3819 3966 3983 4023 reges

2338 4040 2403 4091 ut
2433 4034 2688 4091 serviant
2718 4034 2983 4089 Domino.
3012 4057 3032 4083 ιι
3070 4035 3424 4092 Convenient
3455 4038 3512 4093 in
3563 4055 3681 4095 una
3726 4040 3983 4097 creduli-

2337 4129 2473 4194 tate,
2506 4128 2570 4179 ut
2600 4123 2854 4179 serviant
2875 4123 3270 4197 Redemptori.

2414 4214 2791 4285 «Respondit
2837 4212 2886 4269 ei
2971 4214 3029 4269 in
3094 4214 3326 4270 virtutis
3397 4233 3550 4273 suae:
3628 4217 3981 4288 paucitatem

2306 4302 2563 4357 -dierum
2598 4317 2862 4357 meorum
2909 4302 3116 4357 nuntia
3143 4302 3362 4359 mihi.»
3414 4304 3734 4377 Respondit
3780 4305 3981 4363 Domi-

2340 4408 2452 4446 nus
2481 4389 2807 4446 Jerusalem
2842 4390 2899 4444 in
2932 4390 3026 4446 die
3056 4389 3307 4462 virtutis,
3341 4392 3398 4447 id
3431 4396 3540 4461 est,
3575 4409 3709 4449 cum
3740 4393 3811 4450 ad
3852 4410 3984 4466 pas-

2339 4481 2562 4537 sionem
2586 4480 2918 4535 accederet:
2953 4484 3010 4535 et
3039 4481 3410 4537 annuntiavit
3468 4483 3814 4553 paucitatem
3854 4482 3979 4538 die-

2339 4587 2469 4625 rum
2502 4586 2764 4638 suorum,
2798 4569 3025 4624 dicens:
3078 4571 3224 4638 Quia
3278 4572 3495 4626 venient
3540 4571 3655 4628 dies
3698 4589 3820 4629 cum
3864 4574 3981 4627 cir-

583 4676 803 4747 quanto
857 4668 1045 4741 magis
1102 4666 1401 4722 tenebrae?
1460 4686 1488 4715 «
1523 4665 1591 4719 Et
1647 4680 1752 4736 ego
1813 4662 1968 4717 sicut
2029 4663 2225 4717 Ienum
2257 4677 2305 4741 Β
2337 4658 2679 4715 cumdaberis
2718 4658 2784 4712 ab
2834 4660 3082 4714 inimicis
3135 4667 3191 4714 et
3238 4659 3805 4733 eradicaberis’uuc.
3860 4677 3979 4727 xxx,

582 4760 731 4817 arui.
761 4782 789 4809 ››
822 4756 1105 4824 Quoniam
1141 4756 1295 4810 sicut
1323 4755 1546 4823 fenum,
1578 4754 1661 4809 sic
1686 4752 2004 4825 pertransit
2028 4751 2223 4818 homo,

582 4855 642 4908 et
673 4849 927 4907 siccatur

656 4965 677 4990 α
714 4939 799 4994 Tu
833 4948 1174 5007 exsurgens,
1208 4930 1573 4987 misereberis
1605 4931 1817 4987 Sion.»
1852 4931 1931 4985 Ex
1958 4931 2069 4986 hoc
2098 4947 2224 4985 ver-

580 5026 764 5087 siculo
796 5022 1174 5081 manitestum
1206 5023 1293 5075 est
1324 5019 1474 5090 quod
1502 5033 1569 5072 ex
1591 5034 1838 5089 persona
1853 5018 1989 5072 Sion
2014 5018 2227 5072 ductus

579 5124 671 5176 est
707 5118 817 5173 iste
849 5112 1146 5188 psalmus;
1200 5113 1257 5164 et
1312 5124 1428 5163 non
1475 5121 1543 5160 ex
1600 5122 1848 5177 persona
1904 5106 2219 5177 prephetae.

582 5208 717 5266 Sion
751 5208 945 5262 autem
971 5205 1060 5258 est
1088 5216 1214 5272 quae
1263 5197 1320 5253 in
1372 5193 1608 5268 specula
1658 5193 1847 5265 posita
1876 5200 1984 5263 est,
2044 5200 2102 5250 et
2158 5211 2226 5250 ea

581 5315 709 5372 qua:
738 5293 974 5351 venient
1003 5292 1074 5345 de
1098 5290 1266 5361 longe
1297 5284 1680 5360 prospiciens.
1720 5284 1844 5337 llaec
1876 5299 2011 5355 ergo
2063 5284 2221 5339 Sion.

580 5371 708 5461 quae
739 5382 799 5440 in
823 5381 941 5438 alta
972 5378 1163 5452 posita
1217 5380 1324 5446 est,
1384 5374 1443 5429 in
1496 5371 1749 5428 sublime
1807 5371 2032 5425 cecidit.
2087 5372 2225 5441 Ergo

579 5459 675 5547 qui
701 5476 829 5539 stat,
863 5471 1044 5528 vident
1071 5484 1140 5524 ne
1187 5466 1346 5521 cadat
1400 5465 1444 5535 (I
1476 5463 1596 5519 Cor.
1630 5479 1683 5526 κ,
1738 5459 1845 5532 12).
1903 5461 2044 5527 Quia
2086 5468 2222 5515 tem-

574 5580 679 5635 pus
700 5560 1001 5618 miserendi
1038 5558 1181 5630 ejus:
1240 5555 1373 5627 quia
1424 5553 1573 5607 venit
1631 5554 1858 5621 tempus.
1918 5551 2031 5603 Aut
2088 5567 2223 5620 pro-

580 5657 708 5723 pter
737 5648 1134 5723 pmnitentiam
1171 5649 1406 5718 tempus
1446 5644 1534 5697 est
1580 5637 1926 5695 miserandi:
1990 5644 2090 5694 aut
2134 5657 2223 5695 se-

578 5738 838 5801 cundum
897 5739 1209 5798 adventum
1248 5728 1563 5795 Salvatoris
1601 5728 1910 5805 signiﬁcat.
1963 5728 2225 5789 conﬁdat

2336 4750 2445 4819 43),
2478 4754 2535 4803 et.
2568 4747 2812 4818 reliqua.

2408 4860 2436 4887 ‹‹
2474 4838 2538 4891 Et
2558 4852 2629 4891 ne
2670 4852 2901 4891 revoces
2926 4852 3019 4892 me
3051 4837 3109 4892 in
3141 4838 3386 4895 dimidio
3414 4840 3647 4895 diorum
3680 4855 3978 4896 meorum:

2333 4925 2393 4981 in
2427 4925 2797 4998 generatione
2827 4930 2883 4980 et
2910 4927 3344 4996 generationem
3392 4930 3529 4984 anni
3581 4929 3689 4985 tui.
3710 4949 3737 4981 η
3789 4928 3979 5001 Iniqui

2337 5032 2442 5071 nec
2472 5013 2782 5069 dimidiant
2811 5015 2937 5070 dies
2967 5017 3137 5087 (Psal.
3172 5035 3283 5086 LIV,
3308 5019 3421 5085 24).
3484 5019 3597 5074 Iste
3652 5035 3783 5076 vero
3832 5022 3975 5089 orat,

2336 5110 2401 5160 ut
2440 5120 2557 5159 non
2590 5108 2890 5159 revocetur
2920 5120 2953 5160 a
2974 5104 3272 5160 domicilio
3308 5106 3562 5174 dierum,
3586 5106 3803 5164 scilicet
3821 5111 3887 5162 ut
3905 5108 3976 5163 ad

2336 5195 2657 5267 perfectum
2703 5192 2941 5250 veniens
2989 5194 3180 5249 virum
3236 5196 3599 5266 perennitate
3648 5201 3975 5269 temporum

2335 5300 2469 5339 cum
2506 5282 2747 5337 Domino
2768 5282 3122 5353 perfruatur.

2407 5371 2631 5427 «Initio
2664 5370 3037 5440 tu,Domine,
3099 5376 3315 5428 terram
3367 5375 3648 5445 fundasti,
3699 5380 3755 5432 et
3798 5390 3972 5447 opera

2334 5476 2617 5517 manuum
2651 5465 2885 5515 tuarum
2919 5464 3058 5514 sunt
3087 5460 3235 5516 cmli.
3264 5485 3290 5511 ››
3319 5463 3482 5519 Sicut
3507 5465 3665 5520 enim
3709 5463 3769 5519 in
3815 5464 3974 5536 prin-

2333 5551 2484 5623 cipio
2514 5550 2626 5605 ista
2657 5548 2864 5605 creasti
2894 5566 2905 5602 :
2950 5548 3031 5604 ita
3061 5556 3119 5606 et
3165 5568 3322 5607 nunc
3351 5553 3440 5609 vel
3472 5558 3687 5610 terram
3718 5552 3973 5625 corporis

2333 5639 2515 5695 nostri
2558 5639 2616 5694 in
2664 5654 2877 5695 novum
2925 5655 3161 5710 reparas
3210 5641 3547 5699 hominem:
3599 5642 3686 5699 vel
3752 5646 3974 5699 mentes

2333 5734 2566 5787 nostras
2587 5725 2866 5785 caelorum
2900 5726 3182 5803 dignitate
3213 5732 3537 5809 componis.
3571 5732 3684 5793 Sed
3706 5732 3774 5791 de
3812 5729 3973 5806 prio-
