4256 6588
333 469 482 528 “97

1519 468 2010 529 BllEVIAIlIUM
2064 471 2134 528 IN
2189 471 2559 530 PSALMQS.

3584 473 3607 528 -|
3635 476 3644 526 l
3663 474 3740 530 98

331 600 496 655 ribus
526 600 685 655 caelis
716 599 831 655 ait:
870 621 899 650 ‹‹
930 598 1046 670 Ipsi
1079 598 1371 670 peribunt,
1404 602 1467 654 tu
1499 605 1694 656 autem
1739 615 1967 672 perma-
1998 603 2054 668 Α
2083 605 2410 656 Creatorem
2445 618 2546 672 pro
2577 605 2844 656 creatura
2891 616 2999 655 sua
3045 599 3393 672 sanguinem
3445 601 3689 658 fundere
3711 604 3739 657 ?

331 704 456 745 nes.
497 710 518 739 ι
551 688 728 744 Juxta
764 686 943 742 illud:
1005 687 1225 742 Caelum
1276 692 1333 742 et
1389 692 1543 743 terra
1599 689 1975 744 transibunt:

329 779 506 834 verba
532 794 666 834 vero
689 770 816 834 mea
839 794 952 832 non
1002 775 1384 848 praeteribunt
1435 778 1648 848 (Matth.
1682 793 1834 848 xxxv,
1866 777 1976 849 35).

333 889 361 917 ‹‹
393 866 462 921 Et
492 882 696 922 omnes
718 866 870 922 sicut
922 865 1339 921 vestimentum
1398 869 1775 922 veterascent.
1811 867 1878 921 Et
1907 865 1980 922 si-

335 958 434 1010 cut
457 954 814 1026 opertorium
848 953 1104 1010 mutabis
1128 957 1308 1019 eos,et
1330 955 1718 1009 mutabuntur
1742 970 1754 1008 :
1789 958 1851 1008 tu
1876 971 1976 1009 au-

335 1048 453 1099 tem
485 1044 641 1100 idem
671 1044 796 1116 ipse
827 1061 909 1109 es,
943 1047 1000 1098 et
1029 1042 1164 1097 anni
1195 1043 1279 1096 tui
1317 1059 1428 1097 non
1485 1042 1777 1097 deﬁcient.
1811 1064 1839 1092 »
1860 1047 1978 1097 Hoc

329 1135 436 1202 est,
465 1132 566 1203 qui
591 1149 721 1188 eras
754 1133 811 1186 in
835 1131 1013 1199 caelis,
1053 1131 1247 1202 ipsum
1296 1135 1351 1186 te
1383 1131 1643 1186 ostendis
1692 1130 1749 1184 in
1782 1129 1974 1184 terris.

329 1221 489 1275 Idem
521 1221 579 1276 in
607 1226 772 1276 utero
801 1219 1096 1292 Virginis:
1131 1219 1256 1291 ipse
1304 1219 1362 1274 in
1410 1219 1704 1274 infernum
1731 1219 1977 1274 descen-

329 1309 494 1364 dens.
528 1309 688 1364 Idem
719 1325 1030 1382 resurgens
1060 1326 1094 1363 a
1124 1307 1371 1363 mortuis
1397 1323 1409 1362 :
1436 1308 1559 1379 ipse
1583 1323 1883 1379 regressus
1913 1323 1976 1362 es

327 1397 388 1452 in
419 1396 648 1453 ccelum.

402 1507 429 1534 ‹‹
465 1485 595 1540 Filii
628 1502 926 1542 servorum
958 1489 1196 1541 tuorum
1231 1483 1600 1539 habitabunt.
1643 1507 1661 1531 η
1697 1483 1842 1547 Quia
1872 1482 1977 1537 tibi

327 1589 432 1643 per
459 1573 756 1646 apostolos
797 1578 936 1629 sunt
998 1572 1202 1628 renati.
1237 1595 1264 1622 «
1299 1573 1366 1626 Et
1422 1588 1622 1628 semen
1682 1587 1883 1627 eorum
1918 1571 1976 1626 in

328 1662 611 1718 saeculum
670 1663 974 1735 dirigetur.
1012 1687 1033 1714 ι
1096 1661 1196 1716 Vel
1249 1661 1601 1733 praedicatio,
1655 1661 1739 1716 vel
1790 1660 1978 1716 virtus

327 1768 532 1807 eorum
564 1753 624 1807 in
656 1752 814 1808 omni
845 1757 1015 1825 gente
1046 1751 1418 1807 distenditur.
1451 1745 1568 1806 Nos
1599 1767 1731 1806 vero
1772 1751 1976 1822 depre-

327 1858 533 1898 cemur
551 1841 886 1909 Dominum,
911 1845 974 1897 ut
997 1840 1266 1897 exaudiat
1291 1840 1584 1895 orationes
1616 1837 1974 1911 supplicum,

327 1931 626 1986 mentibus
679 1931 896 1986 nostris
951 1930 1172 1985 inserat
1228 1928 1425 1984 lumen
1485 1943 1700 1984 suum:
1754 1931 1819 1981 ut
1849 1927 1978 1996 ejus
2008 1969 2055 2032 Β

327 2019 827 2091 magniﬁcentiam
855 2024 1217 2086 enarrantes,
1250 2033 1582 2073 mereamur
1607 2015 1827 2071 sanctis
1848 2015 1975 2085 ejus

327 2111 627 2164 consortes
647 2108 800 2164 efﬁci
842 2107 901 2162 in
954 2107 1288 2164 cmlestibus
1318 2105 1531 2178 regnis.
1563 2104 1667 2161 Cui
1707 2102 1893 2175 gloria
1922 2107 1978 2157 et

325 2196 642 2269 imperium
674 2197 734 2252 in
767 2197 978 2253 saecula
1009 2195 1378 2252 saeculorum.
1410 2195 1617 2249 Amen.

916 2353 1246 2410 PSALMUS
1277 2353 1388 2424 cn.

325 2464 583 2521 Psalmus
612 2464 827 2536 David.
858 2463 968 2536 Iste
1016 2459 1293 2536 psalmus
1331 2457 1584 2536 maxime
1613 2456 1766 2536 circa
1796 2455 1975 2536 picta:

400 2540 518 2595 tem
550 2547 724 2609 atque
754 2531 1216 2591 misericordiam
1266 2531 1366 2586 Dei
1426 2533 1861 2585 commoratur:
1897 2531 1978 2582 ait

411 2611 568 2668 enim
595 2627 608 2664 :

406 2759 432 2785 ‹‹
465 2731 733 2799 Benedic,
767 2729 964 2786 anima
991 2742 1139 2793 mea,
1186 2724 1469 2780 Domino:
1521 2727 1579 2779 et
1621 2722 1820 2778 omnia
1849 2737 1976 2792 quae

324 2826 486 2881 intra
509 2838 601 2877 me
628 2823 786 2888 sunt,
813 2815 1036 2872 nomini
1070 2821 1268 2870 sancto
1316 2814 1466 2883 ejus.
1503 2837 1524 2863 ι
1579 2811 1803 2866 Dicitur
1832 2814 1888 2864 et
1917 2809 1976 2864 in

326 2913 443 2969 alio
502 2910 663 2966 loco:
725 2910 788 2962 Et
842 2908 1049 2969 scitote,
1110 2904 1376 2975 quoniam
1437 2903 1698 2957 Dominus
1755 2900 1868 2970 ipse
1904 2905 1981 2953 est

325 3004 472 3058 Deus
497 2999 666 3073 (Psat.
700 3012 847 3065 xeix,
899 2995 974 3066 3).
1010 2997 1076 3050 Et
1128 3008 1283 3048 nunc
1341 2990 1588 3046 dicitur:
1624 3011 1651 3038 «
1684 2989 1754 3042 Et
1782 2987 1980 3043 omnia

327 3107 461 3162 quae
496 3089 648 3144 intra
677 3101 771 3141 me
809 3089 968 3149 sunt,
1010 3080 1231 3138 nomini
1265 3085 1466 3136 sancto
1501 3080 1648 3148 eius.
1680 3098 1707 3131 ιι
1736 3077 1796 3133 Si
1827 3076 1981 3131 dixe-

326 3179 542 3246 rimus,
562 3199 588 3225 «
603 3173 872 3240 Benedic,
893 3171 1088 3226 anima
1101 3169 1514 3240 mea,Domino
1531 3185 1544 3236 ;
1560 3189 1587 3218 »
1608 3171 1662 3222 et
1674 3165 1978 3231 Dominus,

332 3265 617 3322 Dominus
639 3266 748 3318 est.
773 3261 935 3326 Quod
958 3275 1169 3314 nomen
1193 3258 1287 3313 hic
1312 3257 1519 3329 quaerit
1566 3255 1846 3311 Dominus
1865 3253 1893 3308 ?
1921 3252 1979 3308 Si

2090 712 2117 739 «
2153 690 2258 754 Qui
2291 694 2528 745 coronat
2555 695 2607 743 te
2666 689 2724 743 in
2778 688 3170 744 misericordia
3229 693 3284 742 et
3343 689 3739 744 miserationi-

2089 779 2220 833 bus.
2257 802 2282 827 ››
2313 779 2705 833 Prmcurrente
2737 776 3136 832 misericordia
3169 778 3269 832 dat
3285 777 3607 846 victoriam,
3639 780 3739 833 tri-

2089 867 2217 922 buit
2247 867 2526 936 palmam.

2161 977 2188 1002 ‹‹
2224 955 2330 1018 Qui
2364 955 2544 1026 replet
2586 955 2644 1010 in
2685 954 2854 1009 bonis
2897 955 3251 1010 desiderium
3304 960 3492 1010 tuum.
3532 978 3552 1004 υ
3589 958 3734 1012 Con-

2080 1045 2340 1114 jungens
2370 1048 2424 1099 te
2456 1043 2674 1098 sanctis
2705 1043 2763 1098 in
2795 1042 3014 1099 cmlesti
3043 1043 3384 1099 Jerusalem.

2159 1155 2186 1181 «
2222 1131 2610 1186 Renovabitur
2664 1137 2730 1186 ut
2786 1131 2992 1203 aquilae
3041 1133 3322 1202 juventus
3378 1136 3564 1188 tua.»
3606 1133 3738 1189 Uta

2087 1219 2260 1275 veteri
2299 1220 2353 1274 in
2386 1237 2595 1274 novum
2630 1220 2928 1274 hominem
2968 1220 3238 1275 muteris.

2159 1332 2186 1357 ‹‹
2236 1308 2477 1363 Faciens
2534 1308 2963 1364 misericordias
3021 1308 3274 1379 Domini,
3334 1313 3392 1364 et
3438 1310 3732 1381 judicium

2087 1397 2362 1452 omnibus
2421 1397 2695 1467 injuriam
2749 1397 3127 1468 patientibus.
3187 1417 3213 1447 ιι
3282 1395 3375 1462 Ut,
3435 1400 3734 1471 oppressis

2084 1485 2303 1557 impiis,
2333 1485 2520 1557 erigat
2545 1501 2829 1557 pauperes
2861 1503 3018 1540 suos.

2160 1597 2189 1623 ‹‹
2221 1574 2400 1629 Notas
2431 1573 2564 1628 fecit
2592 1575 2714 1628 vias
2747 1591 2885 1629 suas
2917 1574 3097 1645 Moysi
3126 1594 3140 1642 ;
3172 1573 3310 1629 filiis
3340 1574 3517 1630 Israel
3537 1576 3736 1631 volun-

2088 1667 2238 1717 tates
2278 1679 2438 1718 suas.
2471 1684 2498 1711 ››
2528 1663 2588 1716 Ei
2621 1663 2720 1733 qui
2781 1663 2966 1735 legem
3026 1663 3410 1733 spiritualiter
3440 1663 3732 1737 intelligit,

2086 1751 2175 1807 vel
2207 1751 2256 1806 ei
2290 1751 2385 1822 qui
2420 1766 2554 1806 eum
2588 1750 2801 1806 mentis
2831 1750 3018 1806 oculis
3047 1752 3497 1824 contemplatur.

2158 1863 2186 1890 ‹‹
2222 1839 2549 1895 Misericors
2597 1844 2654 1894 et
2702 1839 3008 1895 miserator
3059 1840 3376 1896 Dominus:
3430 1840 3658 1912 patiens
3683 1846 3738 1896 et

2088 1928 2342 1984 multum
2374 1928 2726 1984 misericors.
2765 1950 2793 1977 ››
2823 1929 2969 1992 Quia
2996 1929 3110 1984 cito
3142 1928 3393 1985 ﬂectitur
3439 1931 3511 1986 ad
3559 1930 3735 1986 mise-

2087 2018 2420 2074 ricordiam.

2158 2130 2186 2156 ‹‹
2219 2107 2342 2162 Non
2365 2107 2422 2160 in
2448 2110 2794 2177 perpetuum
2817 2105 3124 2176 irascetur,
3148 2121 3336 2177 neque
3365 2105 3422 2160 in
3450 2111 3734 2163 internum

2087 2194 2561 2261 comminabitur,
2598 2219 2624 2243 ››
2657 2200 2768 2249 etc.
2801 2193 3038 2249 Meliora
3069 2194 3226 2250 enim
3265 2211 3440 2266 quam
3473 2197 3733 2252 mereba-

2088 2300 2239 2350 mur,
2273 2283 2538 2338 indulsit.

2157 2390 2184 2422 ι
2219 2370 2503 2433 Quoniam
2563 2370 2889 2424 secundum
2921 2367 3295 2424 altitudinem
3347 2369 3474 2424 cmli
3522 2388 3556 2425 a
3583 2375 3738 2428 terra

2087 2458 2483 2514 corroboravit
2513 2457 2980 2513 misericordiam
3025 2473 3194 2512 suam
3244 2474 3422 2529 super
3461 2458 3737 2515 timentes

2088 2563 2169 2604 se.
2205 2568 2233 2596 ››
2267 2546 2455 2602 Distat
2486 2545 2741 2601 multum
2799 2545 3010 2600 coelum
3069 2562 3102 2600 a
3131 2553 3321 2616 terra;
3383 2548 3484 2602 sed
3543 2548 3739 2603 divina

2089 2635 2490 2691 misericordia
2509 2635 2732 2705 jugiter
2753 2650 2891 2689 suos
2930 2639 2985 2688 et
3014 2634 3283 2705 protegit,
3316 2639 3372 2688 et
3403 2636 3731 2691 conﬁrmat.

2159 2747 2187 2772 ‹‹
2222 2727 2514 2789 Quantum
2546 2723 2726 2778 distat
2754 2726 2916 2778 ortus
2964 2722 3038 2776 ab
3085 2722 3403 2792 occidente,
3454 2722 3624 2795 longe
3655 2725 3735 2780 fe-

2089 2812 2221 2866 cita
2251 2812 2421 2867 nobis
2445 2810 2786 2882 iniquitates
2816 2815 3068 2866 nostras.
3106 2832 3133 2858 »
3183 2809 3289 2864 Ubi
3338 2811 3492 2868 Deus
3522 2829 3731 2884 appro-

2089 2900 2355 2972 pinquat,
2383 2899 2732 2971 elongantur
2761 2898 2972 2954 delicta
2996 2914 3009 2952 :
3045 2902 3129 2968 ut,
3155 2899 3325 2971 juxta
3369 2901 3730 2972 Apostolum,

2089 2991 2186 3044 ubi
2213 2989 2460 3044 abundat
2487 2997 2795 3060 peccatum,
2834 2987 3228 3059 superabundet
3259 2991 3308 3042 et
3337 2992 3521 3059 gratia
3551 2994 3728 3060 (Rom.

2088 3095 2143 3148 v,
2174 3079 2278 3144 28).

2165 3167 2524 3230 «Quomodo
2572 3166 2883 3222 miseretur
2943 3169 3106 3238 pater
3153 3165 3428 3233 ﬁliorum,
3460 3167 3736 3224 misertus

2092 3260 2182 3311 est
2205 3253 2490 3310 Dominus
2521 3254 2865 3308 timentibus
2897 3269 2978 3308 se.
3014 3276 3040 3300 ››
3067 3253 3377 3310 Miseretur
3407 3260 3569 3326 pater
3597 3256 3735 3326 ﬁlio,

331 3344 1454 3419 Dominus,Dominusappellatur,quid
1471 3344 1613 3399 dicit
1633 3361 1644 3399 :
1663 3367 1688 3392 ‹‹
1709 3339 1985 3397 Etomnia
2014 3329 2057 3394 C
2097 3360 2230 3398 cum
2263 3359 2397 3398 eum
2421 3343 2687 3397 verberat
2709 3345 2773 3396 ut
2804 3342 3091 3396 emendet.
3119 3343 3203 3396 Ita
3231 3347 3287 3396 et
3319 3343 3600 3400 Dominus
3621 3361 3743 3399 cor-

331 3459 465 3515 quae
489 3441 641 3496 intra
661 3453 753 3494 me
775 3440 916 3492 sunt
932 3435 1154 3491 nomini
1178 3437 1378 3489 sancto
1414 3434 1542 3503 ejus
1563 3433 1591 3486 ?
1621 3453 1648 3482 »
1684 3431 1985 3484 Adventus

329 3530 486 3598 Filii,
520 3543 730 3586 nomen
787 3523 978 3582 Patris
1035 3527 1139 3580 est.
1203 3525 1350 3577 Ante
1407 3521 1722 3576 adventum
1772 3516 1984 3574 Christi

332 3617 633 3676 sciebatur
661 3616 854 3670 Deus:
911 3614 1081 3668 Pater
1128 3610 1524 3684 ignorabatur.
1571 3607 1831 3679 Denique
1860 3607 1986 3678 ipse

329 3707 478 3763 dicit
505 3705 564 3760 in
625 3701 972 3775 Evangelia:
1031 3703 1219 3766 Pater,
1281 3699 1516 3754 reue/avi
1573 3713 1770 3753 nomen
1832 3705 1984 3751 tuum

331 3795 655 3852 hominibus
686 3794 864 3865 (Joan.
888 3807 1019 3862 xvn,
1044 3791 1120 3861 6).
1163 3790 1288 3845 Non
1337 3803 1654 3860 possumus
1693 3786 1752 3841 in
1785 3785 1985 3856 singu-

330 3885 410 3942 lis
433 3882 738 3941 versiculis
767 3879 1068 3938 immorari
1094 3897 1106 3935 :
1139 3879 1415 3950 quoniam
1467 3876 1678 3949 longus
1714 3880 1803 3931 est
1834 3872 1985 3946 psal-

333 3991 516 4042 mus;
549 3974 649 4030 sed
717 3972 917 4027 breves
975 3967 1358 4025 sententiolas
1410 3966 1691 4022 debemus
1736 3963 1988 4036 singulis

330 4061 646 4120 versiculis
698 4065 989 4131 coeptare,
1049 4057 1239 4128 magis
1314 4070 1554 4110 sensum
1612 4057 1986 4125 exponentes,

337 4168 520 4224 quam
546 4149 722 4206 verba
744 4150 1026 4203 texentes.

413 4263 442 4290 ‹‹
474 4237 744 4302 Benedic,
771 4237 970 4290 anima
991 4249 1144 4301 mea,
1167 4231 1416 4287 Domino
1442 4247 1454 4286 :
1489 4235 1546 4286 et
1578 4229 1695 4286 noli
1725 4228 1985 4284 oblivisci

332 4344 544 4386 omnes
591 4323 1006 4380 retributiones
1054 4322 1202 4392 ejus.
1237 4341 1265 4369 ιι
1316 4317 1531 4375 Multas
1579 4317 1989 4374 retributiones

334 4417 512 4476 nobis
544 4411 810 4488 praestitit
841 4409 1154 4465 Dominus:
1207 4407 1452 4480 grandia
1508 4407 1678 4463 nobis
1709 4404 1989 4462 beneﬁcia
2033 4471 2044 4482 .

333 4506 652 4584 praestitit:
683 4501 822 4574 quia
851 4499 1082 4566 caelum,
1107 4496 1246 4570 quia
1267 4502 1502 4564 terram,
1539 4497 1678 4567 quia
1705 4494 1990 4551 elementa

335 4596 543 4654 omnia
574 4609 678 4666 pro
709 4592 878 4647 nobis
912 4588 1063 4644 fecit.

419 4708 446 4735 ‹‹
481 4683 590 4750 Qui
629 4681 982 4754 propitiatur
1010 4677 1287 4733 omnibus
1341 4673 1753 4746 iniquitatibus
1784 4672 1921 4729 tuis.
1959 4695 1983 4726 ι
2021 4696 2068 4761 D

334 4775 538 4832 Uteas
560 4770 726 4843 quasi
752 4769 965 4824 nubem
1013 4765 1220 4822 deleat.
1280 4766 1386 4833 Qui
1431 4766 1590 4819 sanat
1633 4778 1816 4818 omnes
1835 4764 1989 4832 inﬁr-

333 4866 568 4921 mitates
610 4868 750 4916 tuas.
813 4858 1052 4914 Peccata
1109 4855 1326 4926 quibus
1386 4853 1723 4909 inﬁrmaris.
1781 4850 1994 4907 Multas

335 4949 716 5009 inﬁrmitates
748 4947 924 5002 habet
953 4945 1151 5001 anima
1177 4948 1394 4999 nostra.
1428 4945 1578 5008 Quot
1617 4945 1872 5014 peccata,
1904 4944 1993 4995 tot

334 5039 737 5098 inﬁrmitates.
771 5035 1032 5107 Denique
1061 5039 1119 5089 et
1147 5032 1248 5087 illa
1272 5031 1505 5098 mulier,
1559 5031 1617 5085 in
1659 5029 1990 5103 Evangelio,

336 5146 472 5204 qua}
499 5130 698 5184 decem
721 5129 777 5181 et
799 5128 925 5180 octo
953 5123 1124 5179 annis
1156 5119 1409 5176 habebat
1439 5118 1714 5191 spiritum
1745 5119 1994 5173 inﬁrmi-

336 5219 506 5286 tatis,
538 5221 594 5273 et
623 5219 798 5287 caput
828 5229 1066 5269 sursum
1123 5211 1342 5282 erigere
1404 5223 1520 5262 non
1577 5212 1802 5280 poterat
1842 5208 1991 5278 (Luc.

336 5324 472 5374 xm,
507 5307 615 5377 11).
650 5304 852 5360 Videte
894 5301 1034 5374 quid
1077 5301 1268 5357 dicat:
1303 5297 1544 5364 Quando
1577 5295 1792 5367 aliquis
1823 5295 1998 5351 habet

338 5395 622 5468 spiritum
651 5390 1031 5458 inﬁrmitatis,
1065 5391 1397 5446 contractus
1419 5389 1527 5452 est,
1552 5385 1826 5440 deorsum
1860 5402 1996 5441 con-

338 5485 543 5558 spicit,
576 5487 791 5539 terram
825 5481 1106 5548 intuetur,
1150 5477 1361 5534 ccelum
1393 5475 1585 5530 videre
1616 5491 1731 5530 non
1785 5478 1994 5546 potest.

424 5595 452 5624 «
483 5573 590 5638 Qui
624 5569 862 5628 redimit
893 5570 963 5624 de
994 5567 1236 5624 interitu
1277 5566 1455 5622 vitam
1514 5569 1698 5620 tuam.
1735 5586 1762 5613 »
1794 5565 1996 5630 Pretio,

337 5661 565 5735 inquit,
605 5660 872 5733 redempti
916 5659 1078 5715 estis:
1136 5656 1304 5712 nolite
1360 5656 1488 5726 ﬁeri
1543 5655 1688 5709 servi
1717 5653 1999 5708 hominum

337 5757 398 5833 (Ι
429 5751 550 5811 Cor.
585 5766 682 5821 vn,
729 5751 844 5824 23).
904 5747 1068 5819 Quod
1099 5748 1188 5804 est
1252 5744 1448 5820 majus
1506 5742 1758 5819 pretium
1819 5758 1998 5818 quam

2095 3431 2233 3502 ripit
2263 3447 2368 3485 nos
2400 3430 2695 3484 interdum
2727 3433 2793 3484 ut
2820 3429 3012 3484 salvos
3038 3430 3243 3484 faciat:
3289 3448 3402 3485 non
3453 3436 3648 3486 tamen
3680 3432 3740 3487 in

2095 3523 2440 3591 perpetuum
2470 3517 2823 3588 derelinquit
2846 3524 2910 3572 ut
2940 3519 3162 3589 perdat.

2167 3631 2195 3657 «
2230 3607 2514 3674 Quoniam
2547 3607 2672 3678 ipse
2702 3607 2970 3678 cognovit
3000 3608 3344 3680 figmentum
3385 3613 3674 3664 nostrum.
3716 3632 3743 3659 »

2092 3697 2212 3753 Scit
2229 3697 2387 3752 enim
2422 3696 2707 3768 Propheta
2743 3712 2930 3768 genus
2961 3696 3288 3752 humanum
3321 3702 3601 3769 tanquam
3632 3703 3746 3756 tes-

2095 3791 2212 3842 tam
2242 3785 2403 3858 ﬁguli
2437 3787 2506 3840 de
2538 3784 2660 3840 luto
2694 3785 3023 3851 formatam,
3055 3785 3114 3839 in
3174 3786 3453 3842 honorem
3489 3786 3740 3844 ﬁliorum

2096 3876 2346 3931 ascitum
2374 3891 2387 3931 :
2412 3875 2659 3946 ideoque
2685 3874 3061 3930 considerans
3110 3875 3162 3929 ei
3200 3875 3493 3945 judicium
3537 3877 3744 3933 mortis

2096 3981 2200 4036 pro
2222 3964 2448 4019 delictis
2478 3963 2968 4034 appropinquare,
3017 3964 3098 4018 ait
3145 3963 3606 4020 misericordiam
3639 3967 3743 4020 de-

2096 4069 2342 4126 precans
2367 4069 2380 4107 :

2171 4162 2200 4192 ‹‹
2231 4139 2585 4196 Recordatus
2617 4144 2706 4194 est
2735 4137 3010 4210 quoniam
3066 4137 3257 4209 pulvis
3303 4156 3531 4206 sumus,
3565 4139 3739 4198 homo

2097 4229 2250 4286 sicut
2277 4230 2473 4284 fenum
2507 4227 2632 4282 dies
2661 4228 2810 4297 ejus.
2836 4249 2856 4275 ι›
2892 4233 2974 4280 Ac
3001 4226 3049 4282 si
3082 4227 3326 4283 diceret:
3368 4229 3492 4283 Non
3525 4229 3740 4286 irasce-

2098 4317 2200 4384 ris,
2235 4321 2297 4371 ut
2331 4321 2632 4382 conteras;
2687 4315 2789 4370 sed
2821 4315 3144 4370 recordaris
3201 4317 3354 4387 quod
3409 4333 3548 4372 vasa
3578 4317 3742 4389 ﬁguli

2098 4422 2341 4464 sumus:
2375 4422 2502 4477 quae
2535 4403 2715 4459 semel
2775 4406 3090 4470 conl’racta,
3139 4405 3392 4477 reparari
3453 4421 3566 4460 non
3608 4421 3744 4477 pos-

2099 4501 2277 4561 sunt;
2311 4494 2410 4549 sed
2459 4494 2727 4564 protinus
2759 4492 3040 4548 decidunt
3085 4498 3142 4547 et
3195 4498 3484 4548 arescunt.
3520 4517 3547 4544 ‹‹
3595 4495 3747 4549 Tan-

2099 4601 2275 4655 quam
2312 4583 2417 4638 ﬁos
2449 4581 2570 4653 agri
2605 4581 2686 4635 sic
2717 4580 3019 4636 efﬁorebit.
3055 4603 3082 4630 »
3117 4582 3201 4636 Ad
3235 4586 3488 4653 tempus.

2176 4697 2200 4720 ‹‹
2225 4671 2508 4735 Quoniam
2534 4669 2776 4741 spiritus
2798 4670 3138 4739 pertransiit
3168 4670 3222 4724 in
3252 4671 3372 4735 illo,
3398 4677 3453 4728 et
3476 4690 3590 4728 non
3616 4674 3752 4728 sub-

2103 4761 2298 4817 sistit:
2333 4764 2390 4814 et
2420 4775 2535 4813 non
2585 4759 2884 4830 cognoscit
2941 4758 3197 4831 amplius
3258 4759 3451 4816 locum
3492 4779 3688 4817 suum.
3725 4786 3746 4812 ι

2104 4851 2468 4904 Transeunte
2499 4853 2691 4902 autem
2727 4847 2960 4918 spiritu,
2980 4849 3173 4904 omnis
3192 4849 3537 4919 jucunditas
3559 4850 3752 4904 viridi-

2104 4938 2240 4994 tatis
2272 4938 2400 5008 ejus
2431 4935 2687 4992 traditur
2718 4935 3013 4992 oblivioni.

2175 5049 2201 5074 ‹‹
2237 5025 2632 5081 Misericordia
2653 5030 2847 5081 autem
2876 5027 3104 5081 Domini
3128 5027 3200 5081 ab
3220 5031 3452 5094 (sterno,
3477 5031 3532 5081 et
3562 5043 3750 5097 usque

2103 5117 2163 5170 in
2197 5118 2477 5170 aeternum
2506 5129 2683 5186 super
2712 5114 2984 5170 timentes
3034 5130 3188 5169 eum.
3225 5137 3252 5162 ››
3284 5115 3429 5176 Quia
3458 5131 3588 5170 cum
3621 5131 3750 5187 pec-

2105 5209 2330 5261 catores
2363 5204 2576 5276 arguit,
2593 5203 2776 5275 justis
2807 5203 3263 5259 misericordiam
3298 5203 3531 5274 praebet.

2179 5317 2207 5344 «
2240 5295 2309 5348 Et
2330 5293 2564 5366 justitia
2595 5293 2721 5362 ejus
2752 5292 2810 5346 in
2840 5290 2989 5346 ﬁlios
3040 5291 3291 5346 ﬁliorum
3346 5292 3438 5348 his
3486 5292 3583 5363 qui
3628 5309 3750 5348 ser-

2105 5387 2244 5440 vant
2265 5385 2686 5438 testamentum
2719 5381 2869 5449 ejus,
2902 5383 2956 5434 et
2987 5396 3274 5435 memores
3322 5385 3461 5436 sunt
3510 5381 3750 5436 manda-

2106 5478 2297 5528 torum
2321 5470 2508 5542 ipsius
2530 5469 2599 5523 ad
2637 5467 2962 5522 faciendum
2995 5484 3082 5524 ea.
3115 5490 3140 5516 ››
3172 5473 3235 5522 In
3259 5469 3533 5540 operibus
3554 5469 3754 5541 utique

2108 5559 2312 5616 bonis:
2338 5558 2554 5630 quibus
2573 5557 2849 5612 mandata
2879 5557 3210 5628 Deijugiter
3235 5563 3659 5630 memorantur,
3692 5563 3760 5616 ut

2110 5649 2516 5706 custodiantur
2544 5646 2616 5700 ab
2645 5645 2812 5718 ipsis.

2183 5761 2211 5792 ‹‹
2244 5737 2528 5797 Dominus
2557 5733 2618 5792 in
2649 5734 2790 5794 ccelo
2820 5736 3045 5811 paravit
3091 5737 3289 5797 sedem
3343 5754 3538 5811 suam,
3575 5741 3633 5795 et
3663 5753 3755 5796 re-
