4256 6594
535 481 687 539 “99

2030 477 2454 537 Al’PENDlX.

3787 458 3940 532 1200

530 626 713 684 gnum
741 609 932 683 ipsius
960 609 1236 666 omnibus
1265 610 1683 669 dominabitur.
1709 634 1739 662 <<
1759 610 2179 668 Ascensionem
2208 609 2263 677 Α
2298 610 2416 681 ejus
2446 608 2618 680 (Psal.
2640 622 2790 677 xcvr,
2819 606 2897 677 2).
2920 604 3032 661 Sed
3066 603 3369 667 sciendum
3401 600 3541 673 quia
3598 600 3669 657 de
3692 600 3943 663 occultis

528 699 894 771 Dominicam
917 699 1198 772 praedicit,
1224 716 1352 772 quae
1376 705 1508 772 post
1530 701 1955 773 reparationem
1987 699 2180 755 homi-

529 787 624 844 nis
652 788 805 844 facta
834 790 960 844 est:
993 804 1097 860 per
1129 804 1309 860 quam
1336 787 1604 845 Christus
1638 789 1919 845 Dominus
1948 788 2179 844 univer-

531 893 628 933 sos
661 876 868 933 mundi
898 877 1046 933 fines
1080 893 1197 933 suae
1229 877 1611 933 dominationi
1643 877 1893 950 subegit.

602 987 632 1016 «
663 964 994 1022 Benedicite
1023 965 1361 1037 Dominum,
1388 965 1579 1038 angeli
1610 967 1757 1037 ejus.
1793 989 1821 1015 »
1854 965 2053 1021 Nuntii
2084 980 2179 1020 ve-

530 1053 745 1111 ritatis.
783 1076 806 1105 ι
839 1055 1111 1112 Potentes
1132 1054 1363 1123 virtute,
1388 1055 1664 1111 facientes
1684 1056 1928 1112 verbum
1949 1052 2127 1109 illius.
2151 1075 2179 1102 »

533 1142 693 1199 Illico
732 1159 861 1215 quae
912 1143 1089 1199 fuerit
1136 1142 1389 1215 locutus,
1421 1144 1735 1217 explentes.
1797 1144 1885 1199 Ad
1940 1142 2179 1201 audien-

532 1231 670 1288 dam
701 1247 903 1288 vocem
936 1248 1275 1288 sermonum
1307 1233 1456 1305 ejus.
1488 1255 1517 1283 »
1560 1233 1677 1290 Hoc
1720 1236 1827 1305 est,
1861 1230 2183 1304 intelligere

534 1336 665 1392 quae
695 1320 1051 1393 praeceperit.

603 1430 632 1458 ‹‹
658 1408 985 1465 Benedicite
1014 1409 1283 1479 Domino,
1310 1425 1513 1466 omnes
1537 1410 1782 1467 virtutes
1822 1411 1971 1480 ejus,
2005 1407 2181 1464 mini-

530 1496 637 1553 stri
661 1497 790 1570 ejus
813 1498 916 1569 qui
939 1497 1130 1555 facitis
1158 1499 1519 1555 voluntatem
1553 1499 1701 1569 ejus.
1744 1517 1766 1546 α
1798 1497 1929 1565 Qui,
1972 1498 2184 1553 virtute

525 1585 693 1642 illius
723 1586 999 1655 roborati,
1033 1588 1275 1643 verbum
1307 1588 1580 1643 Ecclesiis
1608 1586 1977 1643 ministratis.

610 1695 634 1724 ιι
667 1672 996 1729 Benedicite
1037 1674 1304 1742 Domino,
1337 1674 1535 1730 omnia
1591 1689 1767 1746 opera
1820 1673 1968 1744 ejus.
2004 1694 2032 1720 ››
2074 1671 2185 1727 Vos

532 1760 736 1833 utique
767 1761 959 1833 quiin
1017 1777 1083 1816 eo
1137 1761 1353 1818 vivitis.
1417 1762 1564 1830 Quia
1618 1778 1789 1817 omne
1850 1777 1998 1832 opus
2030 1759 2184 1831 quod

535 1851 754 1917 factum
785 1850 962 1906 estin
1016 1867 1082 1906 eo
1138 1851 1257 1907 vita
1313 1857 1403 1907 est
1461 1852 1647 1923 (Joan.
1678 1868 1717 1921 ι,
1748 1852 1821 1919 4).
1858 1873 1885 1900 ‹‹
1929 1850 1993 1904 In
2024 1848 2184 1904 omni

533 1938 661 1995 loco
693 1938 1110 1995 dominationis
1166 1939 1373 2011 ipsius.
1410 1962 1438 1991 »
1494 1939 1653 1994 Nihil
1708 1938 1865 1994 enim
1898 1937 2187 2010 reperitur
2214 1979 2264 2044 Β

534 2027 636 2083 ubi
667 2043 783 2083 non
814 2027 1169 2083 dominetur.
1229 2028 1442 2083 Omnia
1472 2027 1750 2095 continet,
1787 2032 1845 2082 et
1876 2043 1937 2082 se
1969 2026 2187 2097 ubique

539 2115 837 2173 diffundit.
877 2136 901 2166 ι
933 2116 1201 2182 Benedic,
1237 2117 1435 2173 anima
1466 2134 1615 2187 mea,
1641 2117 1979 2173 Dominum.
2006 2138 2034 2166 »
2054 2120 2185 2170 Haec

536 2209 734 2262 autem
765 2205 1051 2278 propheta
1080 2222 1197 2262 non
1228 2206 1300 2261 de
1333 2222 1442 2262 sua
1468 2209 1701 2261 tantum
1745 2206 1963 2273 anima,
1997 2205 2097 2261 sed
2129 2207 2188 2260 et

536 2295 608 2355 ad
640 2296 872 2350 nostras
893 2309 1124 2366 quoque
1150 2294 1379 2351 animas
1401 2293 1684 2367 loquitur,
1708 2300 1777 2351 ut
1807 2312 1942 2351 eum
1966 2293 2188 2366 jugiter

536 2381 886 2440 benedicant
907 2382 1007 2454 qui
1032 2382 1187 2439 bona
1205 2382 1475 2456 largitur,
1511 2384 1611 2455 qui
1633 2384 1885 2456 peccatis
1914 2383 2188 2455 propitia-

539 2475 660 2540 tur,
691 2470 793 2542 qui
824 2470 896 2527 de
927 2470 1165 2526 interitu
1213 2471 1485 2538 redimit;
1545 2471 1645 2544 qui
1694 2471 1754 2526 in
1814 2471 1983 2528 bouis
2015 2487 2187 2527 omne

534 2559 888 2637 desiderium
920 2559 1209 2633 complet:
1243 2560 1345 2631 qui
1376 2576 1531 2616 nunc
1562 2560 1730 2616 nobis
1781 2560 2042 2616 misereri
2100 2560 2187 2616 di-

533 2653 746 2722 gnetur
762 2652 829 2705 ut
854 2652 1020 2722 pater
1040 2648 1197 2720 filiis,
1221 2647 1569 2705 delictorum
1592 2648 1847 2706 molibus
1870 2649 1962 2705 hic
1987 2648 2189 2704 remis-

534 2737 781 2807 sis;cui
811 2741 902 2795 est
932 2754 1067 2796 cum
1127 2742 1339 2795 aeterno
1397 2739 1565 2794 Patre
1620 2742 1678 2795 et
1729 2738 1950 2811 Spiritu
1984 2740 2186 2793 sancto

532 2827 718 2885 honor
748 2830 807 2884 et
834 2826 1022 2900 gloria
1050 2828 1111 2884 in
1142 2826 1357 2884 saecula
1385 2826 1732 2885 saeculorum
1761 2830 1967 2885 Amen.

1121 2933 1599 3011 PSALMUSCH.

536 3022 810 3079 Psalmus
836 3022 1032 3094 David.
1055 3025 1189 3094 Iste
1236 3021 1515 3094 psalmus,
1551 3022 1738 3094 ipsius
1778 3024 2054 3094 creaturae
2084 3036 2186 3077 vo-

611 3108 738 3149 cem
769 3092 1027 3149 continet
1054 3091 1388 3148 laudentem
1419 3109 1485 3149 ac
1503 3091 1946 3149 benedicentem
1976 3092 2183 3148 Deum.

606 3162 719 3220 Sed
754 3162 865 3220 hoc
904 3164 1101 3236 ipsum
1138 3163 1521 3236 spiritualiter
1550 3165 1832 3241 debemus
1864 3165 2181 3220 advertere.

607 3292 638 3322 «
670 3270 940 3341 Benedic,
973 3270 1171 3327 anima
1200 3287 1351 3339 mea,
1384 3271 1651 3327 Domino.
1686 3293 1714 3321 »
1749 3271 1819 3326 Ut
1846 3271 1988 3326 dum
2018 3270 2187 3326 bene-

2291 696 2585 767 mysteriis
2611 697 2724 753 ista
2754 695 3070 751 dicuntur:
3100 708 3239 748 nam
3269 692 3340 747 de
3371 690 3544 747 istius
3579 688 3728 747 lucis
3757 689 3941 762 pleni-

2289 786 2492 842 tudine
2522 789 2648 841 tota
2676 788 2833 840 terra
2863 780 3134 853 refulget.

2364 896 2392 925 ‹‹
2422 874 2752 930 Extendens
2785 870 2996 928 coelum
3027 869 3180 925 sicut
3237 866 3468 942 pellem.
3499 889 3528 918 ››
3588 867 3652 924 In
3697 869 3941 939 modum

2289 963 2446 1018 enim
2471 962 2605 1017 libri
2630 961 2963 1032 cujusdam,
3005 958 3124 1014 sive
3152 955 3489 1028 voluminis,
3542 955 3776 1027 coelum,
3808 975 3941 1035 cum

2291 1052 2570 1122 majestas
2590 1050 2689 1105 Dei
2713 1048 2980 1115 voluerit,
3004 1046 3093 1103 vel
3139 1044 3489 1114 extenditur,
3538 1044 3627 1101 vel
3652 1045 3938 1118 plicatur:

2291 1140 2444 1195 sicut
2474 1137 2806 1211 evangelica
2835 1139 3087 1193 testatur
3142 1135 3309 1191 ﬁdes.
3343 1157 3373 1185 «
3432 1134 3540 1200 Qui
3596 1135 3743 1208 tegis
3772 1137 3942 1209 aquis

2291 1227 2595 1301 superiora
2642 1229 2850 1299 ejus.»
2886 1214 3201 1297 Superiora
3255 1222 3403 1295 coeli,
3427 1224 3599 1295 juxta
3649 1225 3943 1295 Genesim,

2292 1318 2364 1373 ab
2396 1316 2566 1389 aquis
2591 1320 2886 1386 teguntur,
2910 1313 3051 1386 quia
3072 1329 3256 1385 aquas
3286 1329 3463 1385 super
3500 1312 3941 1375 ﬁrmamentum

2294 1406 2513 1479 positas
2536 1405 2676 1461 dicit
2702 1404 2854 1473 (Gen.
2892 1403 3056 1474 1,9):
3108 1419 3255 1474 quas
3304 1400 3721 1459 mulitudinem
3774 1419 3945 1477 ange-

2292 1495 2484 1550 lorum
2517 1492 2922 1565 intelligimus,
2949 1493 3120 1564 juxta
3149 1490 3329 1546 illud:
3390 1491 3563 1562 Aquae
3627 1506 3755 1564 qua?
3782 1482 3945 1565 super

2292 1584 2452 1639 owlos
2470 1584 2849 1638 sunttaudent
2874 1596 3077 1637 nomen
3112 1580 3333 1636 Domini
3379 1580 3550 1651 (Psal.
3602 1596 3831 1652 cxnvm,
3864 1581 3943 1653 4).

2366 1695 2393 1723 ‹‹
2426 1672 2535 1737 Qui
2566 1672 2736 1743 ponis
2766 1671 2984 1726 nubem
3016 1683 3327 1725 ascensum
3353 1672 3546 1725 tuum.
3582 1691 3610 1719 »
3656 1670 3945 1735 Dominus

2294 1762 2452 1817 enim
2482 1762 2676 1829 Jesus,
2710 1758 3032 1815 benedictis
3062 1757 3389 1830 discipulis,
3447 1758 3701 1821 elevatus
3746 1764 3857 1830 est,
3888 1762 3949 1815 et

2296 1852 2481 1907 nubes
2512 1849 2771 1922 suscepit
2801 1848 2990 1915 illum,
3016 1851 3073 1904 et
3097 1848 3477 1903 intuebantur
3503 1864 3635 1904 eum
3676 1853 3942 1926 euntem

2294 1940 2353 1994 in
2381 1939 2593 1994 coelum
2620 1940 2759 2008 (Act.
2795 1956 2832 2009 1,
2850 1939 2905 2006 9,
2932 1938 3040 2009 10).
3064 1960 3092 1987 ‹‹
3119 1936 3227 2003 Qui
3246 1935 3513 1993 ambulas
3530 1953 3945 2010 superpennas

2296 2033 2623 2085 ventorum.
2663 2051 2684 2078 ν
2720 2028 2907 2100 Super
2936 2042 3171 2082 omnem
3231 2024 3589 2082 alacritatem
3637 2031 3944 2083 ventorum

2295 2118 2580 2174 Dominus
2612 2117 2852 2173 incedit.
2886 2118 2997 2172 Sed
3030 2120 3086 2171 et
3116 2131 3293 2188 super
3346 2119 3685 2172 sanctorum
3716 2114 3943 2175 animas

2296 2225 2424 2279 quae
2447 2207 2519 2263 ad
2553 2206 2810 2262 coelestia
2841 2206 3109 2276 tendunt,
3133 2208 3189 2260 et
3216 2203 3546 2261 inambulat
3577 2208 3635 2261 et
3673 2204 3940 2277 quiescit.

2368 2319 2397 2346 «
2429 2296 2536 2359 Qui
2564 2295 2705 2351 facis
2736 2294 2977 2367 angelos
3005 2297 3138 2350 tuos
3175 2293 3441 2366 spiritus.
3472 2316 3501 2343 »
3557 2293 3630 2349 Ut
3656 2293 3943 2367 inspirent

2297 2384 2635 2441 hominibus
2668 2384 2797 2455 ejus
2828 2384 3015 2438 facere
3044 2380 3405 2438 voluntatem
3432 2399 3445 2439 :
3505 2381 3644 2455 quia
3690 2382 3942 2447 carnalis

2296 2473 2472 2531 homo
2504 2490 2619 2530 non
2651 2472 2805 2546 capit
2837 2489 2907 2528 ea
2953 2460 3080 2545 quae
3130 2475 3270 2528 sunt
3324 2472 3443 2527 Dei.
3476 2493 3504 2522 ‹‹
3533 2472 3600 2528 Et
3643 2471 3942 2529 ministros

2296 2566 2431 2618 tuos
2460 2562 2656 2634 ignem
2690 2567 2976 2617 urentem.
3011 2583 3041 2611 «
3074 2560 3148 2615 Ut
3180 2560 3239 2614 in
3270 2560 3401 2616 aliis
3457 2559 3665 2616 lumen.
3686 2559 3942 2623 veritatis

2300 2650 2653 2707 infundant:
2686 2649 2746 2705 in
2777 2650 2908 2706 aliis
2939 2654 3177 2722 peccata
3204 2653 3577 2706 consumant.

2385 2763 2405 2790 σι
2438 2739 2545 2803 Qui
2570 2739 2830 2795 fundasti
2850 2742 3065 2795 terram
3088 2754 3265 2811 super
3285 2737 3666 2796 stabilitatem
3689 2754 3874 2807 suam,
3910 2760 3938 2805 η

2296 2831 2407 2883 etc.
2436 2828 2778 2884 Discordare
2816 2827 3089 2883 videntur
3144 2826 3268 2883 haec
3324 2843 3459 2883 cum
3513 2826 3635 2896 illo,
3692 2826 3791 2883 ubi
3821 2825 3934 2899 ait:

2295 2915 2505 2975 Gazlum
2535 2925 2587 2973 et
2614 2922 2766 2972 terra
2822 2917 3136 2972 transibunt
3189 2916 3408 2989 (Matth.
3467 2933 3618 2985 XXIV,
3676 2915 3787 2989 35).
3826 2914 3937 2991 Sed

2295 3004 2417 3060 haec
2447 3003 2697 3061 visibilis
2732 3008 2881 3061 terra
2933 3004 3225 3076 prmterit:
3285 3004 3545 3078 corporis
3598 3020 3731 3060 vero
3788 3006 3941 3059 terra

2295 3110 2422 3167 qum
2454 3094 2709 3150 fructum
2738 3093 2972 3150 exhibet
3001 3093 3353 3162 sanctitatis,
3387 3093 3798 3168 mysteriorum
3826 3108 3937 3162 cm-

2293 3182 2531 3240 lestium
2561 3182 2738 3257 pallio
2769 3184 3188 3241 circumdatur.

2371 3295 2398 3322 ‹‹
2433 3272 2619 3345 Super
2648 3277 2877 3330 montes
2910 3272 3150 3329 stabunt
3166 3289 3350 3345 aquae.
3382 3294 3411 3325 »
3443 3272 3627 3344 Super
3657 3270 3936 3329 excelsam

535 3357 682 3426 dicis
705 3357 895 3429 illum,
918 3363 983 3415 tu
1014 3359 1378 3419 benedicaris
1410 3360 1481 3416 ab
1513 3359 1634 3417 illo.
1667 3361 1947 3416 Provocat
1976 3362 2185 3416 semet—
2214 3347 2257 3415 C
2294 3361 2631 3433 superbiam
2664 3361 3006 3433 insipientes
3035 3360 3237 3434 populi
3297 3352 3761 3418 commorantur.
3794 3382 3823 3411 «
3851 3361 3936 3416 Ab

537 3448 734 3520 ipsum
764 3448 1054 3521 Propheta
1083 3448 1144 3504 in
1201 3449 1596 3506 benedicendo
1656 3448 1794 3505 Deo.
1838 3448 2186 3505 Benedicere

534 3541 731 3593 autem
788 3536 1056 3605 Domino,
1113 3536 1222 3594 hoc
1277 3543 1386 3609 est,
1447 3538 1549 3611 qui
1606 3536 1809 3594 laudat
1845 3537 2183 3608 Dominum,

533 3625 920 3698 semetipsum
975 3626 1286 3682 benedicit.
1320 3649 1349 3677 «
1409 3627 1654 3682 Domine
1720 3626 1875 3683 Deus
1933 3643 2121 3684 meus.
2158 3647 2179 3677 ι»

536 3714 827 3771 Omnibus
848 3713 1087 3787 quidem
1108 3729 1170 3771 es
1201 3718 1259 3771 et
1280 3716 1453 3782 Deus,
1484 3718 1540 3771 et
1566 3714 1851 3771 Dominus
1875 3735 1890 3782 ;
1915 3716 2017 3772 sed
2039 3714 2186 3770 mihi

532 3802 786 3876 proprie,
819 3804 958 3875 quia.
986 3820 1102 3860 non
1133 3819 1268 3860 sum
1297 3818 1499 3861 servus
1528 3802 1769 3876 peccati.
1795 3827 1823 3853 ‹‹
1846 3803 2184 3876 Magnifica-

532 3896 631 3950 tus
662 3908 725 3949 es
778 3892 1169 3949 vehementer.
1205 3916 1235 3943 »
1267 3892 1369 3949 Vel
1426 3894 1488 3948 in
1544 3910 1657 3965 me,
1708 3892 1797 3949 vel
1855 3893 1914 3948 in
1942 3892 2184 3965 reliquis

533 3983 752 4039 sanctis
781 3982 921 4039 tuis.
953 3982 1062 4048 Qui
1094 3982 1360 4039 omnium
1416 3983 1588 4053 Deus,
1650 3999 1817 4039 meus
1857 3981 2186 4061 specialiter

534 4072 692 4153 Deus
714 4091 728 4130 :
756 4072 898 4144 quia
917 4088 1033 4129 non
1055 4088 1188 4128 sum
1213 4088 1415 4129 servus
1437 4072 1679 4151 peccati,
1715 4071 1852 4146 quia
1882 4070 2070 4127 merui
2090 4088 2184 4127 vo-

533 4161 653 4217 cari
682 4177 884 4219 servus
911 4164 1072 4218 tuus.
1106 4161 1514 4236 Magnificatus
1543 4178 1605 4219 es
1634 4161 2027 4233 vehementer,

532 4310 535 4311 ν
610 4270 639 4300 ‹‹
667 4250 1099 4307 Coufessionem
1158 4255 1215 4307 et
1243 4251 1513 4307 decorem
1569 4250 1836 4327 induisti.
1869 4274 1897 4302 η
1933 4250 2181 4307 Induisti

531 4338 958 4397 confessionem
989 4339 1223 4396 dicens:
1260 4339 1561 4412 Conﬁtebor
1618 4341 1737 4405 tibi,
1796 4340 2041 4411 Domine,
2070 4341 2178 4395 Pa-

531 4435 616 4487 ter
646 4431 768 4486 cain
794 4434 849 4486 et
877 4438 1040 4487 terrm
1089 4429 1298 4502 (Matth.
1360 4445 1438 4498 x1,
1470 4429 1584 4501 25).
1646 4428 1887 4484 Induisti
1914 4427 2177 4497 decorem,

530 4518 630 4574 illo
660 4519 731 4573 de
760 4520 915 4576 nube
944 4518 1254 4592 splendida
1284 4518 1672 4591 respondente
1697 4533 1709 4572 :
1769 4519 1867 4572 llic
1904 4522 1985 4573 est
2008 4518 2181 4572 Filius

532 4623 686 4663 meus
719 4608 947 4664 dilectus
976 4610 1160 4683 inquo
1219 4610 1354 4663 bene
1406 4608 1715 4681 complacui
1762 4608 1944 4680 ipsum
1998 4606 2180 4663 audite

2294 3450 2691 3523 increpatione
2720 3453 2823 3506 tua
2852 3450 3114 3525 fugient:
3166 3467 3201 3506 a
3244 3467 3384 3507 voce
3432 3449 3671 3507 tonitrui
3701 3447 3786 3505 tui
3823 3448 3937 3504 for-

2296 3540 2624 3596 midabunt.
2666 3559 2693 3593 α
2723 3543 2847 3596 Vox
2876 3540 3035 3595 enim
3066 3543 3169 3596 tua
3207 3543 3295 3597 est
3348 3556 3482 3596 cum
3540 3537 3723 3595 dicis:
3757 3537 3938 3595 Poeni-

2293 3630 2539 3685 tentiam
2570 3629 2763 3703 agite:
2822 3628 3320 3703 appr0pinquabit
3376 3645 3623 3699 regnum
3664 3627 3934 3693 ccelorum

2294 3719 2503 3787 (Matth.
2538 3736 2614 3789 Iv,
2669 3720 2777 3785 17).
2826 3720 3130 3789 Tanquam
3190 3718 3517 3775 tonitruum
3573 3734 3727 3789 vero,
3782 3722 3847 3773 ut
3876 3716 3937 3772 hi

2296 3807 2565 3878 timeant,
2589 3822 2725 3862 cum
2770 3805 3034 3876 minaris,
3068 3823 3205 3887 cum
3233 3807 3359 3862 ais:
3388 3808 3511 3872 Nisi
3559 3807 3933 3879 paenitentiam

2293 3898 2516 3966 egeritis
2546 3911 2738 3950 omnes
2768 3896 2940 3953 simul
2956 3897 3208 3966 peribiti:
3237 3896 3389 3967 (Luc.
3422 3912 3545 3967 xm,
3575 3898 3654 3968 5).

2365 4006 2394 4033 ‹‹
2428 3984 2763 4041 Ascendunt
2788 3998 3015 4040 omnes.
3048 4005 3077 4033 »
3099 3983 3295 4040 Sancti
3318 3984 3377 4039 in
3410 3983 3774 4057 spiritualem
3804 4000 3935 4057 pro-

2293 4072 2499 4130 ﬁciunt
2548 4072 3018 4145 intelligentiam.
3054 4095 3082 4123 «
3142 4076 3210 4127 Et
3267 4060 3630 4130 descendunt
3659 4073 3872 4145 campi.
3908 4095 3936 4123 »

2291 4162 2498 4236 Populi
2527 4178 2730 4220 eorum
2760 4162 3041 4219 doctrinis
3071 4161 3312 4231 subditi,
3360 4167 3425 4218 ut
3472 4161 3751 4219 virtutum
3783 4160 3941 4216 ﬂori-

2290 4252 2403 4309 bus
2432 4252 2785 4325 repleantur.
2822 4253 2946 4308 «In
2987 4251 3183 4307 locum
3239 4268 3418 4325 quem
3474 4249 3727 4308 fundasti
3764 4249 3871 4307 eis.
3905 4273 3935 4303 ιο

2291 4340 2354 4397 In
2386 4345 2733 4399 conventum
2763 4340 3246 4399 ecclesiasticum.

2363 4454 2390 4483 «
2423 4431 2767 4488 Terminum
2824 4430 3074 4505 posuisti
3121 4447 3297 4505 quem
3341 4447 3458 4488 non
3505 4430 3934 4507 transgredien-

2288 4525 2404 4575 tur.
2440 4542 2467 4569 »
2499 4520 2852 4576 Catholicam
2886 4521 3093 4594 utique
3142 4521 3340 4588 ﬁdem,
3396 4535 3574 4591 quam
3635 4536 3823 4594 usque
3858 4519 3932 4575 ad

2289 4609 2607 4665 terminum
2640 4611 2941 4683 praesentis
2960 4611 3088 4666 vitae
3110 4608 3478 4666 custodiunt.
3516 4632 3536 4659 α
3567 4608 3766 4683 Neque
3797 4625 3930 4664 con-

534 4695 740 4787 (Mattli'
773 4712 927 4787 xvn,
969 4697 1074 4787 5).Δ
1108 4696 1405 4787 Confessio
1435 4695 2177 4787 dupliciterintelligitur.
2211 4721 2257 4787 D
2286 4702 2585 4756 vertentur
2609 4700 2833 4772 operire
2857 4704 3094 4756 terram.
3118 4720 3147 4750 »
3169 4703 3230 4755 In
3262 4697 3501 4772 ﬂagitiis
3532 4697 3749 4772 quibus
3769 4697 3931 4772 prius

538 4788 655 4841 Aut
685 4783 742 4839 in
775 4783 1137 4855 pcenitentia,
1170 4792 1269 4839 aut
1300 4784 1360 4840 in
1391 4785 1578 4858 gloria
1605 4786 1728 4842 Dei.
1760 4786 1879 4841 Hoc
1909 4790 2019 4858 est,
2051 4784 2179 4859 glo-

534 4871 990 4940 riaminduisti;
1025 4874 1525 4943 quemadmodum
1575 4875 1636 4930 in
1695 4873 2006 4949 Evangelio
2055 4875 2180 4948 ipse

529 4963 792 5021 Salvator
848 4961 1025 5018 dicit:
1087 4961 1416 5018 Conﬁtebor
1467 4964 1595 5032 tibi,
1656 4965 1844 5032 Pater,
1904 4965 2012 5022 hoc
2069 4970 2178 5036 est,

528 5052 790 5129 gloriﬁco
820 5055 915 5108 te:
950 5055 1052 5108 aut
1108 5050 1247 5123 quia
1301 5051 1650 5107 confitemur
1705 5058 1943 5125 peccata
1983 5059 2183 5111 nostra

530 5141 800 5198 Domino.
834 5140 898 5197 In
930 5158 996 5198 eo
1027 5140 1184 5197 enim
1218 5140 1374 5213 quod
1405 5141 1754 5195 confitemur
1784 5141 1900 5197 Deo
1945 5147 2181 5215 peccata
2223 5177 2227 5181 -

531 5234 755 5301 nostra,
780 5229 1180 5304 gloriﬁcamus
1200 5246 1356 5287 eum.
1383 5253 1410 5281 ‹‹
1436 5232 1506 5285 Et
1535 5230 1803 5286 decorem
1851 5230 2117 5287 induisti.
2147 5254 2176 5283 »

529 5319 729 5378 Videte
760 5320 1047 5377 ordinem.
1082 5320 1347 5375 Primum
1378 5319 1590 5393 aliquis
1621 5318 1953 5392 confitetur,
2005 5325 2061 5375 et
2094 5321 2179 5376 sic

532 5412 754 5485 accepit
784 5410 1308 5485 pulchritudinem,
1342 5403 1713 5476 etﬂecorem,
1745 5413 1802 5464 et
1849 5414 2052 5481 postea
2083 5409 2177 5465 lu-

532 5516 688 5556 men.
722 5500 841 5557 Hoc
871 5501 1029 5557 enim
1062 5501 1364 5574 sequitur:
1391 5521 1418 5550 «
1449 5500 1719 5555 Amictus
1767 5498 1990 5554 lumine
2028 5499 2180 5555 sicut

531 5589 899 5646 vestimento.
935 5611 963 5640 ››
995 5589 1334 5646 Contrarias
1362 5589 1594 5645 videtur
1623 5588 1716 5644 hic
1748 5587 2072 5644 versiculus
2094 5587 2176 5643 illi

531 5677 633 5753 qui
656 5677 775 5733 ait:
807 5679 1002 5735 Posuit
1031 5681 1278 5736 tenebras
1309 5678 1602 5734 latibulum
1626 5694 1787 5733 suum
1825 5676 2000 5750 (Psal.
2038 5695 2174 5745 xvu,

532 5766 642 5840 12).
676 5765 771 5824 Vel
820 5767 903 5825 illi
946 5768 1047 5840 qui
1096 5768 1272 5826 dicit:
1328 5768 1505 5825 Nubes
1559 5770 1613 5829 et
1640 5768 1819 5840 caligo
1850 5769 1906 5824 in
1938 5770 2177 5824 circuitu

2289 4787 2571 4844 vixerant.

2362 4900 2390 4929 ‹‹
2419 4876 2527 4942 Qui
2549 4877 2768 4933 emittis
2791 4878 2981 4934 fontes
3004 4878 3063 4933 in
3085 4877 3469 4934 convallibus.
3493 4898 3521 4926 »
3553 4876 3710 4933 Inter
3734 4878 3931 4932 deser-

2291 4970 2352 5021 ta
2379 4966 2667 5037 gentium,
2708 4966 2989 5041 baptismi
3027 4966 3277 5040 gratiam
3309 4965 3533 5024 tribuit.
3569 4988 3598 5018 ‹‹
3630 4967 3784 5022 Inter
3810 4980 3930 5021 me-

2290 5054 2453 5110 dium
2485 5054 2796 5112 montium.
2836 5078 2863 5103 ››
2898 5056 2958 5115 Id
2990 5061 3098 5123 est,
3132 5054 3546 5113 Ecclesiarum.
3578 5079 3606 5107 «
3644 5056 3936 5112 Pertrans-

2287 5126 2460 5200 ibunt
2507 5160 2691 5216 aquae.
2728 5166 2755 5194 »
2801 5144 2993 5218 Ipsius
3039 5144 3256 5202 lavacri
3304 5145 3426 5203 sive
3464 5144 3750 5201 doctoris:
3803 5130 3929 5211 irri-

2287 5232 2479 5307 g'ando
2509 5232 2680 5289 donis
2711 5232 3042 5291 caelestibus
3074 5232 3379 5307 populum.

2362 5345 2389 5373 «
2418 5323 2489 5377 Et
2520 5323 2804 5395 potabunt
2832 5338 3035 5378 omnes
3084 5322 3286 5378 bestiae
3337 5323 3482 5398 agri,
3517 5310 3934 5397 exspectabun‘t

2288 5412 2489 5484 onagri
2520 5411 2579 5466 in
2610 5410 2705 5466 siti
2738 5428 2867 5466 sua.
2899 5433 2926 5459 ‹‹
2963 5410 3036 5466 Ut
3066 5412 3344 5469 omnibus
3374 5412 3495 5468 haec
3525 5411 3713 5487 gratia
3739 5427 3933 5485 aequa-

2285 5500 2418 5557 liter
2447 5501 2853 5557 ministretur:
2886 5499 3042 5556 sicut
3072 5500 3155 5557 ait
3192 5501 3408 5561 Paulus
3434 5518 3449 5560 :
3508 5502 3854 5575 Sapientibus
3883 5507 3935 5557 et

2286 5590 2677 5663 insipientibus
2707 5589 2916 5645 debitor
2944 5606 3066 5645 sum
3098 5592 3277 5664 (Rom.
3311 5608 3353 5664 Ι,
3389 5592 3496 5663 14).
3574 5646 3581 5652 ,
3908 5647 3914 5653 ,

2362 5704 2387 5730 ››
2421 5682 2607 5753 Super
2635 5696 2702 5736 ea
2730 5677 2994 5736 volucres
3025 5681 3151 5737 cmli
3182 5681 3551 5739 habitabunt.
3588 5704 3618 5732 »
3668 5681 3777 5747 Qui
3831 5698 3929 5759 ex-

2286 5769 2589 5827 celsiore'n
2621 5770 2693 5825 ad
2725 5766 3170 5843 intelligendum
3202 5774 3544 5829 meruerunt
3572 5787 3830 5830 sensum.
