4256 6600
354 437 500 499 1201

355 594 376 623 ε
413 577 490 629 De
521 570 709 630 medio
739 574 1056 645 petrarum.
1091 591 1120 622 »
1153 571 1212 627 Id
1244 573 1351 640 est,
1385 569 1790 628 Ecclesiarum.
1826 594 1854 622 «
1887 576 1992 628 Da-
2021 575 2076 641 Α

351 663 500 719 bunt
530 678 727 718 vocem
759 677 947 718 suam.
986 683 1012 710 ››
1043 661 1129 716 Ad
1164 659 1616 717 collandandum
1647 662 1851 717 Deum.

425 774 452 801 ‹‹
486 752 703 824 Rigans
732 754 981 806 montes.
1021 772 1039 799 ιο
1077 750 1192 805 Hoc
1223 754 1332 816 est,
1366 749 1679 821 apostolos.
1716 773 1744 799 «
1781 751 1855 806 De
1904 767 1995 805 su-

352 840 680 915 perioribus
713 840 855 895 suis.
903 861 924 890 n
965 841 1041 895 De
1071 838 1427 905 coelestibus,
1464 839 1772 895 effundens
1822 855 2000 911 super

351 945 450 986 eos
480 929 760 1003 Spiritum
790 933 1076 985 sanctum.
1096 951 1124 978 «
1159 932 1236 983 De
1267 928 1458 983 fructu
1489 944 1731 1000 operum
1762 932 1996 984 tuorum

353 1018 665 1076 satiabitur
695 1022 867 1075 terra.
895 1040 923 1068 »
957 1018 1037 1073 De
1066 1016 1363 1073 beneﬁciis
1388 1016 1714 1089 largitionis
1745 1022 1877 1072 tuae.

421 1130 449 1157 «
483 1108 816 1163 Producens
847 1107 1046 1162 fenum
1069 1105 1381 1177 jumentis,
1405 1108 1462 1160 et
1483 1105 1725 1160 herbam
1758 1103 1998 1159 servitu-

353 1196 396 1251 ti
427 1196 756 1252 hominum.
795 1218 821 1244 »
849 1195 1174 1267 Unicuique
1206 1195 1531 1250 secundum
1563 1194 1860 1266 propriam
1895 1192 1996 1248 tri-

358 1284 543 1340 buens
572 1283 998 1340 necessitatem.

420 1397 447 1424 ‹‹
480 1374 552 1429 Ut
575 1374 788 1429 educas
819 1389 1028 1446 panem
1077 1373 1147 1427 de
1198 1376 1371 1439 terra,
1406 1377 1464 1427 et
1515 1373 1715 1426 vinum
1746 1370 1998 1426 laetiﬁcat

347 1479 447 1518 cor
477 1461 754 1518 hominis.
794 1485 815 1511 ι»
851 1464 896 1518 Α
926 1461 1140 1518 terreni
1171 1461 1431 1532 corporis
1463 1476 1600 1533 agro
1633 1477 1804 1531 quem
1841 1477 1872 1514 a
1893 1477 1995 1514 no-

343 1549 438 1606 bis
464 1549 808 1623 assumpsit,
832 1549 1179 1622 mysterium
1211 1550 1512 1620 proferens
1543 1547 1794 1603 caelestis
1830 1548 1998 1619 panis

347 1656 412 1696 ac
440 1638 630 1712 poculi
664 1638 960 1710 salutaris,
994 1655 1107 1710 quo
1140 1637 1433 1694 reﬁcietur
1461 1637 1736 1693 Ecclesia.

421 1750 448 1777 ‹‹
479 1727 552 1783 Ut
580 1727 862 1784 exhilaret
894 1727 1100 1783 faciem
1128 1729 1256 1799 ejus
1286 1727 1345 1782 in
1378 1726 1523 1782 oleo.
1559 1749 1585 1775 »
1634 1725 1998 1782 Exhilaratur

345 1816 500 1873 enim
551 1815 676 1872 oleo
726 1815 1160 1883 misericordiae,
1204 1817 1504 1885 justorum
1567 1815 1741 1870 facies
1800 1830 1996 1869 coram

345 1905 480 1960 Deo.
517 1927 544 1955 ‹‹
577 1909 644 1960 Et
673 1904 841 1976 panis
873 1922 972 1961 cor
1010 1903 1265 1960 hominis
1315 1905 1639 1959 conﬁrmat.
1675 1926 1702 1953 ››
1737 1904 1864 1975 Ipse
1895 1920 1997 1974 pa-

346 1993 439 2049 nis
493 1994 622 2066 ipsa
667 1995 841 2050 corda
889 1998 1087 2050 nostra
1113 1994 1420 2049 conﬁrmat
1451 2009 1464 2047 :
1501 1993 1599 2064 qui
1633 1994 1995 2051 descendens

345 2082 416 2138 de
446 2083 588 2139 coelo
618 2082 796 2138 vitam
829 2082 1036 2138 tribuit
1066 2083 1309 2138 mundo.

418 2195 446 2223 «
479 2172 914 2228 Saturabuntur
941 2172 1103 2245 ligna
1133 2172 1344 2244 campi.
1375 2194 1402 2221 »
1435 2172 1566 2228 Sive
1597 2172 1995 2230 rationabiles.

345 2260 464 2316 sive
496 2261 927 2317 irrationabiles
954 2261 1242 2327 homines,
1278 2261 1432 2316 sicut
1460 2261 1732 2332 superius
1759 2262 1830 2316 de
1867 2262 1995 2317 bes-

342 2348 442 2406 tiis
473 2354 648 2422 atque
682 2349 916 2422 onagris
946 2350 1344 2421 exposuimus.
1372 2372 1391 2398 α
1427 2350 1497 2405 Et
1531 2349 1686 2405 cedri
1722 2350 1992 2406 Libani.»

344 2437 700 2495 Excelsiores
751 2437 956 2493 merito
1002 2438 1211 2494 sancti.
1262 2461 1290 2488 «
1343 2441 1496 2503 Quas
1527 2438 1826 2508 plantavit.
1872 2462 1899 2487 ››
1935 2441 1995 2494 In

343 2526 569 2582 unitate
599 2525 1000 2584 ecclesiastica
1032 2526 1184 2582 ﬁdei.
1226 2549 1246 2575 α
1285 2525 1406 2583 Illic
1435 2544 1700 2599 passeres
1733 2527 1996 2582 nidiﬁca-

345 2615 514 2669 bunt.
550 2636 578 2664 »
609 2614 912 2686 Sapientes
943 2614 1250 2670 aediﬁcant.

423 2723 450 2755 (ι
480 2703 671 2758 Erodii
703 2703 914 2758 domus
945 2703 1059 2758 dux
1094 2707 1181 2759 est
1211 2720 1433 2759 eorum.
1471 2725 1497 2751 ››
1534 2704 1778 2760 Erodius
1810 2707 1997 2776 major

345 2796 437 2846 est
465 2783 740 2847 omnibus
772 2791 1125 2861 volatilibus,
1162 2792 1261 2864 qui
1293 2791 1550 2864 aquilam
1583 2793 1762 2847 vincit
1805 2799 1862 2848 et
1901 2812 1992 2850 co-

341 2879 739 2952 medit.Igitur
768 2880 904 2936 talis
931 2881 1128 2949 homo,
1163 2882 1263 2954 qui
1295 2882 1353 2936 in
1387 2883 1560 2937 domo
1605 2881 1702 2936 Dei
1747 2882 1995 2949 habitat,

341 2964 624 3025 ducatum
674 2971 929 3041 prabeat
976 2971 1046 3024 ad
1094 2970 1446 3026 vincendum
1491 2971 1812 3037 diabolum,
1861 2972 1998 3044 quia

349 3057 550 3128 aquila
579 3075 733 3131 saepe
761 3075 864 3130 pro
892 3057 1124 3115 diabolo
1151 3059 1405 3130 ponitur.
1444 3082 1470 3109 «
1513 3061 1738 3116 Montes
1787 3060 1998 3116 excelsi

342 3147 616 3204 cervis.»
655 3151 774 3203 Hoc
822 3147 1041 3203 animal
1096 3152 1395 3219 serpentes
1446 3149 1680 3215 occidit,
1733 3154 1790 3204 et
1837 3150 1995 3220 ipsos

343 3233 617 3292 comedit.
653 3240 797 3307 Ergo
829 3236 974 3292 bene
1002 3236 1060 3290 in
1093 3237 1394 3292 montibus
1424 3237 1666 3308 habitat,
1693 3238 1792 3310 qui
1824 3239 1998 3293 inter-

1548 437 2046 502 BHEVIARIUM
2092 438 2168 498 IN
2216 435 2596 498 PSALMOS.

3601 443 3624 500 i
3638 441 3754 502 202

2179 593 2206 620 ‹‹
2240 569 2426 626 Catuli
2459 569 2692 627 leonum
2723 568 3040 643 rugientes,
3078 572 3141 627 ut
3170 567 3403 644 rapiant
3423 573 3478 628 et
3499 575 3760 644 quaerant

2109 678 2142 716 a
2181 661 2295 716 Deo
2326 677 2520 718 escam
2579 661 2709 716 sibi.
2765 682 2792 709 »
2842 661 2992 716 Bene
3039 659 3202 728 dixit,
3234 677 3269 716 a
3297 662 3424 728 Deo,
3476 662 3755 733 quoniam

2109 754 2342 806 sanctos
2375 750 2535 822 cupit
2565 749 2826 821 decipere
2859 766 2871 804 :
2908 766 2972 804 ac
3006 749 3056 804 si
3085 749 3257 820 dicat,
3281 749 3516 818 Judam,
3551 753 3756 820 David,

2110 839 2501 906 Salomonem,
2538 843 2772 894 Petrum
2800 839 2984 894 :sieut
3017 838 3301 911 scriptum
3324 842 3411 895 est
3434 857 3447 895 :
3472 842 3625 899 Escae
3641 843 3758 915 ejus

2111 930 2289 984 electae
2319 928 2540 996 (Ilabac.
2578 946 2614 998 1,
2650 927 2757 998 16).

2180 1040 2207 1066 ‹‹
2241 1016 2415 1072 Ortus
2445 1021 2533 1072 est
2566 1015 2674 1081 sol,
2702 1019 2758 1071 et
2789 1017 3120 1089 congregati
3152 1021 3346 1073 sunt.»
3378 1018 3460 1074 Ne
3489 1018 3755 1076 tristetur

2107 1103 2204 1161 ille
2244 1105 2346 1176 qui
2395 1105 2622 1170 cecidit,
2675 1106 2776 1161 sed
2827 1105 3224 1176 poenitentiam
3257 1110 3411 1179 agat.
3441 1107 3638 1164 Oritur
3669 1107 3755 1164 illi

2107 1193 2193 1249 sol
2218 1193 2482 1262 justitiae,
2516 1197 2572 1248 et
2604 1193 2838 1266 fugiunt
2860 1195 2932 1250 ab
2964 1210 3029 1250 eo
3057 1210 3260 1252 omnes
3290 1195 3488 1253 bestiae
3517 1200 3575 1253 et
3615 1212 3753 1270 pec-

2105 1286 2252 1348 cata,
2287 1287 2344 1337 et
2374 1281 2624 1338 efﬁcitur
2652 1282 2808 1351 talis,
2842 1283 3033 1354 qualis
3066 1287 3123 1339 et
3153 1287 3325 1340 antea
3355 1285 3486 1342 fuit.
3539 1286 3755 1344 Iterum

2108 1371 2265 1427 enim
2300 1378 2462 1428 ortus
2493 1376 2582 1427 est
2610 1371 2692 1428 sol
2719 1372 2986 1443 justitite.

2185 1480 2212 1512 α
2242 1461 2433 1516 Exibit
2463 1461 2637 1517 homo
2669 1462 2741 1516 ad
2772 1478 2920 1532 opus
2949 1478 3123 1517 suum
3153 1465 3210 1517 et
3253 1462 3324 1518 ad
3353 1462 3752 1534 operationem

2107 1565 2275 1604 suam
2307 1565 2493 1620 usque
2525 1551 2594 1604 ad
2626 1566 2955 1621 vesperum.
2996 1573 3024 1600 »
3057 1553 3372 1623 Postquam
3417 1554 3612 1608 autem
3662 1568 3754 1606 or-

2106 1641 2204 1693 tus
2237 1638 2411 1693 fuerit
2440 1637 2526 1694 sol
2550 1638 2819 1709 justitiae,
2854 1639 3066 1695 iterum
3092 1639 3318 1696 eximus
3363 1641 3435 1696 ad
3466 1640 3753 1712 operatio-

2108 1744 2240 1782 nem
2277 1731 2537 1783 nostram
2568 1745 2757 1800 usque
2803 1728 2874 1782 ad
2923 1743 3253 1800 vesperum,
3285 1728 3395 1785 hoc
3425 1733 3535 1796 est,
3568 1746 3756 1802 usque

2108 1817 2180 1871 ad
2209 1816 2798 1872 consummationem.
2834 1816 3070 1888 Oportet
3101 1833 3235 1888 ergo
3267 1833 3374 1873 nos
3421 1817 3577 1872 omni
3606 1821 3753 1874 tem-

2108 1921 2244 1976 pore
2275 1904 2498 1975 operari
2521 1905 2839 1976 justitiam.

2181 2018 2206 2044 α
2241 1995 2427 2058 Quam
2460 1995 2836 2066 magniﬁcata
2867 1998 3007 2050 sunt
3035 2009 3210 2067 opera
3238 1999 3359 2067 tua,
3403 1995 3668 2052 Domine.
3725 2019 3749 2048 ι

2109 2085 2172 2138 In
2204 2099 2506 2138 excessum
2539 2084 2753 2138 mentis
2784 2083 2940 2137 venit
2964 2083 3268 2154 Propheta.
3295 2085 3420 2139 Non
3452 2084 3754 2142 inveniens

2109 2173 2402 2244 quomodo
2434 2171 2702 2227 laudaret
2747 2171 3087 2240 Dominum,
3119 2172 3263 2227 dixit
3293 2190 3307 2228 :
3348 2193 3374 2224 α
3403 2174 3586 2237 Quam
3628 2190 3754 2229 ma-

2109 2261 2385 2334 gniﬁcata
2414 2264 2554 2316 sunt
2582 2277 2758 2332 opera
2790 2264 2910 2326 tua,
2942 2261 3205 2316 Domine.
3241 2283 3268 2310 »
3300 2262 3598 2318 Excedunt
3643 2261 3753 2318 hu-

2108 2366 2352 2405 manum
2383 2366 2621 2405 sensum
2646 2353 2746 2404 tua
2767 2350 3215 2421 opera.«0mnia
3235 2350 3292 2405 in
3317 2350 3606 2424 sapientia
3626 2351 3757 2407 feci-

2107 2439 2203 2495 sti.
2233 2462 2260 2488 »
2280 2440 2343 2493 In
2375 2438 2621 2494 Domino
2653 2443 2850 2494 nostro
2878 2439 3020 2496 Jesu
3049 2438 3301 2495 Christo.
3331 2439 3461 2512 Ipse
3490 2440 3646 2496 enim
3669 2443 3758 2497 est

2105 2527 2398 2600 sapientia
2426 2527 2526 2582 Dei
2553 2527 2878 2583 secundum
2912 2527 3252 2599 Apostolum
3287 2528 3576 2586 dicentem
3600 2530 3756 2602 quod

2105 2617 2164 2672 in
2197 2616 2324 2688 ipso
2355 2620 2546 2671 creata
2578 2620 2718 2671 sunt
2745 2616 2943 2671 omnia
2973 2617 3144 2687 (Rom.
3177 2634 3256 2683 x1,
3304 2619 3416 2686 36).
3455 2641 3476 2667 (ι
3514 2618 3759 2691 Impleta

2105 2709 2194 2760 est
2218 2710 2372 2759 terra
2401 2703 2772 2774 possessione
2803 2708 2922 2759 tua.
2959 2725 2986 2751 ››
3020 2703 3086 2757 Et
3117 2719 3313 2759 revera
3344 2704 3544 2759 omnia
3581 2721 3758 2776 opera

2105 2793 2335 2849 Domini
2368 2792 2538 2864 plena
2576 2795 2715 2846 sunt
2745 2791 3052 2864 sapientia.
3103 2793 3345 2858 Quando
3393 2792 3549 2848 enim
3597 2792 3754 2849 vide-

2107 2901 2240 2938 mus
2275 2881 2577 2937 formicam
2613 2881 2761 2936 seire
2805 2881 3039 2952 quando
3069 2880 3259 2938 hiems
3287 2881 3471 2948 venit;
3504 2885 3561 2937 et
3589 2898 3755 2955 repo-

2106 2971 2193 3027 nit
2223 2971 2334 3026 sibi
2366 2986 2581 3035 esoam,
2615 2973 2671 3024 et
2703 2970 2916 3025 iterum
2967 2969 3215 3025 culicem
3262 2974 3384 3026 tam
3432 2969 3754 3038 minutum,

2106 3061 2321 3116 habere
2347 3058 2566 3129 oculos,
2598 3062 2857 3114 ventrem
2891 3062 2947 3113 et
2978 3058 3252 3115 universa
3294 3059 3560 3116 membra
3605 3059 3759 3116 sicut

2107 3153 2164 3204 et
2194 3165 2300 3203 nos
2334 3147 2705 3213 habemus,et
2722 3147 2970 3218 pulicem
3003 3151 3061 3202 et
3090 3147 3224 3203 alia.
3256 3146 3540 3205 Videmus
3563 3152 3757 3205 autem

2107 3237 2473 3309 elephantem
2509 3241 2626 3290 tam
2660 3252 2936 3307 magnam
2970 3236 3223 3291 bestiam
3271 3236 3487 3293 habere
3533 3237 3756 3308 oculos,

343 3319 469 3380 ﬁcit
496 3321 924 3396 intelligi‘bilem
970 3329 1302 3395 serpentem
1337 3341 1348 3379 :
1385 3325 1485 3396 qui
1520 3309 1841 3397 sapientior
1875 3331 1998 3382 erat
2027 3309 2070 3376 C
2108 3343 2299 3388 nares,
2331 3325 2526 3396 pedes,
2561 3328 2823 3379 ventrem
2869 3323 3023 3379 sicut
3071 3327 3127 3378 et
3170 3341 3276 3379 nos
3303 3324 3364 3379 in
3397 3324 3543 3397 ipsis
3591 3325 3756 3383 locis.

337 3413 401 3469 in
430 3413 702 3484 paradiso
732 3429 848 3484 pra:
881 3413 1155 3468 omnibus
1189 3412 1414 3479 bestiis,
1440 3413 1539 3484 qui
1572 3415 1798 3486 decepit
1817 3416 1991 3470 Evam
2011 3410 2024 3416 ”

339 3501 500 3574 (Gen.
538 3519 622 3569 ιιι,
659 3491 906 3572 1’.ςε‹]ι].).
941 3524 970 3552 ‹‹
1014 3505 1184 3557 Petra
1232 3502 1526 3573 refugium
1576 3502 1911 3559 herinaciis.
1965 3525 1993 3554 »

337 3580 450 3658 Qui
495 3590 740 3646 timidus
797 3594 903 3659 est,
940 3589 1229 3662 refugium
1279 3591 1455 3645 habet
1504 3595 1727 3662 petram
1771 3609 1784 3649 :
1833 3595 1996 3664 petra

341 3671 542 3736 autem
574 3677 840 3734 Christus
872 3681 979 3734 est.

423 3791 443 3817 α
481 3767 638 3823 Fecit
666 3767 868 3823 lunam
899 3768 959 3822 in
992 3771 1269 3840 tempore.
1308 3790 1335 3816 ››
1366 3768 1545 3824 Aiunt
1597 3770 1830 3840 quando
1875 3786 1995 3826 cre-

342 3857 458 3914 scit
486 3857 644 3924 luna,
679 3873 937 3913 crescere
968 3857 1192 3913 fructus
1224 3874 1448 3926 omnes,
1499 3862 1556 3913 et
1606 3860 1839 3930 quando
1886 3860 1994 3915 mi-

340 3945 569 4017 nuitur,
604 3946 818 4002 iterum
854 3947 1080 4002 fruetus
1131 3947 1336 4002 minui.
1396 3948 1545 4020 Ergo
1596 3949 1742 4004 bene
1789 3949 1932 4004 dixit
1978 3965 1991 4002 :

281 4097 296 4107 .
347 4058 369 4084 α
407 4025 561 4091 Fecit
605 4033 807 4091 lunam
839 4035 899 4090 in
939 4039 1222 4107 tempore.
1263 4059 1284 4085 »
1319 4041 1438 4091 Aut
1489 4035 1659 4091 aliter
1707 4037 1996 4111 intelliga-

339 4139 480 4179 mus
511 4121 714 4179 lunam
745 4121 1085 4179 Ecelesiam.
1128 4124 1193 4178 In
1224 4123 1578 4194 proﬁciendo
1619 4123 1774 4178 enim
1805 4125 1996 4180 Eccle-

340 4211 522 4281 siam,
555 4210 894 4283 proﬁcimus
942 4214 998 4264 et
1045 4227 1180 4265 eum
1215 4211 1362 4281 ipsa,
1396 4215 1609 4267 etcum
1641 4213 1996 4282 persecutio-

339 4315 481 4356 nem
511 4297 754 4371 patitur,
786 4301 842 4353 et
871 4297 1179 4369 minuitur,
1213 4303 1269 4355 et
1299 4316 1406 4355 nos
1451 4316 1585 4354 cum
1636 4299 1734 4355 illa
1782 4300 1994 4356 minui-

341 4404 501 4454 mur,
535 4390 592 4442 et
630 4384 1091 4457 persecutionem
1124 4387 1402 4458 patimur.
1439 4411 1466 4438 «
1499 4388 1592 4444 Sol
1616 4389 1883 4460 cognovit
1909 4407 1999 4445 oc-

338 4493 548 4534 casum
594 4492 790 4530 suum.
825 4496 854 4524 »
886 4474 943 4528 Si
985 4474 1072 4530 sol
1117 4475 1328 4530 occidit
1359 4493 1372 4531 :
1406 4493 1512 4532 nos
1558 4481 1837 4548 putamus
1870 4496 1996 4536 nos-

339 4564 632 4638 metipsos
663 4564 1050 4636 sempiternos
1081 4564 1247 4620 esse?
1280 4564 1343 4619 In
1385 4563 1495 4620 hoc
1540 4569 1734 4620 autem
1770 4565 1993 4622 miran-

338 4656 489 4712 dum
522 4657 611 4710 est
642 4671 655 4709 :
690 4654 980 4744 quomodo
1013 4657 1247 4709 tantum
1276 4652 1498 4744 lumen,
1526 4658 1587 4744 et
1618 4658 1778 4744 tanta
1822 4655 1995 4744 clari-
2027 4678 2074 4744 D

336 4748 438 4799 tas
469 4759 594 4814 qua:
626 4742 814 4814 operit
846 4741 1183 4799 universum
1215 4743 1501 4799 mundum
1526 4741 1748 4799 lumine
1780 4761 1908 4813 suo,
1935 4743 1994 4799 in

340 4833 644 4889 momento
677 4831 906 4887 occidit.
941 4832 1188 4889 Oremus
1220 4837 1415 4890 autem
1447 4837 1513 4889 ut
1545 4850 1658 4888 non
1693 4833 1862 4888 nobis
1900 4850 1993 4889 oc-

339 4921 505 4978 cidat
532 4919 617 4976 sol
643 4921 912 4992 justitiae.

425 5032 453 5061 ‹‹
485 5010 740 5066 Posuisti
770 5011 1037 5066 tenebras
1066 5013 1122 5066 et
1152 5011 1303 5066 facta
1334 5015 1422 5066 est
1453 5029 1585 5078 nox,
1620 5013 1677 5067 in
1710 5012 1838 5086 ipsa
1868 5030 1997 5085 per-

339 5099 690 5157 transibunt
720 5115 924 5156 omnes
956 5099 1154 5156 bestia:
1182 5099 1356 5154 silvae.
1393 5122 1420 5150 ››
1452 5101 1522 5156 Et
1551 5104 1874 5158 secundum
1910 5103 1998 5158 lit-

335 5195 536 5246 teram
591 5187 859 5244 ordinem
917 5187 1092 5243 habet
1137 5205 1148 5242 :
1193 5186 1470 5259 quoniam
1523 5188 1652 5243 ideo
1702 5189 1852 5244 facta
1910 5193 2001 5244 est

337 5296 483 5350 nox,
514 5281 581 5334 ut
608 5275 876 5333 homines
907 5277 1334 5348 requiescerent
1363 5277 1434 5331 ab
1466 5277 1739 5349 operibus
1771 5277 1916 5346 suis,
1940 5283 1998 5333 et

337 5366 547 5424 bestias
580 5366 995 5440 egrederentur
1024 5367 1094 5422 ad
1127 5366 1475 5438 pastionem.
1510 5367 1844 5422 Secundum
1878 5370 1993 5423 tro-

336 5454 639 5531 pologiam
663 5459 892 5511 autem:
925 5455 1160 5526 quando
1191 5455 1358 5512 nobis
1390 5455 1724 5511 occubuerit
1755 5454 1838 5510 sol
1862 5457 1995 5527 jus-

335 5545 545 5612 stitize,
576 5545 776 5602 omnia
806 5544 972 5600 nobis
1003 5545 1312 5601 tenebrosa
1355 5549 1513 5610 sunt,
1546 5549 1602 5600 et
1631 5548 1768 5599 tunc
1800 5544 1856 5599 in
1892 5562 1997 5600 nos

337 5637 770 5710 pertranseunt
800 5633 997 5691 bestia
1031 5651 1044 5688 :
1078 5638 1135 5690 et
1164 5633 1252 5691 leo
1279 5635 1538 5707 rugiens,
1570 5633 1768 5690 volens
1797 5650 1994 5706 rapere

334 5727 406 5783 et
435 5724 708 5783 devorare
735 5740 862 5781 nos.

2105 3413 2384 3468 Similiter
2415 3416 2609 3467 autem
2661 3414 2716 3466 et
2767 3427 2955 3483 apem,
2989 3413 3279 3482 quomodo
3329 3412 3503 3468 faciat
3549 3415 3663 3470 mel
3701 3417 3760 3470 et

2106 3517 2319 3556 ceram.
2381 3501 2583 3555 Nonne
2631 3502 2769 3554 sunt
2816 3499 2937 3554 haec
2991 3499 3301 3556 miratione
3349 3501 3546 3573 digna,
3577 3505 3636 3559 et
3665 3519 3756 3558 sa-

2107 3590 2326 3662 pientia
2356 3589 2564 3661 plena?

2183 3702 2202 3727 α
2241 3679 2360 3733 Hoc
2409 3693 2568 3733 mare
2613 3693 2894 3750 magnum
2941 3680 2997 3732 et
3045 3677 3373 3749 spatiosum
3421 3677 3698 3735 manibus
3737 3695 3753 3733 :

2107 3767 2228 3822 illic
2267 3766 2498 3840 reptilia
2544 3783 2794 3837 quorum
2839 3783 2954 3821 non
3004 3769 3092 3821 est
3131 3782 3434 3822 numerus.
3466 3766 3760 3823 Animalia

2108 3856 2325 3930 pusilla
2353 3873 2487 3912 cum
2519 3855 2770 3928 magnis.
2796 3879 2818 3907 ι)
2849 3856 3052 3911 Nonne
3083 3859 3171 3911 est
3201 3855 3310 3911 hoc
3341 3855 3500 3911 mirae
3534 3856 3760 3928 sapien-

2110 3946 2202 4001 tiae
2235 3946 2527 4018 quomodo
2577 3945 2636 4000 in
2685 3944 2830 3999 mari
2879 3947 3019 4000 sunt
3061 3943 3311 4015 reptilia,
3345 3959 3595 4014 quorum
3637 3960 3754 4000 non

2109 4039 2198 4090 est
2227 4033 2548 4090 numerus?
2579 4034 2644 4088 Et
2673 4033 2864 4104 pisces
2897 4036 3018 4087 tam
3051 4032 3303 4102 majores
3334 4047 3511 4102 quam
3560 4031 3756 4088 mino-

2110 4140 2201 4179 res
2236 4141 2248 4179 :
2284 4123 2576 4194 quomodo
2620 4120 2740 4175 sint
2770 4121 2829 4184 in
2860 4119 3170 4191 profundo,
3205 4119 3426 4176 et-inde
3457 4123 3762 4177 resumant

2107 4211 2307 4277 vitam,
2358 4209 2457 4265 ubi
2509 4209 2558 4264 si
2609 4208 2782 4264 homo
2831 4208 3124 4274 ceciderit,
3177 4209 3442 4279 moritur,
3473 4213 3529 4264 et
3558 4209 3670 4282 ipsi
3709 4210 3760 4266 si
3806 4269 3809 4273 ,

2107 4298 2372 4355 venerint
2401 4298 2459 4353 in
2491 4303 2666 4368 terra,
2701 4297 3074 4353 moriuntur?
3107 4296 3263 4352 «Illic
3292 4313 3470 4353 naves
3501 4301 3761 4370 pertran-

2109 4389 2330 4446 sibunt.
2369 4410 2395 4437 »
2427 4387 2569 4452 Quis
2601 4405 2668 4442 ex
2700 4386 2866 4443 nobis
2899 4390 2987 4441 est
3017 4385 3181 4441 navis
3213 4385 3376 4442 fortis
3427 4386 3526 4459 qui
3575 4387 3764 4458 possit

2109 4477 2270 4533 istud
2304 4476 2588 4533 saeculum
2620 4477 2820 4548 fugere
2850 4479 2906 4530 et
2938 4492 3052 4530 non
3082 4474 3495 4546 submergatur
3525 4477 3627 4530 aut
3673 4474 3759 4529 of-

2109 4567 2309 4622 fendat
2339 4567 2397 4621 in
2431 4569 2655 4637 petram
2690 4583 2702 4620 :
2737 4565 2838 4619 sed
2872 4563 3085 4620 habeat
3114 4579 3355 4620 sensum
3377 4562 3478 4636 qui
3498 4579 3633 4620 eum
3655 4579 3760 4637 gu-

2108 4656 2332 4722 bernet,
2365 4659 2428 4708 ut
2458 4653 2643 4726 possit
2677 4650 2874 4707 salvus
2904 4650 3048 4707 ﬁeri.

2185 4769 2204 4794 ι
2240 4744 2424 4799 Draco
2457 4743 2564 4798 iste
2595 4757 2768 4813 quem
2799 4741 3066 4797 formasti
3097 4741 3170 4797 ad
3217 4741 3587 4799 illudendum
3620 4743 3692 4799 ei.
3723 4762 3750 4796 ι

2107 4832 2294 4889 Judaei
2328 4832 2552 4896 dicunt,
2586 4831 2896 4886 draconem
2925 4847 3206 4904 magnum
3254 4831 3391 4887 fecit
3438 4831 3613 4901 Deus,
3656 4831 3756 4904 qui

2107 4921 2322 4977 dicitur
2367 4919 2694 4986 Leviathan,
2755 4923 2811 4975 et
2867 4923 2955 4977 est
3009 4919 3070 4976 in
3126 4920 3275 4976 mari
3327 4937 3340 4974 ε
3392 4923 3450 4975 et
3498 4920 3754 4991 quando,

2107 5011 2292 5077 aiunt,
2324 5009 2542 5065 recedit
2588 5009 2878 5078 Oceanus,
2905 5010 3078 5065 draco
3126 5007 3390 5064 vertitur.
3418 5007 3533 5063 Nos
3559 5011 3755 5064 autem

2107 5101 2372 5156 dicamus
2407 5117 2418 5154 :
2457 5101 2569 5156 iste
2602 5103 2689 5156 est
2716 5100 2910 5170 draco,
2961 5098 3061 5170 qui
3107 5099 3178 5151 de
3220 5095 3489 5168 paradiso
3533 5096 3756 5167 ejectus

2106 5195 2212 5257 est,
2247 5189 2343 5260 qui
2378 5188 2606 5261 decepit
2635 5189 2812 5244 Evam
2847 5205 2858 5242 ε
2894 5191 2950 5242 et
2973 5187 3146 5242 datus
3176 5189 3265 5241 est
3293 5183 3352 5240 in
3383 5184 3492 5240 hoc
3532 5186 3754 5242 mundo

2108 5280 2178 5335 ad
2224 5278 2593 5334 illudendum
2625 5277 2813 5333 nobis.
2847 5277 3104 5341 Quantos
3143 5274 3300 5330 enim
3351 5273 3666 5330 monachos
3699 5279 3758 5331 et

2105 5368 2346 5424 clericos
2387 5364 2786 5441 praecipitavit.
2822 5388 2848 5414 «
2882 5362 3091 5420 Omnia
3137 5380 3171 5417 a
3220 5366 3275 5417 te
3322 5365 3659 5433 exspectant
3687 5365 3754 5418 ut

2107 5458 2208 5513 des
2240 5457 2355 5512 illis
2381 5473 2574 5512 eseam
2606 5454 2664 5509 in
2692 5458 2970 5524 tempore,
3001 5475 3027 5501 ››
3060 5457 3170 5508 etc.
3216 5451 3362 5516 Quia
3408 5450 3607 5507 omnia
3651 5451 3750 5508 Dei

2107 5551 2253 5602 nutu
2285 5546 2503 5600 vivunt.

2178 5636 2475 5690 «Auferes
2506 5631 2780 5704 spiritum
2829 5631 3090 5702 ipsorum
3141 5633 3197 5685 et
3243 5629 3534 5698 deﬁcient,
3587 5633 3644 5685 et
3691 5630 3750 5687 in

2106 5723 2403 5794 pulverem
2448 5737 2623 5778 suum
2671 5723 3051 5778 revertentur.
3090 5737 3117 5773 »δ
3171 5719 3751 5780 Consummationem
