4256 6592
562 449 578 506 Ι
594 446 708 506 203

2049 441 2462 502 APPENDIX.

3803 443 3957 506 1204

555 577 760 635 mundi
791 575 1086 650 signiﬁcat
1118 593 1130 634 ε
1165 576 1398 649 quando
1430 580 1715 649 praecepto
1747 575 1847 632 Dei
1881 575 2078 632 omnia
2109 591 2198 632 ex-
2227 576 2280 642 Α
2312 590 2418 631 nos
2448 578 2766 648 tempestas
2797 574 3088 648 opprimat
3118 591 3133 631 :
3166 589 3274 633 nec
3302 573 3361 631 in
3392 576 3617 647 petram
3649 575 3955 633 oﬁenderi-

554 665 1139 734 terminantur,sicut
1169 666 1453 737 scriptum
1485 669 1573 721 est
1604 683 1615 720 :
1651 667 1811 720 Terra
1839 681 1896 721 es
1924 670 1974 721 et
2005 667 2066 720 in
2091 673 2196 720 ter-

554 772 677 811 ram
707 757 814 810 ibis
843 756 995 826 (Gen.
1029 773 1112 825 III,
1150 756 1256 823 19).

633 869 653 893 ι
691 844 898 899 Emitte
928 844 1199 915 spiritum
1232 848 1400 899 tuum
1433 848 1487 899 et
1517 844 1894 898 creabuntur.
1937 866 1962 893 ››
2000 845 2061 898 In
2107 844 2202 900 die

553 933 1099 990 consummationis.
1133 933 1190 988 Si
1225 933 1466 1004 spiritus
1499 936 1652 987 creat
1682 949 1695 986 ε
1733 948 1867 1003 ergo
1899 931 2053 987 Deus
2091 937 2197 987 est.

551 1022 636 1077 Ita
665 1022 821 1077 enim
854 1026 1031 1088 creat,
1064 1022 1356 1093 quomodo
1387 1025 1442 1075 et
1468 1021 1653 1075 Pater.

622 1135 648 1160 ε(
682 1099 774 1166 εἶδ’
815 1110 999 1184 gloria
1046 1110 1275 1166 Domini
1323 1111 1381 1164 in
1432 1109 1733 1164 saeculum.
1772 1131 1798 1157 ››
1831 1113 1976 1182 Ergo
2009 1115 2065 1165 et
2094 1126 2199 1165 nos

550 1199 651 1272 qui
683 1199 1100 1272 gloriﬁcamus,
1152 1198 1493 1269 sempiterni
1540 1197 1780 1253 erimus.
1820 1219 1846 1246 ‹‹
1890 1199 2202 1254 Laetabitur

546 1289 826 1344 Dominus
857 1289 915 1342 in
947 1287 1221 1358 operibus
1253 1287 1398 1342 suis.
1435 1310 1462 1335 ››
1498 1285 1724 1341 Laetitia
1763 1291 1852 1342 est
1899 1287 2054 1341 enim
2091 1291 2198 1342 Do-

545 1377 710 1444 mini,
764 1377 997 1446 quando
1046 1393 1150 1431 nos
1199 1380 1465 1430 creatura
1523 1375 1734 1447 ipsius,
1795 1375 2200 1432 benedicimus

539 1482 674 1521 eum
707 1465 765 1520 in
799 1465 891 1520 die
921 1464 1385 1520 resurrectionis.

615 1553 780 1618 «Qui
816 1553 1051 1624 respicit
1098 1557 1336 1619 terram,
1385 1558 1441 1608 et
1489 1553 1627 1608 facit
1674 1569 1802 1608 eam
1853 1557 2120 1608 tremere.
2171 1578 2197 1602 ››

545 1643 780 1699 Tremet
810 1643 968 1698 enim
999 1647 1153 1697 terra
1193 1647 1393 1697 nostra
1423 1641 1480 1697 in
1514 1643 1607 1697 die
1631 1642 1860 1712 judieii.
1896 1643 2201 1715 Signiﬁcat

548 1738 745 1788 autem
780 1735 1109 1803 peccatores
1139 1736 1419 1786 terrenos.
1462 1752 1481 1782 ι
1516 1731 1622 1794 Qui
1654 1731 1841 1802 tangit
1873 1737 2100 1787 montes
2145 1737 2201 1786 et

549 1821 858 1892 fumigant.
889 1842 908 1870 ι
946 1820 1005 1874 Si
1039 1825 1267 1875 montes
1299 1821 1608 1890 fumigant,
1635 1825 1853 1891 quanto
1886 1821 2074 1892 magis
2094 1827 2201 1876 ter-

2312 681 2444 720 mus
2473 669 2528 720 et
2558 667 2895 738 frangamus
2926 681 3133 721 navem
3164 668 3450 736 nostram,
3475 679 3796 735 possumus
3827 681 3958 722 nar-

2243 761 2250 767 '
2311 769 2437 809 rare
2465 753 2755 810 mirabilia
2783 753 2978 809 Dei.Et
3007 769 3204 808 revera
3224 754 3444 826 grande
3469 751 3820 809 miraculum
3844 759 3953 824 est,

2312 843 2558 899 transire
2589 844 2877 899 mundum
2907 841 3086 897 istum
3129 841 3254 898 sine
3287 840 3536 897 macula.
3572 864 3600 890 ‹‹
3643 842 3954 900 Laudami-

2312 931 2370 986 ni
2403 932 2461 986 in
2493 931 2727 987 nomine
2759 936 2958 986 sancto
2992 931 3138 1002 ejus.
3167 953 3193 978 ››
3220 930 3531 1002 Prophetat
3560 931 3718 986 enim
3748 932 3818 988 de
3849 950 3955 1005 po-

2311 1019 2447 1092 pulo
2476 1020 2806 1092 gentilium.
2833 1020 2949 1075 Hoc
2980 1023 3162 1086 est,ut
3191 1018 3379 1075 simus
3410 1023 3468 1074 et
3494 1035 3768 1075 vocemur
3792 1021 3953 1078 Chri-

2311 1108 2514 1174 stiani,
2546 1125 2615 1164 ex
2646 1108 2880 1166 nomine
2909 1107 3144 1165 Domini
3177 1107 3361 1164 nostri
3390 1109 3526 1164 Jesu
3557 1108 3791 1167 Christi.

2383 1221 2410 1248 «
2446 1198 2696 1253 Laetetur
2721 1215 2819 1255 cor
2845 1195 3228 1270 quaerentium
3261 1197 3632 1253 Dominum.»
3656 1197 3956 1256 Gaudeant

2311 1287 2581 1342 monachi
2600 1305 2612 1342 :
2633 1287 2913 1358 quoniam
2937 1284 3322 1358 quaerentium
3348 1286 3663 1342 Dominum
3689 1285 3956 1344 laetantur

2310 1377 2505 1432 corda.
2539 1376 2599 1431 Si
2631 1376 3017 1448 quaerentium
3052 1392 3065 1429 :
3099 1379 3321 1447 quanto
3375 1375 3561 1446 magis
3610 1393 3810 1432 eorum
3852 1377 3953 1448 qui

2310 1464 2618 1520 inveniunt
2646 1464 2821 1520 eum?
2851 1464 2957 1530 Qui
2989 1464 3145 1520 enim
3178 1480 3312 1519 eum
3343 1463 3666 1534 inveniunt,
3692 1465 3956 1522 immobi-

2310 1551 2394 1608 les
2427 1556 2584 1608 sunt.
2629 1574 2659 1603 ‹‹
2709 1553 2956 1618 Quzerite
2986 1553 3304 1609 Dominum
3335 1557 3391 1608 et
3422 1553 3873 1610 conﬁrmamini.
3929 1577 3950 1604 ι

2311 1646 2640 1713 Antequam
2693 1659 3022 1714 quaeremus
3066 1642 3402 1708 Dominum,
3433 1641 3652 1698 inﬁrmi
3700 1660 3955 1701 eramus.

2307 1730 2472 1787 Nunc
2504 1735 2695 1787 autem
2729 1735 3074 1803 quaerentes,
3110 1731 3262 1787 ﬁrmi
3311 1736 3368 1786 et
3419 1732 3596 1788 fortes
3635 1749 3862 1789 sumus.
3895 1733 3955 1789 Si
4050 1798 4060 1810 ‘

2308 1825 2503 1876 autem
2563 1825 2620 1875 et
2677 1821 3073 1876 invenerimus
3121 1837 3134 1874 :
3195 1825 3414 1892 quanto
3470 1821 3654 1894 magis
3715 1822 3954 1893 perfecti

551 1910 653 1965 ra?
683 1909 878 1964 Sancti
936 1909 1227 1980 fumigant
1261 1925 1272 1962 :
1306 1909 1584 1979 quoniam
1616 1926 1818 1965 omnes
1851 1926 1952 1981 per
2002 1911 2195 1982 ignem
2231 1943 2276 2008 Β
2307 1909 2567 1965 erimus?
2607 1932 2634 1958 «
2668 1909 2913 1973 Qumrite
2945 1909 3151 1964 faciem
3185 1911 3312 1982 ejus
3343 1925 3590 1983 semper.
3626 1933 3654 1960 »
3697 1911 3955 1966 Hebraeis

548 1997 924 2054 salvabimur.
958 1997 1082 2053 Non
1116 1997 1270 2052 enim
1303 1997 1584 2053 haberent
1615 1999 1866 2070 fumum,
1901 1999 2012 2054 nisi
2048 1999 2200 2070 ignis

548 2092 722 2143 esset.

618 2199 647 2225 ‹‹
696 2176 957 2232 Cantabo
1008 2175 1256 2232 Domino
1306 2176 1361 2230 in
1413 2175 1528 2230 vita
1577 2193 1726 2244 mea,
1776 2176 2029 2247 psallam
2086 2177 2201 2233 Deo

550 2283 677 2321 meo
711 2265 970 2336 quandiu
1022 2282 1174 2320 sum.
1232 2288 1258 2314 »
1311 2265 1815 2330 Quemadmodum
1845 2269 1900 2320 et
1943 2264 2078 2320 alibi
2112 2266 2198 2320 di-

545 2354 632 2409 xit
666 2370 677 2408 :
707 2355 930 2408 Dimitte
979 2369 1065 2408 mc
1108 2356 1168 2407 ut
1213 2356 1515 2424 refrigerer
1548 2355 1875 2425 priusquam
1904 2355 2117 2422 abeam,
2151 2359 2204 2410 et

551 2443 791 2514 amplius
821 2457 934 2497 non
963 2458 1053 2497 ero
1084 2443 1258 2511 (Psal.
1288 2459 1518 2507 XXXVIII,
1540 2443 1647 2512 1-4).
1679 2442 1909 2498 Dimitte
1943 2459 2033 2498 me
2065 2460 2204 2514 pau-

555 2530 744 2588 lulum
775 2531 1076 2601 temporis,
1109 2535 1171 2585 ut
1191 2547 1360 2602 agam
1385 2532 1784 2602 paenitentiam
1817 2548 1919 2603 pro
1955 2532 2204 2603 peccatis

560 2620 707 2676 meis
742 2637 754 2673 :
789 2619 1068 2691 quoniam
1096 2619 1154 2673 in
1186 2619 1411 2674 inferno
1434 2636 1548 2676 non
1583 2625 1670 2675 est
1691 2621 1788 2688 qui
1823 2621 2008 2692 possit
2030 2621 2206 2677 conﬁ-

557 2709 662 2764 teri
698 2711 936 2781 peccata
969 2725 1096 2763 sua.

631 2821 660 2847 «
691 2797 1031 2854 Jucundum
1065 2797 1143 2853 sit
1174 2796 1224 2853 ei
1257 2797 1557 2869 eloquium
1589 2815 1841 2854 meum.»
1864 2799 2204 2855 Jucundum

556 2887 630 2943 sit
659 2886 709 2942 ei
742 2891 807 2941 ut
837 2886 1043 2941 merito
1078 2885 1290 2957 aliquis
1325 2887 1508 2958 possit
1535 2886 1773 2942 laudare
1803 2892 1862 2942 et
1900 2887 2202 2943 benedice-

555 2993 616 3030 re
658 2975 864 3029 Deum.
898 2973 1163 3045 Optativo
1221 2975 1393 3030 modo
1447 2975 1614 3042 dixit,
1665 2992 1779 3030 non
1838 2975 2202 3047 imperativo.

561 3085 582 3113 ι
617 3065 735 3135 Ego
766 3079 900 3118 vero
931 3062 1262 3118 delectabor
1292 3063 1349 3118 in
1381 3063 1647 3120 Domino.
1682 3086 1709 3113 »
1746 3065 1904 3120 Beati
1947 3063 2047 3135 qui
2076 3068 2208 3136 post

548 3151 842 3222 judicium
875 3151 985 3206 hoc
1015 3150 1235 3206 dicunt.

632 3265 658 3289 ‹‹
696 3239 978 3296 Deﬁciant
1033 3248 1362 3312 peceatores
1443 3259 1475 3296 a
1532 3245 1704 3296 terra.
1743 3264 1769 3290 ››
1810 3241 1933 3297 Non
1967 3241 2112 3297 dixit
2144 3246 2206 3298 ut

558 3335 888 3403 peccatores
920 3333 1177 3402 pereant,
1231 3331 1330 3385 sed
1381 3330 1575 3402 ipsum
1627 3336 1951 3402 peccatum,
1987 3336 2050 3386 ut
2087 3348 2203 3387 non
2235 3308 2278 3376 θ

557 3425 853 3492 appareat.
890 3420 1124 3475 Peccato
1151 3423 1344 3474 autem
1378 3436 1492 3474 non
1523 3421 2206 3492 apparente,utiquejam

562 3526 677 3565 non
711 3513 849 3565 sunt
879 3512 1210 3580 peccatores
1239 3525 1251 3561 :
1277 3509 1375 3564 sed
1410 3509 1780 3580 omnesjusti
1817 3509 2204 3565 invenientur.

558 3600 620 3653 Et
654 3599 832 3670 iniqui
861 3599 935 3652 ita
967 3605 1024 3651 ut
1053 3613 1164 3652 non
1192 3599 1323 3652 sint.
1358 3597 1590 3653 Scilicet
1620 3597 1826 3668 iniqui,
1857 3599 1956 3654 sed
1990 3599 2151 3669 iusti.

1133 3720 1457 3776 PSALMUS
1497 3721 1635 3776 CIV.

559 3812 821 3866 Alleluia.
853 3810 966 3863 Iste
999 3808 1260 3882 pslamus
1293 3809 1544 3882 maxime
1573 3811 1806 3882 Patrum
1829 3811 2081 3882 replicat
2118 3811 2207 3866 hi-

629 3882 869 3937 storiam
910 3899 922 3935 :
955 3881 1054 3934 sed
1088 3879 1470 3954 spiritualiter
1498 3881 1670 3954 debet
1700 3879 1966 3954 intelligi.
1999 3884 2210 3938 Omnia

627 3954 782 4009 enim
818 3970 944 4023 quae
977 3953 1394 4024 contingebant
1420 3953 1842 4023 antiquitus,in
1868 3953 2057 4025 figura
2076 3971 2206 4010 con-

626 4025 950 4096 tingebant,
987 4029 1051 4078 ut
1079 4041 1183 4079 nos
1215 4025 1583 4078 erudiremur
1611 4026 1659 4094 (I
1688 4025 1808 4079 Cor.
1842 4043 1896 4089 X,
1929 4026 2036 4096 11).

629 4156 656 4184 α
688 4131 1056 4186 Conﬁtemini
1088 4131 1356 4199 Domino,
1391 4135 1447 4186 et
1479 4131 1738 4187 invocate
1769 4148 1980 4188 nomen
2012 4133 2207 4204 ejus.»

555 4218 926 4276 Conﬁtemini
959 4223 1016 4273 et
1045 4219 1216 4274 dicite
1249 4236 1261 4272 :
1297 4218 1574 4290 quoniam
1606 4224 1935 4290 peccatores
1977 4237 2205 4276 sumus.

557 4309 643 4365 Tu
678 4314 874 4364 autem
910 4307 1259 4373 misericors,
1304 4311 1359 4361 et
1409 4307 1700 4362 misereris
1743 4307 1929 4362 nobis.
1965 4332 1990 4357 ‹‹
2027 4311 2095 4364 Et
2127 4310 2209 4365 in-

554 4403 754 4454 vocate
801 4413 1013 4452 nomen
1067 4397 1214 4466 ejus.
1261 4417 1288 4443 ››
1321 4395 1395 4449 Ut
1445 4411 1555 4449 non
1611 4396 1900 4467 ﬁngamus
1950 4397 2104 4453 idola
2149 4399 2206 4454 in

554 4487 830 4541 cordibus
850 4485 1089 4551 nostris,
1107 4485 1205 4539 sed
1228 4482 1542 4538 Dominum
1563 4487 1827 4538 nostrum
1851 4485 2204 4548 invocemus,

552 4578 608 4630 et
639 4575 763 4646 ipse
795 4575 902 4629 erit
936 4573 1256 4644 redemptio
1309 4577 1526 4627 nostra.
1581 4596 1606 4622 ί.
1661 4573 2015 4630 Annuntiate
2058 4575 2209 4632 inter

2309 1999 2545 2070 quidem
2579 1999 2862 2070 scriptum
2894 2003 3002 2066 est,
3041 2004 3104 2054 ut
3134 2003 3221 2055 ter
3250 1999 3307 2054 in
3341 2017 3492 2056 anno
3523 2003 3839 2072 appareant
3866 2017 3958 2056 eo-

2311 2105 2436 2144 ram
2468 2088 2710 2145 Domino
2739 2087 2930 2157 (Exod.
2963 2105 3122 2158 XXIII,
3159 2089 3267 2159 17).
3301 2092 3364 2143 Et
3393 2105 3522 2160 qua
3559 2089 3794 2159 justitia
3833 2089 3954 2146 haec

2311 2181 2436 2232 erat
2467 2193 2479 2230 :
2515 2176 2654 2248 quid
2685 2181 2881 2232 autem
2913 2176 3132 2248 grande
3162 2175 3382 2248 aliquid
3415 2175 3724 2246 faciebant,
3766 2181 3852 2232 ter
3894 2177 3953 2232 in

2311 2283 2463 2322 anno
2491 2283 2765 2337 apparere
2798 2265 2855 2320 in
2886 2269 3200 2336 conspectu
3233 2264 3377 2320 Dei?
3426 2265 3511 2320 Ibi
3565 2265 3637 2320 ad
3687 2265 3956 2338 parvulos

2313 2353 2660 2426 loquebatur
2691 2371 2702 2408 :
2734 2353 2828 2409 hic
2860 2359 3052 2410 autem
3086 2353 3374 2426 Propheta
3403 2353 3545 2410 dicit
3587 2355 3957 2412 credentibus

2311 2440 2370 2495 in
2401 2441 2607 2508 Deum,
2640 2457 2870 2512 semper
2899 2458 3032 2496 eum
3065 2458 3340 2512 quaerere,
3375 2442 3873 2513 quemadmodum
3903 2447 3959 2500 et

2314 2530 2371 2586 in
2407 2529 2713 2601 Evangelio
2748 2531 3030 2602 scriptum
3053 2534 3142 2586 est
3174 2549 3186 2585 :
3223 2531 3354 2586 Sine
3382 2532 3785 2588 intermissione
3813 2538 3958 2588 orate

2314 2620 2360 2689 (1
2395 2618 2577 2673 Thess.
2611 2636 2666 2686 v,
2698 2618 2808 2688 17).

2385 2711 2790 2763 «Mementote
2840 2707 3195 2763 mirabilium
3251 2709 3380 2780 ejus
3430 2724 3559 2781 qua
3613 2708 3766 2765 fecit.
3822 2732 3842 2758 ο
3893 2711 3953 2766 In

2314 2797 2576 2870 Egypto,
2610 2799 2665 2852 et
2695 2797 2751 2851 in
2787 2797 2935 2853 mari
2970 2797 3186 2868 Rubro,
3217 2801 3274 2854 et
3304 2797 3363 2852 in
3395 2798 3650 2856 deserto.

2387 2909 2414 2936 ‹‹
2445 2890 2650 2940 Semen
2684 2885 2982 2942 Abraham
3015 2886 3165 2941 servi
3198 2888 3326 2957 ejus
3359 2903 3372 2942 :
3407 2885 3512 2941 ﬁlii
3563 2886 3761 2956 Jacob,
3792 2887 3954 2944 electi

2315 2977 2463 3046 ejus.
2499 2997 2526 3024 »
2559 2974 2618 3029 Si
2650 2973 2784 3046 quis
2832 2979 2922 3029 est
2971 2989 3192 3040 semen,
3227 2991 3340 3030 non
3382 2975 3509 3046 jam
3543 2975 3718 3043 filius,
3751 2994 3954 3034 secun-

2316 3065 2456 3119 dum
2492 3064 2646 3135 quod
2679 3063 2738 3118 in
2773 3062 3082 3136 Evangelio
3109 3063 3393 3136 scriptum
3421 3069 3509 3120 est
3530 3081 3543 3120 :
3568 3065 3632 3120 Si
3649 3067 3756 3135 ﬁlii
3782 3067 3957 3122 Abra-

2316 3154 2444 3207 ham
2472 3155 2676 3219 essetis,
2708 3169 2874 3224 opera
2908 3154 3089 3224 patris
3120 3152 3285 3207 vestri
3311 3155 3565 3223 faceretis
3607 3157 3790 3223 (Joan.
3834 3172 3954 3224 VIII,

2316 3244 2426 3310 30).
2462 3242 2610 3314 Ergo
2651 3242 2806 3313 quod
2855 3240 3181 3313 gloriantur
3238 3258 3354 3297 non
3403 3246 3562 3307 sunt,
3595 3247 3652 3299 et
3681 3244 3730 3300 si
3762 3261 3956 3301 semen

2317 3334 2474 3387 sunt.
2507 3329 2666 3386 Servi
2698 3336 2838 3386 sunt
2863 3330 2972 3386 sub
3003 3330 3212 3387 timore
3242 3330 3564 3401 constituti,
3597 3348 3713 3388 non
3742 3333 3957 3389 haben-

2317 3422 2403 3475 tes
2435 3420 2747 3491 perfectam
2781 3418 3120 3476 charltatem
3146 3437 3276 3492 quae
3303 3420 3456 3476 foras
3486 3420 3668 3477 mittit
3693 3421 3958 3478 timorem

2319 3510 2363 3579 (I
2389 3511 2548 3564 Joan.
2608 3525 2680 3576 Iv,
2724 3510 2832 3580 18).
2866 3509 2983 3564 Nos
3031 3507 3134 3563 ﬁlii
3187 3525 3394 3565 sumus
3438 3510 3638 3580 Jacob,
3687 3511 3814 3582 ejus
3861 3511 3960 3583 qui

2319 3597 2718 3670 supplantavit
2774 3598 3008 3653 fratrem
3042 3614 3239 3669 suum,
3271 3602 3329 3654 et
3353 3597 3490 3654 tulit
3513 3597 3808 3670 primitiva
3837 3601 3963 3672 ejus

2318 3687 2482 3758 (Gen.
2529 3703 2706 3754 xxvn,
2736 3688 3030 3758 21seqq.).
3079 3685 3242 3742 Multi
3293 3690 3489 3743 autem
3541 3692 3746 3759 vocati,
3791 3688 3958 3761 pauci

2316 3791 2448 3830 vero
2478 3774 2642 3831 electi
2673 3776 2898 3846 (Matth.
2929 3793 3021 3842 xx,
3056 3775 3163 3846 16).

2389 3887 2416 3912 ‹‹
2451 3865 2520 3919 Et
2558 3863 3026 3935 pertransierunt
3055 3864 3125 3920 de
3155 3867 3325 3936 gente
3355 3863 3414 3919 in
3445 3868 3697 3938 gentem.
3733 3887 3760 3915 n
3794 3864 3957 3922 Multi

2318 3956 2527 4025 putant
2557 3953 2711 4024 quod
2767 3953 2839 4008 de
2886 3952 3217 4024 captivitate
3247 3952 3404 4009 dicat
3444 3953 3799 4010 Judaeorum.
3831 3955 3957 4010 Non

2318 4047 2406 4098 est
2466 4041 2563 4097 ita.
2614 4042 2694 4098 De
2743 4041 3034 4096 Abraham
3091 4042 3247 4097 enim
3296 4041 3439 4097 dicit
3472 4059 3485 4097 :
3521 4041 3668 4098 Exiit
3698 4043 3769 4098 de
3807 4048 3962 4099 terra

2317 4131 2740 4202 Chaldaeorum,
2773 4135 2829 4186 et
2858 4129 3014 4186 venit
3043 4130 3101 4186 in
3133 4131 3631 4203 Mesapotamiam,
3657 4135 3713 4187 et
3750 4131 3822 4186 de
3853 4137 3962 4188 Me-

2317 4221 2643 4292 sopotamia
2673 4220 2732 4275 in
2766 4223 2977 4275 terram
3011 4219 3502 4291 repromissionis,
3543 4224 3600 4276 et
3643 4219 3852 4277 iterum
3902 4220 3961 4276 in

2316 4314 2650 4382 Egyptum.
2689 4332 2715 4358 ‹‹
2750 4309 2818 4364 Et
2850 4309 2919 4364 de
2951 4325 3128 4380 regno
3181 4309 3251 4364 ad
3303 4307 3587 4381 populum
3631 4307 3899 4364 alterum.
3935 4332 3956 4358 »

2317 4399 2500 4454 Multa
2532 4415 2710 4471 regna
2741 4397 3085 4465 transimus,
3116 4401 3182 4453 ut
3210 4398 3617 4471 perveniamus
3648 4397 3719 4454 ad
3750 4401 3962 4454 terram

2317 4487 2809 4559 repromissionis.

2391 4602 2417 4628 «
2449 4579 2573 4633 Non
2606 4575 2874 4649 permisit
2923 4575 3223 4632 hominem
3273 4591 3479 4632 nocere
3507 4575 3609 4632 eis.
3648 4598 3674 4625 ››
3706 4575 3955 4632 Pharao-

551 4669 755 4736 genlcs
787 4679 962 4734 opera
993 4665 1139 4732 ejus.
1181 4684 1200 4711 ι»
1240 4661 1596 4717 Erubescant
1623 4662 1809 4718 Judaei
1858 4665 1958 4735 qui
2003 4664 2205 4720 dicunt
2237 4681 2282 4744 Ι)
2315 4686 2469 4735 nem,
2505 4671 2568 4722 ut
2599 4671 2832 4722 noceret
2882 4665 3176 4721 Abraham
3211 4665 3268 4720 in
3299 4669 3463 4734 Sara,
3494 4681 3599 4720 nec
3630 4663 3952 4721 Abimelech

550 4753 609 4807 in
646 4751 823 4806 Israel
855 4756 1082 4806 tantum
1118 4753 1268 4806 tacta
1298 4768 1424 4805 esse
1458 4751 1750 4808 mirabilia
1771 4757 1826 4807 et
1856 4771 2030 4825 opera
2051 4757 2198 4826 ejus.

621 4866 648 4890 ‹‹
683 4841 920 4895 Cantate
951 4840 1022 4903 ei,
1057 4846 1112 4894 et
1142 4839 1370 4912 psallite
1411 4841 1482 4895 oi.
1536 4863 1561 4889 ››
1613 4841 1720 4906 Qui
1750 4842 2026 4916 intelligit
2069 4861 2202 4900 san-

546 4936 671 4988 ctas
702 4931 1055 5003 Scripturas,
1089 4933 1144 4984 et
1176 4930 1231 4984 in
1267 4929 1391 5001 lege
1424 4931 1650 4986 Domini
1684 4932 2000 4988 meditatur
2039 4935 2197 5006 jugi-

550 5027 636 5077 ter
665 5025 722 5077 et
778 5037 943 5075 mens
976 5019 1103 5089 ejus
1136 5019 1566 5090 contemplatur
1613 5019 1889 5088 caelestia,
1922 5022 2015 5078 hic
2046 5024 2202 5078 canit

547 5111 682 5167 Deo.
737 5111 843 5174 Qui
902 5114 1096 5164 autem
1157 5109 1331 5164 habet
1362 5109 1417 5162 in
1452 5127 1512 5164 se
1544 5126 1746 5165 omnes
1776 5109 2040 5180 virtutes,
2091 5112 2200 5167 hoc

547 5204 657 5263 est,
691 5199 990 5272 operarius
1024 5203 1110 5254 est
1141 5199 1276 5253 boni
1309 5199 1521 5270 operis,
1557 5198 1648 5252 hic
1681 5199 1849 5269 quasi
1899 5201 2198 5270 cytharam

547 5306 905 5360 componens
953 5289 1256 5355 virtutum,
1308 5287 1506 5358 psallit
1554 5286 1818 5342 Domino.
1879 5309 1904 5339 (ι
1961 5289 2200 5344 Narrate

548 5380 746 5433 omnia
776 5377 1068 5432 mirabilia
1097 5378 1243 5446 ejus.
1273 5400 1298 5425 ››
1333 5377 1394 5430 In
1428 5375 1747 5430 centesimo
1780 5381 1939 5430 sexto
1974 5378 2200 5448 psalmo

548 5468 689 5522 dicit
721 5485 734 5522 :
779 5467 884 5532 Qui
931 5467 1296 5520 descendunt
1345 5482 1504 5519 mare
1536 5465 1592 5518 in
1625 5465 1890 5536 navibus,
1925 5466 2201 5521 facientes

549 5556 946 5626 Operationem
981 5555 1035 5609 in
1070 5555 1240 5624 aquis
1273 5554 1496 5609 multis.
1555 5554 1666 5623 Ipsi
1717 5553 1986 5609 viderunt
2028 5572 2202 5626 opera

551 5641 871 5708 DouIini,et
905 5643 1194 5698 mirabilia
1244 5644 1372 5713 ejus
1422 5643 1478 5696 in
1533 5643 1840 5713 profundo.
1875 5644 1932 5698 Si
1980 5644 2037 5698 in
2071 5645 2200 5699 navi

554 5734 752 5785 nostra
799 5733 1078 5802 corporali
1133 5731 1538 5787 transierimus
1590 5730 1774 5802 illaesi,
1807 5739 1863 5788 et
1908 5750 2198 5804 nusquam

2315 4759 2474 4814 Isaac
2507 4757 2566 4812 in
2595 4757 2854 4812 Rebecca
2887 4754 3035 4826 (Gen.
3069 4771 3173 4821 XII,
3207 4754 3270 4809 15
3297 4757 3354 4808 et
3379 4770 3531 4820 XXVI,
3557 4753 3633 4824 7).
3679 4756 3740 4810 Et
3787 4756 3956 4810 corri-

2309 4849 2433 4920 puit
2460 4863 2563 4918 pro
2594 4847 2672 4902 eis
2703 4861 2872 4914 reges.
2910 4844 2977 4898 Et
3008 4843 3264 4915 idipsum
3319 4843 3480 4911 dicit,
3514 4842 3872 4899 Pharaonem
3903 4847 3960 4899 et

2308 4935 2663 4994 Abimelech.

2384 5050 2410 5075 ‹‹
2447 5023 2632 5080 Nolite
2661 5027 2901 5095 tangere
2930 5020 3181 5078 christos
3221 5037 3402 5088 meos,
3451 5025 3508 5076 et
3556 5020 3612 5076 in
3661 5020 3958 5094 prophetis

2311 5114 2457 5170 meis
2491 5111 2668 5167 nolite
2701 5111 3029 5184 malignari.
3067 5134 3095 5158 »
3129 5114 3204 5166 De
3231 5110 3377 5182 ipsis
3407 5109 3756 5182 patriarchis
3788 5110 3953 5166 dicit:

2309 5204 2667 5258 Erubescant
2717 5217 2852 5271 ergo
2900 5200 3104 5268 Judaei,
3156 5197 3255 5270 qui
3303 5198 3528 5268 dicunt,
3579 5199 3853 5270 quoniam
3903 5198 3955 5254 i

2309 5309 2422 5348 non
2455 5290 2666 5362 aliquis
2693 5296 2950 5362 ungatur
2998 5285 3174 5360 regali
3226 5292 3545 5360 unguento,
3598 5305 3712 5344 non
3767 5290 3957 5360 potest

2310 5381 2579 5438 Christus
2610 5379 2821 5435 vocari.
2859 5379 2975 5434 Hoc
3005 5376 3160 5432 enim
3193 5376 3398 5433 dicunt
3429 5377 3704 5450 quoniam
3757 5377 3952 5433 Domi-

2311 5488 2422 5525 nus
2456 5475 2654 5525 noster
2685 5485 2796 5524 non
2831 5471 2919 5522 est
2948 5466 3236 5535 Christus,
3273 5467 3411 5540 quia
3451 5485 3564 5523 non
3610 5471 3697 5523 est
3743 5470 3958 5522 unctus

2313 5561 2609 5627 unguento
2641 5555 2840 5627 regali.
2875 5554 3018 5608 Ecce
3049 5559 3182 5610 ante
3214 5553 3398 5628 legem
3449 5554 3791 5627 patriarcha:
3839 5570 3954 5610 non

2313 5647 2472 5702 uncti
2522 5645 2698 5717 regali
2751 5647 3072 5714 unguento,
3123 5643 3327 5701 christi
3375 5644 3654 5701 dicuntur
3700 5662 3712 5699 :
3753 5643 3959 5700 christi

2314 5740 2508 5792 autem
2541 5738 2679 5792 sunt
2709 5731 2806 5803 qui
2839 5731 3061 5803 Spiritu
3116 5737 3318 5790 sancto
3369 5738 3696 5805 unguntur.
3723 5733 3870 5805 Ergo
3900 5738 3960 5789 et
