4256 6586
278 474 302 536 1
315 475 433 537 205

1452 475 1498 535 Β
1512 474 1944 537 REVIARIUM
1995 474 2073 535 IN
2120 475 2505 538 PSALMOS.

3416 418 3427 431 ο
3529 473 3684 538 1206

276 606 557 666 Dominus
603 610 804 666 noster
824 606 985 681 juste
1032 609 1272 665 vocatur
1318 605 1606 665 Christus.
1639 606 1802 673 Quod
1834 603 1919 663 illi
1947 607 2002 677 Α
2033 624 2165 667 nem
2198 607 2534 682 pertinebit,
2563 604 2662 682 qui
2688 601 3105 664 exterminator
3131 606 3241 672 est,
3264 618 3372 663 nec
3402 604 3475 663 ad
3505 603 3675 665 illum

275 702 509 771 negant,
543 702 748 755 euntes
778 701 979 754 contra
1009 698 1363 771 Scripturas.

347 810 373 835 ‹‹
406 787 477 842 Et
505 786 727 843 vocavit
756 785 970 842 famem
1003 803 1181 859 super
1210 791 1450 853 terram,
1477 809 1504 836 ››
1537 788 1760 860 Saepius
1790 803 1915 843 eve-

274 875 361 931 nit
395 881 459 931 ut
486 892 613 949 quae
640 879 926 947 putantur
954 875 1248 931 contraria
1276 892 1425 943 esse,
1449 875 1568 931 hmo
1599 876 1914 948 providen-

2028 700 2127 770 qui
2158 703 2389 755 tantum
2422 698 2691 772 princeps
2722 711 3041 768 coquorum
3073 697 3180 751 est.

2099 810 2127 839 ‹‹
2161 787 2475 845 Constituit
2502 804 2637 843 eum
2659 784 2972 841 Dominum
3005 784 3217 840 domus
3240 800 3379 840 suae.
3408 804 3437 832 »
3470 783 3667 841 Eccle-

2025 878 2121 932 siae
2153 879 2280 949 ejus
2311 875 2596 949 sanguine
2622 873 2940 946 acquisitm.
2975 896 3004 923 «
3024 873 3094 927 Et
3116 872 3438 945 principem
3472 873 3666 931 omnis

272 964 354 1020 tia
374 964 474 1021 Dei
506 981 609 1037 pro
642 964 889 1021 utilitate
910 965 1073 1021 ﬁant.
1110 964 1231 1020 Nisi
1263 965 1417 1020 enim
1460 965 1667 1021 fratres
1695 965 1911 1037 Joseph
2023 966 2413 1039 possessionis
2460 982 2600 1021 sum.
2638 986 2665 1013 n
2699 965 2885 1029 Quam
2918 979 2952 1018 a
2980 961 3199 1018 diaboli
3248 962 3536 1018 abstraxit
3565 979 3664 1036 po-

271 1051 443 1109 zelati
465 1053 718 1110 fuissent
745 1069 902 1121 eum,
926 1054 975 1109 si
1000 1070 1115 1109 non
1141 1053 1544 1109 vendidissent
1565 1070 1695 1109 eum
1725 1070 1737 1109 :
1773 1070 1912 1125 quo-

277 1143 446 1199 modo
495 1143 871 1199 descenderet
918 1143 977 1197 in
1024 1147 1337 1215 Egyptum
1377 1143 1406 1197 ?
1452 1142 1511 1196 Si
1560 1160 1672 1197 non
1724 1142 1911 1198 fames

2022 1059 2250 1110 testate.

2091 1166 2119 1194 ‹‹
2155 1147 2226 1198 Ut
2263 1143 2517 1199 erudiret
2556 1141 2849 1215 principes
2884 1157 3022 1197 suos
3060 1139 3212 1196 sicut
3252 1139 3658 1215 semetipsum,

266 1230 421 1286 facta
450 1231 677 1299 fuisset,
704 1232 997 1303 quomodo
1024 1231 1369 1303 patriarchae
1398 1232 1816 1287 descenderent
1845 1230 1905 1286 in
2016 1237 2073 1289 et
2103 1249 2272 1288 senes
2315 1233 2444 1304 ejus
2498 1230 2871 1303 prudentiam
2921 1230 3171 1286 doceret.
3206 1251 3235 1279 ››
3266 1229 3563 1302 Principes
3594 1246 3660 1287 ac

264 1324 599 1393 zEgyptum,
648 1324 705 1375 et
751 1323 1238 1392 cognoscerentur
1286 1338 1319 1375 a
1347 1320 1525 1376 fratre
1570 1320 1724 1376 suo?
1754 1320 1905 1384 Quo-

263 1409 434 1464 modo
465 1408 687 1464 Pharao
711 1413 1109 1480 percuteretur
1129 1410 1326 1464 decem
1352 1409 1540 1481 plagis
1556 1410 1583 1463 ?
1605 1409 1903 1472 Quomodo

2016 1322 2272 1378 seniores
2315 1324 2480 1377 erant
2527 1319 2878 1393 populorum
2924 1318 3187 1390 apostoli,
3220 1322 3277 1374 et
3317 1319 3409 1376 sui
3440 1337 3475 1375 a
3522 1335 3657 1392 pro-

2016 1412 2260 1484 prietate
2290 1410 2453 1476 dicti,
2488 1428 2601 1466 non
2648 1427 2682 1465 a
2733 1407 3083 1482 principatu,
3115 1424 3264 1480 quos
3295 1408 3422 1481 ipse
3469 1409 3654 1465 sacris

260 1497 484 1553 exirent
513 1498 582 1553 de
625 1502 868 1571 ngypto
890 1498 918 1552 ?
947 1498 1248 1562 Quomodo
1297 1499 1356 1553 in
1389 1516 1582 1554 eremo
1638 1498 1706 1553 de
1741 1502 1904 1569 petra
2012 1500 2264 1555 erudivit
2294 1499 2565 1571 eloquiis.
2591 1500 2737 1554 Nam
2768 1502 2825 1554 et
2846 1498 3004 1571 ipsos
3036 1498 3405 1555 sacerdotum
3436 1497 3652 1570 princi-

261 1585 485 1642 exirent
522 1603 687 1660 aquas
723 1604 734 1642 :
770 1588 1060 1659 quomodo
1102 1586 1380 1659 mysteria
1409 1604 1535 1659 ques
1567 1587 1625 1642 in
1676 1587 1901 1642 deserto

266 1675 419 1731 facta
448 1679 588 1731 sunt
606 1676 664 1731 in
688 1676 895 1748 figura,
919 1693 1026 1731 nos
1056 1692 1125 1731 ea
1145 1675 1527 1748 spiritualiter
1558 1674 1905 1749 intelligere-

261 1780 395 1820 mus
417 1763 445 1818 ?
473 1764 533 1819 Si
567 1781 683 1820 non
705 1764 889 1820 Judas
920 1765 1233 1820 Dominum
1257 1764 1641 1837 prodidisset:
1663 1782 1901 1836 quomo-

261 1852 333 1908 do
364 1868 471 1908 nos
517 1852 927 1909 salvaremur?
956 1854 1016 1909 Si
1051 1871 1165 1910 non
1215 1854 1401 1910 Judaei
1450 1853 1898 1923 cruciﬁxissent,

2012 1606 2112 1660 pes
2146 1606 2211 1644 ac
2242 1588 2592 1660 populorum
2615 1588 2874 1644 seniores
2898 1586 3113 1658 saepius
3137 1588 3373 1653 docens,
3400 1585 3653 1643 erudivit

2012 1677 2070 1732 in
2102 1676 2344 1749 templo,
2375 1694 2521 1751 cum,
2541 1677 2623 1732 eis
2656 1676 2882 1733 divinas
2914 1675 3141 1748 aperuit
3171 1675 3523 1748 Scripturas.

2082 1789 2109 1817 ‹‹
2145 1767 2212 1821 Et
2243 1766 2481 1822 intravit
2521 1764 2695 1822 Israel
2726 1765 2783 1820 in
2814 1766 3124 1838 {Egyptum
3174 1768 3230 1820 et
3256 1764 3431 1821 Jacob
3462 1764 3650 1821 incola

2008 1854 2119 1910 fuit
2148 1854 2207 1910 in
2236 1859 2391 1911 terra
2418 1854 2618 1910 Cham.
2657 1878 2677 1903 η
2712 1854 2918 1910 Omnis
2948 1852 3049 1925 qui
3081 1853 3318 1925 coeperit
3346 1853 3529 1910 Deum
3560 1853 3648 1909 vi-

258 1944 314 2040 et
342 1939 628 2040 increduli
669 1941 919 2040 fuissent
952 1959 965 1997 :
1000 1943 1295 2014 quomodo
1342 1959 1448 1998 nos
1479 1944 1899 2040 crederemus?
1930 1977 1976 2040 B
2009 1944 2142 1999 dere
2188 1944 2536 2040 .mente,“vel
2585 1943 2727 2040 vitia
2773 1940 3169 2040 supplantare,
3209 1941 3270 1996 in
3318 1940 3647 2040 tribulatio-

255 2028 471 2101 Joseph
521 2046 656 2102 ergo
709 2030 811 2086 ivit
856 2031 915 2087 in
947 2036 1277 2104 ngyptum,
1325 2048 1648 2104 prmparare
1695 2032 1892 2105 hospi-

255 2116 403 2174 tium
434 2122 493 2174 et
521 2119 804 2177 alimenta
834 2120 1115 2178 fratribus
1145 2121 1290 2176 suis.

329 2229 348 2254 ι
385 2206 544 2263 Misit
590 2213 722 2264 ante
768 2225 866 2265 eos
910 2209 1121 2265 virum.
1158 2232 1185 2259 ››
1219 2212 1415 2282 Ipsum
1470 2210 1608 2265 dicit
1654 2211 1890 2283 Joseph.

256 2316 282 2345 ‹‹
311 2299 377 2350 In
405 2311 639 2352 servum
669 2298 1038 2354 venundatus
1082 2302 1171 2355 est
1201 2299 1439 2370 Joseph.
1476 2321 1503 2347 ››
1538 2304 1689 2355 Bene
1720 2306 1895 2356 natus

250 2386 306 2439 et
335 2387 574 2440 sanctus
604 2386 694 2441 vir
722 2385 1009 2442 venditur.

326 2495 352 2525 ι
381 2474 848 2531 Humiliaverunt
865 2475 923 2530 in
947 2475 1329 2547 compedibus
1342 2476 1517 2547 pedes
1540 2478 1687 2547 ejus.
1708 2499 1734 2526 ››
1750 2477 1896 2542 Quia

249 2561 435 2617 uoluit
482 2563 809 2618 censentire
857 2564 1106 2619 dominae
1137 2565 1432 2637 zEgyptiaa.
1480 2587 1507 2613 ‹‹
1540 2565 1892 2622 Humiliave-

256 2654 398 2705 runt
427 2650 489 2706 in
532 2650 917 2724 compedibus
964 2653 1140 2724 pedes
1166 2654 1315 2724 ejus,
1349 2675 1377 2703 ››
1410 2653 1510 2709 sed
1542 2670 1656 2710 non
1690 2658 1892 2726 potue-

253 2739 711 2810 runtjustitiam
745 2740 1097 2797 humiliare:
1132 2742 1385 2798 sedecim
1417 2742 1573 2798 enim
1605 2761 1894 2801 annorum

254 2844 386 2884 cum
418 2831 589 2900 esset,
623 2829 931 2886 adamatus
960 2834 1049 2886 est
1078 2848 1111 2886 a
1141 2831 1398 2899 domina,
1422 2835 1480 2887 et
1507 2831 1567 2886 in
1598 2831 1699 2888 tali
1729 2838 1895 2890 (etate

256 2917 633 2987 constitutus,
659 2935 786 2991 qua:
819 2919 1006 2991 magis
1035 2919 1319 2991 voluptati
1351 2918 1549 2976 dedita
1578 2926 1684 2987 est,
1710 2921 1897 2977 noluit

251 3006 577 3064 consentire
614 3006 934 3080 iniquitati,
969 3009 1068 3065 sed
1118 3009 1306 3082 magis
1339 3009 1538 3064 timuit
1566 3010 1894 3081 periculum

254 3093 479 3151 animae.
520 3118 547 3146 «
578 3097 816 3153 Ferrum
864 3097 1201 3169 pertransiit
1231 3097 1489 3153 animam
1520 3099 1665 3167 ejus.
1704 3122 1730 3147 ››
1763 3100 1894 3156 Fer-

254 3199 384 3239 rum
408 3184 604 3256 ipsum
637 3184 779 3240 dicit
806 3190 1137 3256 peccatum,
1169 3186 1322 3257 quod
1368 3186 1582 3241 occidit
1611 3188 1890 3243 animum.

250 3269 452 3328 Aliter.
487 3271 633 3336 Quia
663 3272 722 3327 in
756 3272 1014 3344 periculo
1064 3278 1206 3342 erat,
1235 3278 1544 3330 accusatus
1592 3292 1626 3329 a
1658 3276 1894 3333 domina

2006 2048 2140 2087 nem
2172 2031 2493 2101 descendit,
2524 2036 2581 2087 et
2610 2032 2762 2087 inter
2797 2035 3000 2103 gentes
3032 2031 3304 2087 adversas
3334 2030 3645 2087 inhabitat.

2078 2143 2105 2169 ‹‹
2134 2122 2203 2177 Et
2231 2122 2391 2178 auxit
2416 2120 2698 2193 populum
2727 2136 2903 2176 suum
2933 2119 3322 2188 vehementer,
3356 2124 3415 2176 et
3444 2120 3647 2176 ﬁrma-

2004 2210 2086 2266 vit
2115 2227 2250 2266 eum
2282 2227 2460 2282 super
2479 2209 2748 2265 inimicos
2778 2210 2926 2280 ejus.
2961 2208 3292 2272 nQuouiam
3324 2208 3382 2263 in
3413 2213 3646 2282 septua-

2004 2299 2165 2371 ginta
2186 2298 2778 2371 quinque’animabus
2804 2298 3231 2353 descenderunt
3252 2298 3310 2353 in
3333 2298 3647 2371 Egyptum

2005 2388 2206 2460 (Exod.
2242 2405 2282 2457 ι,
2311 2388 2389 2459 5),
2414 2390 2470 2443 et
2501 2390 2771 2443 sexcenta
2793 2384 2978 2442 millia
3001 2386 3265 2443 exierunt
3289 2387 3361 2442 de
3381 2387 3646 2460 IEgypto.

2004 2478 2148 2534 Vide
2167 2476 2532 2550 mysterium.
2558 2476 2664 2542 Qui
2683 2475 2982 2545 quondam
3005 2480 3169 2532 erant
3186 2491 3432 2532 numero
3454 2475 3644 2533 brevi:

2004 2584 2160 2623 nunc
2214 2566 2390 2635 aucti,
2421 2568 2480 2621 et
2509 2565 2727 2620 ﬁrmati
2770 2564 3066 2621 dicuntur.
3101 2566 3401 2636 Augentur
3429 2567 3649 2632 autem,

2004 2660 2060 2712 et
2099 2656 2525 2710 confirmantur
2565 2652 2713 2724 justi
2763 2670 2797 2708 a
2842 2652 3108 2721 Domino,
3142 2667 3214 2708 ne
3261 2651 3347 2708 eis
3395 2654 3649 2709 adversa:

2004 2743 2351 2817 praevaleant
2381 2746 2720 2816 potestates.

2077 2857 2103 2883 ‹‹
2138 2831 2432 2889 Convertit
2461 2849 2559 2887 cor
2579 2846 2803 2898 eorum,
2829 2832 2893 2885 ut
2921 2829 3150 2888 odirent
3179 2829 3463 2903 populum
3494 2830 3645 2903 ejus,

2004 2926 2060 2978 et
2090 2922 2289 2978 dolum
2321 2923 2574 2976 facerent
2600 2920 2659 2974 in
2691 2919 2874 2975 servis
2895 2919 3042 2990 ejus.
3075 2940 3104 2969 »
3137 2917 3386 2988 Scilicet,
3418 2924 3484 2976 ut
3510 2935 3648 2977 con-

2002 3011 2424 3083 templarentur
2456 3008 2796 3081 iniquitates
2823 3024 3047 3064 eorum.

2077 3122 2104 3150 ‹‹
2138 3100 2297 3156 Misit
2326 3100 2562 3171 Moysen
2594 3113 2828 3153 servum
2861 3113 3059 3163 suum,
3089 3097 3281 3153 Aaron
3313 3086 3488 3170 quem
3532 3096 3649 3154 ele-

2004 3189 2089 3261 git
2119 3188 2338 3261 ipsum.
2376 3210 2402 3237 »
2434 3187 2645 3260 Legem
2678 3186 2881 3258 utique
2912 3189 2970 3241 et
2999 3184 3413 3242 sacerdotium.

2087 3296 2109 3325 α
2141 3276 2345 3332 Posuit
2365 3276 2425 3331 in
2455 3276 2539 3332 eis
2562 3275 2739 3330 verba
2768 3274 3072 3346 signorum
3099 3291 3342 3330 suorum
3365 3278 3423 3330 et
3452 3275 3649 3348 prodi-

246 3358 305 3414 in
338 3358 438 3414 tali
462 3343 1004 3416 crimine.Ardebat
1030 3360 1188 3416 enim
1209 3361 1447 3418 domina
1476 3362 1535 3415 in
1567 3380 1721 3429 eum,
1747 3363 1897 3418 sicut
1929 3343 1972 3409 Ο
2011 3365 2238 3437 giorum
2289 3365 2346 3419 in
2390 3375 2545 3419 terra
2590 3363 2791 3418 Cham.
2827 3343 2853 3412 ἶ
2901 3361 3166 3435 Attende,
3219 3379 3252 3417 o
3295 3343 3516 3432 Judes'e,
3549 3363 3652 3436 qui

207 3517 225 3530 .
245 3446 529 3519 scriptum
579 3450 668 3503 est
701 3466 714 3503 :
748 3470 776 3497 «
812 3448 1007 3505 Omnes
1051 3449 1440 3524 adulterantes,
1472 3454 1611 3507 sicut
1641 3452 1893 3507 clibanus

242 3537 404 3592 corda
434 3538 677 3609 ipsorum
708 3559 736 3585 »
785 3536 929 3609 (Ose.
963 3555 1063 3605 v11,
1096 3540 1170 3610 7).
1214 3562 1235 3588 ι
1274 3543 1463 3596 Donec
1515 3540 1737 3596 veniret
1765 3558 1890 3596 ver-

237 3624 379 3681 bum
408 3625 559 3696 ejus.
597 3647 624 3675 »
654 3616 910 3682 Verbum
943 3626 1131 3701 ipsius
1164 3627 1397 3684 Domini
1430 3629 1595 3697 dicit,
1629 3629 1730 3701 qui
1753 3645 1888 3685 eum

235 3711 523 3769 liberavit.

313 3826 334 3852 α
372 3802 686 3876 Eloquium
705 3804 939 3862 Domini
954 3805 1343 3863 inﬂammavit
1362 3822 1520 3862 eum.
1540 3829 1567 3855 ››
1589 3807 1709 3863 Nisi
1728 3806 1883 3863 enim

236 3890 642 3950 inflammatus
672 3898 825 3952 esset
846 3894 1065 3968 Spiritu
1099 3899 1321 3968 sancto,
1348 3913 1463 3951 non
1493 3901 1721 3968 poterat
1750 3896 1881 3952 libi-

235 3980 433 4037 dinem
462 3983 714 4040 vincere.
757 3984 1014 4056 Spiritus
1043 3985 1200 4041 enim
1232 3983 1463 4041 Domini
1496 3985 1883 4043 inflammavit

235 4086 392 4140 eum,
426 4074 484 4127 et
530 4071 850 4146 exstinguit
880 4073 1075 4146 ignem
1126 4074 1409 4133 libidinis.
1448 4097 1476 4125 «
1507 4075 1665 4132 Misit
1696 4094 1794 4132 rex
1825 4081 1881 4133 et

235 4158 408 4215 solvit
436 4177 593 4216 eum.
632 4183 655 4212 ι
690 4162 1025 4218 Secundum
1058 4162 1313 4219 litteram
1343 4163 1566 4220 Pharao
1601 4164 1784 4231 misit,
1824 4170 1881 4221 et

231 4246 407 4303 solvit
454 4264 610 4304 eum.
643 4248 827 4305 Aliter
858 4266 871 4304 :
903 4249 962 4305 Si
997 4250 1211 4324 aliquis
1261 4255 1521 4308 tentatur
1550 4270 1584 4307 a
1613 4252 1873 4326 libidine,

230 4335 346 4392 nisi
379 4334 663 4393 Dominus
693 4338 1030 4409 apparuerit
1058 4343 1115 4393 et
1152 4339 1387 4396 solverit
1413 4357 1546 4396 eum
1584 4357 1595 4397 :
1629 4359 1742 4398 non
1773 4360 1873 4415 po-

232 4429 350 4481 test
378 4425 630 4499 effugere
662 4430 989 4499 peccatum.
1023 4450 1051 4477 «
1082 4427 1244 4484 Misit
1273 4446 1390 4497 rex,
1423 4434 1479 4485 ct
1509 4424 1677 4487 solvit
1698 4448 1832 4488 eum
1858 4451 1871 4489 ς

225 4514 501 4588 princeps
524 4514 898 4588 populorum,
922 4520 978 4571 et
999 4515 1225 4572 dimisit
1248 4534 1403 4575 eum.
1430 4542 1457 4566 ››
1480 4519 1598 4574 Rex
1620 4536 1683 4574 ac
1709 4521 1870 4592 prin-

219 4619 380 4675 ceps,
414 4608 580 4676 pater
607 4604 913 4677 accipitur,
945 4611 1010 4662 ut
1038 4604 1183 4662 illud
1216 4624 1228 4662 :
1261 4606 1379 4663 Rex
1410 4625 1661 4680 magnus
1694 4626 1870 4682 super

2003 3456 2327 3510 secundum
2361 3452 2615 3508 litteram
2648 3451 2802 3507 dicta
2830 3449 3135 3522 intelligis.
3168 3451 3467 3523 Numquid
3502 3452 3656 3525 Moy-

2001 3561 2093 3600 ses
2124 3546 2180 3598 et
2209 3544 2397 3597 Aaron
2430 3542 2487 3596 in
2516 3545 2672 3597 terra
2703 3539 2882 3596 Cham
2925 3544 3275 3612 acceperunt
3301 3540 3646 3596 mandatum

1998 3632 2069 3687 de
2101 3629 2305 3704 signis,
2338 3634 2396 3685 et
2427 3646 2541 3685 non
2574 3628 2767 3700 potius
2811 3627 2870 3683 in
2919 3632 3076 3684 terra
3124 3628 3403 3685 Madian?
3432 3632 3552 3685 Aut
3578 3629 3643 3685 in

1996 3724 2151 3777 terra
2188 3719 2370 3776 Cham
2405 3719 2665 3774 fecerunt
2707 3717 2993 3791 prodigia,
3027 3721 3086 3773 et
3116 3734 3232 3773 non
3264 3717 3324 3773 in
3352 3718 3639 3792 IEgypto?

1993 3810 2101 3866 Sed
2132 3814 2199 3865 ut
2228 3807 2520 3881 intelligas
2546 3807 2668 3863 haec
2697 3824 2802 3879 per
2829 3806 3016 3879 legem
3045 3809 3101 3862 et
3122 3807 3511 3864 sacerdotium
3543 3824 3641 3863 us-

1993 3916 2107 3971 que
2145 3897 2318 3954 hodie
2366 3898 2517 3954 inter
2546 3900 2749 3969 gentes
2798 3895 3129 3953 incredulas
3160 3897 3255 3968 agi
3289 3914 3302 3952 :
3337 3896 3467 3953 ideo
3499 3896 3636 3951 Pro-

1992 3989 2167 4061 pheta
2196 3991 2409 4043 terram
2442 3986 2639 4059 posuit
2667 3986 2869 4042 Cham.

2061 4098 2090 4126 «
2126 4075 2285 4131 Misit
2314 4075 2585 4130 tenebrae
2625 4076 2681 4128 et
2727 4071 3060 4129 obscuravit
3107 4088 3225 4129 eos.
3262 4094 3291 4121 »
3321 4071 3636 4147 Cmperunt

1988 4165 2037 4220 ei
2072 4180 2355 4237 exponere
2403 4178 2616 4217 arcana
2663 4162 3072 4235 mysteriorum
3122 4160 3243 4229 Dei,
3288 4165 3347 4217 et
3393 4161 3632 4219 claritas

1986 4253 2295 4310 mundanae
2328 4251 2628 4325 sapientiae
2659 4251 2970 4307 obscurata
2999 4253 3107 4307 est.
3137 4250 3229 4306 Sic
3259 4251 3414 4307 enim
3447 4249 3587 4307 alibi
3615 4268 3628 4307 :

1982 4341 2450 4415 Comprehendam
2496 4342 2779 4411 sapientes
2828 4341 2888 4395 in
2935 4341 3146 4396 astutia
3190 4356 3381 4396 eorum
3424 4339 3474 4412 (ι
3506 4340 3627 4397 Cor.

1982 4450 2068 4501 III,
2106 4433 2212 4504 19).
2244 4433 2311 4486 Et
2337 4430 2685 4486 exacerbavit
2729 4446 3003 4486 sermones
3033 4430 3169 4502 ejus.
3201 4429 3347 4494 Quia
3376 4428 3508 4485 duri
3538 4429 3623 4486 eis

1981 4525 2147 4578 erant
2179 4538 2192 4576 :
2230 4522 2385 4577 sicut
2417 4521 2702 4593 quosdam
2734 4518 3109 4592 Evangelium
3150 4518 3367 4575 dixisse
3398 4518 3575 4576 refert
3608 4538 3621 4577 :

1978 4613 2158 4667 Durus
2188 4616 2266 4667 est
2298 4611 2388 4668 hic
2425 4624 2607 4695 sermp
2637 4626 2655 4663 :
2687 4609 2808 4679 quis
2834 4624 2957 4665 eum
3007 4607 3205 4664 audire
3246 4609 3413 4681 possit
3444 4606 3626 4680 (Ιοαη.

218 4707 457 4748 omnem
485 4694 727 4758 terram,
759 4696 815 4747 et
854 4692 997 4749 illud
1040 4712 1052 4749 :
1087 4696 1349 4751 Dominus
1374 4698 1632 4769 princeps
1660 4703 1867 4771 noster,
1901 4707 1946 4773 Ι)
1976 4718 2054 4769 νι,
2086 4700 2228 4771 61)?

217 4780 490 4836 Dominus
510 4781 690 4853 judex
716 4787 904 4840 noster
932 4784 1102 4855 (Psal.
1137 4802 1286 4857 xux,
1318 4786 1394 4857 6).
1423 4787 1549 4858 Ipse
1589 4802 1725 4861 ergo
1758 4787 1864 4843 mi-

220 4870 302 4927 sit
340 4868 616 4945 angelum
667 4888 843 4927 suum
889 4873 989 4944 qui
1033 4874 1271 4930 revolvit
1317 4874 1570 4948 lapidem
1604 4877 1675 4933 ab
1719 4877 1867 4934 ostio

225 4960 620 5032 monumenti,
645 4965 701 5016 et
722 4960 988 5018 dissolvit
1009 4962 1246 5019 sudaria
1273 4964 1495 5021 funeris
1525 4967 1651 5039 ejus
1682 4968 1864 5039 (Marc.

219 5065 340 5118 xvr,
364 5049 444 5118 3.)
475 5049 605 5121 Ipse
625 5065 859 5122 quoque
891 5054 1132 5123 paterna
1151 5051 1379 5122 virtute,
1409 5055 1632 5111 devicta
1663 5062 1866 5124 morte,

226 5137 302 5193 ab
332 5137 561 5195 inferno
594 5138 882 5196 remissus
911 5146 1019 5197 est.
1051 5141 1202 5197 Nihil
1233 5141 1329 5197 hic
1359 5142 1723 5215 negligenter
1743 5162 1869 5201 sen-

219 5225 492 5283 tiendum
523 5229 973 5301 autputandum
1010 5247 1022 5284 :
1057 5231 1195 5303 quia
1211 5232 1281 5287 ab
1308 5231 1722 5303 angelis(Psal.
1744 5252 1865 5303 V111,

216 5315 277 5388 6)
313 5332 326 5369 :
360 5331 495 5372 cum
540 5320 606 5373 ut
654 5316 829 5375 homo
879 5320 1141 5393 suscepit
1192 5325 1457 5376 mortem.
1490 5321 1633 5377 Nam
1686 5322 1744 5377 in
1777 5340 1869 5378 re-

216 5405 588 5463 surrectione
612 5410 679 5462 ut
707 5412 859 5464 Deus
893 5425 1085 5479 verus,
1108 5409 1370 5483 angelico
1403 5428 1546 5466 usus
1578 5416 1666 5467 est
1699 5413 1869 5467 mini-

214 5494 418 5551 sterio.
454 5494 720 5569 Regnum
753 5497 863 5554 hoc
890 5498 961 5553 ad
985 5496 1353 5571 principatus
1383 5517 1484 5556 nec
1517 5501 1586 5556 ad
1618 5500 1866 5558 Pharao-

293 5620 309 5654 ί
343 5618 547 5703 ῌθοοίθ
575 5637 722 5701 .quae
754 5623 930 5695 paulo
981 5624 1254 5750 superius
1287 5626 1346 5681 in
1398 5625 1541 5698 psal.
1578 5644 1761 5683 Lxxvu
1793 5630 1864 5683 ad

296 5706 525 5748 minum
570 5692 746 5750 Istius
775 5695 968 5750 locum
1017 5712 1049 5750 Ο
1094 5711 1415 5750 servamus.
1450 5699 1529 5750 De
1576 5715 1862 5750 cmzomua-

215 5695 525 5780 geminum
570 5695 746 5780 istius
775 5695 968 5780 locum
1006 5695 1415 5780 observamus:
1450 5699 1529 5780 De
1576 5715 1864 5780 cynopgya,

217 5762 352 5835 dum
382 5762 781 5838 subsequitur,
803 5772 978 5839 atque
1006 5765 1103 5825 hic
1131 5772 1336 5826 auctor
1354 5774 1559 5828 contra
1583 5762 1701 5827 vveri
1731 5762 1867 5829 Hie;

2054 4814 2073 4839 ι
2110 4787 2403 4845 Convertit
2433 4804 2617 4859 aquas
2649 4802 2850 4843 eorum
2881 4785 2940 4842 in
2963 4788 3337 4862 sanguinem.
3367 4809 3396 4837 »
3428 4786 3502 4845 Ut
3522 4787 3625 4862 qui

1981 4878 2313 4935 seducendo
2346 4876 2689 4947 sanguinem
2725 4875 3051 4933 eli'uderant
3081 4876 3477 4950 parvulorum,
3509 4875 3623 4949 ipsi

1979 4968 2251 5039 deinceps
2283 4984 2386 5038 pro
2427 4966 2597 5038 aquis
2626 4982 2894 5022 cruorem
2942 4966 3265 5023 haurirent.
3297 4965 3407 5023 Sed
3438 4964 3620 5021 maxi-

1979 5074 2071 5114 me
2103 5056 2197 5113 hic
2235 5055 2560 5112 versiculus
2605 5055 2909 5112 hcereticos
2954 5055 3210 5128 respicit.
3244 5076 3272 5105 «
3301 5055 3371 5109 Et
3408 5052 3621 5109 occidit

1979 5148 2168 5219 pisces
2193 5162 2416 5201 eorum.
2448 5167 2476 5194 ››
2509 5144 2615 5211 Qui
2648 5144 2799 5200 inter
2842 5144 3158 5200 ﬂuctuosas
3189 5142 3366 5213 hujus
3408 5141 3616 5198 mundi

1977 5234 2285 5290 felicitates
2314 5249 2559 5307 regnum
2591 5249 2717 5290 esse
2749 5232 3054 5306 putabant.

2052 5345 2080 5373 ‹‹
2122 5324 2188 5380 Et
2236 5323 2397 5379 dedit
2443 5327 2597 5379 terra
2642 5338 2843 5378 eorum
2890 5336 3064 5376 ranas
3113 5319 3172 5375 in
3219 5318 3614 5391 penetralibus

1979 5430 2182 5485 regum
2232 5412 2575 5485 ipsorum.»
2611 5411 2675 5466 In
2724 5408 2904 5479 ranis,
2948 5411 3249 5482 poetarum
3297 5406 3563 5465 carmina
3596 5411 3613 5445 ί

1979 5502 2382 5575 designantur,
2415 5500 2513 5572 qui
2548 5518 2581 5555 a
2627 5497 2915 5555 catholica
2962 5497 3162 5571 regula
3193 5497 3615 5570 discrepantes,

1978 5629 2201 5699 ronymi
2237 5625 2582 5699 sententiam
2616 5624 2788 5699 vertit
2817 5625 2872 5679 in
2904 5606 3164 5699 eanindm
3187 5639 3456 5699 muscam,
3486 5622 3619 5680 vide

1976 5695 2107 5771 quae
2130 5698 2189 5754 in
2221 5700 2455 5773 praefixa
2485 5695 2882 5752 admonitione
2912 5695 3384 5768 perstrinximus.
