4256 6592
535 419 553 472 l
569 417 682 473 207

2025 416 2441 478 APPENDIX.

3788 425 3942 488 1208

458 553 460 556 ’
534 567 738 624 regum
770 554 1134 608 terrenorum
1175 549 1350 607 corda
1398 547 1807 621 deceptionum
1842 550 2055 608 fabulis
2087 566 2181 606 re-
2210 551 2265 618 Α
2297 553 2506 625 fontes,
2547 553 2647 626 qui
2695 558 2926 612 nostros
2967 571 3192 613 errores
3239 553 3490 614 abluunt
3539 557 3596 612 et
3640 555 3944 615 ariditate:

537 639 719 712 plent.

607 752 635 779 ‹‹
671 730 840 802 Dixit,
865 734 922 785 et
951 731 1108 786 venit
1156 747 1458 803 cynomya.
1488 753 1514 778 »
1564 730 1624 785 In
1674 746 1972 802 cynomya,
2008 729 2064 785 id
2096 734 2185 786 est

538 819 749 874 canina
781 837 1004 888 musca,
1036 837 1162 891 quae
1197 820 1256 874 in
1287 836 1448 875 coeno
1481 836 1546 874 ac
1587 823 1836 874 stercore
1868 817 2182 888 volutatur,

538 908 832 966 luxuriam
857 910 1077 965 indicat
1108 927 1120 963 :
1153 926 1278 980 quae
1311 909 1658 980 plerumque
1687 924 2017 979 compressa
2052 907 2182 980 pul-

535 997 699 1054 lulat.
727 998 887 1054 Sicut
909 1001 1135 1065 Petrus,
1177 998 1391 1070 inquit,
1416 997 1716 1069 apostolus
1750 1013 1762 1050 :
1799 997 1963 1052 Canis
1993 1014 2185 1052 rever-

537 1103 629 1142 sus
660 1088 730 1143 ad
759 1089 1040 1152 vomitum,
1067 1097 1117 1144 et
1145 1105 1237 1143 sus
1269 1088 1384 1142 lola
1415 1105 1448 1140 (ι.
1479 1088 1733 1157 squalore
1761 1087 1905 1140 caeni
1934 1088 2005 1156 (II
2032 1093 2184 1142 Pclr.

452 1203 460 1212 -
536 1195 602 1242 ιι,
634 1179 746 1248 22).
788 1198 808 1224 α
843 1179 910 1232 Et
958 1177 1162 1232 cinifes
1209 1177 1266 1230 in
1301 1176 1578 1231 omnibus
1631 1175 1851 1232 ﬁnibus
1898 1192 2120 1231 eorum.
2159 1198 2186 1224 »

539 1268 600 1322 In
652 1267 824 1322 cinife
882 1266 1196 1321 dialectica:
1243 1265 1386 1320 artis
1435 1263 1714 1319 stimulus
1766 1263 2116 1336 intelligitur
2170 1281 2182 1318 :

537 1372 664 1426 qum
706 1355 840 1410 licet
873 1371 1114 1426 parvum
1144 1354 1412 1410 videatur
1431 1353 1645 1408 habere
1676 1353 2033 1409 seductionis
2051 1370 2187 1409 acu-

538 1445 718 1511 leum,
751 1445 1096 1517 gravissime
1132 1447 1328 1499 tamen
1363 1445 1586 1499 sauciat
1616 1447 1843 1498 mentes
1874 1441 2185 1498 humanas.

618 1557 638 1582 ι
676 1535 878 1590 Posuit
907 1534 1133 1606 pluvias
1165 1551 1362 1589 eorum
1408 1532 1775 1604 grandinem.
1809 1554 1835 1580 ››
1871 1531 1943 1585 Ut
1975 1531 2189 1587 divinis

543 1628 928 1696 arguerentur
956 1623 1310 1679 verberibus.
1349 1645 1377 1670 ‹‹
1417 1624 1610 1693 Ignem
1645 1625 1912 1675 urentem
1942 1620 2001 1674 in
2037 1625 2192 1675 terra

545 1729 769 1768 eorum.
808 1735 834 1761 »
889 1713 1013 1767 Non
1065 1711 1514 1777 illuminantem,
1549 1711 1647 1765 sed
1697 1714 1960 1764 urentem
2005 1709 2193 1780 :quia

546 1806 784 1857 sanctus
816 1800 970 1872 ignis
992 1801 1188 1870 justos
1220 1799 1534 1868 illuminat,
1567 1802 1897 1870 peccatores
1928 1797 2136 1854 exurit.

618 1913 645 1940 ‹‹
681 1890 747 1944 Et
777 1889 1065 1960 percussit
1093 1889 1290 1944 vineas
1321 1904 1543 1955 eorum,
1577 1892 1633 1943 et
1652 1887 1931 1943 ﬁculneas
1967 1904 2189 1954 eorum,

543 1983 599 2035 et
630 1978 901 2034 contrivit
922 1995 1093 2034 omne
1122 1978 1349 2050 lignum
1373 1978 1580 2032 ﬁnium
1603 1994 1825 2033 eorum.
1846 1997 1875 2029 ››
1910 1981 1973 2032 In
2004 1977 2189 2032 vineis

542 2069 923 2139 ﬁculneisque
945 2085 1010 2123 ac
1042 2067 1283 2138 reliquis
1307 2067 1504 2138 lignis,
1531 2082 1703 2122 omne
1735 2066 2063 2121 humanum
2093 2083 2190 2138 ge-

541 2175 651 2214 nus
704 2157 959 2213 ostendit
1017 2157 1207 2230 plagis
1267 2155 1606 2212 ccelestibus
1665 2154 2057 2224 verberatum,
2118 2157 2188 2210 ob

539 2245 967 2302 emendationis
999 2263 1261 2302 causam.
2124 2306 2128 2310 ι

613 2358 639 2384 ‹‹
675 2335 849 2403 Dixit,
883 2339 938 2390 et
968 2334 1125 2390 venit
1175 2333 1404 2390 locusta
1434 2339 1489 2389 et
1536 2333 1794 2389 bruchus
1831 2350 1842 2388 :
1877 2334 2046 2404 cujus
2076 2350 2189 2389 non

541 2427 666 2481 erat
697 2440 999 2481 numerus.
1026 2425 1095 2478 Et
1116 2424 1370 2479 comedit
1391 2439 1562 2478 omne
1594 2422 1789 2478 fenum
1823 2421 1881 2476 in
1916 2427 2064 2478 terra
2097 2439 2190 2477 eo-

543 2531 696 2581 rum,
731 2518 788 2570 et
827 2513 1081 2570 comedit
1126 2529 1359 2568 omnem
1407 2513 1666 2567 fructum
1712 2517 1875 2566 terrae
1906 2527 2126 2567 eorum.
2162 2534 2189 2560 ››

543 2604 607 2660 In
640 2604 769 2660 feno
803 2603 1112 2675 fructuque
1146 2603 1368 2674 reliquo
1411 2606 1575 2657 terra
1607 2600 2050 2672 castigationem
2083 2601 2191 2656 hu-

545 2709 783 2748 manam
813 2693 1000 2749 docet.
1036 2692 1217 2747 Datur
1255 2691 1409 2748 enim
1445 2694 1700 2762 potestas
1729 2691 1980 2746 adversae
2014 2690 2189 2762 parti,

546 2787 609 2837 ut
656 2785 862 2837 noceat
907 2780 1249 2836 hominibus
1292 2779 1390 2850 qui
1447 2779 1654 2835 nolunt
1685 2795 1855 2851 agere
1907 2779 2192 2850 pceniten-

542 2871 707 2937 tiam,
735 2871 888 2927 sicut
916 2869 1294 2946 Apocalypsis
1323 2870 1489 2924 docet
1516 2869 1703 2940 (Apoc.
1740 2886 1817 2935 1x,
1854 2870 1928 2937 4).

617 2983 643 3007 ‹‹
678 2961 745 3013 Et
773 2959 1066 3030 percussit
1095 2976 1267 3013 omne
1317 2958 1774 3030 primogenitum
1808 2957 1865 3012 in
1918 2962 2070 3012 terra
2099 2957 2191 3011 AS-

542 3047 724 3120 gypti,
757 3047 1047 3120 primitias
1077 3047 1270 3102 omnis
1293 3045 1509 3102 laboris
1531 3063 1754 3101 eorum.
1782 3068 1810 3095 »
1844 3045 2192 3116 Principalia

545 3136 686 3192 vitia
719 3154 730 3192 :
766 3153 891 3207 qua:
923 3135 1191 3191 homines
1222 3151 1323 3190 ceu
1356 3135 1777 3206 primogenitos
1811 3134 2152 3204 diligebant.

615 3227 747 3280 «Et
777 3225 975 3281 eduxit
1005 3241 1102 3280 eos
1135 3225 1190 3280 in
1242 3229 1482 3297 argento
1515 3228 1570 3279 et
1621 3241 1782 3293 auro,
1817 3230 1873 3278 et
1921 3241 2036 3279 non
2071 3227 2195 3280 erat

535 3316 594 3370 in
631 3315 904 3370 tribubus
935 3331 1134 3369 eorum
1159 3313 1495 3369 infirmus.»
1515 3313 1614 3368 llis
1644 3312 1832 3385 plagis
1856 3314 2189 3385 Egyptum,
2221 3299 2266 3362 C

530 3405 589 3460 id
640 3409 747 3470 est,
799 3403 886 3459 vel
940 3403 1048 3460 hoc
1102 3403 1406 3469 smeulum,
1448 3403 1533 3459 vel
1586 3403 1908 3458 humanam
1958 3419 2188 3458 carnem

531 3497 812 3550 verberat.
845 3495 959 3548 Sed
992 3494 1436 3549 educuntuntur
1467 3493 1678 3547 animae
1699 3491 1756 3546 in
1790 3497 2031 3565 argento
2063 3509 2193 3548 con-

535 3584 812 3640 fessionis
861 3583 1090 3646 lucidm,
1125 3588 1182 3637 et
1215 3600 1362 3637 auro
1418 3581 1688 3653 puritatis
1718 3579 2058 3653 splendidae,
2092 3599 2192 3637 su-

534 3671 690 3727 blata
721 3671 881 3727 omni
910 3670 1252 3726 inﬁrmitate
1283 3671 1524 3742 peccati.

616 3785 640 3809 ‹‹
681 3761 897 3815 Laetata
953 3764 1042 3816 est
1089 3761 1371 3831 .‘Egyptus
1425 3759 1483 3813 in
1517 3759 1875 3832 proiectione
1921 3775 2122 3815 eorum
2175 3778 2187 3815 :

542 3849 682 3921 quia
710 3849 977 3905 incubuit
997 3848 1174 3903 timor
1204 3864 1403 3903 eorum
1430 3865 1604 3920 super
1634 3865 1752 3904 eos.
1781 3871 1807 3897 ››
1841 3847 2188 3904 Cohabitan-

543 3944 597 3994 te
627 3939 782 3994 enim
814 3937 961 4005 luce,
1000 3955 1113 3992 non
1148 3941 1413 4010 poterant
1435 3954 1610 4008 opera
1640 3937 2012 3993 tenebrarum
2036 3954 2192 3994 exer-

537 4045 666 4084 cere
701 4045 713 4083 :
749 4027 888 4100 quia
917 4026 1109 4083 omnis
1141 4028 1241 4100 qui
1276 4027 1428 4083 male
1461 4026 1598 4099 agit,
1635 4028 1756 4082 odit
1788 4026 1977 4082 lucem
2009 4028 2187 4097 (Joan.

535 4134 620 4186 ιιι,
655 4118 767 4188 20).

613 4229 633 4253 α
676 4205 966 4277 Expandit
1015 4206 1229 4261 nubem
1286 4205 1344 4260 in
1395 4205 1814 4277 protectionem
1865 4222 2089 4273 eorum,
2135 4208 2188 4260 et

542 4296 736 4366 ignem
779 4300 843 4349 ut
889 4295 1107 4350 luceret
1135 4294 1219 4350 eis
1269 4311 1370 4365 per
1402 4300 1650 4350 noctem.
1689 4317 1708 4342 υ
1763 4294 1988 4349 Nubem
2024 4299 2081 4349 et
2113 4294 2191 4366 ig-

542 4401 676 4440 nem
707 4385 988 4456 Spiritum
1039 4388 1310 4439 sanctum
1364 4381 1505 4438 dicit
1536 4400 1548 4436 :
1586 4383 1684 4452 qui
1719 4400 1824 4438 nos
1855 4388 1911 4438 et
1942 4383 2012 4438 ab
2045 4388 2188 4438 aestu

535 4474 648 4528 diei
681 4474 960 4540 defendit,
993 4478 1048 4529 et
1084 4473 1140 4528 in
1173 4473 1478 4528 nocturnis
1509 4471 1762 4527 tenebris
1801 4470 2115 4526 illuminat.

610 4555 970 4618 «(Petierunt
1001 4579 1257 4627 carnem,
1292 4566 1347 4616 et
1377 4560 1532 4616 venit
1583 4561 1871 4616 coturnix.
1911 4584 1932 4613 ι›
1970 4562 2050 4616 Ex
2080 4560 2189 4616 hac

2292 641 2560 714 irrigant.

2366 755 2393 782 «
2427 732 2713 798 Quoniam
2747 751 2972 791 memor
2995 735 3107 790 fuit
3134 735 3292 791 verbi
3320 735 3510 792 sancti
3533 735 3625 804 sui
3657 737 3807 808 quod
3839 737 3942 794 ha-

2294 821 2422 877 buit
2453 822 2523 878 ad
2559 823 2849 879 Abraham
2883 841 3129 896 puerum
3179 841 3375 880 suum.
3412 849 3436 877 ι
3475 825 3742 898 Implevit
3787 827 3945 883 enim

2295 927 2410 966 non
2453 911 2524 966 de
2573 912 2922 979 seminibus,
2955 913 3057 968 sed
3091 913 3162 968 de
3215 913 3438 970 semine
3471 914 3619 986 ejus,
3653 915 3711 970 id
3759 920 3848 972 est
3875 917 3946 972 de

2295 998 2544 1066 Christo,
2578 1000 3031 1071 promissionem
3063 1018 3254 1057 suam.
3289 1001 3434 1058 Nam
3466 1002 3641 1072 Deus,
3676 1007 3845 1060 natus
3877 1021 3946 1061 ex

2295 1087 2552 1161 Virgine,
2615 1106 2724 1145 sua
2781 1094 2966 1145 morte
3024 1089 3234 1146 devicit
3291 1095 3562 1162 mortem,
3613 1106 3717 1166 per
3768 1109 3944 1164 quam

2297 1193 2453 1232 nunc
2481 1179 2637 1250 quod
2668 1178 2912 1234 Abrahae
2947 1179 3306 1252 promissum
3336 1185 3462 1236 erat
3491 1180 3552 1236 in
3584 1198 3708 1254 spe,
3745 1182 3943 1240 Eccle-

2298 1265 2385 1321 sia
2417 1267 2675 1338 suscepit
2702 1267 2761 1324 in
2795 1268 3005 1340 specie.

2371 1378 2399 1404 «
2435 1357 2503 1410 Et
2547 1356 2746 1412 eduxit
2792 1357 3077 1429 populum
3128 1374 3308 1414 suum
3359 1358 3417 1414 in
3450 1360 3856 1430 exsultatione,
3889 1365 3947 1418 et

2299 1443 2515 1501 electos
2545 1461 2684 1501 suos
2714 1437 2774 1501 in
2807 1445 3024 1502 laetitia.
3065 1469 3092 1495 ››
3125 1449 3369 1519 Semper
3415 1447 3574 1504 enim
3604 1449 3850 1506 victores
3879 1467 3946 1506 ac

2301 1532 2492 1602 liberi,
2527 1535 2819 1591 canticum
2852 1535 2911 1590 in
2943 1535 3145 1592 laetitia
3173 1549 3230 1592 et
3259 1536 3648 1595 exsultatione
3682 1538 3941 1595 concele-

2301 1620 2510 1690 brant;
2545 1622 2697 1678 sicut
2730 1624 2978 1695 Moyses,
3013 1623 3216 1690 Maria,
3245 1625 3332 1680 vel
3366 1624 3642 1681 Debbora.

2373 1735 2398 1758 u
2435 1711 2504 1765 Et
2534 1711 2692 1766 dedit
2717 1711 2800 1767 eis
2831 1712 3096 1784 regiones
3119 1713 3407 1784 gentium,
3434 1718 3490 1769 et
3512 1714 3734 1771 labores
3755 1731 3945 1788 popu-

2301 1797 2490 1854 lorum
2541 1800 2949 1870 possederunt.
2985 1824 3011 1849 ››
3044 1801 3286 1857 Animas
3335 1806 3566 1859 sanctas
3593 1806 3649 1858 et
3677 1819 3943 1876 corpora,

2302 1886 2361 1941 in
2395 1887 2610 1958 quibus
2642 1888 2803 1960 prius
2833 1894 3138 1961 peccatum
3170 1891 3466 1964 regnabat.

2371 1995 2402 2028 ε
2435 1975 2506 2033 Ut
2528 1977 2860 2033 custodiant
2871 1979 3330 2048 justiticationes
3360 1981 3580 2051 ejus,et
3608 1979 3793 2053 legem
3817 1981 3945 2052 ejus

2301 2065 2621 2136 requirant.
2660 2089 2680 2114 ι
2718 2066 2792 2121 Ut
2822 2083 2954 2122 cum
2980 2069 3214 2139 justitia
3232 2069 3448 2134 vivant,
3479 2073 3537 2125 et
3568 2068 3843 2143 mysteria
3863 2068 3944 2125 le-

2301 2155 2389 2226 gis
2420 2154 2732 2227 diligenter
2779 2155 3130 2230 intelligant.
3165 2159 3234 2213 Et
3268 2175 3371 2214 nos
3403 2157 3716 2214 Dominum
3747 2158 3945 2230 depre-

2301 2259 2521 2313 cemur,
2556 2247 2638 2309 ut,
2671 2242 2878 2301 deletis
2907 2245 3182 2318 gentibus
3213 2246 3402 2304 noxiis
3442 2263 3638 2303 coram
3668 2246 3812 2302 facie
3843 2262 3944 2302 no-

2301 2337 2442 2396 stra,
2476 2332 2601 2404 ipse
2632 2334 2750 2388 dux
2778 2334 2959 2390 nostri
2989 2335 3091 2390 fiat
3119 2334 3344 2392 itineris
3376 2353 3388 2390 :
3423 2339 3508 2404 ut,
3542 2337 3602 2392 in
3633 2352 3699 2391 eo
3724 2335 3947 2409 jugiter

2301 2420 2684 2488 exsultantes,
2715 2422 2772 2478 in
2824 2427 3039 2479 terram
3090 2425 3585 2497 repromissiomis
3618 2441 3948 2482 mereamur

2300 2509 2522 2577 induci,
2555 2516 2610 2567 et
2638 2511 2698 2566 in
2731 2528 2907 2583 regno
2937 2514 3064 2584 ejus
3095 2514 3284 2582 asciti,
3316 2513 3616 2571 valeamus
3647 2531 3782 2570 cum
3813 2530 3946 2570 san-

2301 2599 2410 2655 etis
2440 2601 2567 2671 ejus
2598 2599 2796 2657 laetitia
2826 2594 3185 2674 sempiterna
3213 2605 3469 2676 gaudere
3503 2620 3515 2659 :
3549 2604 3689 2676 quia
3717 2603 3830 2676 ipsi
3858 2607 3947 2660 est

2301 2705 2435 2744 cum
2466 2693 2679 2746 aeterno
2713 2689 2878 2746 Patre
2908 2697 2966 2747 et
2993 2692 3215 2765 Spiritu
3243 2698 3443 2750 sancto
3472 2693 3660 2750 honor
3683 2697 3742 2749 et
3764 2691 3946 2766 gloria

2301 2776 2360 2832 in
2393 2777 2606 2834 saecula
2635 2778 2982 2836 saeculorum
3015 2786 3220 2837 Amen.

2882 2869 3217 2926 PSALMUS
3256 2869 3367 2925 CV.

2303 2955 2568 3030 Alleluia,
2602 2957 2849 3012 alleluia.
2886 2957 3000 3013 Iste
3030 2958 3294 3030 psalmus
3317 2958 3662 3029 poenitentes
3692 2959 3940 3025 roborat,

2375 3027 2736 3103 negligentes
2787 3029 3004 3103 arguit,
3031 3027 3521 3103 'misericordiam
3545 3101 3552 3103 Α
3574 3030 3939 3103 repromittit.

2374 3098 2826 3174 Haneregulam
2860 3098 3159 3174 Tdebemus
3208 3107 3424 3174 tenere,
3456 3098 3790 3174 ubicunque
3829 3103 3940 3158 duo

2375 3172 2613 3245 alleluia
2643 3171 3205 3245 praescribunturin
3257 3173 3506 3245 psalmo,
3540 3177 3607 3228 ut
3652 3171 3833 3230 unum
3874 3174 3943 3228 de

2377 3243 2491 3325 ﬁne
2523 3242 2778 3370 scientius
2799 3260 2927 3299 esse
2957 3244 3167 3316 prioris
3199 3242 3432 3318 psalmi,
3455 3250 3509 3301 et
3542 3245 3788 3302 alterum
3818 3246 3942 3317 ejus

2378 3330 2475 3370 cui
2508 3331 2672 3370 senui
2707 3331 2794 3370 ur.

2378 3330 2475 3384 qui
2508 3330 2794 3386 sequitur.

2376 3426 2402 3452 ‹‹
2437 3403 2805 3460 Confitemini
2838 3403 3108 3476 Domino,
3145 3404 3421 3475 quoniam
3469 3406 3680 3464 bonus.
3716 3428 3737 3458 ι
3773 3405 3816 3462 0
3845 3421 3946 3462 vos

2303 3491 2399 3563 qui
2435 3492 2688 3564 graviter
2714 3493 2992 3565 peccatis,
3027 3498 3084 3550 et
3113 3494 3434 3566 desperatis
3466 3495 3536 3550 de
3564 3498 3757 3552 vestra
3786 3494 3945 3551 salu-

2301 3585 2378 3646 te,
2411 3588 2467 3636 et
2498 3582 2718 3655 putatis
2751 3583 3029 3654 quoniam
3059 3588 3295 3656 propter
3326 3573 3792 3656 magnitudinem
3823 3599 3946 3655 pec-

2301 3674 2565 3726 catorum
2597 3687 2711 3726 non
2761 3673 3004 3742 potestis
3051 3671 3279 3728 veniam
3312 3671 3557 3744 adispici
3591 3689 3604 3728 :
3632 3688 3736 3745 ego
3785 3671 3945 3728 vobis

2301 3759 2594 3831 praecipio,
2628 3759 2737 3815 hoc
2777 3765 2868 3816 est
2912 3760 3193 3832 propheto
3228 3779 3240 3817 :
3277 3785 3302 3810 ‹‹
3336 3760 3708 3818 Confitemini
3737 3760 3944 3830 ,Domi-

2301 3864 2396 3912 no,
2427 3847 2702 3920 quoniam
2721 3849 2933 3906 bonus.
2963 3871 2990 3898 »
3014 3849 3276 3905 Grandia
3295 3853 3434 3907 sunt
3459 3853 3695 3922 peccata
3718 3853 3942 3906 vestra:

2301 3937 2402 3992 sed
2428 3954 2677 4010 magnus
2700 3941 2790 3993 est
2812 3938 3224 4010 Dominus,qui
3248 3939 3560 3996 miseretur
3581 3938 3780 3995 vestri.
3802 3943 3946 3994 Con-

2302 4025 2548 4080 ﬁtemini
2589 4041 2723 4097 ergo
2777 4026 3044 4081 Domino.
3080 4027 3488 4084 Paenitentiam
3541 4027 3735 4099 agite:
3770 4025 3949 4082 nolite

2301 4114 2608 4185 desperare
2639 4114 2709 4169 de
2741 4114 2928 4171 salute
2950 4119 3178 4171 vestra:
3212 4115 3502 4189 benignus
3532 4119 3618 4171 est
3643 4114 3944 4171 Dominus.

2303 4224 2331 4252 ‹‹
2363 4203 2730 4258 Conﬁtemini
2764 4203 3034 4269 Domino,
3060 4205 3204 4276 nqui
3229 4205 3460 4262 habetis
3481 4202 3724 4278 grandia
3751 4219 3953 4275 pecca-

2302 4295 2377 4346 ta.
2414 4291 2599 4347 Nolite
2632 4293 2919 4349 conlidere
2960 4292 3019 4349 in
3051 4298 3242 4350 vestra
3285 4293 3519 4362 virtute,
3551 4293 3650 4352 sed
3682 4292 3740 4350 in
3771 4291 3947 4350 mise-

2301 4379 2554 4435 ricordia
2570 4380 3150 4446 Domini.«Quoniam
3168 4382 3225 4438 in
3247 4383 3526 4439 saeculum
3546 4382 3949 4439 misericordia

2299 4471 2448 4540 ejus.
2485 4493 2512 4519 »
2548 4471 2750 4527 Videte
2774 4472 2913 4542 quid
2945 4473 3166 4540 dicat,«
3188 4473 3245 4529 in
3279 4472 3627 4529 saeculum.»
3643 4474 3705 4528 In
3726 4472 3946 4546 inferno

2297 4569 2476 4614 autem
2509 4563 2631 4633 quis
2670 4561 3023 4634 conﬁtebitur
3053 4563 3287 4618 Domino
3330 4562 3498 4632 (Ρδαι.
3527 4578 3606 4630 νι,
3636 4563 3692 4632 6)
3713 4562 3740 4617 ‘I
3768 4561 3944 4618 Nemo

543 4651 696 4706 enim
722 4652 1019 4706 coturnice
1041 4651 1290 4706 satiatus
1316 4651 1488 4706 Israel
1521 4656 1784 4706 nauseat.
1811 4651 1970 4706 Unde
1989 4667 2190 4706 caven-
2224 4667 2269 4731 D
2304 4655 2392 4705 est
2423 4650 2578 4705 enim
2611 4650 2708 4722 qui
2745 4651 2935 4724 possit
2967 4652 3024 4707 in
3067 4650 3292 4707 inferno
3323 4665 3492 4722 agere
3525 4650 3942 4723 paenitentiam.

547 4740 687 4794 dum
721 4744 811 4793 est
842 4757 912 4795 ne
945 4740 1042 4810 qui
1075 4757 1136 4795 se
1167 4740 1346 4794 sentit
1379 4739 1627 4795 liberum
1660 4757 1728 4795 ex
1759 4741 2024 4812 .‘ligypto,
2059 4739 2190 4795 illu-

550 4828 840 4883 minatum
873 4845 906 4883 a
937 4826 1156 4899 Spiritu
1209 4833 1426 4898 sancto,
1463 4845 1696 4883 rursum
1732 4829 2021 4884 desideret
2050 4828 2195 4885 ollas

550 4918 797 4991 (Egj'pti,
832 4917 888 4973 id
921 4922 1010 4973 est
1059 4918 1560 4988 concupiscentias
1609 4919 1822 4985 carnis,
1857 4936 1983 4990 quae
2015 4918 2064 4974 ei
2098 4935 2194 4990 ge-

551 5013 758 5064 nerant
789 5008 1113 5064 fatuitatem
1145 5007 1231 5062 vel
1264 5007 1420 5063 vitia.
1455 5008 1600 5071 Quia
1630 5025 1799 5064 nemo
1832 5025 2054 5080 ponens
2078 5024 2196 5062 ma—

551 5113 691 5150 num
725 5095 782 5149 in
818 5101 1033 5164 aratro,
1058 5100 1113 5152 ct
1145 5095 1464 5167 respiciens
1495 5101 1670 5163 retro,
1696 5100 1867 5168 aptus
1901 5101 1988 5152 est
2020 5112 2195 5167 regno

549 5185 649 5240 Dei
684 5187 834 5256 (Luc.
870 5203 946 5250 Ix,
976 5185 1088 5254 62).
1125 5209 1150 5235 ‹‹
1183 5185 1335 5240 Pane
1367 5185 1490 5240 οωὶί
1525 5185 1804 5240 saturavit
1833 5201 1996 5241 eos.»
2035 5186 2198 5242 Sicut

548 5277 704 5331 enim
737 5275 819 5330 illi
863 5276 934 5332 de
968 5275 1129 5331 oculis
1162 5276 1375 5330 ﬂuente
1419 5292 1636 5330 manna
1665 5274 1862 5329 refecti
1901 5279 2039 5329 sunt
2070 5292 2082 5328 :
2117 5274 2197 5328 ita

551 5383 654 5421 nos
687 5366 856 5422 hodie
907 5365 964 5420 in
997 5365 1253 5421 Ecclesia
1301 5379 1539 5436 corpore
1570 5363 1716 5435 Agni
1748 5368 1983 5436 accepto
2018 5363 2197 5417 reﬁci-

549 5471 700 5508 llllll‘.

621 5567 646 5592 ‹‹
683 5542 943 5614 Disrupit
969 5548 1214 5615 petram,
1236 5547 1292 5597 et
1325 5543 1614 5596 [luxerunt
1636 5558 1818 5613 aqum,
1840 5545 1896 5596 et
1927 5541 2197 5597 abierunt

549 5628 603 5682 in
640 5630 792 5684 sicco
843 5632 1107 5686 flumina.
1147 5654 1173 5679 ››
1224 5633 1545 5686 Percussus
1595 5637 1683 5685 est
1712 5631 1867 5686 enim
1918 5629 2013 5685 ille
2046 5629 2194 5702 lapis

549 5717 837 5786 pretiosus
886 5720 1202 5787 angularis,
1247 5724 1301 5774 et
1355 5720 1672 5774 immensos
1724 5719 1893 5775 nobis
1953 5719 2194 5790 protulit

2303 4745 2443 4794 Cum
2476 4740 2691 4796 estisin
2724 4739 2833 4796 hoc
2865 4740 3096 4806 saeculo,
3117 4740 3316 4798 hortor
3342 4756 3444 4796 vos
3472 4756 3643 4814 agere
3673 4739 3946 4814 poeniten-

2304 4829 2468 4884 tiam.
2503 4829 2870 4885 Conﬁtemini
2921 4845 3057 4901 ergo
3106 4829 3374 4896 Domino,
3409 4829 3687 4901 quoniam
3739 4829 3796 4885 in
3837 4828 3946 4884 isto

2307 4921 2535 4972 tantum
2579 4917 2790 4973 saeculo
2823 4919 3157 4976 misericors
3187 4924 3295 4976 est.
3333 4919 3431 4976 llic
3468 4919 3730 4976 misereri
3762 4921 3952 4990 potest

2309 5007 2606 5079 poenitenti
2644 5025 2654 5062 :
2693 5007 2833 5079 quia
2865 5009 2943 5065 ibi
2967 5009 3151 5080 judex
3179 5014 3287 5080 est,
3322 5026 3438 5064 non
3479 5013 3567 5066 est
3596 5007 3947 5065 misericors.

2305 5096 2410 5151 Hic
2463 5095 2795 5153 misericors
2825 5103 2933 5170 est,
2976 5098 3055 5154 ibi
3078 5099 3260 5168 judex
3283 5102 3390 5154 est.
3423 5098 3528 5154 Hic
3555 5097 3795 5172 porrigit
3825 5113 3949 5152 ma-

2307 5202 2447 5241 num
2502 5185 2732 5242 cadenti
2769 5205 2780 5242 :
2817 5187 2892 5242 ibi
2935 5187 3318 5257 sedetjudex.
3353 5188 3470 5243 Hoc
3519 5191 3714 5243 autem
3762 5189 3953 5243 totum

2307 5273 2424 5330 dixi
2475 5275 2546 5329 ad
2600 5292 2699 5331 eos
2748 5276 2848 5348 qui
2893 5275 3116 5342 dicunt,
3150 5276 3431 5348 quoniam
3482 5277 3539 5333 in
3587 5276 3812 5332 inferno
3865 5279 3955 5332 est

2308 5364 2666 5434 pmnitentia.

2387 5471 2403 5500 π
2439 5454 2579 5521 Quis
2601 5453 2874 5525 loquetur
2897 5453 3184 5524 potentias
3213 5454 3482 5512 Domini?
3502 5456 3723 5513 nNemo
3739 5453 3953 5526 dignus

2305 5545 2395 5596 est
2443 5542 2756 5612 prmdicare
2809 5541 3098 5613 potentias
3131 5543 3342 5614 Patris,
3379 5545 3490 5600 nisi
3540 5543 3738 5599 Filius.
3771 5542 3952 5599 Nemo

2304 5635 2494 5702 potest
2527 5631 2842 5700 potentiam
2875 5631 3066 5687 Patris
3105 5631 3287 5704 loqui,
3322 5633 3434 5688 nisi
3470 5633 3564 5690 ille
3593 5633 3693 5706 qui
3725 5636 3781 5690 et
3825 5631 3953 5704 ipse

2306 5726 2510 5791 potens
2554 5725 2662 5790 est,
2697 5721 2989 5792 potentias
3020 5723 3274 5795 potentis
3315 5723 3440 5796 ipse
3469 5723 3571 5794 qui
3606 5725 3809 5797 potens
3837 5724 3951 5786 est,
