4256 6570
329 408 482 470 1209

1498 405 1994 470 ΒΗΕἽΑΗἘΗΜ
2038 407 2117 468 ΙΝ
2167 406 2550 470 PSALMOS.

3573 399 3732 464 1210

324 546 515 620 potest
543 541 856 618 praedicare
886 543 943 599 et
981 538 1161 614 loqui.
1198 563 1225 590 «
1274 540 1519 597 Auditae
1564 542 1733 598 faciet
1763 559 1964 600 omnes
1993 546 2048 613 Α
2077 545 2362 604 fecerunt.
2413 544 2630 604 Omnes
2677 541 2835 600 enim
2877 539 2986 600 sub
3035 542 3268 615 peccato
3319 532 3626 603 conclusit,
3661 539 3730 593 ut

326 634 528 692 laudes
551 634 697 704 ejus.
735 655 761 682 »
792 635 1122 704 Antequam
1155 630 1440 687 Dominus
1472 636 1669 688 noster
1696 631 1754 689 in
1786 633 1966 689 Evan-

327 723 477 798 gelio
507 721 862 796 pradicaret,
891 720 1097 777 laudes
1118 720 1303 776 Patris
1335 737 1450 776 non
1483 725 1648 777 erant
1676 722 1887 778 auditae
1909 723 1966 778 in

329 813 570 870 mundo.
620 811 802 868 Omne
859 810 1012 882 quod
1063 809 1122 864 in
1172 808 1298 883 lege
1352 811 1526 865 veteri
1579 811 1874 878 scribitur,
1923 813 1972 868 si

331 899 712 975 spiritualiter
758 897 1136 971 intelligatur,
1184 899 1292 954 hoc
1341 903 1530 971 potest
1570 900 1640 955 de
1686 901 1853 957 Patre
1883 901 1968 956 in-

326 989 532 1062 telligi.

400 1102 427 1129 ‹‹
462 1079 622 1136 Beati
646 1079 744 1152 qui
779 1077 1446 1150 custodiuntjudicium,
1479 1083 1536 1135 et
1557 1081 1780 1138 faciunt
1801 1083 1976 1154 justi-

329 1167 475 1226 tiam
523 1168 583 1224 in
634 1167 791 1224 omni
840 1171 1118 1239 tempore.
1155 1190 1182 1214 ››
1232 1167 1402 1224 Recte
1452 1168 1632 1226 David
1680 1170 1738 1225 id
1788 1171 1976 1228 dicere

331 1262 578 1331 poterat,
612 1262 669 1314 et
697 1259 820 1330 ipse
865 1257 1159 1328 judicium
1192 1259 1402 1316 fecerat
1428 1264 1483 1314 et
1505 1260 1801 1332 justitiam
1829 1278 1840 1316 :
1875 1263 1974 1318 sed

330 1347 609 1419 quoniam
643 1364 758 1403 non
790 1348 926 1402 fecit
954 1348 1013 1402 in
1045 1348 1204 1403 omni
1251 1354 1529 1420 tempore,
1563 1356 1865 1422 propterea
1893 1367 1978 1406 ce-

330 1437 489 1494 cinit.
526 1438 672 1504 Quid
705 1437 862 1494 enim
902 1437 1089 1494 dicit?
1118 1462 1146 1488 «
1182 1438 1338 1493 Beati
1371 1439 1469 1510 qui
1515 1439 1979 1509 custodiuntju-

339 1527 579 1593 dicium,
626 1532 683 1583 et
728 1527 951 1584 faciunt
989 1527 1283 1598 justitiam
1335 1527 1394 1582 in
1433 1528 1590 1583 omni
1636 1533 1916 1599 tempore.
1955 1550 1974 1576 η

337 1615 483 1682 Quid
519 1617 674 1672 enim
709 1617 947 1688 prodest
971 1617 1146 1673 alicui
1173 1616 1374 1688 viginti
1407 1617 1576 1673 annis
1606 1634 1734 1672 esse
1765 1617 1822 1671 in
1854 1633 1984 1672 con-

337 1705 606 1774 tinentia,
640 1711 697 1762 et
730 1711 932 1777 postea
984 1707 1188 1762 cadere
1213 1707 1240 1761 ?
1287 1706 1612 1761 secundum
1660 1707 1815 1778 quod
1846 1706 1986 1762 scri-

338 1797 504 1865 ptum
536 1798 626 1849 est
655 1793 714 1849 in
765 1794 1079 1867 propheta:
1131 1794 1257 1851 Non
1289 1794 1546 1868 proderit
1583 1794 1816 1864 justitia
1840 1793 1984 1865 justi

336 1882 396 1938 in
429 1899 779 1954 quacunque
804 1884 896 1938 via
915 1882 1222 1940 erraverit:
1250 1899 1364 1938 non
1396 1899 1529 1940 eum
1557 1882 1848 1953 liberabit,
1881 1899 1987 1939 nec

340 1971 589 2029 salvabit
619 1973 832 2044 (Ezech.
885 1989 1079 2043 xxxm,
1120 1972 1231 2043 42).
1265 1973 1334 2028 Et
1381 1977 1682 2045 peccatum
1714 1977 1982 2045 peccato-

341 2061 423 2117 ris
453 2079 570 2117 non
618 2061 667 2118 ei
718 2061 946 2117 nocebit
995 2061 1054 2116 in
1098 2077 1447 2133 quacunque
1500 2063 1592 2118 die
1617 2065 1985 2118 convertatur

335 2154 392 2206 et
422 2155 557 2224 agat
595 2150 1018 2222 paenitentiam.
1063 2151 1261 2223 Neque
1282 2151 1481 2222 justus
1520 2152 1692 2208 debet
1732 2169 1860 2208 esse
1890 2169 1982 2208 se-

338 2255 538 2308 curus,
571 2255 760 2311 neque
807 2243 1072 2312 peccator
1101 2240 1408 2312 desperare
1433 2240 1604 2296 debet
1649 2241 1718 2296 de
1749 2258 1856 2297 sua
1895 2258 1985 2297 ea-

339 2327 478 2384 lute.
516 2329 579 2384 In
610 2332 856 2399 utroque
885 2328 1041 2384 enim
1071 2345 1270 2384 eorum
1304 2333 1360 2384 et
1391 2329 1566 2384 timor
1596 2333 1704 2399 est,
1737 2334 1794 2384 et
1825 2346 1980 2401 spes.

343 2418 448 2486 Qui
487 2419 632 2489 [acit
669 2418 972 2488 justitiam.
1020 2417 1260 2474 Justitia
1303 2418 1588 2474 Dominus
1635 2423 1833 2474 noster
1873 2423 1981 2474 est.

337 2506 577 2566 Justitia
608 2506 764 2562 enim
807 2506 1061 2574 Domini,
1112 2507 1397 2563 Dominus
1438 2511 1636 2563 noster
1665 2506 1895 2574 dicitur,
1928 2510 1985 2562 et

340 2594 622 2653 Salvator.
662 2617 683 2643 ι
721 2595 930 2652 Beatus
978 2611 1114 2668 ergo
1147 2595 1247 2668 qui
1296 2596 1434 2651 facit
1463 2595 1778 2667 justitiam,
1817 2619 1844 2646 »
1877 2596 1984 2653 hoc

339 2687 446 2752 est,
497 2682 598 2754 qui
649 2683 785 2739 facit
834 2683 1155 2740 Christum.
1215 2684 1514 2748 Quomodo
1561 2701 1697 2757 ergo
1737 2685 1985 2741 facimus

339 2770 659 2842 Christum,
708 2771 817 2827 hoc
874 2776 964 2828 est
1011 2772 1355 2843 justitiam?
1410 2773 1470 2829 Si
1511 2775 1672 2846 juste
1716 2790 1983 2845 agamus,

343 2859 670 2933 concipitur
699 2859 758 2916 in
791 2860 960 2917 nobis
982 2862 1236 2933 justitia,
1269 2866 1325 2918 et
1355 2862 1580 2934 paritur
1608 2880 1677 2919 ex
1705 2864 1873 2919 nobis
1896 2864 1988 2934 ju-

344 2949 525 3018 stitia,
557 2955 613 3005 et
642 2967 850 3006 sumus
900 2960 1086 3006 mater
1107 2951 1324 3022 justiae.
1377 2951 1532 3006 Felix
1561 2956 1650 3007 est
1698 2956 1755 3008 et
1783 2953 1989 3008 beatus

347 3039 446 3111 qui
478 3039 638 3096 omni
668 3043 928 3112 tempore
956 3043 1012 3096 et
1042 3045 1206 3112 pater
1237 3044 1292 3096 et
1322 3045 1509 3096 mater
1540 3044 1629 3096 est
1649 3041 1914 3113 justiﬁes.

419 3151 448 3178 «
481 3127 772 3185 Memento
793 3129 1002 3197 nostri,
1035 3130 1296 3199 Domine,
1321 3129 1379 3184 in
1401 3129 1760 3202 beneplacito
1791 3130 1989 3202 populi

341 3217 447 3286 tui.
481 3238 509 3267 »
543 3218 706 3282 Quod
736 3217 879 3273 dicit
921 3218 1128 3274 beatus
1165 3217 1346 3274 David
1397 3218 1506 3275 hoc
1538 3224 1626 3275 est
1653 3236 1665 3275 :
1697 3219 1844 3288 Scio,
1880 3225 1988 3276 Do-

2080 637 2357 694 omnibus
2371 636 2943 704 misereretur.(Rom.
2959 650 3037 701 x1,
3051 632 3166 703 32).
3182 654 3209 682 «
3228 628 3722 702 Injueteegimue:

2080 726 2450 798 iniquitatem
2467 725 2730 782 fecimus.
2751 746 2776 773 ‹‹
2794 723 3114 796 Diligenter
3125 717 3570 776 animadvertite
3583 718 3726 790 quid

2082 816 2238 872 dicat
2264 834 2276 872 :
2310 839 2337 866 «
2374 815 2744 872 Peccavimus
2774 829 2908 868 cum
2940 811 3206 886 patribus
3238 808 3476 879 nostris,
3508 808 3730 880 injuste

2083 907 2333 981 egimus,
2359 904 2725 978 iniquitatem
2760 903 3023 958 tecimus-
3056 924 3083 952 »
3109 899 3404 970 Numquid
3428 897 3590 965 dixit,
3621 897 3731 954 im-

2084 997 2176 1068 pie
2205 996 2434 1068 egimus
2452 995 2479 1049 ?
2508 993 2667 1050 aliud
2694 998 2783 1049 est
2804 996 3162 1065 pecoatorem
3184 1005 3312 1046 esse
3339 987 3730 1059 etinjustum,

2085 1085 2244 1141 aliud
2277 1100 2406 1140 esse
2425 1084 2697 1156 impium.
2733 1087 3004 1139 Peccator
3027 1081 3356 1152 frequenter
3383 1076 3735 1134 vinciturin-

2087 1173 2362 1230 ﬁrmitate
2385 1173 2644 1246 corporis
2669 1189 2682 1229 :
2708 1172 2926 1244 impius
2957 1173 3153 1227 autem
3180 1171 3354 1242 negat
3373 1168 3580 1236 Deum,
3605 1165 3735 1220 Pro-

2087 1267 2283 1334 pterea
2312 1279 2448 1334 ergo
2480 1261 2756 1334 quoniam
2780 1277 2884 1334 ego
2916 1277 3030 1316 non
3063 1275 3196 1330 sum
3222 1257 3462 1342 impius,
3486 1255 3587 1311 sed
3611 1269 3737 1326 pec-

2087 1356 2268 1419 cator,
2301 1356 2605 1424 propterea
2633 1351 2817 1406 audeo
2848 1365 3053 1423 rogare
3085 1363 3188 1420 pro
3214 1345 3466 1418 peccatis
3497 1343 3663 1400 meis.

2161 1463 2188 1490 ‹‹
2223 1444 2424 1496 Patres
2455 1440 2640 1496 nostri
2674 1439 2733 1494 in
2765 1439 3005 1510 IEgypto
3038 1453 3154 1491 non
3190 1433 3602 1490 intellexerunt
3633 1432 3740 1486 mi-

2091 1529 2301 1584 rabilis
2333 1537 2448 1584 tua.
2489 1552 2508 1578 η
2544 1529 2851 1595 Viderunt,
2898 1532 2955 1582 et
2984 1543 3100 1582 non
3128 1524 3416 1580 viderunt.
3450 1520 3738 1577 Viderunt

2093 1617 2426 1674 carnalibus
2459 1618 2664 1683 oculis,
2695 1622 2754 1673 et
2785 1615 3190 1685 spiritualibus
3226 1611 3412 1668 oculis
3442 1627 3557 1665 non
3586 1609 3738 1665 vide-

2095 1713 2252 1763 runt.
2287 1708 2411 1763 Non
2443 1707 2608 1774 dixit,
2640 1724 2755 1763 non
2799 1705 3070 1761 viderunt
3091 1722 3108 1757 :
3142 1703 3264 1768 sed,
3299 1724 3326 1751 «
3363 1716 3478 1756 non
3508 1697 3734 1755 intelle-

2095 1801 2322 1852 xerunt.
2361 1819 2388 1846 ››
2420 1796 2508 1851 Illi
2530 1795 2683 1851 enim
2715 1795 2986 1850 viderunt
3007 1789 3317 1860 mirabilia,
3349 1792 3406 1844 et
3427 1805 3541 1844 non
3572 1785 3740 1843 intel-

2099 1884 2378 1941 lexerunt.
2412 1886 2537 1941 Non
2569 1885 2725 1940 enim
2759 1901 2825 1940 ea
2853 1879 3147 1955 spirituali
3187 1876 3738 1949 contemplabantur

2091 1973 2330 2030 intuitu.
2363 1998 2388 2023 «
2414 1976 2484 2032 Et
2511 1991 2624 2030 non
2647 1974 2885 2029 fuerunt
2907 1987 3195 2027 memores
3216 1964 3614 2022 multitudinis
3636 1963 3739 2019 mi-

2091 2063 2418 2119 sericordiae
2449 2068 2580 2119 tuas.
2610 2085 2638 2112 ››
2670 2061 2930 2126 Qualiter
2957 2077 3056 2116 eos
3078 2060 3150 2114 de
3175 2057 3447 2113 manibus
3480 2053 3740 2110 inimico-

2093 2169 2223 2208 rum
2255 2152 2546 2225 eripuisti.
2601 2152 2711 2207 Sed
2742 2150 2913 2206 hodie
2967 2163 3202 2220 quoque
3249 2143 3541 2201 mirabilia
3569 2141 3734 2209 facis,

2095 2242 2368 2298 Domine:
2403 2259 2536 2296 cum
2569 2256 2674 2296 nos
2699 2257 2733 2295 a
2760 2239 3015 2296 tenebris
3044 2235 3249 2294 mundi
3281 2237 3512 2306 ereptos
3539 2229 3740 2305 digna-

2094 2331 2174 2387 ris
2203 2329 2556 2386 illuminare.

2168 2442 2194 2468 ‹‹
2224 2421 2295 2475 Et
2321 2419 2696 2475 irritavcrunt
2725 2417 3105 2475 ascendentes
3137 2415 3195 2470 in
3231 2430 3390 2469 mare
3428 2411 3692 2468 Rubrum
3719 2427 3732 2465 :

2093 2512 2152 2565 et
2172 2509 2414 2566 salvavit
2437 2525 2559 2576 eos,
2585 2531 2612 2556 ››
2638 2513 2746 2564 etc.
2773 2508 2944 2563 Facta
2969 2508 3108 2562 sunt
3131 2503 3289 2560 enim
3310 2502 3431 2558 haec
3452 2502 3510 2557 in
3535 2499 3733 2558 Israel.

2093 2597 2205 2654 Sed
2237 2597 2821 2653 animadvertendum
2859 2599 2948 2652 est
2995 2593 3132 2667 quia
3165 2593 3320 2664 quod
3351 2590 3432 2647 ibi
3464 2590 3577 2647 fuit
3605 2605 3736 2647 um-

2093 2687 2218 2753 bra,
2254 2687 2313 2741 in
2363 2685 2616 2742 Ecclesia
2662 2684 2872 2741 veritas
2922 2687 3012 2740 est
3058 2681 3363 2754 completa.
3410 2679 3594 2751 Igitur
3634 2677 3738 2734 ba-

2095 2775 2381 2848 ptismum
2398 2774 2482 2830 vel
2500 2792 2642 2832 crux
2654 2773 2862 2830 Christi
2880 2770 3258 2845 pereuntibus
3269 2767 3520 2825 stultitia
3534 2768 3642 2822 est.
3663 2766 3742 2822 Ir-

2095 2865 2306 2920 ritatur
2350 2881 2485 2936 ergo
2533 2865 2605 2918 ab
2653 2863 2746 2918 his
2805 2867 2977 2927 Deus,
3027 2875 3160 2916 cum
3217 2875 3332 2914 non
3381 2855 3736 2928 intelligunt.

2095 2953 2320 3009 Eruditi
2349 2956 2542 3008 autem
2564 2956 2704 3008 tunc
2726 2952 3075 3024 cognoscent
3101 2946 3420 3020 potentiam
3442 2945 3561 3001 Dei.
3584 2944 3742 3002 Mare

2099 3045 2294 3100 autem
2325 3043 2474 3098 duas
2502 3041 2678 3097 habet
2707 3039 3119 3112 intelligentiae
3143 3055 3156 3093 :
3191 3036 3557 3110 baptismum
3585 3033 3744 3091 scili-

2098 3135 2189 3187 cet
2216 3136 2272 3187 et
2301 3130 2602 3187 saeculum.

2170 3239 2200 3271 α
2235 3219 2558 3291 Increpavit
2587 3233 2745 3276 mare
2776 3218 3066 3287 Rubrum,
3096 3219 3154 3272 et
3185 3214 3540 3272 exsiccatum
3571 3217 3681 3270 est.
3718 3235 3744 3262 »

341 3304 518 3375 mine,
553 3308 804 3361 veterem
847 3304 1073 3377 legem:
1117 3306 1416 3361 beatitudo
1469 3307 1724 3377 perfecta
1754 3323 1869 3362 non
1899 3311 1989 3363 est
2018 3288 2060 3356 Ο
2099 3307 2340 3364 Desistit
2371 3288 2567 3364 coram
2608 3306 2844 3379 populo.
2877 3306 2977 3362 Dei
3019 3303 3410 3378 procellosum
3443 3302 3743 3368 stimulum,

349 3394 409 3450 in
450 3393 635 3450 veteri
683 3393 854 3465 Lege,
901 3394 1003 3449 sed
1053 3393 1113 3448 in
1160 3393 1492 3466 Evangelio.
1544 3394 1674 3450 Scio
1709 3395 1988 3468 quoniam

345 3482 506 3556 prior
535 3480 788 3555 populus
808 3481 1049 3538 offendit
1073 3485 1148 3552 te,
1181 3487 1238 3538 et
1258 3497 1444 3538 novus
1465 3481 1718 3555 populus
1740 3488 1989 3550 creatur,

345 3571 447 3642 qui
478 3569 689 3628 serviat
719 3569 844 3626 tibi.
880 3569 1009 3626 Scio
1039 3569 1182 3642 quia
1197 3571 1389 3627 veniet
1417 3570 1597 3627 Filius
1621 3576 1776 3643 tuus,
1809 3576 1866 3626 et
1885 3570 1995 3629 sal-

345 3659 504 3715 vabit
533 3673 705 3714 omne
727 3675 912 3731 genus
934 3659 1283 3725 humanum,
1306 3664 1361 3715 et
1386 3662 1620 3716 credent
1645 3660 1704 3716 in
1736 3677 1870 3716 eum
1894 3660 1992 3731 qui

348 3747 515 3804 electi
559 3753 752 3804 erunt.
811 3748 1120 3820 Propterea
1174 3765 1310 3821 ergo
1365 3766 1502 3822 rogo
1561 3749 1840 3820 quoniam
1889 3765 1994 3822 ego

348 3836 512 3908 prius
545 3841 718 3893 natus
766 3853 897 3893 sum
931 3838 988 3892 in
1027 3838 1205 3894 veteri
1258 3843 1423 3911 Lege,
1477 3843 1542 3894 ut
1567 3839 1821 3911 imputes
1849 3838 1994 3894 mihi

348 3927 676 3984 mercedem
708 3943 841 3982 cum
887 3944 1032 3983 novo
1083 3926 1316 4000 populo.
1366 3927 1610 3984 Videtur
1640 3931 1841 3984 nostra
1870 3944 1997 3984 esse

351 4017 646 4073 sententia
673 4016 812 4071 haec.
857 4017 1147 4090 Legamus
1190 4016 1349 4090 ipsos
1379 4017 1715 4084 versiculos,
1750 4021 1807 4072 et
1837 4017 1994 4072 inve-

258 4155 270 4165 .
352 4105 582 4171 niemus
611 4104 808 4175 ipsum
828 4121 1070 4160 sensum
1092 4120 1220 4161 esse
1241 4120 1419 4176 quem
1450 4105 1729 4161 diximus.
1760 4129 1788 4156 «
1811 4105 1999 4162 Visita

350 4209 459 4250 nos
489 4193 548 4249 in
581 4191 822 4250 salutari
851 4197 974 4250 tuo.
1010 4216 1038 4243 »
1070 4197 1187 4249 Hoc
1219 4197 1326 4261 est,
1349 4193 1408 4250 in
1439 4194 1582 4250 Filio
1608 4199 1729 4263 tuo,
1763 4195 1996 4266 quando

349 4281 592 4337 venerit.

425 4390 453 4420 «
481 4370 570 4426 Ad
599 4367 917 4426 videndum
946 4369 1006 4425 in
1039 4371 1296 4428 bonitate
1326 4372 1644 4429 electorum
1675 4377 1932 4430 tuorum.
1969 4398 1990 4427 ι)

350 4459 469 4515 Hoc
498 4463 609 4527 est,
641 4459 716 4514 da
744 4458 914 4514 nobis
944 4463 1168 4532 partem
1201 4477 1333 4516 cum
1379 4461 1680 4534 apostolis.
1709 4463 1994 4528 Quoniam

353 4566 459 4616 nos
489 4549 724 4622 quidem
754 4548 1177 4607 antecessimus
1208 4567 1307 4607 eos
1337 4551 1395 4606 in
1427 4555 1688 4624 tempore
1710 4568 1723 4608 :
1748 4551 1830 4607 illi
1863 4569 1995 4608 vero

2103 3413 2236 3452 cum
2270 3395 2604 3469 cognoverit
2623 3396 2841 3451 fontem
2870 3393 3054 3450 vitam
3077 3393 3145 3447 Et
3163 3391 3363 3447 eduxit
3377 3407 3475 3446 eos
3497 3390 3556 3445 in
3581 3390 3748 3461 abys-

2103 3485 2186 3541 sis
2243 3485 2390 3542 sicut
2453 3486 2513 3540 in
2591 3485 2840 3540 deserto.
2894 3506 2920 3532 ‹‹
2993 3482 3297 3553 Tanquam
3329 3479 3377 3536 si
3435 3495 3535 3552 per
3595 3477 3750 3535 sicea

2103 3574 2314 3631 deserti
2347 3573 2712 3645 gradiantur,
2759 3572 2838 3628 ita
2881 3569 3058 3628 nullis
3089 3573 3227 3626 sunt
3278 3568 3554 3626 fluctibus
3578 3582 3748 3624 occu-

2104 3665 2244 3736 pati.
2293 3691 2300 3700 ’

2178 3777 2204 3804 ‹‹
2243 3753 2307 3808 Et
2341 3751 2582 3808 salvavit
2609 3769 2709 3808 eos
2740 3751 2810 3806 de
2840 3767 3018 3807 manu
3041 3748 3387 3819 odientium,
3420 3752 3478 3803 et
3505 3746 3753 3805 redemit

2105 3858 2205 3898 eos
2233 3843 2305 3899 de
2337 3858 2513 3898 manu
2545 3841 2787 3898 inimici.
2824 3863 2852 3890 »
2884 3838 3176 3896 Liberatio
3208 3855 3274 3894 ac
3302 3837 3625 3910 redemptio
3654 3837 3753 3893 ho-

2105 3930 2284 3986 minis
2314 3947 2414 4002 per
2444 3930 2777 4003 passionem
2810 3928 3026 3986 Christi
3059 3929 3209 3984 facta
3238 3931 3346 3983 est.

2178 4045 2205 4070 ‹‹
2232 4021 2300 4075 Et
2319 4018 2548 4092 operuit
2569 4035 2721 4090 aqua
2739 4016 3086 4072 tribulantes
3105 4031 3204 4071 eos
3227 4031 3240 4068 :
3271 4029 3424 4069 unus
3445 4029 3514 4068 ex
3529 4011 3614 4078 eis
3635 4029 3752 4068 non

2107 4107 2409 4165 remansit.
2442 4129 2470 4158 ››
2499 4107 2591 4162 Sic
2611 4114 2665 4162 et
2703 4121 2855 4162 nunc
2878 4105 2937 4160 in
2970 4108 3170 4160 nostro
3192 4102 3484 4174 baptismo
3517 4101 3599 4156 ﬁt.
3634 4100 3752 4156 Ah-

2106 4196 2288 4252 luitur
2319 4196 2494 4252 homo
2545 4195 2734 4269 aquis,
2783 4197 2841 4250 et
2881 4194 3032 4267 perit
3080 4191 3348 4248 diabolus
3394 4206 3530 4246 cum
3577 4189 3752 4246 satel-

2104 4284 2307 4342 litibus
2339 4285 2482 4342 suis.

2178 4397 2206 4425 «
2241 4375 2307 4431 Et
2335 4373 2708 4431 crediderunt
2753 4372 2813 4428 in
2842 4369 3033 4428 verbis
3079 4370 3228 4440 ejus,
3279 4373 3336 4424 et
3364 4367 3753 4424 landaverunt

2107 4463 2342 4520 laudem
2374 4465 2524 4535 ejus.
2560 4484 2586 4511 »
2623 4463 2768 4529 Quia
2798 4462 3045 4517 victores
3075 4462 3258 4515 erant.

2179 4576 2206 4602 «
2239 4552 2361 4608 Cito
2393 4552 2675 4616 fecerunt,
2708 4549 2872 4608 obliti
2904 4554 3041 4604 sunt
3063 4562 3304 4620 operum
3335 4547 3486 4618 ejus.
3520 4567 3548 4594 »
3581 4543 3749 4601 Multi

352 4638 695 4695 antecedent
722 4654 830 4695 nos
859 4638 919 4694 in
946 4637 1390 4710 spiritualibus:
1425 4639 1536 4696 hoc
1566 4644 1674 4707 est,
1710 4645 1774 4698 ut
1802 4641 1995 4698 videa-
2026 4661 2074 4727 Ι)
2105 4642 2261 4698 enim
2293 4641 2352 4697 in
2375 4639 2630 4696 Ecclesia
2651 4639 2801 4694 male
2830 4637 3071 4694 vivendo
3095 4641 3153 4693 et
3182 4654 3297 4692 non
3320 4639 3470 4692 recte
3498 4634 3750 4691 sentien-

353 4742 486 4784 mus
513 4725 837 4783 bonitatem
889 4732 1074 4796 tuam,
1105 4745 1282 4800 quam
1333 4729 1595 4785 facturus
1626 4745 1686 4786 es
1717 4745 1851 4786 cum
1882 4730 1992 4787 ele-

349 4815 459 4871 otis
493 4813 632 4872 tuis.
671 4835 692 4865 ι
724 4815 814 4872 Ad
860 4815 1178 4874 laetandum
1208 4817 1267 4873 in
1313 4817 1518 4875 ltetitia
1563 4818 1751 4892 gentis
1795 4823 1926 4875 tute.
1963 4843 1990 4869 ››

346 4907 499 4963 Gens
525 4904 758 4962 Domini
788 4921 895 4963 nos
925 4923 1173 4976 sumus;
1204 4907 1253 4964 si
1289 4912 1483 4964 tamen
1514 4925 1656 4981 gens
1682 4907 1868 4980 ipsius
1900 4926 1992 4964 su-

350 5010 505 5050 mus.
541 4994 782 5067 Populo,
812 4993 1024 5067 inquit,
1059 4995 1158 5067 qui
1185 5001 1476 5063 nascetur,
1519 5014 1692 5069 quem
1723 4997 1856 5054 fecit
1882 4999 1989 5054 Do-

351 5083 571 5140 minus.
605 5106 632 5133 ‹‹
666 5083 739 5140 Ut
780 5082 1091 5141 laudemur
1120 5102 1252 5140 cum
1300 5085 1634 5144 haereditate
1665 5091 1782 5144 tua.
1819 5111 1846 5138 ››
1876 5089 1992 5144 Ηοο

350 5177 460 5243 est,
495 5177 562 5230 ut
591 5189 725 5232 cum
772 5173 1082 5248 Evangelio
1131 5179 1187 5232 et
1225 5192 1332 5231 nos
1378 5175 1700 5234 habeamus
1744 5181 1991 5250 partem,

353 5264 454 5334 qui
474 5264 534 5320 in
553 5263 736 5321 veteri
758 5263 907 5338 Lege
930 5263 1068 5322 facti
1083 5281 1311 5322 sumus.
1337 5265 1632 5322 Abraham
1654 5267 1810 5323 enim
1832 5271 1995 5340 pater

353 5358 551 5411 noster
579 5353 721 5410 vidit
759 5354 912 5411 diem
963 5357 1154 5424 tuum,
1187 5361 1242 5411 ct
1283 5355 1521 5428 gavisus
1549 5361 1639 5412 est
1661 5357 1837 5428 (Joan.
1869 5373 1993 5426 Vlll,

350 5443 464 5520 56).
518 5443 836 5502 Videamus
890 5459 1028 5518 ergo
1057 5450 1116 5502 et
1171 5461 1299 5518 nos,
1357 5451 1415 5503 et
1459 5447 1821 5519 gaudeamus
1859 5463 1990 5503 cum

351 5533 686 5590 haereditate
713 5537 835 5590 tua.

426 5643 454 5672 ‹‹
484 5621 858 5680 Peccavimus
888 5637 1021 5680 cum
1045 5621 1313 5695 patribus
1344 5625 1578 5682 nostris.
1600 5646 1621 5674 ιο
1656 5622 1781 5680 Filii
1812 5625 1995 5681 secuti

353 5728 564 5770 sumus
596 5715 810 5785 patres.
854 5713 971 5770 Hoc
1000 5711 1248 5770 fecimus
1295 5715 1452 5788 quod
1482 5719 1542 5772 et
1587 5718 1781 5786 patres
1810 5713 1994 5772 nostri

2104 4732 2177 4788 do
2211 4732 2280 4786 de
2313 4731 2444 4800 Deo,
2479 4729 2731 4802 perdunt
2760 4726 3034 4801 baptismi
3057 4726 3326 4800 gratiam.
3365 4750 3389 4774 ››
3413 4726 3538 4782 Non
3569 4723 3746 4782 susti-

2102 4823 2357 4876 nuerunt
2408 4818 2718 4874 consilium
2767 4818 2914 4889 ejus.
2969 4839 2995 4868 »
3050 4816 3122 4874 Ut
3169 4816 3532 4873 custodirent
3567 4814 3745 4870 vitam

2103 4925 2279 4981 quam
2311 4906 2474 4981 prius
2502 4907 2820 4981 elegerunt.

2179 5019 2200 5048 ι
2236 4999 2303 5054 Et
2333 4995 2752 5069 concupierunt
2797 4995 3299 5068 concupiscentiae
3339 4993 3396 5048 in
3427 4993 3676 5048 deserto.
3712 5011 3740 5041 »

2105 5089 2165 5142 In
2196 5085 2511 5144 solitudine
2545 5086 2713 5143 istius
2757 5085 2974 5142 saeculi.
3007 5108 3034 5133 «
3069 5085 3135 5138 Et
3167 5085 3533 5138 tentaverunt
3560 5079 3743 5136 Deum

2101 5177 2161 5232 in
2211 5177 2518 5248 inaquoso.
2551 5197 2578 5226 »
2633 5175 2873 5232 Siccitas
2922 5173 3078 5228 enim
3127 5171 3209 5227 eis
3253 5174 3393 5237 erat,
3445 5168 3584 5241 quia
3626 5185 3740 5224 non

2102 5266 2528 5340 cognoscebant
2559 5264 2747 5322 sancti
2793 5262 3046 5335 Spiritus
3092 5259 3512 5332 irrigationem,
3560 5257 3619 5313 in
3648 5274 3741 5313 co-

2102 5355 2308 5412 lumna
2337 5355 2505 5412 aubis
2535 5371 2661 5425 qua:
2695 5351 3050 5425 praecedebat
3081 5369 3198 5405 cus.

2178 5467 2206 5496 «
2238 5447 2305 5502 Et
2332 5445 2493 5502 dedit
2522 5444 2606 5499 eis
2637 5441 2944 5515 petitiones
2989 5457 3213 5504 eorum,
3244 5443 3301 5494 et
3336 5437 3500 5494 misit
3529 5436 3740 5494 saturi-

2102 5539 2278 5591 tatem
2311 5534 2370 5590 in
2419 5533 2647 5588 animas
2693 5546 2916 5586 eorum.
2953 5552 2979 5578 »
3023 5529 3094 5584 Ut
3143 5525 3432 5599 spirituali
3482 5526 3610 5584 cibo
3640 5543 3739 5600 po-

2103 5623 2350 5697 culoque
2381 5621 2774 5678 reﬁcerentur.

2177 5736 2203 5763 ‹‹
2233 5717 2301 5770 Et
2343 5710 2716 5768 irritaverunt
2771 5708 3006 5780 Moysen
3062 5706 3120 5762 in
3177 5705 3408 5775 castris,
3453 5709 3510 5764 et
3550 5708 3739 5766 Aaron
