4256 6580
489 400 638 470 1211

1980 413 2405 476 APPENDIX'

3740 409 3901 472 1212

485 545 755 601 sanctum
784 539 904 599 Dei.
942 564 962 592 ι
991 541 1199 617 Legem
1232 542 1434 619 utique
1465 551 1518 604 et
1546 547 1934 605 sacerdotium
1967 547 2130 606 stulti
2162 551 2216 619 Α
2247 548 2437 605 ruina.
2475 570 2504 598 »
2535 546 2725 605 Ruina
2755 549 2844 604 est
2873 561 3004 603 cum
3037 543 3288 618 parietes
3331 543 3640 602 domorum
3673 547 3852 601 ruunt
3879 557 3894 601 τ
3933 539 3936 542 ’

485 630 753 686 irritant:
787 648 918 688 cum
949 632 1050 689 Dei
1082 639 1386 707 praecepta,
1423 653 1526 708 per
1564 654 1662 694 eos
1695 639 1982 708 nuntiata,
2019 657 2133 695 non

484 720 752 777 audiunt.

557 833 586 859 ‹‹
619 812 832 882 Aperta
861 814 950 867 est
979 816 1153 880 terra,
1185 818 1242 870 et
1293 813 1597 886 deglutivit
1627 815 1877 885 Dathan,
1913 822 1969 874 et
2000 836 2134 890 0pc-

486 899 605 954 ruit
636 916 812 971 super
843 903 1354 974 congregationem
1385 905 1620 974 Abiron,
1654 911 1710 960 et
1739 907 1952 962 exarsit
1984 908 2135 980 ignis

486 988 546 1043 in
581 1005 878 1061 synagoga
911 1005 1134 1058 eorum,
1168 997 1225 1047 et
1247 993 1486 1049 ﬂamma
1517 995 1843 1051 combussit
1873 1001 2133 1067 peccato-

485 1094 600 1134 res.
634 1099 662 1126 »
695 1079 870 1134 Facta
919 1084 1056 1136 sunt
1087 1081 1208 1136 hmc
1257 1084 1580 1139 secundum
1629 1084 1903 1140 litteram.
1938 1087 2047 1141 Sed
2081 1091 2138 1141 et

487 1183 644 1222 nunc
675 1184 772 1223 eos
799 1169 1033 1225 devorat
1056 1174 1210 1226 terra
1237 1175 1290 1226 et
1322 1173 1557 1228 exardet
1578 1173 1751 1246 ignis,
1778 1175 1875 1246 qui
1907 1179 2137 1230 terrena

489 1257 728 1328 sapiunt
759 1262 815 1312 et
843 1259 1122 1314 recedunt.
1144 1278 1178 1320 a
1209 1263 1504 1318 mandatis
1527 1263 1647 1330 Dei,
1682 1281 1830 1334 quos
1861 1281 1972 1319 non
2007 1264 2138 1319 illu-

487 1345 676 1403 minat
705 1347 894 1418 gratia
923 1347 1171 1420 Spiritus
1203 1351 1388 1406 sancti
1415 1369 1426 1419 ;
1463 1353 1561 1408 sed
1605 1353 1869 1408 accendit
1898 1354 2136 1409 flamma

491 1435 730 1507 peccati.

563 1545 590 1572 ‹‹
623 1524 692 1578 Et
724 1524 987 1582 fecerunt
1017 1527 1262 1583 vitulum
1298 1529 1355 1583 in
1409 1531 1615 1597 Horeb,
1665 1535 1719 1585 et
1749 1531 2137 1586 adoraverunt

486 1611 778 1684 sculptile,
811 1618 868 1668 et
901 1619 1271 1672 mutaverunt
1301 1617 1545 1690 gloriam
1570 1636 1738 1675 suam
1773 1619 1830 1674 in
1866 1619 2137 1675 similitu-

429 1743 433 1747 .
490 1701 688 1757 dinem
719 1701 883 1757 vituli
916 1705 1276 1761 comedentis
1299 1708 1517 1762 fenum.
1555 1731 1581 1757 »
1619 1711 1676 1762 In
1708 1709 1823 1764 Deo
1854 1708 2007 1765 enim
2042 1709 2137 1764 de-

489 1790 695 1846 buerat
721 1806 849 1847 esse
873 1792 1060 1863 gloria
1081 1811 1281 1850 eorum
1309 1815 1321 1863 ;
1355 1798 1456 1851 sed
1481 1796 1678 1853 relicto
1701 1815 1787 1864 eo,
1821 1797 2134 1854 simulacro

489 1882 654 1934 muto
687 1883 742 1934 et
771 1880 949 1935 surdo
993 1882 1200 1939 dantes
1246 1883 1512 1956 gloriam,
1566 1887 1872 1942 dicebant:
1913 1889 1980 1942 Hi
2008 1892 2137 1943 sunt

487 1967 570 2022 dii
599 1969 704 2038 tui,
737 1968 906 2024 Israel
935 1972 1128 2040 (Exod.
1178 1990 1354 2040 xxxu,
1390 1975 1462 2045 4).
1509 1975 1602 2030 Sic
1634 1979 1690 2031 et
1719 1994 1872 2032 nunc
1901 1976 1946 2031 si
1981 1977 2134 2047 quis,

489 2055 689 2111 relicta
732 2056 1010 2127 Ecclesia,
1045 2065 1231 2117 sortes
1280 2059 1682 2135 pytho'nesque
1712 2065 1983 2134 consulit,
2010 2083 2136 2120 mu-

488 2148 648 2199 tatur
675 2145 860 2218 gloria
888 2149 1036 2218 ejus,
1070 2155 1125 2205 et
1154 2150 1366 2208 similis
1395 2153 1601 2224 pecudi
1636 2153 1735 2208 ﬁt:
1772 2155 1925 2210 sicut
1955 2171 2137 2226 quon-

489 2233 623 2289 dam
651 2234 1186 2295 Nabuchodonosor
1211 2242 1371 2309 (Dan.
1405 2260 1481 2310 ιν,
1517 2245 1581 2296 30
1610 2245 1777 2316 seqq.)

563 2347 588 2373 ι(
626 2323 803 2380 Obliti
835 2330 971 2380 sunt
1011 2327 1191 2384 Deum
1246 2331 1343 2402 qui
1395 2332 1642 2388 salvavit
1694 2349 1830 2388 eos:
1869 2349 1966 2405 qui
2002 2333 2136 2388 fecit

492 2412 788 2487 magnalia
846 2414 904 2468 in
958 2415 1218 2488 Egypto.
1257 2440 1283 2466 ››
1347 2419 1418 2475 Ut
1469 2438 1536 2476 ea
1591 2421 1781 2494 plagis
1837 2423 2137 2480 verberata

490 2502 772 2575 populum
804 2502 1095 2560 liberaret.
1131 2530 1157 2556 ‹‹
1193 2508 1260 2563 Et
1285 2507 1575 2565 mirabilia
1604 2511 1662 2565 in
1695 2516 1849 2567 terra
1879 2511 2077 2568 Cham.
2109 2537 2128 2560 ι»

488 2592 634 2647 Cum
692 2591 984 2649 derelictis
1039 2597 1332 2667 gentibus,
1396 2598 1555 2670 ipsos
1613 2599 1669 2654 in
1728 2618 1929 2656 eorum
1983 2607 2136 2658 terra

487 2679 786 2752 plantavit.
822 2683 937 2737 «Et
970 2685 1250 2742 terribilia
1293 2687 1351 2741 in
1385 2688 1530 2743 mari
1562 2689 1780 2744 Rubro.
1814 2713 1840 2739 »
1878 2690 1948 2745 Ut
1979 2690 2134 2747 Pha-

487 2787 662 2828 raone
694 2771 997 2840 exstincto,
1021 2775 1242 2830 siccum
1267 2775 1500 2849 populis
1525 2779 1805 2850 praeberet
1835 2778 2131 2836 incessum

485 2859 685 2932 (Exod.
718 2879 830 2931 xw,
861 2864 972 2935 27).

558 2971 587 2999 ‹‹
618 2951 774 3006 Dixit
801 2957 866 3006 ut
896 2952 1256 3025 disperderet
1296 2971 1396 3010 eos
1426 2956 1474 3012 si
1507 2973 1621 3012 non
1663 2962 1885 3030 Moyses
1914 2959 2132 3016 electus

489 3039 616 3111 ejus
647 3039 905 3096 stetisset
933 3040 991 3095 in
1037 3043 1429 3099 confractione
1477 3045 1534 3099 in
1575 3051 1888 3118 conspectu
1919 3049 2066 3119 ejus.
2104 3071 2130 3098 ››

488 3130 597 3183 etc.
626 3129 868 3184 Attende
898 3129 1040 3200 haec,
1074 3147 1106 3185 ο
1138 3132 1408 3188 sacerdos
1435 3151 1447 3200 ;
1479 3134 1730 3205 perierat
1761 3135 1916 3191 enim
1950 3154 2131 3209 popu-

487 3215 601 3287 lus,
660 3216 772 3272 nisi
827 3218 1051 3292 Moyses
1094 3221 1476 3294 confregisset
1523 3223 1668 3280 iram
1713 3225 2133 3298 omnipotentis

2249 656 2375 710 qua:
2410 645 2547 694 tunc
2572 637 2997 710 multiplicatur
3025 652 3157 692 cum
3187 635 3403 691 fuerint
3433 652 3467 689 a
3496 634 3895 692 fundamentis

2245 728 2450 783 eversi.
2485 733 2630 801 Ergo
2690 727 2787 782 isti
2847 743 2980 780 eum
3037 725 3442 791 fundamento,
3500 723 3554 778 id
3606 729 3714 787 est,
3757 741 3891 780 cum

2247 815 2374 888 ipsa
2407 817 2552 890 legis
2584 817 2777 871 littera
2826 815 2884 869 in
2919 831 3035 885 qua
3079 829 3140 868 se
3180 813 3471 884 putabant
3508 816 3682 878 stare,
3715 813 3892 868 diruti

2247 911 2421 961 sunt:
2456 906 2594 978 quia
2624 903 2870 960 stabiliti
2904 920 3020 958 non
3053 903 3289 958 fuerunt
3319 918 3496 973 super
3525 905 3767 973 petram.

2321 1017 2347 1043 ‹‹
2379 995 2550 1048 Stetit
2574 993 2837 1058 Phinees,
2863 996 2919 1047 et
2941 990 3181 1063 placuit,
3209 995 3266 1046 et
3296 991 3541 1047 cessavit
3569 992 3889 1062 quassatio.

2245 1084 2313 1138 Et
2344 1086 2679 1154 reputatum
2709 1085 2799 1136 est
2845 1080 2895 1137 ei
2925 1082 2995 1136 ad
3039 1080 3355 1153 justitiam,
3391 1101 3418 1127 ››
3469 1084 3577 1135 etc.
3611 1080 3892 1152 Superius

2246 1170 2389 1226 dixit
2418 1171 2652 1243 Moysen
2702 1169 2760 1224 in
2811 1169 3204 1225 contractione
3253 1167 3520 1224 stetisse:
3565 1167 3658 1224 hic
3698 1174 3890 1224 autem

2244 1259 2500 1315 Phineen
2533 1276 2802 1315 exorasse
2847 1259 3008 1314 dicit.
3062 1259 3223 1322 Quod
3264 1257 3576 1330 diligenter
3604 1258 3889 1329 ausculta,

2246 1350 2537 1416 sacerdos,
2572 1348 2664 1404 cui
2715 1349 2919 1404 anima:
2970 1348 3387 1403 commendatae
3435 1352 3608 1403 sunt:
3656 1347 3895 1419 evagina

2244 1437 2544 1510 gladium:
2607 1438 2876 1494 interimo
2937 1438 3336 1502 fornicatores,
3386 1436 3495 1491 hoc
3551 1440 3657 1502 est,
3703 1439 3897 1506 Profer

2244 1528 2489 1594 verbum,
2521 1530 2664 1583 insta
2696 1530 3025 1599 importune,
3059 1531 3359 1598 opportune
3379 1543 3397 1586 ;
3428 1541 3616 1595 argue,
3652 1529 3888 1597 increpa,

2245 1617 2463 1672 obsecra.
2519 1634 2643 1671 cum
2699 1619 2854 1671 omni
2907 1618 3180 1687 patientia
3234 1619 3284 1670 et
3333 1615 3584 1670 doctrina
3638 1615 3709 1684 (II
3755 1617 3886 1670 Tim.

2248 1724 2321 1769 iV,
2372 1707 2465 1777 2):
2527 1711 2591 1761 ut
2647 1705 2753 1761 tibi
2810 1710 3108 1776 reputetur
3165 1705 3235 1759 ad
3262 1703 3580 1775 justitiam.
3613 1703 3754 1768 Quia
3784 1704 3886 1776 qui

2245 1793 2565 1849 reddiderit
2593 1795 2915 1865 pretiosum
2969 1811 3037 1849 ex
3081 1793 3202 1861 vili,
3251 1793 3404 1848 sicut
3433 1809 3500 1849 os
3531 1809 3720 1849 meum
3750 1793 3880 1863 erit,

2246 1882 2326 1938 ait
2355 1883 2639 1939 Dominus
2671 1884 2844 1940 Deus.

2319 1995 2344 2020 ‹‹
2383 1972 2449 2027 Et
2481 1972 2852 2028 irritaverant
2884 1989 3017 2027 eum
3067 1972 3139 2027 ad
3179 1988 3362 2044 aquas
3394 1971 3883 2038 contradictionis,

2245 2065 2301 2116 et
2331 2067 2568 2118 vexatus
2598 2067 2688 2118 est
2714 2067 2936 2135 Moyses
2981 2065 3219 2134 propter
3268 2077 3383 2130 eos,
3417 2060 3555 2131 quia
3585 2060 3884 2116 exarceba-

2243 2154 2451 2206 verunt
2472 2151 2743 2222 spiritum
2767 2153 2913 2222 ejus.
2949 2172 2975 2200 »
3000 2153 3177 2222 Aquas
3201 2148 3700 2214 contradictionis,
3727 2165 3888 2220 aquae

2246 2239 2522 2310 baptismi
2572 2239 2973 2311 accipiuntur:
3008 2239 3078 2294 ad
3131 2255 3277 2310 quas
3324 2237 3552 2293 diabolo
3601 2236 3888 2292 contradi-

2245 2327 2399 2384 citur
2429 2333 2484 2383 et
2517 2328 2790 2399 operibus
2829 2329 2976 2397 eius.
3029 2327 3165 2383 Post
3191 2344 3340 2398 quas
3390 2328 3438 2382 si
3477 2326 3609 2398 quis
3641 2342 3702 2381 se
3733 2325 3889 2381 coin-

2245 2418 2572 2489 quinaverit
2617 2417 2793 2484 vitiis,
2839 2419 3081 2472 vexatur
3127 2416 3419 2482 sacerdos,
3471 2432 3573 2487 pro
3622 2431 3687 2470 eo
3735 2415 3889 2485 quod

2245 2507 2671 2562 exacerbaverit
2691 2505 2972 2576 Spiritum
3004 2505 3103 2561 Dei
3127 2521 3229 2577 per
3249 2521 3423 2577 quem
3454 2503 3552 2559 ille
3574 2503 3848 2576 praedicat
3877 2521 3890 2558 :

2245 2596 2397 2651 sicut
2421 2594 2637 2650 Paulus
2687 2595 2952 2651 dicebat:
2988 2595 3120 2663 Quis
3171 2596 3375 2661 uritur,
3418 2598 3468 2648 et
3495 2609 3587 2664 ego
3617 2609 3725 2648 non
3755 2610 3890 2648 uror

2245 2685 2318 2756 (II
2346 2685 2464 2740 Cor.
2496 2702 2573 2750 χι,
2623 2684 2764 2755 29)?
2809 2684 2889 2739 De
2938 2683 3045 2739 hoc
3092 2682 3269 2739 etiam
3314 2682 3530 2755 Spiritu
3568 2682 3889 2737 testabatur

2242 2773 2481 2829 dicens:
2533 2774 2710 2829 Nolite
2764 2775 3090 2828 contristare
3138 2773 3407 2844 Spiritum
3452 2775 3703 2827 sanctum
3751 2771 3888 2826 Dei:

2241 2863 2302 2918 in
2359 2879 2461 2934 quo
2515 2864 2720 2934 signati
2773 2863 2900 2917 estis
2958 2863 3020 2917 in
3073 2861 3163 2917 die
3232 2861 3614 2932 redemptionis
3669 2859 3881 2930 (Ephes.

2240 2969 2317 3018 1v,
2349 2952 2462 3020 30).

2320 3063 2339 3089 «ι
2375 3041 2443 3096 Et
2471 3039 2736 3095 distinxit
2765 3040 2823 3095 in
2853 3039 3024 3095 labiis
3076 3039 3221 3094 suis.
3261 3062 3281 3088 ι
3319 3039 3390 3096 Ut
3411 3037 3635 3112 jugiter
3665 3036 3891 3110 suppli-

2242 3134 2398 3185 caret
2430 3147 2532 3202 pro
2578 3130 2682 3185 eis.
2717 3152 2745 3178 «
2796 3129 2920 3185 Non
2975 3129 3452 3201 disperdiderunt
3503 3131 3703 3200 gentes
3745 3143 3891 3198 quas

2244 3218 2468 3273 dixerat
2493 3216 2781 3274 Dominus
2813 3217 2948 3273 illis.
2985 3239 3013 3267 »
3040 3215 3434 3273 Idololatriam
3460 3215 3545 3271 vel
3568 3214 3797 3271 diversa
3815 3215 3894 3270 fa-

489 3307 588 3361 Dei
619 3311 709 3362 :et
740 3311 824 3378 tu,
851 3291 984 3364 cum
1007 3310 1219 3366 videris
1241 3291 1523 3384 populum
1547 3313 1645 3369 Dei
1674 3291 2134 3387 delinquentem.
2170 3291 2212 3358 C
2251 3307 2464 3364 OiDOI‘a-

490 3413 630 3452 cane
662 3397 824 3463 tuba,
884 3400 1172 3456 annuntia
1220 3401 1303 3457 eis
1354 3401 1563 3459 delicta
1605 3420 1830 3472 eorum,
1874 3409 1932 3460 et
1961 3410 2050 3462 sta
2079 3405 2138 3461 in

491 3487 886 3544 contractione
945 3489 1016 3544 ad
1077 3494 1283 3559 Deum,
1330 3495 1394 3546 ut
1450 3496 1746 3549 avertatur
1806 3494 1964 3550 furor
2013 3495 2141 3566 ejus

492 3575 564 3631 ab
593 3576 697 3631 eis.

564 3687 590 3713 ‹‹
617 3666 686 3719 Et
707 3682 810 3736 pro
833 3665 1015 3722 nihilo
1034 3667 1367 3725 habuerunt
1385 3673 1600 3726 terram
1620 3672 2087 3728 desiderabilem.
2112 3695 2139 3723 »

494 3751 641 3818 Quia
671 3753 844 3810 istam
874 3755 1273 3812 transitoriam
1323 3758 1663 3831 diligebant.
1700 3781 1728 3810 ‹‹
1773 3761 1841 3815 Et
1872 3778 1983 3816 non
2017 3777 2140 3816 cre-

495 3842 770 3898 diderunt
807 3842 866 3900 in
915 3844 1106 3900 verbis
1155 3846 1301 3916 ejus.
1340 3869 1366 3895 »
1393 3847 1616 3912 Quibus
1666 3848 1938 3920 promisit
1966 3866 2144 3921 regna

493 3931 794 3988 caelorum.

567 4045 594 4070 ‹‹
630 4023 696 4080 Et
725 4028 1239 4081 murmuraverunt
1284 4026 1340 4082 in
1389 4028 1783 4084 tabernaculis
1819 4028 1963 4084 suis.
2006 4051 2026 4077 ι»
2065 4028 2143 4084 De

497 4113 958 4168 murmuratione
979 4113 1136 4169 enim
1159 4115 1471 4188 Apostolus
1495 4119 1680 4184 docet,
1705 4118 1904 4174 dicens
1931 4137 1941 4173 :
1966 4119 2146 4174 Nolite

493 4219 846 4258 murmurare
887 4205 1028 4259 sicut
1077 4204 1300 4275 quidam
1331 4223 1400 4262 ex
1446 4209 1581 4278 ipsis
1626 4211 2140 4278 murmuraverunt,

494 4300 544 4348 et
572 4309 606 4347 a
633 4293 977 4364 serpentibus
1016 4296 1310 4365 perierunt
1347 4295 1393 4366 (I
1422 4296 1542 4350 Cor.
1599 4313 1654 4361 x,
1691 4298 1800 4367 10.)
1849 4298 1976 4352 Non
2007 4314 2144 4370 ergo

495 4399 958 4453 murmuremus,
983 4401 1054 4440 ne
1077 4400 1182 4440 nos
1205 4385 1498 4441 daemones
1519 4385 1826 4442 venenosis
1850 4387 2144 4443 morsibus

496 4471 759 4528 saucient
786 4489 851 4528 ac
885 4473 1221 4545 depascunt.

568 4584 594 4611 ‹‹
628 4560 886 4618 Elevavit
932 4578 1174 4618 manum
1220 4580 1386 4620 suam
1436 4581 1614 4638 super
1643 4581 1762 4632 eos,
1798 4568 1861 4618 ut
1891 4566 2144 4637 proster-

2325 3419 2346 3445 α
2381 3396 2450 3452 Et
2481 3396 2774 3452 commisti
2829 3399 2968 3452 sunt
3018 3395 3171 3451 inter
3198 3398 3422 3468 gentes,
3472 3398 3529 3450 et
3569 3393 3899 3450 didicerunt

2249 3502 2424 3558 opera
2476 3502 2701 3555 eorum,
2762 3489 2819 3542 et
2879 3484 3204 3542 servierunt
3252 3481 3625 3556 sculptilibus
3672 3498 3893 3547 eorum,

2251 3579 2307 3631 et
2353 3576 2571 3631 factum
2627 3579 2717 3631 est
2773 3574 2891 3630 illis
2949 3574 3008 3630 in
3059 3572 3426 3630 scandalum.
3461 3594 3490 3622 »
3537 3572 3697 3626 Sicut
3741 3571 3896 3626 enim

2250 3663 2535 3720 sacerdoti
2589 3664 2848 3720 exoranti
2898 3681 3001 3735 pro
3032 3661 3247 3735 populo
3296 3662 3368 3718 ad
3397 3659 3692 3733 justitiam
3723 3675 3899 3731 repu—

2251 3757 2446 3808 tatur:
2484 3753 2562 3808 ita
2595 3752 2687 3808 his
2719 3751 2818 3824 qui
2850 3753 2908 3807 in
2961 3751 3267 3808 desideriis
3308 3751 3576 3807 fanaticis
3607 3753 3897 3805 converte-

2250 3843 2486 3910 bantur,
2521 3842 2578 3898 in
2606 3840 2972 3898 scandalum.

2325 3954 2351 3981 ‹‹
2387 3931 2456 3985 Et
2486 3930 2934 3987 immolaverunt
2981 3929 3131 3986 filios
3163 3947 3302 3986 suos
3351 3934 3408 3984 et
3437 3927 3586 3984 ﬁlias
3616 3944 3753 3984 suas
3784 3927 3898 3982 dae-

2253 4021 2485 4076 moniis.
2524 4043 2550 4068 ››
2582 4021 2804 4076 Sensus
2833 4024 2889 4075 et
2919 4019 3147 4075 animas
3177 4035 3334 4075 suas.

2324 4132 2350 4158 «
2385 4109 2457 4164 Et
2487 4109 2817 4164 effuderunt
2861 4107 3212 4180 sanguinem
3258 4107 3646 4171 innocentem,
3676 4106 3730 4160 et
3758 4120 3897 4158 san-

2253 4197 2490 4271 guinem
2522 4199 2780 4254 ﬁliorum
2815 4215 3080 4263 suorum,
3105 4200 3163 4252 et
3194 4196 3449 4252 filiarum
3480 4209 3717 4251 suarum
3747 4208 3896 4264 quas

2253 4287 2728 4344 sacriﬁcaverunt
2757 4286 3133 4358 sculptilibus
3160 4285 3454 4342 Chanaan.
3492 4307 3518 4332 n
3551 4285 3714 4341 Tunc
3742 4281 3896 4338 enim

2254 4377 2463 4432 animo":
2516 4377 2758 4449 sanguis
2811 4375 3153 4442 effunditur,
3205 4376 3439 4447 quando
3486 4374 3681 4444 homo,
3730 4370 3899 4427 idolis

2254 4466 2507 4538 deditus,
2541 4485 2574 4522 a
2606 4466 2703 4522 Dei
2734 4466 2962 4521 cultura
2992 4465 3312 4522 recesserit.

2327 4556 2601 4613 «Infecta
2659 4560 2748 4611 est
2805 4559 2958 4611 terra
3014 4555 3072 4610 in
3129 4552 3538 4628 sanguinibus,
3599 4555 3655 4608 et
3701 4555 3898 4608 conta-

410 4692 424 4710 ,
497 4653 660 4706 neret
689 4666 787 4705 eos
820 4650 876 4704 in
909 4651 1157 4718 deserto,
1208 4657 1265 4707 et
1295 4657 1358 4707 ut
1403 4653 1677 4724 dejiceret
1709 4669 1907 4709 semen
1939 4669 2140 4709 eorum
2174 4665 2221 4731 Ι)
2255 4645 2480 4702 minata
2509 4651 2596 4701 est
2644 4645 2701 4701 in
2755 4644 3028 4717 operibus
3079 4660 3303 4711 eorum,
3355 4649 3408 4698 et
3452 4640 3717 4697 fornicati
3754 4642 3901 4731 sunt

494 4738 554 4794 in
586 4736 944 4805 nationibus,
973 4742 1029 4793 et
1075 4739 1434 4812 dispergeret
1479 4759 1578 4798 eos
1625 4743 1682 4798 in
1717 4742 2074 4816 regionibus.
2111 4763 2138 4792 »

498 4827 750 4900 Dispersi
782 4831 920 4882 sunt
947 4827 1104 4882 enim
1135 4828 1319 4884 Judaei
1346 4830 1402 4884 in
1434 4831 1680 4888 diversis
1712 4833 1996 4904 partibus.
2028 4831 2139 4888 Sed

493 4926 546 4974 el
577 4917 675 4974 ille
730 4916 1088 4990 dispergitur
1145 4935 1247 4990 per
1297 4918 1544 4988 diversa,
1591 4921 1689 4992 qui
1731 4921 2142 4978 circumfertur

494 5007 653 5064 omni
683 5011 851 5083 vento
890 5007 1184 5079 doctrinae,
1235 5011 1291 5063 et
1334 5007 1391 5063 in
1425 5012 1607 5064 Deum
1657 5010 1826 5066 firma
1857 5028 1972 5068 non
2003 5027 2137 5067 con-

493 5097 651 5154 sistit
677 5097 946 5154 statione.

571 5208 592 5237 ¢
628 5188 698 5243 Et
755 5185 964 5241 initiati
1025 5191 1162 5242 sunt
1213 5185 1591 5259 Beelphegor,
1653 5191 1708 5242 et
1770 5188 2140 5244 comederunt

496 5277 784 5334 sacriﬁcia
837 5280 1222 5332 mortuorum.
1288 5299 1315 5326 n
1359 5276 1464 5342 Qui
1514 5276 1630 5332 Deo
1689 5293 1750 5332 se
1802 5293 2141 5333 consecrare

497 5367 836 5433 debuerant,
889 5365 1044 5422 idolo
1089 5365 1408 5423 consecrati
1457 5371 1618 5421 sunt.
1669 5366 1736 5421 Et
1783 5365 1883 5438 qui
1931 5382 2140 5437 panem

499 5457 692 5513 vivum
743 5455 966 5512 esurire
1024 5455 1364 5522 debuerant,
1430 5460 1795 5512 mortuorum
1859 5454 2144 5512 sacrificia

499 5547 893 5603 comederunt.

571 5658 599 5685 «
631 5635 701 5688 Et
729 5635 1104 5692 irritaverant
1132 5653 1266 5691 eum
1297 5636 1356 5691 in
1393 5635 1902 5691 adinventionibus
1932 5635 2076 5690 suis.
2115 5656 2140 5685 »

500 5723 645 5788 Quia
692 5724 944 5795 perversi
989 5729 1175 5782 erant.
1210 5748 1238 5775 ‹‹
1288 5725 1360 5781 Et
1407 5722 1797 5796 multiplicata
1840 5728 1928 5782 est
1968 5724 2028 5782 in
2057 5723 2142 5780 eis

2252 4734 2312 4790 in
2345 4734 2856 4791 adinventionibus
2882 4733 3027 4790 suis.
3055 4756 3082 4782 »
3107 4733 3265 4790 Tabe
3289 4731 3446 4789 enim
3473 4728 3798 4803 iniquitatis
3820 4729 3904 4784 in-

2250 4825 2471 4892 ﬁcitur,
2503 4841 2638 4879 cum
2671 4822 2918 4880 diversis
2957 4821 3439 4878 fornicationibus
3471 4837 3684 4893 corpus
3713 4817 3899 4874 homi-

2253 4916 2344 4972 nis
2375 4914 2762 4986 iniquinatur.
2788 4914 2922 4969 Ideo
2970 4916 3026 4968 et
3057 4912 3142 4968 ira
3188 4911 3289 4969 Dei
3321 4911 3380 4966 in
3414 4910 3657 4984 impsios
3698 4907 3895 4965 saevit:

2251 5005 2405 5060 unde
2435 5003 2700 5075 sequitur
2723 5020 2736 5058 :

2324 5117 2350 5143 «
2386 5093 2454 5149 Et
2484 5092 2669 5149 iratus
2691 5096 2778 5148 est
2801 5092 2994 5148 furore
3017 5089 3303 5146 Dominus
3334 5087 3394 5145 in
3417 5087 3698 5163 populum
3722 5103 3893 5143 suum

2252 5188 2309 5239 et
2337 5184 2713 5240 abominatus
2743 5186 2831 5238 est
2873 5179 3270 5237 hereditatem
3303 5195 3495 5235 suam.
3528 5201 3556 5230 »
3590 5177 3735 5242 Quia
3765 5173 3899 5232 reli-

2251 5275 2379 5348 quit
2408 5289 2563 5329 eum.
2599 5273 2668 5328 Et
2689 5272 2784 5344 qui
2821 5270 3120 5343 quondam
3153 5268 3340 5324 fuerat
3361 5267 3526 5341 plebs
3555 5265 3678 5338 Dei,
3711 5265 3898 5322 factus

2251 5369 2339 5421 est
2368 5367 2596 5420 caterva
2626 5360 2862 5418 diaboli.

2322 5477 2349 5501 ‹‹
2387 5454 2454 5509 Et
2481 5451 2724 5509 tradidit
2751 5464 2851 5506 eos
2873 5448 2930 5504 in
2965 5463 3178 5504 manus
3205 5445 3491 5521 gentium,
3525 5449 3581 5503 et
3611 5442 3897 5502 dominati

2251 5546 2390 5600 sunt
2418 5557 2617 5599 eorum
2651 5539 2750 5613 qui
2781 5539 3031 5595 oderunt
3077 5553 3196 5593 eos.
3226 5537 3300 5594 Et
3343 5535 3770 5592 tribulaverunt
3799 5547 3897 5588 eos

2253 5631 2476 5688 inimici
2532 5645 2756 5700 eorum,
2816 5630 2873 5683 et
2923 5624 3218 5683 humiliati
3277 5630 3415 5683 sunt
3471 5625 3579 5682 sub
3625 5622 3898 5680 manibus

2252 5737 2476 5780 eorum.
2509 5742 2538 5773 »
2574 5718 2687 5776 Sed
2717 5715 2874 5774 dices
2903 5718 2990 5786 tu,
3023 5733 3056 5773 ο
3104 5716 3316 5776 homo:
3349 5716 3474 5774 Non
3505 5719 3594 5772 est
3623 5715 3779 5773 recta
3804 5709 3896 5769 via
