4256 6576
315 421 466 490 1213

1480 439 1975 502 BREVMRIUM
2023 439 2100 499 IN
2147 436 2526 498 PSALMOS.

3551 419 3708 486 12-14

311 565 563 639 Domini,
583 567 716 643 quis
737 570 918 629 nosin
942 571 1122 630 tantis
1144 573 1314 631 malis
1344 575 1610 633 inclinari
1640 575 1941 650 permittit.
1974 575 2030 642 Α
2059 571 2205 630 tium
2235 572 2514 646 loquitur.
2567 569 2681 628 Iste
2735 567 2891 627 enim
2945 564 3210 641 psalmus
3266 580 3467 624 eorum
3524 563 3677 623 habe

309 657 689 731 Sed,quaaso,
723 662 1021 734 perspice:
1081 663 1218 734 quia
1276 681 1377 736 pro
1435 666 1560 721 suis
1618 670 1950 737 peccatores

307 745 656 805 criminibus
687 749 1064 820 inclinantur,
1099 757 1156 807 et
1193 758 1338 809 Deus
1369 758 1530 810 tanta
1563 755 1774 827 pietate
1804 771 1946 827 prae-

308 834 466 892 ditus
491 842 600 904 est,
627 842 692 893 ut
720 855 951 910 semper
970 840 1242 912 dignetur
1271 843 1558 914 impartiri
1588 844 1948 915 praesidium,

308 923 461 980 sicut
489 924 788 997 loquitur:
855 950 876 978 α
942 929 1103 1000 Saepe
1160 927 1509 986 liberavit.»
1570 933 1813 1004 Semper
1851 932 1948 988 ille

307 1011 539 1080 liberat,
563 1017 620 1071 et
642 1021 702 1070 tu
731 1033 846 1072 non
870 1017 1174 1089 corrigeris
1195 1019 1222 1074 ?
1245 1020 1450 1076 Adhuc
1473 1019 1645 1093 plaga
1695 1019 1857 1076 illata
1887 1021 1945 1076 in

301 1101 502 1172 januis
532 1107 718 1160 astat:
752 1109 808 1160 et
840 1109 900 1160 tu
932 1123 1047 1160 non
1077 1109 1454 1164 emendaris?

381 1191 558 1263 «Ipsi
615 1198 810 1248 autem
867 1197 1352 1252 exacerbaverunt
1409 1214 1542 1253 eum
1602 1198 1660 1252 in
1704 1198 1948 1255 consilio

309 1295 435 1334 suo.
461 1299 490 1328 ι»
516 1281 678 1346 Quod
701 1280 1053 1353 habuerunt,
1089 1289 1171 1351 ut,
1204 1285 1401 1342 relicto
1432 1303 1519 1352 eo,
1551 1287 1706 1342 idola
1737 1303 1943 1359 seque~

309 1371 530 1425 rentur.
559 1390 586 1417 ‹‹
621 1369 690 1423 Et
710 1369 1006 1426 humiliati
1039 1377 1178 1428 sunt
1207 1373 1268 1428 in
1300 1373 1710 1446 iniquitatibus
1738 1377 1886 1432 suis.
1917 1401 1938 1429 ι

300 1454 433 1512 Jam
455 1455 516 1510 hi
546 1474 660 1512 non
693 1473 726 1513 a
756 1459 891 1530 Deo,
927 1461 1027 1516 sed
1059 1478 1091 1516 a
1122 1462 1246 1518 suis
1277 1463 1505 1520 delictis
1534 1464 1944 1521 humiliantur.

304 1546 416 1601 Sed
443 1547 933 1617 praecurritsolita
980 1549 1298 1615 miseratio,
1351 1552 1577 1608 dicente
1617 1553 1945 1625 Propheta:

376 1656 404 1682 «
439 1635 506 1689 Et
534 1634 680 1689 vidit
706 1652 838 1690 cum
870 1637 1312 1705 tribularentur,
1371 1644 1428 1695 et
1485 1641 1705 1697 audivit
1743 1644 1949 1700 oratio-

304 1740 438 1779 nem
469 1739 692 1780 eorum.
728 1746 756 1773 »
786 1725 963 1782 Docet
989 1727 1146 1783 enim
1177 1733 1234 1783 et
1262 1733 1317 1784 te
1347 1731 1501 1800 quod
1536 1731 1584 1786 si
1634 1748 1948 1788 conversus

303 1812 682 1884 ingemueris,
707 1813 976 1885 protinus
997 1817 1470 1889 appropinquant
1495 1820 1668 1877 celsis
1707 1821 1947 1878 auribus

302 1902 430 1973 ejus
462 1917 663 1974 preces
692 1901 1044 1960 humilitatis
1075 1909 1207 1960 tuas.

376 2013 404 2040 ‹‹
437 1994 656 2046 Memor
684 1991 794 2047 fuit
822 1994 1160 2050 testamenti
1191 1995 1302 2051 sui.
1336 2019 1363 2047 »
1392 1997 1554 2060 Quod
1587 2015 1719 2054 cum
1766 1999 1947 2055 Abra-

303 2079 440 2135 ham
473 2079 706 2136 initium
767 2081 899 2137 fidei
932 2088 1140 2139 nostrae
1193 2085 1430 2158 pepigit.
1466 2109 1492 2136 ‹‹
1556 2089 1623 2142 Et
1679 2089 1952 2160 paenituit

306 2185 441 2224 eum
473 2170 797 2225 secundum
829 2171 1271 2229 multitudinem
1295 2174 1704 2232 misericordiae
1727 2195 1866 2248 suae,
1895 2183 1950 2235 et

305 2256 467 2313 dedit
495 2275 592 2315 eos
625 2258 682 2314 in
717 2259 1153 2318 misericordias
1208 2263 1269 2318 in
1325 2270 1639 2336 conspectu
1682 2266 1947 2323 omnium

306 2345 407 2417 qui
433 2351 707 2419 ceperant
727 2365 846 2404 eos.
875 2371 896 2398 ν
925 2354 1109 2422 Super
1129 2352 1472 2423 poenitentes
1518 2353 1674 2410 enim
1707 2355 1948 2427 poenitet

304 2434 461 2491 Deus
477 2436 547 2492 de
565 2435 792 2493 malitia
814 2455 989 2509 quam
1011 2438 1243 2498 locutus
1276 2441 1483 2512 fuerat,
1532 2446 1597 2497 ut
1626 2443 1856 2513 faceret,
1890 2449 1948 2500 et

304 2540 421 2579 non
453 2524 607 2593 fecit,
640 2526 1003 2582 constituens
1060 2533 1114 2584 te
1169 2530 1227 2584 in
1286 2530 1414 2586 sinu
1474 2531 1716 2588 Abrahae
1762 2533 1946 2605 patris

306 2613 476 2683 cujus
499 2615 561 2668 es
590 2613 762 2670 fidem
785 2620 1043 2673 secutus.
1077 2617 1210 2673 Ideo
1241 2623 1299 2674 et
1326 2619 1616 2692 Propheta
1645 2621 1946 2679 exsultans

303 2699 383 2755 ait
405 2717 418 2755 :

376 2812 403 2839 ‹‹
437 2789 637 2847 Salvos
695 2809 801 2848 nos
859 2793 968 2863 fac,
1035 2796 1273 2852 Domine
1331 2797 1488 2855 Deus
1544 2804 1761 2856 noster.
1798 2823 1825 2849 »
1866 2801 1947 2857 Ne

302 2877 471 2934 nobis
501 2878 642 2935 vitia
671 2881 1066 2938 dominentur.
1101 2907 1129 2935 «
1163 2885 1233 2941 Et
1261 2902 1550 2959 congrege
1607 2906 1714 2944 nos
1745 2889 1815 2945 de
1844 2907 1946 2945 na-

299 2964 580 3024 tionibus.
615 2991 642 3018 ››
671 2968 816 3034 Quia
836 2987 981 3043 gens
1001 2974 1376 3030 Hebraaorum
1408 2975 1464 3030 in
1495 2976 1830 3050 regionibus
1861 2983 1950 3036 est

299 3053 584 3128 dispersa.

370 3165 399 3193 «
433 3144 505 3200 Ut
533 3146 919 3204 conﬁteamur
949 3151 1174 3206 nomini
1203 3155 1302 3208 tuo
1359 3157 1582 3223 sancto,
1639 3158 1695 3210 et
1735 3155 1945 3228 glorie-

301 3248 437 3288 mur
465 3232 526 3287 in
554 3232 728 3290 laude
757 3239 877 3291 tua.
913 3259 940 3285 »
973 3239 1036 3292 In
1084 3238 1226 3295 Filio
1271 3241 1507 3312 utique:
1545 3243 1684 3313 quia
1713 3260 1945 3300 nomem

303 3319 431 3376 Filii
461 3320 590 3376 laus
620 3325 722 3379 tua
747 3328 854 3380 est.

375 3430 402 3457 ‹‹
438 3408 782 3466 Benedictus
816 3411 1100 3468 Dominus
1148 3413 1304 3470 Deus
1353 3415 1552 3485 Israel,
1587 3434 1621 3472 a
1650 3417 1860 3474 seculo
1891 3423 1948 3474 et

305 3513 492 3568 usque
543 3497 602 3552 in
659 3498 961 3571 saeculum,
997 3522 1024 3550 »
1079 3505 1188 3557 etc.
1248 3503 1451 3560 Merito
1509 3506 1854 3562 benedictus
1884 3507 1943 3563 in

301 3584 536 3656 saecula,
561 3602 663 3658 per
688 3603 862 3658 quem
892 3589 1044 3645 facta
1065 3594 1206 3646 sunt
1237 3591 1470 3660 sacula,
1518 3597 1577 3649 et
1605 3611 1720 3649 non
1753 3595 1944 3651 solum

301 3673 455 3729 facta
484 3678 644 3742 sunt,
677 3675 778 3732 sed
811 3676 990 3732 etiam
1022 3679 1342 3751 redempta.
1402 3680 1509 3744 Qui
1561 3687 1619 3739 et
1649 3700 1804 3739 nunc
1837 3701 1944 3740 nos

299 3778 558 3818 recreare
588 3763 862 3837 dignetur
916 3765 976 3821 in
1036 3767 1298 3836 salutari,
1362 3769 1417 3824 id
1478 3771 1655 3826 estin
1713 3771 1944 3830 Christo

295 3849 440 3906 Jesu
471 3851 718 3909 Domino
749 3857 968 3924 nostro,
1003 3857 1097 3912 cui
1128 3861 1217 3914 est
1245 3875 1378 3914 cum
1438 3859 1567 3932 ipso
1622 3865 1679 3916 et
1726 3862 1944 3934 Spiritu

299 3945 501 3996 sancto
530 3941 719 3999 honor
738 3947 796 4000 et
823 3944 1012 4016 gloria
1039 3946 1098 4002 in
1129 3947 1342 4004 saecula
1369 3949 1738 4007 saeculorum.

865 4103 1215 4163 PSALMUS.
1259 4107 1377 4162 CVI

295 4210 555 4281 Alleluia.
590 4210 703 4265 Iste
731 4209 1000 4281 psalmus
1031 4229 1262 4268 omnem
1295 4229 1535 4270 causam
1593 4217 1944 4274 conditionis

365 4280 662 4361 humanae,
693 4280 870 4352 quam
917 4282 1006 4361 vel
1061 4283 1456 4361 delinquendo
1483 4288 1790 4361 __sumpsit,
1824 4290 1944 4345 sive

367 4351 1021 4424 pmnitendosuscepit:
1073 4355 1193 4410 sive
1225 4351 1672 4414 multitudinem
1707 4351 1945 4416 misera-

365 4423 594 4503 tionum
620 4423 719 4503 Dei
751 4423 838 4493 (ut
980 4427 1397 4503 praecutiunt:
1429 4430 1854 4503 Quissapiens,
1889 4438 1946 4489 et

367 4494 656 4572 custodiet
683 4494 822 4561 haec,
881 4499 938 4550 et
982 4494 1133 4572 tunc
1190 4496 1479 4572 intelliget
1503 4494 1942 4572 misericordias

367 4565 648 4646 Domini?
687 4582 922 4623 narrare
961 4565 1518 4646 dignosciturfsed
1551 4583 1622 4646 get
1664 4574 1943 4646 repulsio-

2061 666 2514 730 sacramentum,
2551 661 2650 733 qui
2679 659 2964 731 redempti
2991 663 3131 714 sunt
3185 657 3244 712 in
3300 655 3533 712 Domini
3563 672 3698 728 pas-

2059 751 2239 808 sione.
2277 776 2302 801 ‹‹
2334 753 2538 808 Dicant
2571 750 2670 822 qui
2703 748 2984 820 redempti
3012 751 3169 803 sunt.
3208 769 3229 795 ιι
3269 746 3394 818 Ipse
3424 749 3512 801 est
3539 743 3698 800 enim

2058 843 2320 899 Salvator
2347 847 2402 897 et
2457 841 2807 911 Redemptor
2865 842 2921 893 et
2980 836 3252 909 pretium.
3285 859 3313 885 «
3362 833 3567 891 Dicant
3597 833 3699 906 qui

2058 931 2344 1004 redempti
2374 934 2531 986 sunt.
2573 952 2592 977 υ
2631 929 2758 1000 Ipse
2790 927 3072 982 redemit:
3134 926 3259 998 ipse
3316 924 3416 979 dat
3444 923 3696 995 pretium

2057 1022 2402 1093 sanguinem
2436 1035 2630 1075 suum.
2665 1020 2850 1083 Quare
2875 1019 3069 1072 autem
3103 1014 3262 1070 dedit
3283 1013 3531 1086 pretium
3557 1029 3697 1068 san-

2055 1111 2292 1184 guinem
2317 1126 2491 1166 suum
2513 1111 2540 1164 ?
2567 1108 2638 1164 Ut
2667 1106 2975 1163 redimeret
2996 1121 3102 1161 nos
3122 1105 3194 1160 de
3241 1119 3418 1159 manu
3450 1100 3694 1157 inimici.

2054 1199 2275 1272 Captivi
2301 1199 2456 1254 enim
2474 1198 2818 1253 tenebamur
2838 1195 2896 1251 in
2921 1212 3096 1250 manu
3129 1192 3367 1249 diaboli.
3391 1196 3699 1264 Propterea

2055 1293 2251 1344 autem
2283 1287 2380 1344 ille
2411 1287 2567 1344 venit
2597 1290 2654 1341 et
2709 1285 2952 1341 redemit
3008 1300 3136 1350 nos,
3197 1287 3261 1337 ut
3315 1281 3587 1337 liberaret
3625 1281 3696 1336 de

2055 1377 2273 1433 diaboli
2305 1395 2501 1433 manu.
2543 1400 2562 1424 α
2598 1377 2751 1440 Quos
2785 1374 3030 1430 redemit
3058 1373 3131 1429 de
3161 1388 3339 1427 manu
3384 1369 3630 1437 inimici,
3663 1391 3692 1420 »

2056 1470 2122 1521 ut
2177 1468 2443 1522 destruat
2479 1465 2785 1522 inimicum
2844 1468 2901 1520 et
2973 1463 3358 1518 defensorem.
3416 1459 3694 1516 Inimicus

2055 1554 2229 1611 homo
2249 1554 2737 1628 superseminavit
2765 1553 3002 1609 zizania.
3036 1551 3314 1607 Inimicus
3345 1554 3542 1606 autem
3568 1548 3694 1604 dia-

2057 1645 2226 1701 bolus
2249 1649 2356 1700 est.
2393 1645 2669 1701 Inimicus
2699 1647 2787 1698 est
2817 1643 2941 1716 ipse
2969 1646 3026 1696 et
3057 1656 3378 1712 possessor.
3438 1638 3697 1710 Propter-

2057 1750 2124 1790 ea
2153 1751 2330 1790 manu
2364 1751 2472 1790 sua
2500 1751 2607 1790 nos
2636 1735 2825 1789 tenet:
2861 1748 2973 1787 non
3006 1729 3146 1802 quia
3173 1729 3382 1801 diligit,
3417 1729 3517 1785 sed
3559 1728 3697 1800 quia

2056 1824 2197 1884 odit.
2232 1849 2258 1876 ‹‹
2292 1827 2445 1890 Quos
2477 1823 2721 1879 redemit
2751 1822 2818 1877 de
2849 1837 3028 1876 manu
3084 1819 3327 1875 inimici.
3365 1835 3422 1866 ››·
3447 1817 3696 1874 Grandis

2058 1918 2334 1988 majestas
2365 1920 2422 1971 et
2451 1913 2688 1987 grandis
2719 1909 2976 1984 potentia
3004 1907 3245 1980 sanguis
3301 1907 3554 1978 Domini,
3596 1906 3697 1978 qui

2058 2004 2231 2061 solvit
2260 2021 2503 2060 manum
2534 2001 2772 2058 diaboli.
2807 1999 3106 2068 Quomodo
3137 1997 3293 2053 enim
3325 1999 3467 2052 sunt
3504 1993 3700 2066 aliqua

2059 2092 2338 2149 animalia
2367 2110 2495 2164 quae
2530 2092 2832 2163 stringunt
2860 2087 3081 2161 aliquid
3113 2087 3264 2142 intra
3295 2101 3357 2141 se
3378 2084 3698 2150 inclusum,

2058 2183 2211 2254 quod
2235 2183 2438 2238 dicunt
2464 2185 2521 2236 et
2551 2179 2781 2245 medici,
2815 2182 2871 2233 et
2903 2176 3149 2249 physici,
3183 2179 3249 2231 ut
3304 2173 3416 2230 nisi
3448 2173 3696 2229 fractum

2057 2271 2250 2336 fuerit,
2284 2288 2317 2326 θ.
2348 2287 2409 2326 se
2440 2287 2553 2326 non
2589 2267 2885 2333 dividitur,
2918 2283 3024 2322 nec
3055 2265 3299 2321 dimittit
3351 2262 3498 2318 illud
3539 2263 3695 2335 quod

2056 2360 2411 2416 intrinsecus
2442 2357 2706 2414 clausum
2726 2360 2919 2412 tenet:
2954 2355 3003 2411 si
3031 2358 3230 2411 autem
3251 2353 3502 2408 missum
3525 2351 3699 2408 fuerit

2057 2448 2274 2514 oleum,
2306 2448 2504 2505 statim
2535 2446 2894 2511 dissolvitur,
2942 2448 2998 2499 et
3027 2443 3180 2516 quod
3213 2442 3479 2498 strictum
3512 2440 3700 2496 fuerat

2056 2538 2379 2611 dissipatur
2396 2541 2452 2594 et
2473 2537 2752 2592 dividitur
2770 2534 2829 2589 in
2853 2537 3080 2607 partes:
3112 2531 3193 2588 sic
3215 2535 3273 2588 et
3311 2547 3552 2586 manum
3584 2530 3699 2585 du-

2055 2627 2350 2683 rissimum
2370 2625 2585 2682 diaboli
2608 2624 2778 2681 solvit
2797 2623 3039 2695 sanguis
3060 2621 3292 2677 Christi.
3316 2619 3562 2676 Nolebat
3591 2635 3697 2674 nos

2055 2715 2348 2772 dimittere
2378 2714 2668 2784 diabolus,
2699 2711 3054 2785 Sanguinem
3103 2725 3278 2766 suum
3329 2709 3480 2764 fudit
3512 2707 3701 2763 Domi-

2056 2822 2168 2861 nus
2197 2805 2362 2877 quasi
2397 2803 2589 2860 oleum
2623 2801 3052 2866 misericordiae,
3097 2803 3154 2856 et
3208 2816 3310 2871 per
3363 2798 3557 2870 ipsum
3591 2811 3699 2853 nos

2053 2893 2339 2951 liberavit.
2375 2917 2402 2944 ‹‹
2434 2893 2516 2950 De
2544 2892 2880 2965 regionibus
2937 2887 3310 2963 congregavit
3338 2904 3456 2944 eos.
3487 2905 3514 2938 ι»
3558 2884 3702 2941 Vide

2058 2999 2234 3055 quam
2267 2983 2502 3056 grandis
2529 2981 2607 3037 sit
2637 2997 2848 3036 manus
2904 2977 3140 3034 diaboli.
3170 2998 3198 3027 ‹‹
3259 2978 3415 3041 Quos
3455 2974 3702 3030 redemit

2057 3073 2129 3128 de
2158 3089 2337 3128 manu
2397 3069 2706 3126 inimici.»
2768 3069 2837 3124 Hi
2896 3073 3092 3123 autem
3151 3082 3300 3138 quos
3355 3063 3602 3120 redemit
3631 3063 3702 3119 de

2059 3178 2236 3217 manu
2265 3160 2505 3227 inimici,
2535 3159 2596 3214 in
2626 3157 2852 3216 cunctis
2884 3155 3220 3229 regionibus
3260 3153 3610 3210 tenebantur
3639 3151 3698 3208 in

2059 3268 2238 3306 manu
2297 3249 2539 3305 inimici.
2575 3271 2602 3299 «
2634 3249 2713 3304 De
2745 3245 3084 3318 regionibus
3115 3243 3486 3316 congregavit
3513 3259 3632 3300 eos.
3669 3263 3697 3292 »

2060 3341 2122 3394 In
2153 3344 2274 3396 toto
2306 3341 2444 3395 orbe
2473 3354 2686 3394 manus
2716 3334 2932 3392 diaboli
2965 3333 3300 3407 possidebat
3329 3349 3455 3388 nos.

2127 3450 2155 3477 «
2187 3429 2234 3482 A
2263 3427 2402 3483 solis
2432 3431 2559 3482 ortu
2594 3430 2651 3481 et
2682 3440 2912 3492 occasu,
2946 3424 3017 3478 ab
3065 3420 3337 3493 aquilone
3383 3423 3441 3476 et
3464 3419 3633 3476 mari.
3670 3439 3699 3469 ››

2055 3517 2299 3573 Videtur
2328 3515 2565 3588 quidem
2599 3518 2853 3586 quatuor
2907 3512 3123 3568 dixisse
3179 3509 3447 3566 climata:
3495 3507 3696 3566 Orien-

2053 3611 2194 3672 tem,
2218 3607 2612 3671 Occidentem,
2648 3603 2948 3660 Meridiem
2980 3607 3034 3657 et
3064 3605 3304 3656 Boream
3330 3616 3343 3654 :
3405 3599 3528 3654 haec
3558 3601 3698 3654 sunt

2055 3700 2309 3768 quatuor
2338 3695 2575 3750 climata
2606 3692 2832 3748 mundi.
2865 3691 2976 3747 Sed
3010 3706 3124 3746 non
3155 3688 3239 3744 ita
3264 3687 3528 3760 psalmus
3559 3703 3694 3742 con-

2052 3785 2219 3842 tinet.
2244 3785 2347 3840 Hic
2372 3784 2528 3841 enim
2551 3783 2759 3838 habet:
2792 3802 2817 3834 α
2847 3782 2893 3836 Α
2923 3780 3065 3837 solis
3123 3784 3254 3835 ortu
3311 3781 3369 3834 et
3397 3793 3631 3834 occasu.
3668 3797 3696 3826 »

2055 3875 2197 3930 Ecce
2227 3875 2342 3930 duo
2375 3873 2646 3929 climata:
2683 3892 2711 3921 «
2731 3872 2816 3926 Ab
2839 3868 3132 3943 aquilone,
3163 3887 3188 3918 η
3227 3868 3336 3923 hoc
3392 3870 3499 3934 est,
3542 3883 3575 3920 a
3606 3874 3712 3921 se-'

2054 3964 2420 4035 ptentrione:
2455 3979 2584 4017 ecce
2615 3961 2727 4017 tria
2778 3959 3032 4015 climata.
3067 3980 3094 4007 ‹‹
3154 3957 3221 4012 Et
3276 3955 3446 4026 mari,
3481 3978 3508 4005 ››
3541 3955 3700 4010 Mare

2054 4051 2333 4123 utiquein
2353 4051 2650 4106 occidente
2696 4052 2804 4104 est.
2856 4047 3001 4119 Ergo
3025 4045 3211 4101 videte
3237 4044 3514 4116 quoniam
3547 4044 3697 4100 occi-

2054 4141 2290 4197 dentem
2347 4139 2437 4194 bis
2499 4137 2840 4202 nominavit,
2888 4140 2945 4192 et
3000 4134 3304 4191 meridiem
3354 4149 3460 4190 nec
3491 4132 3693 4190 semel.

2053 4233 2238 4297 Quare
2260 4229 2440 4302 igitur
2460 4229 2573 4283 tria
2618 4226 2855 4282 climata
2885 4223 3227 4292 nominavit,
3285 4226 3341 4279 et
3371 4239 3557 4279 unum
3591 4239 3698 4279 no-

2053 4310 2163 4366 luit
2193 4308 2574 4381 nuncupare?
2631 4306 2908 4379 Legimus
2964 4304 3024 4361 in
3075 4305 3382 4360 Habacuc:
3432 4304 3572 4359 Deus
3625 4305 3693 4359 ab

2053 4405 2240 4456 austro
2260 4403 2438 4454 veniet
2498 4397 2740 4470 (Hebae.
2776 4411 2865 4466 In,
2895 4395 2968 4466 3).
3004 4399 3080 4449 De
3112 4393 3407 4450 Salvatore
3437 4391 3687 4448 dicitur:

2053 4489 2330 4562 quoniam
2368 4493 2517 4543 Deus
2549 4490 2722 4542 natus
2753 4485 2921 4541 estin
2953 4487 3173 4540 austro.
3205 4489 3252 4536 Α
3284 4482 3401 4538 situ
3425 4481 3581 4536 enim
3603 4481 3692 4537 Je-

2050 4579 2327 4649 rusalem,
2362 4577 2652 4634 Bethleem
2675 4575 2734 4630 in
2767 4579 2966 4630 austro
3015 4572 3204 4646 posita
3245 4575 3352 4628 est.
3386 4573 3696 4644 Propterea

922 4643 979 4694 et
1007 4643 1364 4696 vocahonem
1408 4641 1669 4715 gentium
1702 4646 1937 4702 “idem
1971 4671 2018 4735 D
2049 4669 2280 4739 dicitur,
2314 4637 2466 4723 Deus
2497 4666 2567 4721 ab
2595 4668 2792 4720 austro
2821 4663 3025 4719 veniet.
3060 4661 3120 4717 Si
3179 4666 3376 4717 autem
3437 4661 3586 4716 Deus
3619 4661 3690 4716 ab

358 4707 588 4764 tissime
619 4708 839 4779 pandit.

349 4856 376 4883 ‹‹
412 4833 788 4890 Confitemini
819 4822 1067 4892 Domino
1100 4837 1379 4909 quoniam
1413 4839 1602 4896 bonus
1653 4841 1931 4913 quoniam

282 4921 342 4979 in
373 4923 652 4980 saeculum
703 4923 1104 4981 misericordia
1149 4927 1359 4996 ejus.»
1397 4929 1527 4984 Ideo
1575 4930 1932 4987 conﬁtemini

287 5010 339 5067 ei
369 5015 607 5083 peccata
634 5016 847 5084 vestra,
883 5013 1021 5085 quia
1075 5013 1264 5070 bonus
1321 5020 1410 5071 est
1462 5021 1518 5072 et
1576 5024 1813 5091 peccata
1843 5021 1934 5076 di-

289 5100 497 5156 mittit.
522 5100 582 5155 Si
603 5103 800 5156 autem
823 5101 1017 5158 bonus
1040 5119 1155 5158 non
1179 5107 1355 5171 esset,
1381 5122 1494 5161 non
1521 5107 1678 5164 vobis
1697 5108 1932 5177 diceret,

292 5190 635 5260 conﬁtemini
649 5205 673 5252 ,°
693 5192 770 5258 et,
789 5210 817 5241 κ
847 5191 1206 5248 confitemini
1236 5192 1286 5247 ei
1314 5209 1326 5248 :
1351 5193 1628 5265 quoniam
1659 5195 1719 5251 in
1751 5213 1932 5255 saecu-

229 5323 231 5326 .
291 5277 415 5335 lum
473 5278 876 5337 misericordia
931 5282 1133 5353 ejus.»
1194 5281 1293 5339 Hic
1351 5288 1441 5340 est
1495 5285 1930 5344 misericordia:

289 5370 562 5425 caeterum
585 5370 1017 5442 suprajustitia
1041 5377 1146 5428 est.
1172 5396 1199 5421 «
1231 5373 1512 5439 Quoniam
1546 5374 1605 5429 in
1649 5375 1930 5434 saeculum

286 5455 687 5515 misericordia
716 5461 864 5531 ejus.
899 5481 929 5511 ››
961 5462 1230 5527 Quandiu
1276 5463 1418 5520 estis
1443 5463 1502 5519 in
1534 5465 1765 5534 saeculo,
1801 5483 1930 5524 con-

283 5546 669 5604 confitemini.

357 5657 377 5685 (ι
414 5634 618 5693 Dicant
648 5638 746 5710 qui
776 5637 1060 5711 redempti
1093 5644 1234 5697 sunt
1262 5658 1294 5696 a
1326 5641 1570 5699 Domino
1602 5660 1749 5716 quos
1771 5646 1929 5702 rede-

278 5723 385 5781 mit
414 5725 486 5782 de
515 5740 692 5783 manu
726 5727 971 5788 inimici.
1005 5751 1033 5780 »
1068 5729 1303 5802 Proprie
1333 5732 1404 5789 de
1459 5733 1756 5792 vocatione
1785 5752 1924 5807 gen-

2051 4758 2250 4811 austro
2276 4753 2484 4820 veniet,
2534 4752 2826 4824 quomodo
2879 4767 3036 4807 nunc
3093 4750 3325 4820 dicitur,
3358 4774 3385 4800 «
3446 4756 3494 4804 Α
3552 4749 3692 4806 solis

2043 4848 2172 4900 ortu
2203 4847 2260 4899 et
2289 4860 2518 4912 occasu,
2552 4847 2611 4898 et
2640 4842 2711 4898 ab
2744 4839 3061 4914 aquilone?
3095 4863 3121 4891 »
3153 4843 3356 4898 Auster
3411 4843 3468 4896 et
3513 4845 3689 4897 notus

2045 4931 2260 4988 tacitus
2291 4937 2400 4988 est.
2429 4956 2455 4982 ‹‹
2489 4934 2534 4987 Α
2563 4929 2704 4988 solis
2735 4935 2864 4987 ortu
2895 4935 2954 4987 et
2983 4947 3212 4988 occasu.
3240 4955 3261 4984 ι
3295 4935 3492 5000 Amen,
3517 4945 3688 4985 amen

2043 5021 2159 5077 dico
2215 5022 2388 5090 vobis,
2440 5024 2571 5093 quia
2617 5023 2784 5079 multi
2831 5021 3048 5078 venient
3083 5023 3149 5076 ab
3192 5022 3404 5076 oriente
3450 5022 3499 5074 et
3537 5019 3686 5074 oeci-

2043 5110 2219 5176 denle,
2273 5114 2324 5166 et
2376 5112 2686 5167 recambent
2741 5114 2798 5166 in
2853 5113 2980 5166 sinu
3037 5109 3305 5165 Abrahae:
3363 5107 3468 5178 filii
3508 5115 3688 5162 autem

2041 5201 2410 5272 generationis
2440 5201 2603 5269 huius
2642 5202 2796 5271 longe
2843 5209 3002 5255 erunt
3059 5199 3264 5268 (Matth.
3317 5214 3443 5264 vm,
3475 5198 3534 5253 11
3574 5198 3682 5268 12).

2050 5311 2074 5341 α
2105 5291 2149 5345 Α
2181 5289 2321 5347 solis
2351 5295 2478 5347 ortu
2513 5295 2571 5346 et
2624 5307 2853 5355 occasu,
2892 5311 2918 5338 »
2969 5289 3170 5360 utique
3202 5287 3557 5358 alienigenas.
3617 5287 3686 5342 Et

2041 5379 2113 5434 ab
2146 5379 2437 5451 aquilone.
2472 5377 2681 5450 Aquilo
2740 5377 3094 5434 durissimus
3152 5382 3358 5434 ventus
3415 5380 3539 5433 est:
3575 5393 3681 5432 no-

2039 5470 2198 5526 mine
2231 5474 2427 5526 autem
2457 5468 2655 5524 dexter
2681 5472 2938 5524 vocatur.
2999 5468 3074 5523 Ab
3131 5468 3415 5539 aquilone,
3465 5466 3678 5540 inquit,

2037 5559 2392 5615 exardescent
2419 5558 2571 5613 mala
2598 5573 2758 5628 super
2788 5561 2993 5613 terram
3045 5559 3262 5626 (Jerem.
3306 5574 3345 5626 ι,
3381 5558 3488 5630 14).
3523 5557 3680 5614 Mare

2037 5647 2253 5722 legitur
2282 5649 2341 5704 in
2372 5646 2664 5711 Numeris,
2697 5650 2755 5701 et
2784 5647 2843 5702 in
2875 5646 3090 5712 Exodo,
3122 5652 3177 5702 et
3223 5647 3281 5703 in
3338 5648 3496 5704 omni
3525 5649 3676 5705 Scri-

2037 5740 2208 5809 ptura
2237 5739 2458 5803 sancta,
2492 5739 2549 5792 et
2564 5736 2897 5807 ubicunque
2919 5752 3078 5794 mare
3094 5737 3331 5808 auditis,
3350 5739 3674 5800 secundum
