4256 6640
495 394 650 456 1215

1991 401 2406 464 APPENDIX.

3744 408 3900 469 me

493 523 732 589 climata
761 548 994 605 semper
1018 531 1367 608 intelligitur
1395 535 1683 594 occidens.
1733 537 1780 594 A
1837 537 1953 595 situ
1983 537 2138 594 enim
2169 537 2224 605 Α
2251 535 2406 593 irent
2452 536 2510 592 in
2542 537 2834 595 civitatem
2858 521 3266 607 habitationis,
3297 536 3358 595 in
3390 534 3712 597 Ecclesium
3767 542 3898 614 ejus

492 621 820 679 Jerusalem
853 639 1012 679 mare
1041 623 1150 681 hoc
1172 642 1476 700 magnum,
1511 629 1664 701 quod
1696 628 1928 700 dicitur,
1963 629 2021 685 in
2053 647 2141 686 oc-

493 711 721 768 cidente
742 716 850 769 est.
869 713 1113 770 Videtur
1133 715 1313 788 igitur
1325 719 1668 790 mysterium
1684 719 2137 792 Scripturarum.

493 801 557 857 In
586 801 702 859 isto
730 801 856 860 loco
888 803 980 860 bis
1011 805 1283 864 occidens
1316 809 1674 877 nominatur,
1731 814 1787 866 et
1816 827 1920 866 nec
1959 809 2140 866 semel

497 896 694 948 notus.
728 893 847 949 Hoc
877 910 1058 964 quare
1088 896 1350 952 dicitur?
1406 899 1693 962 Quoniam
1741 899 1996 971 populus
2035 900 2136 954 Ju-

489 980 746 1038 daaorum
781 982 839 1038 in
867 984 980 1040 isto
1031 985 1256 1056 psalmo
1314 1004 1427 1042 non
1488 989 1765 1044 scribitur
1819 989 2136 1056 vocandus,

497 1071 598 1134 sed
631 1075 863 1128 tantum
895 1075 1180 1146 gentium.
1215 1075 1477 1149 Denique
1507 1077 1646 1148 quid
1679 1078 1865 1134 dicit?

561 1182 588 1210 ‹‹
623 1161 981 1218 Erraverunt
1035 1164 1093 1219 in
1146 1164 1464 1222 solitudine
1516 1167 1576 1222 in
1629 1168 1950 1240 inaquoso:
1983 1169 2138 1222 viam

489 1248 738 1306 civitatis
770 1251 1088 1308 habitaculi
1143 1271 1257 1310 non
1307 1255 1675 1327 invenerunt,
1729 1256 2052 1313 esurientes
2083 1261 2141 1311 et

464 1328 773 1395 lsitientes.
808 1362 836 1390 »
870 1341 940 1396 Et
997 1346 1060 1397 ut
1117 1343 1315 1399 sciatis
1375 1345 1514 1417 quia
1574 1346 1805 1418 proprie
1861 1347 1931 1400 de
1969 1363 2138 1401 voca-

486 1426 643 1483 tione
673 1430 937 1499 gentium
974 1432 1272 1498 scribitur,
1308 1439 1366 1490 et
1421 1435 1490 1490 de
1547 1435 1884 1506 expulsione
1912 1436 2138 1490 Iudaeo-

487 1533 640 1586 rum,
674 1517 731 1572 in
759 1520 1142 1590 sequentibus
1191 1522 1379 1593 ipsius
1409 1523 1623 1596 psalmi
1684 1524 1966 1597 scriptum
2008 1530 2135 1580 est:

485 1604 673 1659 Posuit
701 1607 936 1675 ﬂumina
963 1611 1020 1662 in
1068 1609 1346 1666 desertum
1376 1612 1447 1680 (υ.
1471 1613 1584 1682 33),
1617 1611 1883 1669 videlicet
1909 1613 2137 1669 Judaco-

453 1731 457 1736 ι
487 1694 1061 1752 rum.«Erraverunt
1082 1698 1142 1753 in
1165 1699 1482 1756 solitudine
1504 1701 1564 1756 in
1590 1701 1896 1773 inaquoso.
1920 1725 1947 1751 ››
1982 1702 2138 1757 Dixi-

485 1797 620 1838 mus
638 1799 766 1854 quae
796 1790 996 1842 essent
1016 1787 1462 1859 aquae,diximus
1483 1805 1610 1860 quae
1642 1795 1838 1846 essent
1869 1791 2132 1846 ﬂumina.

485 1891 514 1918 «
545 1871 716 1925 Viam
745 1872 999 1929 civitatis
1030 1874 1346 1931 habitaculi
1405 1894 1521 1932 non
1575 1879 1941 1945 invenerunt,
2002 1897 2133 1936 esu-
2163 1907 2210 1971 B

483 1956 701 2016 rientes
729 1964 786 2015 et
816 1960 1099 2020 sitientes.
1135 1987 1162 2015 ρ»
1221 1965 1595 2037 Exponamus
1655 1969 1946 2039 quomodo
1990 1985 2128 2041 gen-

483 2046 635 2124 tium
668 2049 922 2121 populus
979 2052 1153 2108 fuerit
1207 2053 1264 2108 in
1323 2055 1571 2126 deserto,
1634 2057 1733 2112 ubi
1792 2075 1908 2113 non
1967 2063 2131 2114 erant

484 2151 668 2209 aquae,
700 2137 810 2195 hoc
841 2143 950 2206 est,
982 2139 1042 2196 in
1073 2141 1379 2214 inaquoso,
1412 2148 1468 2199 et
1488 2147 1781 2216 quomodo
1812 2148 1965 2203 viam
1997 2147 2131 2202 civi-

479 2225 619 2282 tatis
649 2226 967 2284 habitaculi
1001 2247 1115 2286 non
1164 2231 1531 2300 invenerunt,
1584 2235 1910 2292 esurientes
1961 2241 2016 2291 et
2047 2238 2130 2293 si-

482 2313 717 2372 tientes.
745 2317 826 2373 De
851 2319 1067 2390 quibus
1097 2320 1332 2387 dicitur,
1357 2345 1385 2370 «
1414 2339 1529 2377 non
1553 2322 1920 2392 invenerunt,
1940 2348 1966 2373 ››
1999 2342 2130 2381 ma-

480 2403 762 2460 nifestum
783 2411 893 2477 est,
917 2410 1072 2479 quod
1105 2410 1462 2481 quaesierunt
1487 2412 1641 2468 viam
1675 2413 1928 2470 civitatis
1960 2414 2128 2470 habi-

479 2492 680 2565 taculi,
709 2495 809 2550 sed
841 2512 956 2551 non
987 2497 1353 2555 invenerunt.
1387 2501 1753 2566 Quasierunt
1807 2519 1944 2576 ergo
1972 2504 2127 2560 viam

478 2597 583 2653 per
611 2599 787 2654 quam
817 2585 1081 2642 venirent
1111 2588 1182 2643 ad
1232 2588 1529 2646 civitatem
1555 2607 1567 2646 :
1616 2592 1940 2648 esurientes
1972 2609 2127 2665 quae-

478 2671 704 2729 sierunt
734 2677 791 2728 et
821 2674 1105 2732 sitientes.
1140 2699 1168 2727 «
1201 2678 1413 2734 Anima
1440 2695 1640 2735 eorum
1673 2681 1730 2736 in
1789 2681 1935 2754 ipsis
1974 2683 2127 2739 defe-

477 2760 575 2816 cit.
606 2782 636 2834 ν»
668 2763 991 2833 Defecerunt
1018 2769 1325 2823 scrutantes
1352 2770 1616 2825 scrutinio
1647 2771 1816 2839 (Psal.
1853 2787 2006 2840 Lxm,
2049 2772 2105 2842 7)

477 2849 841 2918 Defecerunt,
875 2854 1254 2923 quesierunt,
1283 2860 1340 2912 et
1394 2874 1508 2913 non
1569 2858 1936 2925 invenerunt,
1985 2858 2128 2915 etin

479 2941 671 2996 esurie
700 2958 810 2998 sua
836 2946 894 2998 et
922 2943 1042 2998 siti.
1079 2944 1302 3000 «Viam
1355 2945 1603 3003 civitatis
1655 2946 1975 3004 habitaculi
2015 2966 2130 3004 non

479 3026 848 3095 invenerunt,
882 3031 1205 3088 esurientes
1236 3037 1292 3088 et
1321 3033 1604 3090 sitientes.
1640 3058 1667 3085 »
1699 3035 1862 3091 Multi
1897 3036 2134 3093 fuerunt

480 3119 581 3191 qui
609 3119 1085 3190 repromitterent
1113 3120 1286 3176 istam
1319 3121 1470 3177 viam
1534 3140 1661 3194 qua;
1719 3125 2031 3181 deduceret
2060 3127 2132 3181 ad

481 3206 796 3263 civitatem.
830 3208 1107 3266 Promisit
1137 3210 1424 3281 Socrates,
1461 3212 1728 3284 promisit
1784 3211 1966 3279 Plato,
1999 3230 2131 3284 pro-

2251 643 2376 699 quae
2409 627 2651 683 fundata
2680 629 2868 684 fuerat
2924 645 3101 700 super
3155 627 3375 700 ipsum,
3433 631 3490 683 et
3548 632 3792 700 petram,
3843 635 3901 688 et

2249 715 2404 772 viam
2437 722 2614 788 atque
2647 718 2970 773 ductorem.
3018 716 3321 788 Simulque
3380 717 3898 790 considerandum,

2249 805 2350 877 qui
2380 805 2490 862 isto
2524 805 2750 878 psalmo
2779 805 2949 862 tertio
2980 805 3194 860 dicitur
3220 823 3233 860 ί

2325 915 2350 945 ‹‹
2416 897 2809 950 Confiteantur
2875 894 3117 950 Domino
3185 894 3599 951 misericordiae
3646 897 3796 968 ejus,
3840 904 3899 956 et

2249 982 2542 1038 mirabilia
2573 984 2701 1054 ejus
2732 982 2869 1038 filiis
2898 983 3227 1038 hominum.
3290 983 3437 1049 Quia
3493 984 3727 1040 satiavit
3769 987 3893 1042 ani-

2249 1086 2405 1126 mam
2439 1073 2696 1140 inanem,
2725 1077 2780 1127 et
2811 1072 3070 1127 animam
3101 1071 3456 1129 esurientem
3518 1073 3750 1131 satiavit
3792 1075 3890 1132 bo-

2250 1160 2359 1216 nis.
2398 1183 2424 1208 »
2457 1161 2566 1216 Eos
2599 1160 2700 1232 qui
2729 1160 2933 1217 inanes
2963 1165 3129 1216 erant
3158 1177 3192 1217 a
3220 1162 3408 1233 gratia
3441 1179 3568 1231 sua,
3601 1168 3658 1220 et
3681 1164 3891 1221 famem

2248 1249 2406 1305 verbi
2440 1249 2834 1322 patiebantur,
2869 1250 3038 1306 bonis
3070 1250 3404 1307 coelestibus
3435 1252 3687 1310 satiavit.

2324 1359 2350 1390 α
2381 1339 2662 1394 Sedentes
2690 1339 2750 1394 in
2799 1339 3055 1394 tenebris
3087 1345 3143 1393 et
3168 1339 3378 1394 umbra
3408 1341 3635 1409 mortis,
3672 1342 3894 1399 vinctos

2249 1427 2306 1482 in
2342 1427 2714 1484 mendicitate
2746 1431 2803 1483 et
2832 1427 3002 1483 ferro.
3038 1451 3065 1478 »
3099 1427 3372 1484 Vinctum
3432 1430 3586 1486 enim
3644 1435 3766 1487 erat
3794 1448 3890 1505 ge-

2249 1533 2362 1571 nus
2391 1516 2720 1572 humanum
2754 1517 2973 1572 catenis
3005 1517 3342 1589 criminum,
3403 1522 3458 1573 et
3513 1520 3728 1576 carceri
3771 1521 3892 1576 dia-

2247 1604 2362 1660 boli
2389 1605 2812 1676 mancipatum.
2848 1607 2917 1661 Et
2946 1623 3050 1662 cur
3104 1606 3213 1662 hoc
3269 1607 3524 1663 accidit?
3551 1608 3694 1664 Vide
3734 1610 3888 1682 quod

2248 1695 2531 1766 sequitur.

2318 1807 2344 1832 ‹‹
2377 1783 2521 1849 Quia
2551 1783 3038 1840 exacerbaverunt
3081 1783 3378 1857 eloquium
3415 1786 3657 1842 Domini.
3689 1805 3713 1836 ι
3751 1787 3886 1851 Quae

2248 1873 2644 1938 mandaverat,
2704 1889 2819 1928 non
2885 1874 3307 1931 custodientes.
3362 1897 3388 1922 »
3445 1877 3513 1930 Et
3577 1875 3886 1932 consilium

2239 1960 2528 2017 Altissimi
2561 1961 2956 2018 irritaverunt.
2992 1985 3020 2011 ››
3054 1963 3215 2027 Quod
3249 1964 3485 2020 dederat
3510 1967 3574 2020 ut
3609 1964 3889 2036 eligerent

2237 2050 2434 2106 vitam.

2315 2164 2334 2190 α
2370 2141 2439 2194 Et
2468 2138 2846 2195 humiliatum
2885 2144 2972 2197 est
3003 2140 3062 2196 in
3093 2139 3393 2197 laboribus
3452 2157 3549 2198 cor
3600 2159 3821 2198 eorum.
3859 2165 3886 2191 »

2237 2229 2383 2296 Quia
2413 2246 2528 2284 non
2561 2227 2968 2285 exaltabantur
2997 2229 3056 2285 in
3088 2230 3363 2302 operibus
3391 2230 3510 2286 Dei.
3545 2253 3573 2279 «
3602 2231 3885 2287 Inﬁrmati

2237 2322 2395 2386 sunt,
2428 2334 2532 2372 nec
2566 2317 2676 2373 fuit
2708 2318 2806 2388 qui
2839 2318 3158 2390 adjuvaret.
3192 2341 3221 2367 »
3257 2319 3331 2374 Eo
3389 2319 3543 2390 quod
3601 2319 3662 2374 in
3705 2319 3888 2375 Deum

2239 2407 2392 2462 ﬁrmi
2425 2424 2538 2463 non
2570 2413 2787 2472 essent,
2822 2424 2928 2463 nec
2978 2424 3112 2463 eum
3172 2407 3534 2479 requirerent
3589 2409 3689 2480 qui
3715 2411 3885 2464 verus

2237 2500 2325 2551 est
2351 2496 2637 2552 medicus.

2310 2608 2338 2635 ‹‹
2369 2586 2441 2641 Et
2469 2584 2869 2641 clamaverunt
2899 2585 2970 2640 ad
3002 2585 3316 2642 Dominum
3349 2587 3490 2642 dum
3540 2585 3885 2643 tribularen-

2240 2678 2354 2741 tur,
2387 2674 2542 2730 etde
2601 2673 3052 2730 necessitatibus
3109 2691 3312 2731 eorum
3369 2674 3634 2731 liberavit
3689 2692 3804 2731 eos.
3856 2699 3882 2726 »

2240 2763 2460 2820 Det‘ecit
2489 2767 2621 2834 post
2651 2762 2933 2835 originale
2963 2769 3270 2835 peccatum
3295 2763 3623 2820 humanum
3680 2781 3882 2836 genus,

2240 2852 2445 2908 iterata
2502 2851 2626 2907 vice
2681 2868 2795 2906 non
2855 2853 3171 2907 observans
3225 2843 3413 2926 legem
3466 2852 3744 2908 traditam
3785 2869 3886 2926 per

2239 2945 2472 3013 Moysen
2499 2959 2511 3006 ;
2547 2942 2646 2995 sed
2680 2944 2734 2995 et
2757 2941 2826 2996 de
2859 2939 2966 2996 hac
2997 2941 3342 2997 necessitate
3372 2940 3515 2996 illud
3549 2940 3775 3014 eripuit.

2311 3051 2340 3077 «
2375 3029 2444 3083 Et
2473 3027 2670 3083 eduxit
2699 3043 2798 3082 eos
2830 3027 2901 3082 de
2930 3027 3209 3095 tenebris,
3249 3050 3276 3076 »
3307 3031 3416 3083 etc.
3449 3027 3518 3082 Et
3546 3028 3617 3082 ob
3649 3026 3740 3082 id:

2316 3141 2343 3166 ‹‹
2375 3117 2770 3173 Conﬁteantur
2796 3116 3040 3171 Domino
3072 3115 3482 3172 misericordia:
3514 3107 3662 3187 ejus,
3692 3119 3748 3172 et
3775 3115 3884 3171 mi-
3927 3149 3933 3153 -

2247 3206 2452 3263 rabilia
2482 3206 2610 3276 ejus
2640 3205 2781 3260 ﬁliis
2810 3205 3143 3262 hominum.
3169 3229 3196 3255 ››
3221 3205 3291 3261 Et
3311 3221 3416 3261 cur
3437 3205 3564 3276 ejus
3587 3204 3674 3261 vel
3719 3204 3888 3261 mise-

480 3296 644 3353 misit
669 3296 1026 3354 Aristoteles.
1060 3273 1509 3356 Haemorrhousa
1538 3318 1665 3373 quae
1724 3273 1962 3358 ﬂuebat.
1998 3273 2133 3358 san-
2165 3273 2207 3340 C
2247 3273 2878 3352 ricordice—conﬁtendo'e
2911 3295 3050 3360 sint,
3084 3293 3167 3350 vel
3227 3273 3518 3350 mirabilia
3573 3294 3886 3376 praedicen-

480 3386 657 3459 guine
675 3386 823 3456 (Luc.
847 3405 971 3457 VIII,
995 3389 1106 3458 113),
1140 3389 1357 3446 multos
1390 3390 1658 3462 quaesivit
1707 3391 1985 3458 medicos,
2015 3396 2071 3447 et
2100 3409 2135 3446 a

480 3474 642 3532 nullo
672 3475 868 3532 sanari
929 3477 1140 3550 potuit.
1203 3501 1231 3530 ‹‹
1289 3477 1456 3535 Viam
1516 3479 1768 3535 civitatis
1810 3479 2132 3536 habitaculi

480 3582 597 3622 non
629 3565 1000 3623 invenerunt.
1036 3589 1064 3617 ››
1101 3567 1372 3624 Doctrina
1400 3568 1636 3626 illorum
1695 3569 1884 3642 magis
1915 3570 2130 3626 famem

480 3654 730 3712 faciebat
749 3655 1034 3725 veritatis,
1067 3672 1247 3728 quam
1266 3658 1654 3714 saturitatem.
1683 3659 2132 3715 Haemorrhousa

479 3746 664 3799 totam
714 3743 1107 3800 substantiam
1165 3759 1334 3800 suam
1389 3745 1676 3817 impendit
1740 3746 1798 3801 in
1851 3747 2129 3803 medicos.

487 3853 509 3881 α
545 3831 885 3888 Esurientes
915 3836 973 3888 et
998 3832 1286 3890 sitientes.
1311 3834 1524 3890 Anima
1543 3850 1744 3891 eorum
1775 3835 1832 3890 in
1865 3836 2010 3908 ipsis
2039 3838 2134 3892 de-

483 3921 638 3977 fecit.
674 3942 701 3970 »
735 3921 845 3977 Sed
878 3921 1156 3994 quoniam
1189 3923 1521 3995 perdiderat
1577 3941 1744 3980 suam
1796 3924 2129 3981 universam

480 4008 897 4076 substantiam,
923 4010 1032 4067 hoc
1055 4015 1162 4080 est,
1191 4011 1444 4069 Ecclesia
1485 4013 1554 4069 de
1595 4013 1868 4085 gentibus
1890 4030 2129 4087 congre-

479 4103 650 4174 gata:
686 4099 828 4172 quia
857 4099 1053 4156 anima
1084 4101 1212 4173 ejus
1243 4101 1301 4157 in
1335 4101 1464 4174 ipsa
1493 4102 1724 4167 defecit,
1757 4101 2029 4159 clamavit
2058 4104 2131 4160 ad

477 4187 797 4252 Dominum
827 4206 959 4244 cum
990 4189 1392 4247 tribularetur.
1454 4192 1669 4247 Tactus
1728 4192 1972 4249 ﬁmbriae
2020 4197 2129 4248 Do-

479 4277 646 4345 mini,
680 4276 901 4334 clamor
930 4279 1219 4336 credentis
1252 4279 1381 4336 fuit.

553 4389 582 4418 «
614 4367 682 4422 Et
711 4366 1113 4424 clamaverunt
1144 4368 1216 4425 ad
1251 4367 1564 4424 Dominum
1597 4385 1731 4424 cum
1775 4369 2128 4427 tribularen-

476 4459 593 4526 tur,
624 4458 683 4510 et
711 4456 782 4512 de
813 4456 1276 4513 necessitatibus
1333 4473 1548 4524 eorum
1595 4457 1809 4529 eripuit
1839 4474 1957 4516 eos.
1992 4481 2018 4509 »
2051 4459 2132 4515 Ad

480 4546 791 4612 Dominum,
819 4545 1027 4617 inquit,
1050 4561 1177 4601 cum
1208 4545 1524 4617 tribularer,
1561 4547 1814 4611 clamavi,
1875 4551 1926 4603 et
1956 4564 2128 4603 exau-

2243 3390 2356 3455 tur,
2387 3384 2690 3456 sequentia
2717 3385 2945 3440 docent.

2314 3498 2342 3524 «
2379 3474 2526 3538 Quia
2557 3473 2829 3529 contrivit
2849 3475 3048 3545 portas
3097 3489 3296 3543 azreas,
3347 3475 3403 3528 et
3440 3475 3627 3529 vectes
3675 3472 3887 3529 ferreos

2241 3563 2546 3636 confregit,
2583 3585 2610 3613 »
2647 3564 2900 3619 Visitavit
2927 3564 3078 3618 enim
3106 3578 3205 3618 nos
3236 3562 3416 3618 oriens
3470 3578 3538 3618 ea:
3593 3562 3702 3617 alto
3733 3564 3884 3632 (Luc.

2241 3670 2281 3723 ι,
2311 3653 2423 3724 78),
2459 3656 2516 3708 et
2539 3651 2893 3708 illuminavit
2945 3667 3208 3707 errorum
3266 3651 3558 3719 tenebras,
3599 3650 3881 3724 disrupit-

2242 3759 2355 3815 que
2385 3745 2619 3798 catenas
2649 3741 2815 3814 legis,
2845 3744 2910 3796 ut
2938 3740 3121 3796 libero
3153 3739 3394 3796 arbitrio
3425 3739 3796 3796 serviremus.

2317 3853 2338 3879 α
2374 3829 2644 3902 Suscepit
2671 3846 2771 3886 eos
2803 3829 2873 3884 de
2902 3829 2996 3884 via
3050 3827 3384 3900 iniquitatis
3441 3844 3662 3885 eorum.
3693 3851 3722 3878 ››
3769 3828 3882 3885 Ob-

2241 3923 2568 3975 servaverat
2589 3917 2768 3990 igitur
2787 3917 3056 3974 diabole
3075 3915 3456 3974 validissimis
3471 3917 3617 3973 seris
3641 3934 3883 3973 suarum

2240 4007 2455 4063 aedium
2501 4023 2679 4062 aereas
2709 4005 2928 4072 valvas,
2962 4022 3034 4062 ne
3065 4006 3135 4062 ab
3186 4006 3315 4077 ejus
3339 4007 3471 4077 jure
3496 4006 3689 4078 egredi
3727 3997 3888 4062 vale-r

2239 4100 2327 4152 ret
2357 4113 2542 4169 genus
2574 4095 2923 4152 humanum.
2958 4097 3093 4161 Quae
3126 4093 3343 4166 omnia,
3375 4101 3440 4152 ut
3468 4094 3739 4165 diximus,
3773 4112 3881 4151 sua

2241 4185 2523 4242 Dominus
2553 4185 2888 4241 visitatione
2919 4187 3209 4253 contrivit,
3267 4187 3596 4260 suscipiens
3654 4199 3786 4240 eum
3821 4185 3879 4240 in

2240 4293 2322 4332 se.
2368 4297 2394 4325 ‹‹
2461 4276 2702 4345 Propter
2769 4273 3093 4346 injustitias
3158 4277 3314 4333 enim
3383 4292 3523 4333 suas
3588 4271 3877 4331 humiliati

2240 4368 2397 4421 sunt.
2436 4387 2464 4413 ››
2496 4364 2568 4420 Ut
2596 4362 2949 4419 exaltaretur
2975 4364 3035 4420 in
3067 4381 3154 4421 eo.

2310 4475 2339 4502 ‹‹
2367 4455 2611 4508 Omnem
2643 4468 2837 4507 escam
2871 4453 3208 4512 abominata
3236 4457 3326 4511 est
3356 4453 3553 4511 anima
3575 4467 3796 4520 eorum,
3827 4456 3882 4507 et

2239 4542 2857 4616 apprOpinquaverunt
2916 4560 3101 4616 usque
3143 4545 3214 4601 ad
3265 4549 3462 4618 portas
3528 4542 3753 4600 mortis.
3814 4541 3878 4596 Et

475 4631 618 4687 divit
636 4649 721 4688 me
741 4634 914 4701 (Psat.
939 4651 1091 4702 cxix,
1121 4635 1196 4704 1).
1227 4635 1389 4690 Tunc
1420 4635 1768 4692 exaudimur
1797 4653 1831 4691 a
1859 4635 2126 4708 Domino,
2160 4647 2207 4713 D
2239 4631 2638 4688 clamaverunt
2668 4631 2738 4686 ad
2762 4632 3074 4689 Dominum
3102 4649 3236 4690 cum
3257 4624 3698 4700 tribularentur,
3728 4634 3785 4687 et
3812 4631 3881 4686 de

477 4721 714 4791 quando
745 4738 859 4777 non
892 4721 1142 4794 simplex
1171 4739 1298 4792 vox,
1334 4725 1432 4780 sed
1463 4724 1764 4782 tribulatio
1799 4723 2012 4782 clamat
2056 4726 2126 4782 ad

477 4809 815 4888 Dominum.

555 4922 575 4947 α
611 4903 678 4954 Et
707 4897 906 4954 eduxit
935 4916 1034 4956 eos
1065 4900 1123 4956 in
1154 4901 1308 4958 viam
1329 4906 1568 4973 rectam,
1621 4907 1686 4958 ut
1710 4903 1860 4960 irent
1893 4904 1952 4959 in
1984 4902 2125 4960 civi-

478 4992 658 5047 tatem
689 4988 1089 5047 habitationis.
1124 5013 1152 5040 ››
1186 4991 1332 5056 Quia
1355 4993 1507 5050 viam
1532 4993 1783 5049 civitatis
1806 4992 2126 5050 habitaculi

477 5096 595 5136 non
629 5083 995 5151 invenerunt,
1055 5085 1357 5152 propterea
1415 5080 1655 5136 deduxit
1718 5097 1815 5137 eos
1874 5082 1931 5137 in
1971 5082 2124 5137 viam

479 5171 717 5241 rectam.
753 5172 898 5241 Ergo
927 5170 1205 5239 ostendit,
1240 5171 1379 5244 quia
1432 5175 1566 5226 ante
1614 5171 1960 5226 invenerunt
2001 5171 2128 5242 qu:-

479 5256 611 5313 dem
642 5257 786 5329 vias,
820 5259 924 5314 sed
952 5275 1180 5329 pravas,
1215 5264 1272 5315 et
1302 5276 1416 5314 non
1479 5263 1688 5315 rectas.
1723 5279 1751 5308 ‹‹
1792 5259 1859 5314 Et
1889 5259 2130 5314 deduxit

479 5362 578 5402 eos
609 5345 668 5402 in
727 5346 878 5402 viam
936 5351 1238 5403 rectam.»
1295 5347 1401 5402 Via
1460 5346 1698 5403 deduxit
1753 5363 1851 5402 eos
1883 5348 1940 5402 in
1974 5348 2125 5404 viam

484 5436 610 5509 Ipse
641 5435 925 5493 Dominus
949 5441 1122 5509 atque
1151 5435 1411 5493 Salvator
1437 5437 1675 5493 deduxit
1729 5454 1827 5492 eos
1888 5436 1944 5492 in
1974 5437 2126 5494 viam

485 5529 700 5580 rectam
733 5544 745 5581 :
780 5527 914 5581 fecit
936 5543 1056 5594 eos,
1079 5531 1144 5581 ut
1163 5526 1220 5581 in
1246 5541 1308 5582 se
1331 5526 1740 5583 ambularent:
1766 5527 1891 5598 ipse
1933 5531 1990 5582 et
2019 5527 2126 5582 du-

484 5615 625 5678 ctor,
658 5617 714 5668 et
741 5615 852 5670 via.
888 5638 916 5665 «
950 5616 1018 5671 Et
1046 5615 1285 5671 deduxit
1313 5633 1410 5672 eos
1441 5616 1500 5670 in
1532 5615 1684 5671 viam
1715 5621 1954 5683 rectam,
1992 5637 2016 5662 ι)
2064 5620 2128 5671 ut

485 5716 589 5776 per
617 5700 766 5759 hanc
797 5703 970 5773 viam,
1002 5705 1111 5762 hoc
1141 5709 1232 5764 est
1261 5722 1362 5777 per
1389 5704 1705 5762 Dominum
1747 5705 2126 5775 Salvatorem,

2239 4720 2692 4777 necessitatibus
2714 4737 2914 4776 eorum
2939 4721 3207 4778 liberavit
3226 4739 3344 4779 eos.
3378 4741 3406 4775 ι
3443 4722 3554 4779 Sed
3585 4721 3717 4777 vide
3745 4736 3879 4792 qua-

2238 4810 2370 4867 liter
2419 4826 2518 4866 eos
2569 4809 2838 4868 liberavit
2867 4828 2879 4866 :
2904 4811 3044 4882 quia
3088 4828 3261 4869 omne
3279 4812 3523 4870 verbum
3555 4811 3705 4879 vitae,
3728 4809 3876 4882 quod

2237 4899 2530 4972 prophetae
2553 4899 3112 4971 praenuntiaverunt,
3146 4901 3467 4959 abominati
3497 4903 3656 4968 sunt,
3696 4903 3753 4955 et
3781 4915 3879 4970 ap-

2235 4988 2702 5061 propinquaveru
2712 4993 2775 5046 nt
2804 4991 2998 5047 morti.

2309 5102 2335 5126 ‹‹
2370 5079 2534 5136 Tunc
2565 5079 2727 5136 misit
2778 5082 3021 5137 verbum
3074 5098 3270 5150 suum,
3305 5085 3361 5136 ct
3417 5079 3644 5138 sanavit
3698 5096 3815 5135 eos.
3851 5101 3878 5127 ››

2237 5170 2439 5242 Ipsum
2469 5167 2702 5242 Filium,
2736 5170 2836 5242 qui
2869 5170 2926 5226 in
2957 5169 3241 5243 principio
3271 5175 3397 5228 erat
3452 5170 3707 5227 Ver-hum
3733 5187 3747 5226 :
3778 5168 3876 5240 qui

2237 5257 2295 5314 in
2319 5258 2626 5330 Evangelio
2657 5264 2823 5317 sanat
2872 5275 3106 5316 omnem
3163 5259 3506 5333 languorem
3563 5263 3619 5316 et
3647 5273 3879 5316 omnem

2236 5347 2638 5405 inﬁrmitatem
2669 5350 2729 5405 in
2751 5349 2938 5422 plebe.
2975 5370 2996 5399 ι
3031 5350 3100 5405 Et
3128 5350 3344 5423 eripuit
3373 5367 3470 5407 eos
3501 5349 3572 5405 de
3598 5347 3878 5406 interitio-

2239 5437 2413 5493 nibus
2445 5455 2666 5496 eorum.
2706 5462 2732 5487 ››
2766 5441 2827 5496 In
2860 5437 3074 5511 quibus
3106 5456 3169 5496 sc
3198 5439 3310 5513 ipsi
3344 5440 3762 5497 demerserant.

2313 5548 2339 5575 ‹‹
2399 5528 2802 5585 Conﬁteantur
2884 5528 3130 5586 Domino
3191 5529 3602 5586 misericordiae
3668 5529 3874 5601 ejus.»

2237 5616 2460 5682 Quibus
2491 5617 2754 5674 excelsus
2785 5633 2847 5673 se
2876 5617 3245 5686 humiliavit;
3279 5618 3495 5690 quibus
3524 5621 3676 5674 Deus
3707 5615 3878 5673 homo

2237 5704 2427 5765 factus
2448 5711 2572 5778 est;
2606 5707 3199 5779 quibus-immortalis
3230 5725 3333 5781 pro
3390 5708 3728 5770 mortalium
3749 5706 3884 5764 vita
