4256 6616
318 517 468 576 1217

1494 511 1982 573 BREVIAlllUM
2028 514 2103 572 lN
2152 511 2531 572 PSAllMOS.

3557 518 3712 578 1218

316 645 588 704 subditur
617 642 808 700 morti.
867 663 895 692 «
951 640 1016 698 Et
1067 639 1362 696 mirabilia
1410 642 1538 712 ejus
1581 642 1717 698 ﬁliis
1769 643 1952 698 homi—
1983 649 2037 717 Α
2065 643 2204 698 ﬁliis
2233 643 2560 700 hominum.
2598 665 2626 693 ››
2658 643 2803 707 Quia
2836 641 3178 700 mirabiliter
3207 643 3314 700 hos
3353 650 3716 720 compescuit

322 752 482 791 num.
514 755 540 787 ιο
567 734 714 798 Quia
733 731 946 788 inferni
968 745 1145 786 azreas
1179 734 1376 802 portas
1403 735 1711 803 vectesque
1733 732 1957 787 confre-

318 825 426 897 git;
459 823 597 896 quia
628 821 799 878 rediit
815 820 998 877 victor
1017 820 1088 876 ad
1112 835 1383 891 superos;
1414 821 1553 892 quia
1583 820 1863 877 remeavit
1887 822 1958 876 ad

317 912 512 969 caelos.

392 1022 419 1051 ‹‹
452 1001 518 1055 Et
547 999 875 1055 sacrificent
905 997 1258 1053 sacrificium
1290 995 1534 1052 laudis.»
1571 997 1811 1053 Cessent
1840 997 1959 1051 hir-

322 1089 369 1144 ci
401 1093 456 1144 et
485 1089 653 1144 vituli
686 1106 699 1144 :
737 1088 876 1160 quia
905 1087 1058 1142 Deus
1092 1085 1445 1141 sacrificium
1489 1087 1559 1140 de
1598 1102 1744 1158 puro
1793 1086 1963 1140 corde

322 1177 580 1249 requirit.
609 1201 636 1227 «
671 1177 737 1232 Et
765 1176 1113 1231 annuntient
1156 1191 1332 1246 opera
1378 1175 1506 1246 ejus
1537 1174 1595 1229 in
1628 1170 1962 1230 exsultatio-

325 1267 412 1322 ne.
448 1288 476 1315 ››
508 1269 649 1322 Cum
680 1265 893 1336 gaudio
923 1263 1150 1319 cunctis
1189 1263 1382 1318 choris
1414 1261 1781 1332 annuntient,
1815 1279 1962 1334 qua-

321 1356 452 1411 liter
480 1371 579 1411 eos
609 1371 716 1411 sua
743 1353 1075 1410 visitatione
1107 1351 1365 1408 salvarit.

398 1466 426 1494 ‹‹
466 1443 574 1509 Qui
618 1442 982 1498 descendunt
1029 1457 1210 1497 mare.
1246 1464 1271 1491 »
1309 1441 1369 1495 Id
1420 1446 1507 1496 est
1550 1439 1849 1496 saeculum.
1900 1443 1966 1495 In

323 1535 569 1588 navibus.
604 1533 668 1587 In
699 1531 987 1601 Ecclesiis,
1035 1547 1160 1600 quae
1204 1529 1501 1585 Christum
1549 1533 1800 1601 portant,
1835 1534 1893 1584 et
1935 1545 1969 1584 a

325 1622 597 1678 ﬂuctibus
629 1621 808 1691 hujus
841 1620 1043 1675 mundi
1073 1620 1423 1674 tunduntur.
1457 1641 1484 1668 ‹‹
1521 1619 1816 1674 Facientes
1839 1633 1968 1690 ope-

325 1711 607 1767 rationem
641 1710 700 1765 in
734 1709 902 1780 aquis
934 1707 1156 1778 multis.
1193 1732 1214 1761 ι
1251 1710 1310 1762 In
1343 1706 1595 1780 populis.
1645 1707 1752 1762 Sed
1801 1711 1859 1762 et
1895 1707 1966 1761 ad

323 1799 615 1873 apostolos
646 1798 766 1853 haec
797 1797 1097 1854 referenda
1128 1801 1266 1852 sunt
1299 1813 1347 1863 ;«
1365 1797 1481 1868 Ipsi
1512 1796 1970 1867 videruntopera

326 1883 556 1944 Domini
607 1892 666 1943 et
711 1886 1004 1942 mirabilia
1051 1887 1178 1957 ejus
1227 1885 1288 1939 in
1337 1886 1646 1957 profundo.
1684 1907 1712 1933 »
1745 1885 1805 1939 In
1837 1901 1968 1955 pro-

2071 734 2304 788 ﬂuctus.

2146 842 2173 874 ι
2202 821 2470 878 Exaltent
2499 838 2632 877 eum
2665 821 2722 875 in
2755 819 2998 878 ecclesia
3024 821 3230 894 plebis.
3258 846 3286 874 »
3311 825 3373 880 In
3401 842 3714 900 congrega-

2069 912 2227 967 tione
2276 911 2557 966 fidelium.
2610 933 2637 959 «
2701 915 2763 965 In
2813 910 3086 966 cathedra
3133 913 3429 969 seniorum
3475 914 3718 972 laudent

2071 1001 2252 1056 illam.
2291 1021 2317 1048 »
2348 1000 2471 1054 Non
2504 998 2601 1053 illa
2633 999 2909 1055 cathedra
2937 1000 2995 1055 in
3028 1017 3145 1072 qua
3175 1003 3387 1058 Scribae
3432 1008 3488 1058 et
3515 1005 3715 1060 Phari-

2073 1089 2169 1144 saei
2201 1090 2477 1144 sederunt
2499 1089 2621 1160 qui,
2644 1087 2900 1160 legentes
2931 1090 3141 1160 legem,
3164 1107 3280 1146 non
3310 1091 3720 1150 intellexerunt

2071 1178 2130 1232 in
2162 1195 2226 1233 eo
2255 1177 2567 1232 Dominum
2600 1177 2958 1243 nuntiatum,
2984 1178 3084 1233 sed
3117 1179 3176 1233 in
3206 1179 3307 1235 illa
3339 1181 3396 1235 in
3429 1198 3715 1253 quacum,

2071 1265 2158 1322 vel
2191 1265 2503 1338 prophetas,
2530 1266 2616 1320 vel
2648 1266 3010 1337 patriarchae,
3045 1267 3333 1338 spirituali
3373 1269 3542 1326 oculo
3583 1287 3716 1326 con-

2074 1354 2444 1427 templantes,
2479 1360 2872 1426 cognoverunt
2902 1355 2958 1410 in
2992 1356 3314 1425 miraculis,
3346 1357 3435 1414 vel
3467 1359 3718 1416 oraculis

2075 1445 2428 1500 cecinerunt.

2151 1573 2178 1600 ‹‹
2218 1551 2363 1616 Quia
2420 1549 2615 1622 posuit
2664 1550 2906 1605 flumina
2952 1551 3011 1605 in
3061 1551 3377 1618 desertum,
3427 1556 3483 1608 et
3533 1554 3722 1610 exitus

2077 1656 2360 1711 aquarum
2391 1639 2449 1693 in
2484 1639 2641 1694 sitim
2676 1656 2688 1694 :
2724 1643 2940 1694 terram
2974 1639 3330 1696 fructiferam
3365 1642 3422 1696 in
3471 1642 3722 1716 salsugi-

2079 1744 2236 1798 nem,
2269 1746 2302 1783 a
2333 1727 2556 1783 malitia
2585 1727 3041 1783 inhabitantium
3071 1728 3130 1783 in
3163 1745 3249 1785 ea.
3277 1753 3304 1780 ››
3339 1731 3542 1786 Merito
3573 1731 3724 1787 exal-

2079 1817 2315 1883 tandus,
2378 1816 2580 1871 merito
2631 1816 2962 1872 laudandus
3006 1817 3104 1887 qui
3153 1817 3210 1872 in
3267 1818 3542 1886 Ecclesia,
3597 1837 3723 1893 quae

2081 1907 2244 1978 prius
2276 1906 2464 1961 fuerat
2494 1906 2721 1961 deserta
2751 1910 2807 1960 et
2838 1905 2968 1960 odio
2999 1905 3219 1973 habita,
3253 1908 3450 1979 posuit
3491 1913 3726 1980 aposto-

324 1977 510 2033 funda
539 1976 694 2034 enim
724 1975 988 2046 caligine,
1022 1989 1124 2045 per
1153 1989 1356 2029 eorum
1389 1972 1854 2045 praedicationem
1886 1971 1970 2026 lu-

2092 1971 2162 2050 los
2197 1995 2297 2065 qui
2328 2011 2456 2050 eam
2488 1999 2544 2049 et
2574 1993 3016 2049 consolarentur
3045 1971 3298 2066 alloquio
3325 1999 3382 2050 et
3405 1971 3616 2052 alluvio
3649 1998 3726 2052 fe-

326 2083 458 2123 men
488 2063 749 2122 veritatis
779 2064 990 2132 illuxit,
1041 2068 1098 2118 et
1145 2063 1435 2133 viderunt,
1479 2066 1749 2135 operante
1784 2063 1970 2116 Domi-

329 2173 418 2223 no,
451 2155 510 2209 in
544 2153 799 2210 tenebris
829 2151 1198 2208 densissimis
1229 2151 1446 2206 clarere
1491 2150 1688 2206 lumen
1737 2149 1968 2206 verissi-

328 2261 432 2300 ma)
464 2243 788 2299 Trinitatis.

401 2354 429 2383 (ι
483 2332 656 2400 Dixit,
717 2335 773 2387 et
828 2330 988 2386 stetit
1045 2329 1286 2401 spiritus
1340 2328 1617 2400 procellae.
1659 2351 1679 2377 ι
1717 2328 1974 2384 Cessavit

331 2415 630 2476 mundana
659 2418 922 2475 tentatio.
974 2417 1067 2473 Sic
1099 2420 1155 2472 et
1185 2417 1244 2471 in
1277 2417 1407 2472 navi
1439 2416 1738 2472 dormiens
1769 2415 1971 2470 Domi-

331 2527 462 2579 nus,
495 2521 629 2564 cum
661 2506 939 2564 excitatus
971 2523 1004 2562 a
1033 2505 1338 2578 discipulis
1391 2505 1613 2575 fuisset,
1669 2505 1976 2586 imperavit

331 2602 521 2669 vento,
555 2600 612 2652 et
640 2612 800 2652 mare
831 2594 995 2650 siluit
1025 2594 1229 2665 (Matth.
1267 2611 1389 2666 vni,
1421 2595 1533 2665 26).
1567 2616 1594 2644 ‹‹
1630 2595 1698 2648 Et
1737 2592 1973 2648 exaltati

334 2684 472 2741 sunt
502 2683 715 2740 ﬂuctus
742 2681 891 2754 ejus.
928 2705 955 2732 ››
991 2678 1273 2754 suspensi
1324 2688 1484 2750 sunt,
1537 2699 1609 2737 ne
1653 2685 1927 2736 nocerent
1958 2697 1970 2734 ε

337 2774 396 2829 id
426 2778 535 2840 est,
568 2770 748 2844 hujus
796 2771 1094 2828 diabolicae
1147 2773 1491 2828 tentationis
1552 2776 1769 2839 motus,
1819 2770 1974 2841 quod

336 2862 524 2934 iniqui
557 2864 922 2918 commovent
952 2877 1130 2932 super
1152 2862 1365 2932 justos.

410 2975 436 3003 ς(
477 2952 819 3008 Ascendunt
868 2966 1057 3022 usque
1112 2951 1184 3006 ad
1233 2949 1426 3006 coelos.
1481 2972 1508 2999 »
1555 2949 1868 3005 Elevantur
1917 2947 1976 3002 in

339 3040 631 3112 superbiis
681 3038 828 3107 suis,
874 3039 945 3094 ad
995 3043 1332 3095 sanctorum
1380 3038 1680 3110 injuriam.
1715 3061 1744 3087 «
1776 3037 1843 3091 Et
1887 3037 1980 3091 de-

335 3130 624 3185 scendunt
682 3143 867 3199 usque
926 3129 996 3182 ad
1053 3129 1317 3200 abyssos.
1378 3149 1401 3179 ι
1454 3126 1864 3183 Humiliantur
1919 3125 1980 3180 in

337 3218 723 3274 confessione.
773 3218 842 3271 Et
891 3221 956 3272 ut
1006 3217 1300 3289 intelligas
1359 3215 1682 3288 figuraliter
1742 3216 1851 3270 hoc
1911 3214 1982 3269 de

337 3307 509 3364 malis
550 3306 888 3363 hominibus
935 3307 1070 3370 dici,
1123 3307 1429 3378 sequitur:
1471 3330 1492 3355 ι
1525 3307 1735 3360 Anima
1779 3320 1981 3361 eorum

338 3397 399 3450 in
431 3395 604 3452 malis
633 3394 1188 3451 tabescet.»Fluctus
1218 3395 1373 3451 enim
1406 3411 1690 3466 aquarum
1722 3393 1979 3448 animam
2011 3384 2054 3450 C

339 3499 454 3540 non
502 3484 737 3540 habent.
772 3485 882 3539 Sed
929 3483 1174 3540 tabescit
1222 3484 1438 3550 anima,
1495 3500 1628 3538 cum
1684 3483 1985 3537 verberata

338 3573 528 3645 plagis
561 3571 914 3641 coelestibus,
949 3590 1012 3629 se
1041 3588 1310 3646 peccasse
1352 3578 1409 3627 et
1456 3573 1676 3627 sanctis
1706 3570 1983 3642 injuriam

341 3655 613 3718 intulisse
647 3661 964 3735 cognoscit.

423 3750 720 3806 «Turbati
778 3755 935 3819 sunt,
997 3755 1054 3806 et
1110 3751 1252 3806 moti
1310 3752 1461 3807 sicut
1519 3749 1734 3806 ebrius.
1771 3773 1793 3801 ι
1830 3747 1988 3802 Nihil

349 3841 507 3897 enim
538 3839 757 3908 laetum,
813 3841 955 3895 nihil
1005 3841 1232 3908 stabile,
1287 3839 1431 3896 nihil
1479 3841 1740 3896 sobrium
1789 3853 1991 3894 eorum

353 3945 564 3986 sensus
595 3929 868 3985 habebat.
903 3951 931 3980 «
961 3931 1031 3985 Et
1051 3930 1243 3985 omnis
1276 3930 1562 4002 sapientia
1592 3944 1794 3984 eorum
1816 3928 1990 3983 devo-

349 4024 477 4074 rata
506 4024 614 4074 est.
653 4041 680 4066 »
713 4021 759 4073 A
793 4019 1079 4090 sapientia
1117 4020 1229 4074 veri
1285 4019 1380 4074 Dei
1431 4036 1443 4074 :
1497 4019 1650 4074 sicut
1698 4019 1992 4089 quondam

349 4109 522 4164 draco
551 4108 729 4179 Moysi
759 4107 1064 4179 deglutivit
1086 4109 1368 4163 dracones
1396 4105 1990 4178 lEgyptiorum(Eacod.

346 4213 447 4266 VII,
482 4196 594 4267 12).

427 4308 448 4334 α
485 4285 552 4339 Et
580 4285 976 4340 clamaverunt
1006 4286 1077 4339 ad
1119 4285 1430 4340 Dominum
1466 4301 1601 4340 cum
1641 4284 1995 4340 tribularen-

350 4381 469 4441 tur,
501 4377 556 4428 et
585 4373 656 4428 de
686 4373 1134 4428 necessitatibus
1164 4391 1366 4429 eorum
1419 4374 1686 4430 liberavit
1713 4390 1831 4430 eos.
1869 4397 1888 4423 ι
1929 4373 1998 4429 Ut

351 4463 746 4534 relinquentes
795 4462 1154 4517 luxuriosam
1205 4463 1565 4528 ebrietatem,
1616 4464 1718 4520 Dei
1766 4465 1996 4534 sapien-

350 4554 492 4610 tiam
527 4557 928 4624 sequerentur.

427 4667 454 4694 «
488 4643 704 4699 Statuit
731 4641 1046 4714 procellam
1071 4643 1198 4712 ejus
1228 4641 1287 4697 in
1319 4658 1592 4699 auram.»
1624 4642 1697 4698 Ut
1720 4644 1847 4714 jam
1880 4659 1996 4698 non

354 4747 490 4788 cum
535 4733 669 4803 igne
717 4736 774 4786 et
819 4729 1122 4803 grandine,
1156 4732 1258 4786 sed
1289 4748 1422 4786 cum
1454 4733 1618 4788 suavi
1650 4733 1835 4788 sancti
1868 4732 1996 4804 Spi-
2031 4756 2076 4821 D

354 4821 501 4876 ritus
567 4820 801 4876 flamine
859 4821 1175 4877 adveniret.
1237 4844 1263 4871 ‹‹
1322 4821 1389 4876 Et
1446 4821 1736 4877 siluerunt
1786 4823 1999 4878 ﬂuctus

354 4911 540 4981 ejus.«
574 4908 976 4966 Paenitentiam
1006 4911 1328 4982 agentes,in
1359 4910 1840 4983 tranquillitatem
1863 4927 2006 4967 con-

354 4999 507 5056 versi
538 5003 694 5055 sunt.

435 5112 456 5139 α
490 5089 688 5144 Laetati
735 5092 872 5144 sunt
909 5090 1050 5161 quia
1095 5088 1404 5144 siluerunt.
1441 5111 1467 5138 »
1502 5090 1620 5145 Illis
1652 5091 1998 5162 quiescenti-

357 5182 489 5248 bus,
523 5179 579 5235 hi
613 5179 902 5234 laetantur.
933 5203 961 5229 «
996 5181 1062 5234 Et
1091 5179 1286 5236 eduxit
1315 5195 1412 5233 eos
1444 5179 1502 5233 in
1537 5185 1770 5251 portum
1794 5179 2001 5235 volun-

358 5269 496 5324 tatis
527 5285 793 5325 eorum.»
827 5268 906 5323 De
936 5267 1028 5324 his
1057 5268 1492 5340 quiescentibus
1525 5268 2004 5340 fluctibus,appo-

360 5364 605 5414 suerunt
661 5358 948 5432 integram
1004 5357 1360 5414 voluntatem
1408 5358 1480 5412 ad
1529 5375 1662 5413 eum
1721 5358 1927 5413 deduci
1983 5376 1995 5413 :

359 5447 460 5518 qui
493 5446 769 5519 mitigans
800 5448 1035 5517 ﬂuctus,
1067 5463 1242 5503 verus
1271 5451 1359 5502 est
1388 5452 1609 5518 portus.
1644 5470 1670 5496 ‹‹
1707 5447 1772 5501 Et
1796 5447 1866 5502 de
1898 5463 2001 5502 ne-

361 5537 730 5593 ceSsitalibus
760 5553 962 5593 eorum
991 5535 1256 5592 liberavit
1283 5554 1400 5593 eos.
1436 5559 1465 5587 ‹‹
1497 5541 1577 5592 Ne
1607 5536 1680 5591 ab
1713 5535 1803 5592 his
1847 5538 2002 5593 aesti-

363 5626 474 5681 bus
506 5630 904 5697 quaterentur.

436 5737 462 5765 «
495 5714 894 5771 Conﬁteantur
925 5715 1170 5770 Domino
1194 5715 1605 5772 misericordia:
1636 5717 1785 5787 ejus.
1812 5739 1832 5764 υ
1862 5717 2003 5784 Qui-

362 5807 476 5862 bus
505 5805 754 5878 protegit
781 5821 966 5878 genus
997 5805 1348 5862 humanum.
1385 5825 1413 5862 α
1444 5807 1510 5862 Et
1540 5805 1830 5862 mirabilia
1875 5805 2004 5878 ejus

2079 2082 2422 2138 cundarent.
2465 2083 2634 2137 Dedit
2682 2087 2738 2137 et
2790 2083 2847 2137 in
2895 2082 3119 2138 animas
3173 2083 3500 2142 sitientium
3549 2103 3723 2142 suum

2077 2171 2341 2238 verbum,
2373 2171 2560 2226 exitus
2593 2171 3160 2242 prmdicationum,et
3192 2177 3404 2228 terram
3439 2174 3722 2246 corporis,

2082 2277 2208 2331 qua:
2239 2259 2401 2330 prius
2434 2259 2634 2331 spinas
2676 2259 3086 2315 amaritudinis
3135 2261 3474 2332 protulerat,
3527 2264 3724 2320 fructi.

2081 2349 2192 2404 bus
2225 2347 2467 2419 replevit
2496 2351 2744 2405 aeternis.

2153 2460 2180 2486 ‹‹
2214 2436 2414 2492 Posuit
2441 2437 2737 2492 desertum
2771 2437 2828 2492 in
2861 2442 3064 2509 stagna
3095 2443 3729 2512 aquarum.«Praebens

2082 2525 2143 2580 in
2174 2525 2428 2581 Ecclesia
2459 2526 2838 2598 baptismum.
2876 2549 2902 2576 ‹‹
2939 2528 3005 2582 Et
3033 2532 3246 2584 terram
3296 2531 3422 2586 sine
3472 2547 3626 2603 aqua
3672 2530 3732 2586 in

2084 2614 2272 2669 exitus
2302 2631 2609 2684 aquarum.
2644 2636 2672 2663 »
2704 2615 3116 2672 Praedicatores
3164 2618 3222 2672 in
3274 2619 3576 2675 nationum
3617 2621 3730 2676 ari-

2085 2703 2265 2757 ditate
2295 2702 2682 2757 constituens.

2158 2831 2184 2858 ‹‹
2221 2808 2286 2863 Et
2317 2807 2617 2862 collocavit
2646 2807 2761 2863 illic
2791 2807 3132 2864 esurientes.
3166 2831 3192 2857 »
3227 2808 3300 2864 Ut
3340 2809 3507 2866 bonis
3557 2809 3724 2866 coale-

2087 2898 2275 2953 stibus
2333 2897 2724 2952 reficerentur.
2765 2921 2785 2947 α
2836 2898 2906 2952 Et
2953 2897 3381 2954 constituerunt
3437 2899 3730 2958 civitatem

2088 2985 2491 3041 habitationis.
2531 3007 2557 3034 »
2591 2985 2834 3041 Animos
2857 3002 2996 3041 suas
3019 2985 3409 3043 exhibueruut
3429 2989 3500 3043 ab
3532 2989 3732 3044 incen-

2089 3075 2227 3130 tivis
2258 3075 2530 3130 vitiorum
2562 3079 2750 3130 tutas:
2776 3075 2834 3130 in
2867 3073 3080 3146 quibus
3105 3074 3330 3132 fructus
3361 3076 3602 3149 spiritus
3635 3077 3730 3134 ha-

2088 3164 2144 3218 bi
2159 3170 2330 3219 taret.
3124 3219 3129 3223 .

2163 3275 2190 3302 ‹‹
2224 3255 2293 3308 Et
2322 3253 2755 3308 seminaverunt
2784 3269 2973 3325 agros,
2999 3258 3056 3308 et
3085 3253 3492 3326 plantaverunt
3512 3255 3732 3326 vineas,

2091 3347 2148 3396 et
2179 3343 2440 3396 fecerunt
2470 3343 2722 3397 fructum
2756 3341 3096 3396 nativitatis.
3126 3365 3153 3391 n
3176 3343 3260 3396 Ad
3295 3344 3586 3414 apostolos
3621 3346 3732 3400 ista

2094 3431 2444 3498 referuntur,
2492 3431 2592 3501 qui
2633 3432 2902 3501 jecerunt
2949 3446 3148 3485 semen
3192 3430 3251 3486 in
3296 3433 3470 3488 corda
3499 3434 3738 3489 creden-

2094 3517 2264 3584 tium,
2298 3519 2368 3573 de
2397 3518 2612 3589 quibus
2644 3519 2898 3573 fructum
2929 3519 3269 3575 aeternitatis
3299 3520 3608 3593 accipiant,
3634 3521 3742 3578 hoc

2095 3615 2182 3662 est
2244 3607 2656 3674 centesimum,
2730 3607 3181 3680 sexagesimum,
3260 3613 3316 3664 et
3377 3610 3742 3668 tricesimum

2099 3695 2306 3767 (Matth.
2338 3713 2462 3763 xm,
2494 3697 2572 3767 8).

2179 3823 2199 3851 α
2235 3803 2301 3858 Et
2333 3803 2629 3860 benedixit
2658 3804 2764 3871 eis,
2796 3811 2850 3859 el
2879 3803 3252 3876 multiplicati
3307 3810 3446 3862 sunt
3481 3806 3677 3866 nimis.
3716 3831 3744 3859 »

2102 3892 2248 3959 Quia
2273 3909 2398 3964 quae
2430 3897 2597 3948 erant
2625 3891 2836 3964 placita
2865 3894 2940 3961 ei,
2972 3894 3275 3950 faciebant.
3311 3895 3404 3951 Sic
3436 3900 3493 3951 et
3531 3896 3589 3951 in
3622 3914 3745 3954 ma-

2102 4000 2183 4038 nu
2233 3981 2448 4054 Joseph
2500 3982 2794 4037 benedixit
2836 3982 3034 4038 omnia
3074 3983 3229 4039 Deus
3259 3982 3410 4054 (Gen.
3443 4002 3633 4052 xxx1x,
3667 3986 3746 4056 2),

2105 4071 2242 4143 quia
2267 4087 2328 4125 se
2361 4087 2394 4124 a
2425 4070 2617 4141 pravis
2659 4069 3112 4141 cogitationibus
3159 4076 3217 4126 et
3260 4072 3749 4144 concupiscentiis

2104 4158 2432 4216 custodivit.
2463 4180 2490 4209 ‹‹
2524 4158 2888 4229 Etjumenta
2934 4175 3134 4214 eorum
3183 4176 3299 4216 non
3350 4161 3681 4218 minoravit.
3714 4182 3741 4215 ιι

2106 4246 2535 4306 Irrationabiles
2567 4247 2720 4303 inter
2748 4264 2847 4304 eos
2877 4247 3146 4304 homines
3167 4266 3279 4305 non
3306 4253 3445 4305 sunt
3474 4250 3750 4312 minorati

2106 4339 2163 4394 in
2188 4338 2454 4405 inferius,
2485 4338 2588 4394 sed
2618 4337 2677 4392 in
2711 4335 2921 4392 melius
2953 4338 3226 4408 reparati.
3263 4338 3444 4411 Igitur
3473 4339 3748 4412 explicita

2106 4427 2403 4484 vocatione
2428 4443 2493 4482 ac
2519 4427 2919 4497 redemptione
2947 4427 3233 4499 gentium,
3265 4428 3415 4483 redit
3445 4428 3516 4484 ad
3547 4429 3748 4502 expul-

2107 4518 2331 4573 sionem
2364 4516 2725 4583 Judreorum,
2756 4516 2954 4571 dicens
2989 4533 3002 4572 :
3727 4516 3732 4518 ⁷

2180 4623 2412 4680 «Pauci
2460 4623 2592 4678 facti
2641 4626 2799 4678 sunt.
2837 4644 2864 4671 ››
2898 4622 2974 4678 Eo
3021 4623 3174 4694 quod
3226 4640 3342 4679 non
3393 4624 3644 4682 fuissent
3692 4627 3751 4682 in

2108 4714 2199 4770 his
2233 4712 2619 4785 multiplicata
2647 4729 2822 4784 opera
2851 4711 2969 4768 Dei.
3006 4734 3034 4762 «
3068 4712 3135 4768 Et
3162 4713 3350 4770 vexati
3381 4720 3523 4771 sunt
3569 4733 3603 4772 a
3651 4717 3752 4772 tri-

2110 4802 2406 4859 bulatione
2437 4801 2727 4857 malorum
2758 4805 2814 4857 et
2842 4801 3058 4858 dolore.
3093 4824 3121 4851 »
3152 4803 3300 4868 Quia
3329 4803 3624 4861 insontem
3654 4804 3758 4862 ini-

2117 4892 2216 4966 qui
2247 4897 2386 4948 sunt
2415 4890 2724 4963 persecuti.

2186 5026 2213 5051 ‹‹
2248 5001 2444 5056 Effusa
2471 5003 2560 5055 est
2583 4999 2874 5054 contentio
2905 5015 3082 5072 super
3113 4999 3404 5072 principes
3451 5016 3677 5056 eorum.
3723 5023 3752 5050 »

2108 5091 2182 5147 Ut
2211 5090 2307 5162 qui
2347 5089 2660 5144 Dominum
2710 5091 3202 5160 contempserant,
3252 5087 3364 5158 ipsi
3417 5093 3752 5143 contemne-

2109 5181 2404 5237 rentur.Et
2433 5179 2789 5234 seduxerunt
2817 5193 2914 5233 eos
2945 5191 3092 5231 vana
3121 5177 3383 5247 ipsorum
3412 5176 3754 5248 simulacra,

2111 5270 2311 5341 utique
2343 5286 2468 5340 quae
2501 5268 2844 5323 adorabant.
2877 5288 2904 5315 ‹‹
2938 5266 3006 5319 Et
3035 5264 3273 5320 deduxit
3320 5280 3418 5321 eos
3468 5265 3526 5319 in
3577 5265 3755 5332 invio,

2110 5364 2166 5414 et
2197 5373 2309 5412 non
2342 5358 2401 5412 in
2432 5357 2542 5411 via.
2579 5377 2606 5405 ››
2631 5354 2985 5410 Seducentes
3015 5367 3113 5407 eos
3163 5369 3196 5407 a
3243 5353 3335 5407 via
3365 5353 3618 5419 Domini,
3651 5354 3754 5410 de-

2113 5449 2404 5503 duxerunt
2448 5462 2546 5501 eos
2577 5444 2634 5498 in
2669 5442 2822 5497 invio
2854 5442 3100 5497 Satanw.
3151 5441 3430 5513 Denique,
3487 5442 3756 5499 deductis

2110 5537 2243 5593 istis
2289 5536 2348 5590 in
2402 5535 2578 5604 invio,
2638 5531 2903 5587 videmus
2951 5530 3095 5602 quid
3147 5531 3344 5587 fecerit
3392 5531 3544 5588 Deus
3596 5531 3756 5605 plebi

2113 5643 2255 5681 δυω.

2185 5738 2213 5765 ‹‹
2240 5716 2306 5769 Et
2352 5712 2576 5783 adjuvit
2627 5726 2939 5784 pauperem
2989 5711 3059 5766 de
3112 5709 3325 5782 inopia.
3389 5732 3416 5758 »
3467 5710 3755 5786 Populum

2113 5803 2511 5861 Christianum
2542 5801 2792 5876 dapibus
2821 5798 3054 5858 satiavit
3106 5800 3360 5860 aeternis.
3394 5823 3424 5854 ‹‹
3455 5800 3524 5860 Et
3553 5806 3753 5878 posuit
