4256 6602
573 471 728 532 1219
2073 459 2254 519 APPE

2285 461 2485 520 NDIX.
3816 467 3966 530 1220

570 602 722 658 sicut
751 615 885 655 oves
917 595 1189 652 familias.
1215 594 1287 650 Ut
1315 594 1620 650 audientes
1649 608 1846 650 vocem
1877 593 1994 649 veri
2026 596 2214 665 pasto-
2241 593 2296 659 Α
2323 597 2512 663 genter
2539 595 2757 664 (larem.
2787 610 2982 661 xnvm,
3016 593 3124 665 10).
3159 593 3218 650 Si
3260 592 3603 666 psalterium
3649 611 3731 667 es,
3784 596 3834 652 si
3883 599 3964 654 ci-

567 693 672 758 ris,
704 689 818 744 ﬁde
850 689 1252 759 sequerentur.
2323 682 2489 738 thara
2518 699 2600 749 es,
2635 699 2814 755 quare
2845 683 3060 738 surdus
3091 698 3172 753 es,
3196 686 3252 737 et
3281 698 3394 738 non
3425 681 3719 756 glorificas
3740 684 3962 743 Deum?

643 802 670 830 «
701 778 999 834 Videbunt
1024 775 1166 832 recti
1215 778 1273 829 et
1315 772 1688 828 laetabuntur.
1726 795 1753 821 ››
1786 773 2042 836 Quorum
2076 775 2216 825 sunt
2330 793 2355 824 α
2387 776 2704 844 Exsurgam
2739 771 3015 826 diluculo.
3052 795 3080 820 »
3115 775 3264 827 Deus
3305 770 3364 826 in
3394 773 3651 830 tenebris
3701 774 3961 833 benedici

565 867 976 942 praedicatione
1007 862 1289 920 conversi.
1322 885 1350 912 α
1386 863 1450 917 Et
1481 861 1672 917 omnis
1721 860 2002 932 iniquitas
2031 859 2211 931 opila-
2323 866 2378 916 et
2407 861 2634 916 laudari
2665 877 2779 916 non
2804 865 3032 932 potest:
3065 861 3165 916 sed
3187 860 3247 915 in
3277 859 3404 917 luce
3429 861 3961 923 benedicitur.Rem

565 959 652 1013 bit
679 974 744 1014 os
771 973 967 1012 suum.
1003 978 1029 1004 ››
1061 952 1362 1017 Diabolus,
1389 950 1476 1006 vel
1507 949 1714 1017 Judaei,
1747 949 1867 1004 sive
1915 948 2208 1015 haeretici;
2321 949 2448 1005 dico
2479 951 2694 1004 miram
2724 967 2736 1004 :
2769 949 2839 1004 Et
2867 949 2914 1003 si
2948 955 3117 1004 nocte
3148 949 3466 1022 surgimus,
3503 953 3683 1009 Deum
3735 954 3793 1010 in
3838 955 3962 1012 luce

565 1047 665 1118 qui
720 1047 778 1101 in
830 1045 1132 1101 Excelsum
1191 1039 1560 1112 iniquitatem
1617 1037 1775 1111 loqui
1824 1053 2212 1110 praesumpse-
2319 1037 3063 1110 benedicimus.Nunquam
3085 1037 3414 1094 Christiano
3446 1057 3558 1096 nox
3585 1047 3962 1118 estzsemper

567 1143 726 1194 runt.
2319 1126 2652 1183 Christiano
2682 1126 2776 1181 Sol
2799 1126 3045 1196 justitim
3077 1127 3290 1184 oritur.
3332 1132 3399 1184 Et
3429 1128 3551 1185 haec
3581 1131 3817 1202 quidem
3867 1151 3959 1191 se-

636 1250 665 1278 «
699 1226 839 1292 Quis
871 1223 1107 1296 sapiens
1133 1225 1190 1276 et
1219 1219 1512 1275 custodiet
1541 1234 1628 1287 ea,
1662 1221 1719 1272 et
1759 1221 1896 1271 tunc
1927 1214 2214 1286 intelliget
2320 1217 2581 1273 cundum
2611 1217 2841 1272 Iudaeos
2863 1215 3424 1273 dicimus.Cmterum
3447 1221 3770 1277 secundum
3802 1220 3960 1280 altio-

566 1311 998 1369 misericordias
1029 1308 1297 1364 Domini?
1333 1331 1352 1356 ω
1389 1307 1447 1361 Si
1479 1306 1634 1362 enim
1676 1305 1968 1376 sapienter
2017 1303 2212 1359 consi-
2319 1321 2442 1360 rem
2477 1303 3030 1370 sensum,Domiuus
3059 1308 3148 1360 est
3177 1304 3276 1376 qui
3308 1306 3465 1361 canit
3498 1323 3548 1362 ;‹‹
3573 1311 3843 1365 Paratum
3866 1328 3962 1367 cor

563 1403 728 1458 deres
754 1406 809 1457 et
840 1397 1223 1473 spiritualiter
1249 1394 1803 1468 intelligas,videbis
1836 1394 1893 1447 in
1924 1392 2033 1447 hoc
2055 1390 2209 1464 psal-
2320 1397 2997 1466 meum,l)eus,paratum
3026 1410 3125 1449 cor
3144 1399 3652 1453 meummpamtus
3673 1413 3805 1454 sum
3826 1399 3953 1456 hic,

564 1507 660 1546 mo
682 1495 891 1562 quater
919 1486 1350 1544 misericordias
1399 1483 1612 1556 petitas
1659 1489 1715 1538 et
1760 1481 2073 1537 clementer
2121 1481 2209 1535 in-
2319 1486 2560 1554 paratus
2590 1499 2718 1537 sum
2755 1482 2812 1536 in
2846 1483 3061 1538 futuro.
3093 1482 3258 1539 Salvo
3285 1489 3342 1539 et
3371 1484 3430 1539 in
3463 1487 3668 1547 terris:
3701 1488 3858 1544 salvo
3903 1493 3959 1545 et

561 1580 956 1650 dultaszquas
986 1581 1042 1632 et
1071 1574 1241 1630 nobis
1263 1574 1478 1645 pietate
1509 1571 1734 1643 proﬂua
1757 1571 2032 1642 dignetur
2061 1587 2210 1641 quze-
2318 1571 2378 1626 in
2419 1570 2600 1638 caelis,
2655 1571 2762 1626 hoc
2811 1577 2918 1638 est,
2967 1576 3023 1627 et
3068 1571 3307 1644 angelos
3359 1573 3516 1630 salvo
3568 1580 3624 1630 et
3669 1575 3954 1634 homines.

558 1669 703 1725 sitas
733 1665 1060 1738 indulgere,
1090 1664 1354 1736 pulsatae
1403 1661 1647 1732 aperire,
1682 1659 1895 1731 petitas
1944 1675 2060 1713 non
2114 1675 2211 1714 ne-
2318 1684 2346 1711 ι(
2382 1662 2658 1733 Exsurge,
2690 1660 3030 1733 psalterium
3064 1667 3121 1717 et
3155 1662 3398 1718 cithara.
3449 1685 3476 1713 ››
3527 1664 3806 1736 Loquitur
3847 1671 3956 1723 Do-

555 1773 714 1829 gare.
750 1756 866 1827 Ipsi
898 1753 1084 1826 gloria
1112 1769 1248 1807 cum
1281 1754 1492 1805 aeterno
1526 1754 1695 1804 Patre
1726 1753 1782 1804 et
1809 1749 2026 1820 Spiritu
2072 1765 2206 1803 san-
2316 1750 2514 1806 minus
2545 1768 2650 1806 suo
2682 1750 2907 1823 corpori
2940 1767 2953 1805 :
2988 1773 3015 1799 ‹‹
3047 1751 3397 1807 Psalterium
3427 1757 3484 1808 et
3523 1753 3762 1826 cithara,
3795 1778 3821 1805 »
3855 1757 3956 1829 qui

557 1851 650 1900 cto
683 1844 742 1898 in
775 1843 990 1899 saecula
1020 1839 1392 1897 saeculorum.
1425 1845 1632 1893 Amen.
2314 1839 2664 1894 descendisti
2699 1840 2754 1893 in
2789 1838 3084 1894 infernum
3108 1840 3687 1916 etjacuisti,exsurge
3706 1849 3762 1900 et
3779 1843 3957 1901 lauda

1123 1945 1444 2002 pSALMUs
1481 1945 1641 2000 (ΝΠ,
2237 1963 2281 2026 Β
2314 1928 2649 2026 Dominum.
2683 1929 2751 1983 Et
2779 1927 3114 2026 vides-quid
3146 1928 3286 2026 dicit
3319 1930 3488 2026 :Non
3541 1931 3663 2026 ipse
3693 1933 3791 2005 qui
3819 1950 3952 1991 mo-

555 2043 841 2098 Canticum
871 2039 1086 2095 Psalmi
1113 2038 1224 2108 ipsi
1251 2035 1442 2108 David.
1475 2033 1811 2108 Canticum_
1834 2048 2065 2108 semper
2112 2049 2199 2087 re-
2237 2016 2279 2026 υ
2309 2021 2402 2072 νθί
2431 2017 2714 2108 Cithara?!
2746 2023 2800 2108 ei
2832 2016 3172 2108 Ρεθιίςθτίυῐη
3207 2016 3444 2108 laudat;
3478 2020 3577 2075 56d
3611 2020 3737 2092 ipsa
3765 2021 3954 2078 citha-

623 2115 808 2168 fertur
839 2111 896 2166 in
931 2103 1174 2165 sensum
1211 2125 1223 2161 :
1259 2103 2053 2180 psalmus_vero_referturin
2083 2121 2202 2180 cor-
2310 2123 2375 2162 ra
2430 2111 2488 2161 et
2544 2104 2909 2177 psalterium,
2968 2105 3097 2178 ipsa
3150 2107 3502 2163 benedicunt
3556 2113 3805 2166 Patrem.
3853 2111 3952 2168 Ille

625 2182 976 2263 Poralla-
1026 2186 1219 2262 auiam
1259 2175 1634 2263 ῗηξίηῖῖθείίυε
1681 2177 1985 2263 ᾳίοθωυευ,
2015 2175 2200 2257 θθηῖί·
2309 2196 2465 2252 enim
2501 2175 2654 2251 Deus
2686 2199 2794 2263 est,
2828 2200 2883 2250 et
2912 2175 3149 2250 ab'aliis
3179 2196 3542 2252 benedicitur
3571 2204 3628 2254 et
3657 2197 3946 2257 laudatur.

631 2247 646 2256 ⁵
793 2255 804 2266 ’
887 2257 900 2288 ί
1107 2251 1122 2304 i
1168 2268 1222 2305 m
1257 2251 1547 2305 refertur:
1624 2247 1846 2303 salmus
1894 2252 2090 2302 autem
2141 2248 2199 2300 in
2314 2247 2465 2305 vim-
2502 2247 2650 2251 —vﬁ
2692 2247 2794 2263 "VI
2835 2247 2879 2297 ’.ἡ
3024 2247 3145 2250 mhi
3181 2247 3532 2252 —“"w"—“
3575 2247 3627 2254 ﬂ
3658 2247 3946 2302 "ws-Ti"

624 2253 1195 2399 Et$t%2e_nft%%“e§t
1223 2322 1506 2399 inspera-
1557 2265 1842 2399 cl’upuzam
1875 2335 2010 2399 ergo
2040 2318 2100 2372 ίιι
2131 2319 2201 2374 ιί-
2309 2287 2532 2399 Eiet:
2547 2289 2981 2399 3:11:33”:
3005 2284 3477 2399 arma???
3510 2293 3786 2399 531:3?ij
3821 2306 3949 2399 ea

623 2372 2198 2467 {5535515,};{bggiigmpsafnﬁ’,éctehethnsé-
2310 2374 2512 2467 laudat
2547 2372 2984 2467 Dominum._Ut
3013 2378 3208 2467 autem
3259 2374 3459 2467 sciatis
3506 2377 3780 2448 quoniam
3820 2379 3950 2435 Pro-

624 2473 871 2541 quenter
895 2460 972 2541 'in
1021 2464 1281 2541 secundo
1328 2461 1611 2518 versiculo
1660 2461 1741 2516 ait
1792 2479 1804 2514 :
1859 2460 2094 2516 Cantabo
2151 2469 2202 2516 et
2309 2463 2483 2535 pheta
2513 2479 2581 2518 ex
2610 2479 2856 2534 persona
2885 2462 3114 2518 Domini
3149 2462 3427 2534 loquitur,
3461 2469 3518 2520 et
3558 2483 3672 2522 non
3717 2483 3783 2523 ex
3831 2485 3945 2525 me-

622 2537 860 2612 psallam
889 2540 949 2592 in
977 2537 1158 2607 gloria
1185 2551 1326 2590 mea.

2309 2553 2556 2624 metipso
2591 2551 2698 2607 hoc
2729 2552 2956 2624 loquor,
2986 2551 3172 2607 videte
3202 2552 3342 2623 quid
3375 2553 3657 2625 sequitur.

626 2670 650 2700 ι
686 2649 956 2702 Paratum
980 2660 1079 2699 cor
1108 2641 1781 2711 meum,Deus,paratam
1809 2656 1908 2694 cor
1939 2655 2193 2694 meum.»
2383 2664 2410 2692 ‹‹
2440 2642 2769 2697 Conﬁtebor
2799 2641 2903 2696 tibi
2949 2640 3006 2694 in
3055 2639 3309 2713 populis,
3342 2642 3602 2700 Domine.
3644 2667 3671 2690 ιι
3701 2645 3945 2718 Populos

547 2741 795 2793 Paratus
827 2751 959 2791 sum
994 2749 1109 2788 non
1141 2730 1332 2787 solum
1364 2745 1556 2802 opere,
1591 2730 1691 2785 sed
1725 2730 1903 2784 etiam
1935 2727 2106 2783 corde
2143 2730 2199 2782 et
2307 2735 2502 2786 autem
2534 2729 2792 2802 intelligo
2819 2729 3075 2785 Judaaos.
3103 2753 3130 2780 ‹‹
3164 2734 3229 2784 Et
3260 2729 3506 2802 psallam
3541 2732 3648 2789 tibi
3681 2734 3739 2790 in
3772 2737 3945 2792 natio-

546 2821 746 2884 Sensu.
781 2849 807 2875 «
842 2827 1116 2879 Paratum
1149 2838 1247 2876 cor
1277 2835 1495 2887 meum,
1535 2841 1559 2865 ››
1593 2819 1650 2873 in
1685 2835 1861 2874 sensu
1917 2835 1928 2873 :
1967 2841 1993 2865 «
2031 2834 2198 2888 para-
2307 2821 2502 2876 nibus.
2542 2842 2561 2868 η
2601 2825 2675 2874 De
2711 2819 2880 2874 nobis
2911 2819 3071 2874 dicit.
3121 2819 3350 2874 Iudaeos
3399 2820 3554 2876 enim
3603 2821 3732 2879 illos
3786 2824 3939 2892 dicit,

545 2921 674 2971 tum
723 2931 824 2970 cor
869 2927 1088 2978 meum,
1123 2931 1152 2959 »
1183 2911 1243 2964 in
1275 2924 1467 2980 Opere,
1515 2907 1621 2962 hoc
1673 2912 1762 2962 est
1810 2907 1868 2960 in
1922 2907 2193 2978 practice.
2307 2909 2406 2980 qui
2429 2907 2604 2980 primi
2629 2925 2696 2964 ex
2714 2907 2933 2962 Judmis
2957 2907 3629 2965 crediderunt.Etvidete
3648 2911 3939 2968 ordinem:

547 3003 834 3070 Quoniam
867 3017 981 3055 non
1013 2998 1204 3054 solum
1237 2998 1408 3051 corde
1433 3001 1489 3051 et
1518 2996 1823 3061 sensu,sed
1859 3001 1914 3050 et
1941 2996 1996 3049 in
2025 3009 2196 3065 opere
2305 2997 2562 3069 primum
2595 2995 2796 3052 laudat
2826 2996 3010 3051 Deum
3039 2996 3096 3050 in
3131 2995 3361 3068 populis
3407 3001 3462 3052 et
3505 3003 3706 3069 postea
3745 2999 3944 3058 laudat

547 3095 789 3164 paratus
823 3105 978 3144 sum.
1011 3088 1319 3158 Propterea
1351 3089 1407 3139 et
1436 3083 1694 3139 secundo
1725 3083 1853 3139 dico
1888 3101 1901 3138 :
1943 3104 1964 3131 α
1996 3085 2199 3140 Canta-
2302 3087 2616 3142 Dominum
2649 3085 2705 3140 in
2739 3083 3096 3140 nationibus.
3129 3085 3390 3141 Primum
3421 3086 3577 3142 enim
3617 3103 3685 3143 ex
3728 3089 3941 3145 Judais

544 3181 618 3234 bo
649 3183 706 3234 et
735 3177 980 3250 psallam
1011 3177 1070 3230 in
1110 3173 1296 3246 gloria
1349 3190 1494 3228 mea.
1534 3195 1555 3223 ι
1621 3173 1880 3239 Cantabo,
1931 3172 2040 3227 hoc
2086 3178 2193 3245 est,
2304 3175 2694 3241 crediderunt,
2727 3178 2784 3229 et
2815 3178 3014 3246 postea
3044 3174 3417 3230 crediderunt
3444 3190 3512 3231 ex
3543 3176 3832 3248 gentibus.

541 3269 602 3324 in
637 3269 804 3324 corde
837 3283 986 3332 meo,
1016 3289 1042 3316 ‹‹
1078 3269 1133 3320 et
1162 3262 1431 3336 psallam.
1470 3285 1497 3311 ››
1545 3261 1706 3317 Sicut
1733 3261 2075 3333 psalterium
2126 3279 2194 3318 ex
2233 3333 2263 3338 ᾧ
2376 3287 2403 3314 ‹‹
2437 3263 2583 3328 Quia
2616 3279 2829 3334 magna
2881 3267 2968 3317 est
3015 3261 3417 3318 misericordia
3461 3269 3564 3319 tua
3615 3281 3790 3338 super
3833 3283 3943 3321 cce-

546 3357 747 3413 multis
791 3355 1025 3412 chordis
1073 3333 1462 3424 compositum
1496 3356 1606 3418 est,
1639 3356 1695 3406 et
1726 3351 1772 3406 si
1807 3368 1925 3406 una
1975 3352 2194 3407 chorda
2223 3333 2266 3398 (ἶ
2307 3353 2413 3409 los.
2449 3377 2477 3403 »
2512 3352 2635 3407 Non
2668 3333 2755 3406 est
2781 3357 3048 3407 creatura
3093 3368 3220 3422 quae
3269 3368 3384 3406 non
3435 3352 3693 3426 indigeat
3723 3355 3942 3412 miseri-

542 3447 719 3502 fuerit
776 3449 970 3517 rupta,
1021 3442 1443 3498 exterminatur
1488 3440 1851 3513 psalterium,
1893 3441 1975 3495 ita
2022 3447 2079 3496 et
2136 3440 2194 3496 in
2304 3442 2503 3497 cordia
2545 3441 2662 3496 Dei.
2697 3439 2961 3496 Universi
3004 3439 3402 3496 misericordia
3448 3440 3550 3497 Dei
3595 3441 3942 3516 indigemus.

545 3537 774 3592 actibus
807 3534 1044 3604 nostris,
1090 3532 1138 3587 si
1191 3548 1374 3587 unum
1421 3531 1766 3585 mandatum
1801 3530 2195 3602 praetergressi
2306 3530 2558 3597 Gabriel,
2594 3529 2861 3599 Michael,
2899 3529 3942 3602 Seraphim,Cherubim,Potestates,

538 3625 852 3680 fuerimus.
883 3621 1226 3694 psalterium
1259 3625 1523 3675 nostrum
1547 3620 2000 3690 rumpitur.ldeo
2022 3619 2192 3674 dixit:
2306 3620 2766 3686 Dominationes,
2799 3623 2938 3674 sunt
2969 3619 3208 3690 quidem
3266 3623 3499 3688 sanctae,
3549 3620 3646 3676 sed
3689 3620 3949 3694 indigent

547 3735 575 3764 «
607 3713 862 3768 Cantabo
893 3715 947 3766 et
981 3709 1225 3781 psallam
1258 3709 1318 3762 in
1349 3707 1535 3780 gloria
1565 3724 1712 3763 mea.
1751 3729 1778 3756 »
1813 3709 1873 3761 In
1917 3707 2048 3763 aliis
2095 3725 2196 3763 co-
2305 3709 2708 3764 misericordia
2751 3708 3029 3764 creatoris
3079 3708 3189 3763 sui.
3224 3709 3349 3764 Non
3403 3709 3643 3765 detraho
3701 3710 3945 3784 angelis,

542 3800 774 3856 'dicibus
805 3799 1035 3870 legitur,
1076 3817 1097 3844 «
1131 3797 1190 3851 in
1230 3795 1415 3868 gloria
1463 3800 1582 3850 tua.
1639 3818 1664 3844 n
1715 3796 1825 3850 Sed
1863 3795 2074 3851 melius
2106 3801 2194 3852 est
2306 3799 2404 3853 sed
2430 3803 2749 3854 creatorem
2773 3797 3338 3869 prmdico,siquidem
3365 3798 3474 3869 ipsi
3495 3799 3681 3872 angeli
3706 3799 3950 3856 libenter

545 3889 872 3945 secundum
925 3885 1270 3941 Hebraicum
1319 3883 1530 3956 legere,
1564 3907 1591 3933 «
1629 3883 1686 3938 in
1719 3883 1907 3955 gloria
1954 3901 2100 3939 mea.
2168 3907 2194 3934 »
2309 3887 2556 3943 audiunt
2576 3886 2877 3958 praedicari
2899 3903 3100 3942 eorum
3123 3888 3537 3943 creatorem.Et
3563 3888 3728 3944 aliter
3749 3905 3948 3962 possu-

541 3979 703 4045 Quod
737 3977 900 4048 dicit,
934 3976 1044 4032 hoc
1074 3979 1199 4030 est:
1235 3997 1261 4024 ‹‹
1291 3974 1546 4029 Cantabo
1576 3978 1634 4028 et
1666 3972 1908 4044 psallam
1961 3973 2018 4028 in
2071 3973 2196 4045 glo-
2309 3993 2444 4032 mus
2465 3975 2964 4038 dicere.Quoniam
2984 3975 3380 4033 misericordia
3400 3981 3500 4032 tua
3521 3977 3590 4032 de
3621 3981 3772 4034 terra
3799 3977 3948 4034 levat

541 4069 628 4125 ria
687 4084 836 4123 mea.
873 4090 901 4117 »
933 4066 1072 4130 Hoc,
1105 4064 1366 4129 Domine,
1416 4063 1569 4135 quod
1617 4062 1721 4118 tibi
1781 4062 1990 4135 psallo,
2043 4065 2194 4135 quod
2305 4066 2376 4121 ad
2410 4064 2716 4121 ceelos.«Et
2736 4081 2924 4137 usque
2954 4064 3024 4120 ad
3057 4065 3242 4121 nubes
3273 4065 3485 4122 veritas
3515 4066 3782 4122 tua.»Ubi
3807 4071 3948 4123 sunt

539 4158 647 4213 tibi
689 4161 882 4223 canto,
935 4172 1047 4211 non
1100 4155 1206 4209 tibi
1256 4153 1504 4226 gratiam
1559 4153 1728 4218 facio,
1780 4154 1880 4209 sed
1933 4153 2098 4211 mihi.
2131 4156 2193 4210 In
2302 4155 2509 4226 Judaei,
2543 4154 2642 4211 ubi
2674 4159 2813 4210 sunt
2842 4153 3064 4211 similes
3093 4155 3426 4212 Judaeorum
3477 4156 3575 4229 qui
3623 4156 3946 4212 secundum

543 4245 654 4302 alio
701 4246 856 4301 enim
910 4243 1137 4317 psalmo
1178 4243 1320 4298 dicit
1372 4261 1383 4298 :
1439 4243 1709 4310 Quoniam
1754 4243 2017 4298 bonorum
2046 4260 2192 4300 meo-
2304 4245 2558 4300 litteram
2590 4247 2816 4299 tantum
2864 4249 3004 4300 sunt
3053 4243 3483 4317 intelligentes‘?
3512 4246 3806 4309 Quomodo
3848 4263 3946 4303 us-

539 4353 667 4392 rum
695 4351 804 4391 non
842 4351 990 4408 eges.
1049 4357 1069 4382 υ
1124 4333 1294 4401 (Psal.
1346 4348 1440 4397 xv,
1495 4333 1580 4399 2.)
1629 4332 1789 4394 Quod
1839 4348 1976 4403 ergo
2021 4333 2191 4401 facio,
2304 4350 2417 4405 que
2466 4334 2536 4388 ad
2567 4334 2754 4388 nubes
2804 4338 2893 4389 est
2934 4334 3148 4389 veritas
3197 4333 3343 4389 Dei?
3389 4334 3569 4390 Filius
3613 4335 3710 4390 Dei
3759 4335 3947 4392 dicit:

532 4443 643 4498 pro
676 4443 768 4480 me
800 4425 968 4480 facio.
1021 4423 1182 4488 Quod
1243 4437 1380 4493 ergo
1428 4419 1612 4476 servio
1660 4421 1787 4488 tibi,
1838 4420 2021 4493 gloria
2067 4439 2192 4478 mea
2302 4424 2410 4492 Ego
2439 4439 2558 4476 sum
2590 4424 2700 4488 via,
2732 4424 2939 4478 veritas
2986 4431 3036 4478 et
3083 4425 3190 4478 vita
3239 4423 3423 4493 (Joan.
3474 4440 3574 4491 x11,
3621 4425 3697 4494 6),
3747 4427 3803 4478 et
3849 4423 3946 4478 de-

537 4519 645 4570 est.
676 4514 1028 4584 Jejunamus
1061 4528 1073 4566 :
1113 4509 1401 4582 numquid
1452 4509 1671 4580 aliquid
1704 4509 1820 4564 Deo
1853 4510 2143 4565 donamus
2166 4511 2193 4565 ‘?
2302 4512 2529 4566 scendit
2560 4511 2617 4565 in
2641 4511 2905 4576 terris,et
2934 4528 3066 4568 cum
3096 4511 3435 4568 hominibus
3457 4516 3828 4569 conversatus
3857 4517 3946 4567 est

533 4603 646 4657 Pro
706 4601 958 4673 peccatis
1029 4599 1243 4656 nostris
1296 4600 1404 4654 hoc
1463 4599 1731 4668 facimus,
1787 4599 2060 4654 Jacemus
2131 4600 2189 4655 in
2301 4600 2561 4668 (Baruch.
2599 4601 2889 4673 111,38).Et
2921 4602 3232 4672 quomodo,
3259 4625 3284 4653 ‹‹
3312 4617 3498 4672 usque
3529 4602 3599 4657 ad
3633 4604 3816 4658 nubes
3847 4619 3946 4658 ve-

533 4706 705 4746 sacco
739 4707 750 4745 :
787 4691 926 4760 quid
957 4705 1026 4744 ex
1057 4689 1166 4744 hoc
1200 4694 1546 4760 praestamus
1575 4688 1860 4744 Domino?
1893 4693 2012 4744 Hoc
2059 4693 2187 4744 tan-
2220 4696 2266 4759 1)
2299 4690 2442 4744 ritas
2475 4693 2614 4745 tua?
2645 4690 3022 4746 nManifestus
3048 4695 3136 4746 cst
3158 4692 3552 4762 sensus,quod
3576 4691 3645 4747 de
3667 4689 3943 4764 apostolis

533 4785 662 4834 tum
693 4778 773 4833 illi
805 4783 1174 4850 praestamus,
1231 4783 1294 4833 ut
1340 4778 1633 4834 salvemus
1667 4778 1897 4833 animas
1930 4783 2180 4836 nostras.
2297 4779 2558 4850 loquitur
2587 4783 2642 4834 et
2673 4779 2743 4835 de
2772 4780 3015 4847 sanctis,
3039 4784 3105 4834 ut
3125 4779 3375 4836 imbrem
3405 4797 3580 4836 suum
3603 4798 3716 4836 non
3738 4780 3944 4852 pluant

537 4869 667 4941 Ipse
697 4867 852 4923 enim
887 4867 994 4922 hoc
1034 4865 1344 4922 desiderat.
1399 4866 1561 4922 Sicut
1611 4868 1796 4922 bonus
1846 4872 1901 4922 et
1955 4867 2182 4923 miseri-
2295 4883 2474 4939 super
2527 4869 2786 4935 Judaeos,
2819 4869 2921 4923 sed
2971 4885 3150 4940 super
3204 4873 3425 4942 gentes,
3460 4870 3610 4924 sicut
3658 4869 3942 4941 scriptum

536 4975 667 5014 cors
699 4957 980 5022 medicus,
1015 4957 1062 5011 si
1096 4954 1350 5026 aliquem
1385 4955 1914 5028 sanaverit,gaudct
1946 4955 2183 5028 quidem
2293 4961 2382 5011 est
2417 4973 2428 5012 :
2471 4956 2742 5022 Man-dabo
2786 4957 3023 5012 nubibus
3065 4960 3204 5014 meis
3251 4975 3322 5014 ne
3360 4959 3520 5031 pluet
3567 4975 3732 5030 super
3776 4959 3945 5014 Israel

533 5052 591 5103 et
623 5048 745 5119 ipse
774 5051 832 5103 et
863 5045 957 5102 ille
983 5045 1083 5118 qui
1114 5049 1357 5102 sanatus
1387 5050 1477 5101 est
1511 5062 1524 5101 :
1559 5045 1640 5099 ita
1661 5050 1717 5100 et
1746 5045 2030 5101 Dominus
2057 5063 2186 5102 nos-
2293 5045 2526 5101 imbrem
2558 5046 2682 5119 (Isa.
2716 5048 2852 5117 v,8).
2890 5047 2952 5102 In
2986 5047 3114 5102 istis
3146 5061 3281 5118 ergo
3313 5049 3570 5104 nubibus
3599 5048 3810 5104 veritas
3845 5047 3942 5102 Dei

535 5141 642 5192 ter.
2293 5141 2399 5191 est.
2451 5135 2508 5190 Si
2571 5139 2766 5192 autem
2817 5137 2875 5191 in
2925 5137 3056 5193 istis
3111 5136 3369 5192 nubibus
3427 5137 3636 5193 veritas
3681 5136 3779 5192 Dei
3827 5140 3940 5204 est,

605 5249 635 5275 «
677 5226 954 5298 Exsurge,
988 5224 1329 5298 psalterium
1361 5228 1417 5278 et
1448 5223 1786 5278 cithara.»0
1818 5223 2183 5294 psalterium,
2293 5225 2586 5296 quomodo
2653 5225 2966 5282 Montanus
3020 5225 3183 5292 dicit,
3227 5227 3600 5299 Cataphrygae
3657 5226 3859 5281 dicunt
3921 5244 3936 5281 :

533 5334 564 5372 ο
616 5315 860 5384 cithara,
919 5315 1071 5371 facta
1123 5332 1184 5370 es
1237 5318 1293 5369 et
1323 5317 1518 5368 creata
1547 5328 1630 5378 es,
1665 5316 1728 5366 ut
1757 5312 1973 5385 psallas
2014 5319 2122 5368 Deo
2165 5330 2177 5368 :
2292 5315 2455 5378 Quod
2486 5331 2602 5371 non
2635 5319 2724 5372 est
2752 5315 3070 5371 revelatum
3105 5316 3590 5388 apostolis,nobis
3621 5314 3937 5371 revelatum

531 5420 778 5477 exsurge
824 5407 882 5459 et
923 5403 1126 5475 psalle,
1173 5418 1352 5474 quare
1391 5401 1590 5472 jaces?
1640 5400 1683 5455 Ο
1731 5401 2033 5471 monache,
2080 5402 2181 5474 qui
2291 5404 2420 5459 est?

531 5498 652 5548 stas
682 5509 938 5565 corpore,
969 5509 1149 5564 quare
1171 5493 1328 5563 jacet
1357 5490 1555 5545 anima
1584 5495 1706 5558 tua,
1739 5495 1795 5546 et
1827 5507 1940 5547 non
1974 5490 2179 5562 psallis
2362 5516 2390 5544 «
2422 5493 2685 5549 Exaltare
2734 5509 2910 5564 super
2957 5492 3152 5562 caelos,
3185 5499 3354 5550 Deus.
3392 5517 3420 5544 »
3452 5495 3606 5550 Deus
3637 5511 3749 5550 non
3782 5493 3936 5550 exal-

533 5579 779 5636 Domino
799 5581 828 5637 ‘?
856 5580 1170 5637 Maledicta:
1200 5581 1359 5636 homo
1388 5581 1485 5650 qui
1511 5581 1649 5649 facit
1677 5596 1809 5650 opus
1851 5580 1944 5635 Dei
1992 5581 2175 5651 negli-
2285 5586 2445 5638 tatur
2475 5582 2588 5638 nisi
2617 5598 2793 5653 super
2821 5581 2996 5638 caelos
3048 5602 3061 5640 :
3113 5600 3228 5639 non
3275 5583 3563 5640 exaltatur
3610 5599 3785 5656 super
3812 5588 3932 5640 ter-

604 5758 622 5798 ί
653 5758 798 5816 Vide
827 5776 954 5836 quae
994 5761 1104 5820 sub
1148 5760 1382 5819 initium
1425 5757 1605 5834 Epist.
1639 5757 1700 5818 in
1731 5763 1933 5818 nostra
1961 5761 2296 5824 recensione
2323 5763 2414 5836 30,
2445 5764 2518 5821 ad
2550 5761 2816 5832 Paulam,
2847 5761 3310 5823 observavimus.
