4256 6638
365 499 511 560 12ἓί

1536 494 2027 555 BHEVIARIUM
2079 493 2153 553 IN
2201 494 2585 555 PSALMOS.

3610 502 3763 565 1222

359 647 509 689 ram.
544 628 785 694 Quando
814 626 1029 683 terreni
1060 642 1293 698 sumus,
1315 643 1432 683 non
1453 626 1778 684 exaltemus
1801 632 2003 682 Deum.
2036 626 2093 693 Α
2121 624 2550 697 Ephraim,esto
2567 626 3076 684 fructiferﬂabeto
3106 644 3281 701 opera
3305 630 3541 700 bona,et
3561 639 3765 705 postea

363 720 422 777 Si
453 724 650 775 autem
681 719 752 774 de
781 716 1029 773 terrenis
1050 715 1183 772 facti
1234 717 1520 772 fuerimus
1558 716 1839 783 cmlestes,
1871 720 2009 770 tunc

363 807 690 866 exaltemus
718 807 924 877 Deum,
949 810 1006 861 et
1030 805 1316 861 Dominus
1364 810 1562 862 noster
1609 805 1842 877 quando
1890 808 2014 860 erat

366 895 426 951 in
460 899 635 965 terra,
676 911 792 950 non
824 910 890 950 os
940 892 1231 950 exaltavit.
1292 893 1458 948 Dicat
1507 893 1751 965 aliquis:
1808 894 2011 948 Teme-

370 984 521 1040 rarie
548 983 826 1056 loqueris.
858 983 1159 1054 Siquidem
1216 985 1339 1056 ipse
1369 982 1510 1037 dicit
1549 982 1606 1036 in
1660 980 2009 1054 Evangelia:

370 1072 597 1143 Quando
655 1073 933 1128 cxaltatus
988 1074 1164 1143 fuero,
1243 1072 1431 1127 omnia
1497 1070 1718 1125 traham
1774 1069 1846 1125 ad
1928 1085 2015 1124 me

369 1163 544 1234 (Joan.
576 1179 678 1217 xu.
711 1162 819 1233 32).
855 1161 999 1215 Vide
1031 1160 1172 1232 quid
1205 1160 1398 1215 dicat:
1433 1159 1673 1223 Quando
1729 1157 2016 1213 exaltatus

368 1252 531 1308 fuero
560 1251 621 1305 in
645 1250 808 1317 coelo,
842 1255 983 1305 tunc
1022 1249 1220 1305 omnia
1267 1248 1499 1305 traham
1557 1248 1626 1303 ad
1681 1263 1795 1303 me.
1849 1245 2016 1301 Prius

367 1340 604 1411 quidem
635 1342 725 1393 est
752 1338 862 1394 iste
917 1353 1151 1404 sensus,
1208 1338 1308 1393 sed
1367 1352 1472 1408 ego
1531 1335 1687 1391 aliud
1726 1333 2012 1407 intelligo.

367 1429 610 1494 Quando
640 1426 927 1483 exaltatus
965 1427 1146 1493 fuero,
1180 1426 1416 1498 quando
1460 1424 1773 1480 cruciﬁxus
1830 1424 2014 1494 fuero,

368 1523 509 1573 tunc
538 1514 983 1573 omnestraham
1017 1515 1089 1570 ad
1123 1530 1234 1569 me.
1267 1538 1287 1563 α
1333 1513 1407 1569 Ut
1455 1512 1774 1569 liberentur
1824 1512 2014 1567 dilecti

370 1607 478 1662 tui.
517 1630 535 1657 ι
572 1606 616 1662 Ο
647 1605 798 1661 mira
829 1602 1251 1675 intelligentia!
1285 1606 1600 1675 Propterea
1648 1601 2021 1673 cruciﬁgetur

370 1695 673 1762 Dominus,
707 1698 764 1749 et
792 1693 1099 1763 exaltatur,
1136 1695 1198 1747 ut
1253 1691 1574 1747 liberentur
1622 1690 1814 1767 dilecti
1866 1690 2015 1760 ejus,

375 1805 403 1835 «
435 1784 507 1839 Ut
535 1783 878 1848 liberentur,
910 1780 1120 1853 inquit,
1154 1779 1351 1836 dilecti
1390 1780 1497 1849 tui,
1546 1778 1797 1835 exaltare
1845 1794 2022 1849 super

372 1872 570 1941 caelos,
602 1872 833 1928 Deus.»
894 1870 1135 1925 Factum
1193 1874 1282 1925 est
1328 1869 1484 1942 quod
1533 1868 1864 1939 petivimus.
1919 1866 2019 1922 llle

332 1950 339 2033 ί
373 1962 664 2020 exaltatus
694 1964 804 2032 est,
836 1964 893 2016 et
922 1976 1028 2015 nos
1049 1958 1276 2014 liberati
1314 1975 1586 2014 sumus.«
1624 1956 2019 2013 [)euslocutus

330 2114 335 2121 η
375 2056 464 2108 est
495 2051 553 2106 in
585 2034 788 2107 sancto
820 2066 948 2105 suo.
977 2071 1004 2099 »
1037 2047 1163 2103 Sive
1207 2048 1264 2102 in
1325 2047 1566 2118 templo,
1600 2046 1717 2103 sive
1766 2046 1824 2101 in
1873 2062 2023 2101 uno-

376 2154 608 2212 quoque
638 2141 998 2205 sanctorum,
1032 2137 1153 2192 sive
1186 2136 1244 2191 in
1301 2135 1608 2208 Propheta.
1668 2134 1917 2189 Auditur
1960 2133 2020 2188 in

375 2226 592 2300 Moyse,
624 2225 860 2281 auditur
888 2224 947 2280 in
978 2222 1268 2296 apostolo:
1300 2226 1358 2278 et
1384 2222 1581 2278 verius
1624 2221 1781 2277 dico:
1842 2221 2024 2276 Locu-

376 2320 472 2372 tus
502 2319 592 2371 est
619 2314 679 2370 in
712 2313 855 2369 Filio
884 2329 1012 2369 suo.
1046 2312 1194 2379 Quid
1225 2328 1360 2385 ergo
1394 2311 1629 2367 locutus
1685 2313 1776 2365 est
1828 2308 2027 2364 Deus?

377 2404 509 2461 Haec
541 2420 665 2476 qua:
696 2406 1044 2475 sequuntur.

450 2516 477 2543 «
510 2490 821 2548 Exaltabor
849 2495 906 2546 et
961 2489 1217 2545 dividam
1276 2488 1573 2546 Sicimam.
1611 2509 1639 2537 ››
1702 2487 2025 2559 Propterea,

379 2581 591 2653 inquit,
642 2579 969 2651 cruciﬁgor,
1024 2583 1089 2633 ut
1146 2577 1405 2633 dividam
1457 2576 1758 2632 Sicimam.
1809 2575 2030 2631 Sicima

380 2671 797 2741 interpretatur
851 2667 911 2722 in
960 2671 1161 2723 nostra
1217 2665 1440 2738 lingua,
1504 2665 1740 2721 humeri.
1792 2664 2027 2719 Humeri

384 2764 580 2816 autem
610 2757 1070 2829 interpretantur
1098 2772 1283 2828 opera.
1318 2756 1538 2811 Sensus
1589 2770 1725 2826 ergo
1758 2753 1869 2809 iste
1911 2757 2027 2809 est:

383 2849 694 2919 Propterea
722 2844 1048 2917 cruciﬁgor,
1081 2849 1145 2899 ut
1193 2860 1368 2916 opera
1415 2860 1545 2899 mea
1590 2843 1842 2899 dividam
1904 2859 2033 2899 san-

385 2937 494 2993 ctis
527 2935 691 2991 meis.
741 2936 1052 3007 Propterea
1081 2934 1411 3005 cruciﬁgor,
1464 2939 1530 2987 ut
1571 2933 1784 3004 jugum
1834 2947 2031 2986 meum

391 3041 592 3094 suave,
625 3027 682 3081 et
710 3040 859 3079 onus
892 3039 1090 3079 meum
1118 3022 1242 3078 leve
1270 3022 1570 3095 imponam
1630 3037 1807 3093 super
1855 3020 2037 3075 cervi-

389 3131 484 3170 ces
514 3112 843 3169 hominum.
875 3112 1104 3179 Fecisti,
1140 3109 1398 3181 Domine,
1432 3110 1585 3182 quod
1629 3109 1922 3181 pollicitus
1951 3125 2032 3165 es.

392 3198 691 3256 Exaltatus
722 3215 785 3255 es
814 3202 872 3255 et
907 3198 1160 3254 divisisti
1199 3197 1493 3253 Sicimam.
1528 3220 1553 3246 ‹‹
1589 3197 1657 3251 Et
1712 3195 2034 3253 convallem

397 3286 905 3344 tabernaculorum
932 3285 1223 3341 dimetiar.
1258 3308 1287 3335 ››
1318 3284 1460 3341 Vere
1491 3285 1771 3340 Dominus
1801 3289 1858 3340 et
1911 3284 2035 3339 Sal-

2120 714 2236 770 eris
2265 730 2479 772 corona
2507 715 2757 772 Domini.

2198 824 2227 853 ‹‹
2256 803 2409 859 Juda
2440 821 2537 860 rex
2568 822 2752 861 meus.
2791 827 2812 855 ι
2847 805 3049 862 Videte
3077 805 3136 861 in
3169 812 3386 880 quanta
3432 808 3618 881 gloria
3674 818 3764 868 est

2123 891 2224 964 qui
2255 892 2375 965 agit
2401 893 2824 965 pmnitentiam.
2857 894 3041 951 Judas
3072 895 3227 951 enim
3275 900 3537 968 confessio
3585 900 3765 958 inter-

2125 985 2403 1052 pretatur.
2432 1004 2460 1032 »
2492 982 2660 1039 Moab
2694 983 2851 1039 lebes
2882 983 3005 1055 spei
3045 1001 3206 1040 meae.
3234 1010 3260 1035 ››
3296 986 3524 1043 Grande
3556 994 3764 1062 myste-

2128 1069 2280 1124 rium
2317 1069 2374 1123 in
2406 1072 2608 1141 paucis
2640 1072 2830 1127 verbis
2861 1074 3218 1144 agnoscitur.
3263 1076 3419 1148 Rogo
3477 1094 3600 1143 vos,
3635 1077 3766 1134 dili-

2123 1162 2325 1220 genter
2354 1158 2817 1215 animadvertite.
2842 1160 3143 1233 Siquidem
3170 1167 3228 1218 et
3248 1163 3393 1219 mihi
3415 1165 3516 1236 qui
3538 1164 3767 1239 loquor,

2124 1249 2179 1300 et
2205 1244 2370 1301 vobis
2401 1246 2498 1318 qui
2527 1246 2766 1311 auditis,
2826 1249 3079 1318 prodest.
3137 1249 3305 1305 Moab
3354 1251 3770 1324 interpretatur

2126 1348 2189 1389 ex
2212 1342 2392 1405 patre.
2423 1335 2531 1402 Ab,
2564 1335 2779 1390 dicitur
2812 1339 2995 1408 pater:
3046 1340 3155 1408 Mo,
3188 1354 3275 1393 ex.
3336 1338 3477 1402 Quis
3523 1346 3615 1396 est
3661 1341 3771 1398 iste

2125 1439 2192 1477 ex
2222 1427 2385 1493 patre
2411 1426 2433 1478 Ρ
2459 1423 2564 1487 Qui
2593 1424 2848 1495 perdidit
2877 1429 3098 1495 patrem
3132 1443 3335 1495 suum,
3386 1427 3484 1499 qui
3535 1427 3774 1500 reliquit

2127 1527 2302 1567 suum
2327 1516 2549 1583 patrem
2580 1529 2592 1566 :
2625 1513 2722 1584 qui
2755 1529 2871 1567 non
2913 1514 3189 1570 remeavit
3245 1516 3316 1570 ad
3365 1520 3589 1588 patrem
3637 1533 3771 1589 pro-

2128 1600 2345 1671 prium,
2366 1617 2469 1655 nec
2490 1605 2577 1656 est
2596 1602 2809 1673 dignus
2830 1601 3021 1657 vocari
3042 1607 3357 1659 Manasses.
3406 1606 3513 1671 Qui
3544 1610 3633 1661 est
3662 1606 3773 1661 iste

2116 1688 2298 1743 Moab
2320 1689 2347 1742 ?
2376 1688 2656 1746 Inimicus
2687 1689 2918 1745 Domini
2952 1690 3021 1745 de
3042 1692 3213 1761 cujus
3243 1706 3452 1762 genere
3484 1709 3670 1764 usque
3698 1695 3771 1749 ad

2130 1781 2401 1848 quartam
2459 1777 2891 1849 generationem
2925 1783 2982 1834 et
3026 1778 3314 1835 decimam
3364 1786 3422 1836 et
3472 1798 3660 1854 usque
3709 1784 3769 1838 in

2130 1866 2409 1921 szeculum
2442 1884 2558 1922 non
2580 1866 2821 1923 intrabit
2841 1867 2900 1922 in
2918 1867 3235 1923 Ecclesiam
3259 1868 3510 1925 Domini.
3535 1871 3674 1937 Quis
3688 1877 3777 1928 est

2130 1955 2240 2010 iste
2272 1956 2440 2011 Moab
2461 1956 2489 2011 ?
2517 1956 2624 2020 Qui
2655 1973 2722 2012 ex
2752 1955 3059 2013 immunda
3080 1957 3491 2015 commistione
3518 1961 3780 2016 nascitur

2132 2043 2190 2098 in
2214 2044 2496 2115 spelunca
2517 2044 2843 2101 tenebrosa.
2870 2045 2949 2099 Ex
2973 2045 3078 2100 Lot
3095 2046 3253 2101 enim
3277 2052 3333 2102 et
3360 2047 3592 2104 ﬁliabus
3618 2049 3776 2106 illius

2135 2134 2251 2188 nati
2284 2138 2424 2188 sunt
2454 2134 2589 2200 duo,
2616 2134 2780 2190 Moab
2823 2138 2880 2189 et
2926 2135 3131 2199 Amen,
3165 2139 3221 2189 et
3251 2135 3419 2191 Moab
3452 2138 3641 2208 major
3686 2143 3778 2194 est

2134 2221 2291 2277 filius
2322 2222 2474 2294 (Gen.
2507 2240 2621 2287 xix,
2654 2223 2742 2292 37,
2793 2224 2903 2287 38).
2951 2222 3154 2278 Videte
3200 2239 3336 2297 ergo
3394 2227 3687 2297 quomodo
3717 2227 3777 2283 in

2134 2310 2329 2366 littera
2358 2311 2701 2383 mysterium
2735 2311 3133 2367 absconditur.
3166 2311 3230 2368 In
3261 2313 3535 2382 tenebris,
3559 2314 3618 2370 in
3640 2332 3776 2388 spe-

2136 2399 2346 2454 lunca:
2382 2415 2496 2455 non
2528 2400 2587 2454 in
2619 2400 2761 2469 sole,
2793 2416 2909 2455 non
2943 2400 2999 2455 in
3040 2399 3188 2456 luce.
3232 2401 3400 2457 Moab
3459 2420 3595 2476 ergo
3651 2404 3779 2462 dia-

2139 2488 2294 2542 bolus
2353 2488 2798 2561 interpretatur:
2861 2488 2961 2562 qui
3011 2489 3228 2546 oblitus
3284 2496 3375 2547 est
3422 2492 3605 2563 patris
3663 2494 3776 2550 sui.

2142 2576 2399 2647 Denique
2432 2582 2490 2631 et
2521 2577 2856 2645 Abessalon,
2888 2578 2988 2649 qui
3025 2584 3368 2649 persecutus
3420 2585 3509 2637 est
3555 2586 3779 2654 patrem

2138 2680 2335 2734 suum,
2385 2664 2806 2736 interpretatur
2825 2666 3226 2723 diabolustte
3253 2683 3390 2740 ergo
3412 2669 3602 2738 Moab,
3634 2686 3779 2742 quo-

2142 2753 2315 2808 modo
2346 2751 2505 2808 lebes
2536 2753 2658 2825 spei
2708 2754 2937 2809 Domini
2978 2755 3102 2810 est?
3144 2755 3322 2811 Lebes
3365 2756 3784 2829 interpretatur

2141 2842 2276 2897 olla.
2312 2842 2610 2908 Quomodo
2641 2842 2756 2898 olla
2786 2843 2910 2915 spei
2940 2843 3171 2899 Domini
3201 2845 3335 2900 est?
3357 2845 3579 2918 Ergone
3607 2847 3785 2902 credi-

2141 2931 2259 2985 bile
2288 2934 2397 2995 est,
2431 2935 2497 2986 ut
2525 2931 2713 2998 Moab,
2747 2933 2848 3002 qui
2879 2931 3302 3004 interpretatur
3323 2934 3596 3003 diabolus,
3624 2935 3785 2993 lebes

2146 3020 2266 3092 spei
2303 3019 2529 3075 Domini
2559 3019 2685 3074 sit?
2716 3021 3016 3086 Quomodo
3047 3037 3184 3093 spes
3204 3021 3436 3077 Domini
3459 3024 3593 3079 est?
3622 3024 3784 3081 Dicat

2146 3109 2493 3181 Apostolus:
2555 3110 2694 3177 Quos
2748 3109 2956 3165 tradidi
3013 3110 3253 3181 Salanw,
3299 3115 3359 3166 ut
3404 3111 3622 3168 discant
3676 3130 3788 3170 non

2149 3198 2522 3269 blasphemare
2549 3198 2595 3266 (Ι
2619 3199 2752 3253 Tim.
2783 3216 2820 3266 1,
2851 3199 2963 3271 20).
2998 3198 3279 3256 Diabolus
3307 3201 3479 3272 quasi
3511 3202 3787 3274 quaestio-
3843 3240 3852 3250 .

2145 3287 2350 3341 uarius
2384 3285 2609 3342 Domini
2648 3290 2755 3342 est.
2814 3287 2921 3352 Qui
2980 3304 3096 3343 non
3149 3293 3302 3345 recte
3357 3290 3666 3347 ambulant
3718 3293 3789 3349 ad

393 3379 555 3429 vator
594 3378 793 3428 noster
848 3373 907 3427 in
953 3372 1106 3427 hanc
1162 3370 1483 3427 convallem
1511 3371 1927 3444 lacrymarum,
1976 3371 2038 3426 in
2070 3358 2112 3425 C
2152 3373 2699 3438 Deum,traduntur
2723 3374 2974 3431 diabolo.
3026 3377 3264 3441 Quare?
3319 3377 3393 3433 Ut
3443 3384 3684 3450 pereant
3731 3382 3793 3436 in

395 3462 589 3518 locum
613 3460 965 3516 humilitatis
993 3464 1204 3516 nostrae
1262 3460 1635 3527 subintravit,
1692 3460 1800 3515 hoc
1834 3465 1925 3515 est
1977 3460 2037 3514 in

395 3552 578 3606 istum
606 3550 915 3616 mundum,
950 3549 1009 3604 in
1036 3565 1173 3620 quo,
1193 3548 1571 3620 quantumvis
1589 3548 1779 3621 quivis
1800 3553 2042 3604 sanctus

397 3641 591 3707 fuerit,
625 3639 876 3693 necdum
907 3638 1206 3710 cognoscit
1234 3638 1557 3693 secundum
1615 3638 1771 3709 quod
1818 3642 2044 3708 oportet

400 3743 593 3784 nosse.
628 3730 709 3782 Ex
734 3735 892 3799 parte
918 3728 1069 3782 enim
1098 3728 1489 3798 cognoscimus,
1521 3733 1573 3782 et
1598 3742 1668 3782 ea:
1714 3729 1870 3797 parte
1920 3741 2045 3797 pro-

396 3820 685 3889 phetamus
732 3818 776 3888 (Ι
810 3816 930 3873 Cor.
972 3832 1099 3883 xm,
1159 3817 1239 3887 6).
1272 3838 1301 3867 «
1333 3816 1496 3871 Meus
1553 3818 1642 3871 est
1689 3814 1931 3886 Galaad,
1976 3819 2046 3881 et

402 3924 569 3963 meus
595 3910 684 3962 est
712 3906 1082 3962 Manasses.»
1116 3906 1341 3961 Gaudet
1378 3905 1665 3962 Dominus
1720 3909 1920 3959 noster
1967 3908 2050 3959 at-

404 4013 515 4068 que
534 3995 817 4068 Salvator,
850 3995 1074 4051 habens
1100 3994 1298 4067 plures
1330 3993 1583 4050 divitias.
1616 3992 1833 4049 Galaad
1867 3993 2047 4048 inter-

403 4089 667 4158 pretatur
697 4086 1140 4154 transmigratio.
1173 4084 1400 4139 Gaudet
1429 4098 1565 4154 ergo
1598 4083 1833 4153 quando
1864 4098 2049 4153 popu-

355 4167 361 4173 ’
404 4174 499 4229 lus
530 4190 598 4230 ex
617 4174 891 4246 gentibus
923 4172 1195 4245 migravit
1224 4176 1281 4226 et
1310 4170 1467 4226 venit
1495 4170 1566 4225 ad
1598 4186 1754 4225 eum.
1814 4170 2049 4226 Manas-

407 4270 501 4318 ses
532 4262 954 4333 interpretatur
977 4275 1046 4314 ex
1074 4260 1363 4316 oblivione.
1425 4258 1629 4314 Videte
1680 4258 1860 4330 igitur
1910 4259 2049 4330 quid

409 4348 584 4404 dicit:
630 4347 810 4404 Filius
840 4347 937 4403 ille
986 4348 1084 4419 qui
1143 4348 1363 4419 accepit
1415 4347 1829 4413 substantiam,
1871 4352 1927 4403 et
1956 4363 2051 4402 co-

413 4437 595 4493 medit
624 4452 773 4505 eam,
809 4440 866 4492 et
894 4435 1113 4492 oblitus
1146 4436 1260 4490 mei
1290 4441 1433 4507 erat,
1491 4453 1648 4491 nunc
1696 4439 2055 4492 memoratus

411 4531 502 4585 est
532 4527 646 4582 mei
704 4526 853 4597 (Luc.
892 4542 983 4591 xv,
1017 4524 1126 4597 42).
1188 4529 1256 4578 Et
1311 4524 1528 4580 dicitur
1575 4524 1896 4595 Manasses,
1946 4525 2056 4580 1100

412 4621 505 4676 est
522 4634 591 4674 ex
619 4617 911 4687 oblivione,
944 4614 1080 4688 quia
1110 4630 1227 4671 non
1275 4617 1365 4671 est
1393 4613 1634 4680 oblitus,
1681 4615 1783 4670 sed
1842 4631 2060 4671 remea-

411 4707 495 4762 vit
525 4708 597 4761 ad
625 4722 797 4762 suum
830 4709 1073 4777 patrem.
1099 4728 1125 4754 ‹‹
1168 4705 1234 4759 Et
1287 4703 1561 4777 Ephraim
1616 4704 1909 4776 susceptio
1958 4721 2054 4759 ca-

415 4794 553 4868 pitis
575 4794 709 4850 mei.
740 4817 761 4843 υ
799 4793 1071 4867 Ephraim
1103 4793 1813 4865 interpretaturfructifer.
1847 4816 1867 4843 ι
1902 4793 2056 4865 Eph-

415 4884 586 4952 raim,
619 4883 833 4955 inquit,
867 4883 1161 4955 susceptio
1196 4882 1404 4954 capitis
1419 4881 1552 4938 mei.
1574 4882 2059 4954 nSusceptionem

415 4972 612 5047 posuit
643 4989 800 5028 nunc
830 4989 934 5045 pro
965 4989 1197 5028 corona.
1231 4972 1393 5037 Quod
1424 4972 1581 5027 enim
1615 4972 1672 5027 in
1727 4973 1913 5044 capite
1960 4988 2061 5043 po-

417 5062 598 5127 nitur,
630 5077 843 5116 corona
871 5065 981 5128 est,
1013 5065 1067 5116 et
1117 5059 1177 5115 in
1226 5060 1546 5132 Scripturis
1591 5060 1835 5118 diversis
1882 5060 2066 5116 nomi-

418 5151 594 5208 nibus
623 5153 882 5206 vocatur.
907 5154 971 5205 In
995 5148 1106 5206 alio
1134 5149 1257 5205 loco
1280 5148 1484 5204 habet:
1543 5148 1704 5205 Scuto
1758 5149 2063 5205 circumda-

371 5245 376 5253 ’
423 5243 497 5298 bit
527 5249 577 5297 te
604 5242 806 5297 veritas
835 5241 953 5311 ejus
981 5240 1153 5313 (Psat.
1191 5256 1279 5309 xc,
1308 5237 1385 5309 5).
1421 5238 1487 5292 Et
1525 5236 1585 5293 in
1643 5238 1756 5294 alio
1804 5238 2061 5311 psalmo:

424 5329 530 5396 Qui
582 5333 806 5386 coronat
860 5330 915 5384 te
968 5330 1030 5384 in
1070 5326 1460 5385 misericordia
1513 5334 1565 5381 et
1618 5327 2067 5383 miserationibus

422 5419 714 5490 (Psal.cu,
773 5418 849 5488 4).
907 5417 1070 5474 Sicut
1126 5417 1282 5473 enim
1334 5416 1414 5471 ibi
1445 5416 1641 5487 posuit
1673 5420 1905 5471 scutum
1963 5434 2066 5489 pro

425 5524 658 5580 corona,
684 5508 766 5564 ita
795 5512 852 5564 et
880 5507 975 5563 hic
1006 5507 1439 5578 susceptionem
1460 5505 1668 5578 .posuit
1698 5521 1801 5576 pro
1832 5521 2064 5562 corona.

422 5595 626 5653 Videte
654 5613 790 5670 ergo
820 5596 962 5668 quid
1011 5594 1177 5650 dicit:
1234 5594 1443 5650 Factus
1491 5612 1559 5650 ex
1596 5592 1833 5662 Galaad,
1881 5595 2069 5651 factus

425 5702 495 5742 ex
522 5684 847 5747 Manasses,
878 5683 988 5740 1100
1034 5686 1144 5752 est,
1190 5680 1456 5754 migrasti
1506 5682 1577 5738 ad
1625 5681 1959 5751 Dominum,
2014 5687 2072 5740 et

423 5778 558 5853 post
585 5774 935 5833 oblivionem
966 5770 1238 5831 remeasti
1283 5771 1356 5829 ad
1409 5775 1635 5849 patrem
1684 5775 1873 5830 tuum.
1936 5776 2071 5833 Esto

2150 3469 2447 3519 aiternum.
2486 3465 2555 3518 Et
2596 3462 2693 3518 ubi
2744 3463 3054 3521 clementia
3108 3464 3252 3520 Dei?
3301 3466 3400 3521 ubi
3459 3468 3793 3525 misericors

2150 3555 2359 3624 pater?
2391 3553 2489 3607 ubi
2522 3556 2613 3608 est
2643 3553 2744 3624 qui
2778 3554 2917 3609 facit
2966 3552 3149 3609 solem
3207 3570 3383 3611 suum
3433 3555 3570 3611 oriri
3618 3573 3798 3629 super

2143 3641 2341 3711 justos
2374 3644 2432 3695 et
2458 3646 2812 3712 peccatores,
2844 3646 2901 3697 et
2931 3640 3080 3714 pluit
3132 3657 3309 3714 super
3362 3649 3696 3716 peccatores
3740 3650 3798 3702 et

2144 3730 2340 3801 justos
2370 3729 2591 3799 (Matth.
2620 3746 2680 3799 ν,
2713 3728 2850 3801 45)7
2904 3731 3066 3796 Quod
3113 3730 3274 3800 dicit,
3320 3731 3429 3788 hoc
3478 3736 3605 3789 est:
3654 3734 3796 3789 Tra-

2154 3818 2296 3886 didi,
2330 3818 2542 3890 inquit,
2575 3824 2908 3890 peccatores
2934 3819 3185 3886 diabolo,
3234 3826 3319 3893 ut,
3368 3821 3441 3877 ab
3482 3820 3612 3895 ipso
3666 3839 3799 3879 cru-

2156 3906 2746 3975 ciati,convertantur
2785 3908 2856 3963 ad
2890 3923 3002 3964 me.
3053 3908 3277 3964 Dicitur
3323 3909 3463 3966 etin
3509 3910 3798 3967 Jeremia:

2160 3995 2300 4066 Quid
2348 3996 2498 4051 vides
2527 4003 2603 4063 tu,
2655 3998 2938 4052 Ieremia?
2995 3996 3176 4052 Ollam
3229 4013 3560 4069 succensum,
3612 3999 3805 4071 inquit

2159 4090 2456 4154 (Jercm.1,
2492 4084 2600 4156 13).
2662 4083 2865 4139 Videte
2915 4099 3050 4156 ergo
3110 4084 3389 4155 quoniam
3440 4086 3499 4140 in
3532 4086 3643 4142 isto
3691 4086 3807 4143 olla

2163 4173 2478 4228 mittuntur
2502 4188 2729 4227 carnes.
2761 4172 2879 4227 Hoc
2919 4172 3199 4244 scriptum
3260 4178 3349 4229 est
3392 4173 3452 4229 in
3510 4174 3802 4231 Ezechiel:

2162 4264 2224 4316 Et
2253 4262 2425 4332 mitte,
2458 4259 2671 4332 inquit,
2715 4276 2906 4317 carnes
2960 4262 3022 4315 in
3079 4260 3271 4329 ollam,
3324 4267 3383 4317 ut
3429 4264 3619 4319 molles
3668 4265 3808 4334 ﬁant

2165 4350 2376 4422 (Enech.
2412 4366 2564 4418 xxiv,
2598 4349 2677 4418 3).
2712 4349 2785 4405 Ut
2815 4351 2963 4405 dura
2994 4355 3406 4407 convertantur
3452 4352 3524 4408 ad
3583 4352 3806 4409 Deum:

2166 4444 2232 4495 ut
2251 4456 2317 4495 ex
2357 4439 2528 4495 corde
2558 4437 2787 4511 lapideo
2819 4439 2922 4495 fiat
2951 4455 3049 4495 cor
3078 4455 3376 4495 carneum.
3408 4440 3479 4495 Et
3511 4440 3611 4496 ubi
3643 4440 3811 4513 prius

2165 4545 2281 4583 non
2309 4530 2540 4600 poterat
2565 4526 2740 4583 scribi
2774 4531 3009 4599 propter
3058 4525 3360 4600 duritiam,
3412 4532 3615 4601 postea
3666 4530 3811 4586 scri-

2166 4618 2340 4677 batur
2370 4620 2607 4689 pr0pter
2636 4613 2964 4671 mollitiem.
2999 4615 3381 4688 Succendam,
3415 4617 3630 4691 inquit,
3661 4618 3813 4676 hanc

2087 4727 2135 4792 D
2166 4706 2361 4773 ollam,
2410 4710 2466 4761 et
2516 4720 2833 4776 excoquam
2882 4720 3086 4761 carnes
3134 4709 3191 4761 et
3234 4722 3387 4778 ossa,
3440 4723 3629 4780 usque
3671 4708 3813 4764 dum

2168 4795 2442 4851 amittant
2471 4807 2705 4848 omnem
2738 4793 3045 4849 humorem
3077 4798 3135 4850 et
3176 4792 3457 4852 illuviem.
3508 4801 3575 4853 Et
3628 4798 3817 4855 videte

2171 4887 2372 4958 postca
2401 4882 2541 4954 quid
2572 4881 2836 4937 dicatur:
2870 4883 2937 4939 Et
2966 4883 3213 4953 discant,
3260 4885 3473 4957 inquit,
3523 4886 3662 4958 quia
3709 4902 3816 4959 ego

2174 4972 2479 5028 Dominus.
2508 4970 2718 5043 Magna
2747 4971 3169 5042 misericordia,
3202 4978 3260 5029 et
3292 4989 3574 5046 magnum
3623 4990 3815 5030 sacra-

2176 5064 2459 5117 mentum.
2492 5059 2807 5116 Mittuntur
2836 5078 3041 5118 carnes
3073 5062 3129 5117 in
3162 5060 3359 5131 ollam,
3393 5066 3458 5116 ut
3487 5077 3816 5133 excoquan-

2173 5156 2271 5204 tur
2299 5150 2574 5204 etdicant
2603 5150 2740 5221 quia
2770 5149 3054 5205 Dominus
3101 5153 3207 5205 est.
3270 5147 3451 5205 Multa
3508 5155 3649 5205 sunt
3690 5166 3816 5222 quae

2176 5239 2448 5294 dicantur
2463 5238 2533 5294 de
2553 5239 2719 5294 Moab
2748 5243 2806 5294 et
2835 5237 2973 5308 olla,
3007 5238 3107 5293 sed
3142 5254 3299 5293 nunc
3328 5237 3569 5311 longum
3601 5243 3707 5296 est.

2248 5350 2277 5378 «
2311 5329 2372 5383 In
2397 5327 2713 5383 ldumaeam
2737 5327 3041 5382 extendam
3066 5325 3515 5383 calciamentum
3545 5343 3762 5383 meum.
3788 5350 3818 5378 »

2177 5418 2434 5474 ldumaea
2496 5415 2912 5487 interpretatur
2966 5418 3184 5472 terrena
3241 5420 3298 5470 et
3345 5418 3669 5487 sanguinea.
3722 5415 3823 5473 Mi-

2178 5505 2426 5562 sericors
2460 5511 2609 5560 Deus
2630 5519 2747 5558 non
2778 5501 2968 5559 solum
3017 5501 3272 5559 cmlestia
3321 5503 3445 5559 vult
3499 5505 3820 5579 possidere,

2177 5595 2279 5652 sed
2326 5599 2384 5651 et
2434 5591 2749 5651 terrestria.
2798 5614 2819 5641 ι
2867 5590 3008 5647 Mihi
3065 5590 3402 5664 alienigenae
3461 5593 3633 5649 amici
3688 5595 3822 5653 facti

2179 5689 2386 5742 sunt.»
2442 5687 2519 5740 De
2574 5680 2742 5739 nobis
2774 5679 2930 5753 dicit,
2990 5680 3091 5755 qui
3122 5697 3191 5738 ex
3245 5681 3518 5756 gentibus
3574 5683 3822 5744 credidi-

2178 5788 2335 5832 mus.
