4256 6608
545 485 547 487 ’
609 492 762 549 {2‘23

672 646 699 672 α
734 609 872 688 Quis
931 620 1174 675 deducet
1231 633 1324 674 me
1370 617 1428 672 in
1488 614 1778 671 civitatem
1838 611 2178 668 munitam?
2213 634 2241 659 ››
2273 612 2328 679 Α

601 713 804 781 Nemo,
841 710 1100 765 Domine.
1153 709 1240 764 Tu
1289 725 1350 763 es
1395 707 1552 762 enim
1602 704 1703 776 qui
1747 703 1934 759 dicis:
1992 702 2249 758 Torcular

603 801 1007 870 calcavis'olus,
1058 803 1107 853 et
1161 798 1227 852 de
1272 796 1520 868 gentibus
1569 796 1657 849 vir
1710 809 1816 848 non
1875 791 1984 862 fuit
2041 807 2248 847 mecum

601 893 737 960 (Isa.
787 906 943 959 LXIII,
1005 888 1079 959 3).
1133 886 1331 942 Omnes
1377 887 1526 941 enim
1572 883 2003 946 declinaverunt,
2081 879 2249 935 simul

600 979 831 1036 inutiles
858 981 991 1050 facii
1019 984 1185 1032 sunt:
1214 992 1324 1031 non
1371 978 1448 1029 est
1493 974 1595 1046 qui
1641 974 1814 1043 faciat
1865 971 2084 1036 bonum,
2135 984 2248 1023 non

601 1078 681 1126 est
710 1084 878 1141 usque
896 1067 967 1123 ad
996 1083 1169 1122 unum
1200 1066 1371 1136 (Psal.
1405 1080 1528 1128 xm,
1561 1063 1636 1130 3).
1674 1083 1699 1109 ‹‹
1730 1059 1872 1124 Quis
1921 1058 2099 1129 (ergo)
2149 1057 2246 1111 de-

605 1159 780 1214 ducet
809 1174 902 1212 me
933 1156 991 1211 in
1024 1155 1318 1210 civitatem
1337 1149 1672 1206 munitam?
1696 1171 1722 1197 »
1746 1148 1945 1213 Nemo,
1981 1145 2245 1201 Domine.

602 1246 905 1318 Siquidem
938 1249 994 1300 et
1025 1245 1250 1308 Petrus,
1283 1241 1382 1312 qui
1415 1240 1765 1313 promiserat
1799 1253 1902 1309 pro
1959 1239 2021 1292 te
2072 1233 2246 1301 mori,

594 1340 859 1408 posteate
882 1333 1130 1406 negavit.
1156 1333 1288 1396 Quae
1311 1335 1399 1386 est
1445 1329 1559 1384 ista
1589 1327 1796 1384 civitas
1844 1323 2119 1380 munita?
2149 1323 2245 1378 In-

590 1427 812 1489 fernus,
856 1423 954 1478 ubi
1004 1420 1391 1476 includuntur
1447 1417 1654 1490 impii:
1719 1415 1872 1470 unde
1923 1414 2077 1469 exire
2128 1427 2241 1468 non

588 1514 747 1569 licet.
784 1516 849 1566 Et
869 1527 999 1567 vere
1020 1526 1089 1565 ex
1115 1511 1228 1564 ista
1271 1506 1525 1574 civitate,
1557 1505 1673 1560 nisi
1699 1502 2006 1570 Dominus,
2061 1502 2245 1556 victor

594 1620 710 1658 non
746 1601 886 1656 exiit
915 1601 1079 1656 alter.
1130 1599 1200 1654 Et
1253 1613 1384 1653 vere
1441 1595 1642 1652 civitas
1701 1594 1929 1648 munita
1971 1596 2058 1647 est
2107 1591 2239 1645 ista.

592 1691 820 1762 Moyses
851 1686 1304 1744 deistacivitute
1327 1685 1481 1740 exire
1520 1701 1636 1739 non
1671 1682 1880 1755 potuit.
1931 1679 2114 1735 Jacob
2164 1679 2242 1733 si-

588 1776 1064 1833 militerintravit
1099 1775 1158 1829 in
1191 1775 1340 1829 hanc
1375 1773 1687 1839 civitatem,
1743 1776 1800 1825 et
1851 1787 1964 1824 non
2016 1774 2104 1823 est
2153 1783 2242 1822 re-

591 1882 816 1923 versus.
853 1865 1110 1934 Denique
1164 1861 1305 1916 dicit
1359 1862 1429 1915 ad
1483 1860 1636 1916 ﬁlios
1686 1876 1844 1914 suos.
1895 1864 2108 1928 Lageus
2150 1856 2240 1912 lle-

592 1955 848 2011 scendam
875 1954 949 2008 ad
1005 1955 1209 2022 infero:
1257 1951 1409 2020 (Gen.
1466 1966 1678 2019 xxxvu,
1711 1949 1822 2019 3:3).
1882 1948 1965 2000 Ad
2028 1947 2242 2000 inferos

597 2053 789 2101 autem
823 2041 1156 2108 descendit;
1211 2039 1349 2111 quia
1406 2039 1654 2093 necdum
1705 2042 1829 2091 erat
1870 2035 2179 2107 paradisus
2212 2051 2245 2089 a

593 2133 820 2189 latrone
851 2135 1111 2204 apertus.
1148 2129 1373 2184 Munita
1403 2131 1491 2182 est
1530 2126 1643 2182 ista
1701 2125 1904 2180 civitas
1954 2125 2023 2179 ad
2076 2139 2244 2195 egre-

590 2222 909 2278 diendum:
948 2225 1149 2291 aperta
1166 2225 1254 2274 est
1273 2221 1469 2273 autem
1495 2217 1566 2272 ad
1591 2214 1899 2270 introcund
1912 2231 2032 2283 um,
2051 2237 2078 2263 ‹‹
2103 2213 2244 2278 Quis

592 2311 842 2366 deducet
873 2324 966 2364 me
998 2323 1186 2379 usque
1215 2307 1275 2361 in
1333 2306 1645 2360 Idumaeam
1676 2307 1742 2358 Ρη
1805 2303 1908 2356 ῐῚή
1948 2302 2111 2357 locus
2155 2305 2244 2356 est

594 2415 899 2471 pmnarum
935 2402 992 2451 et
1054 2395 1379 2468 sanguinis.
1428 2394 1688 2449 Idumaea
1736 2393 1891 2447 enim
1950 2391 2238 2462 interpre-

596 2490 756 2544 tatur
811 2487 1138 2557 sanguinea.
1216 2485 1403 2538 Locus
1493 2481 1804 2538 occisionis
1884 2479 2238 2547 animarum,

597 2576 697 2632 ubi
757 2575 956 2630 multa:
1028 2572 1461 2628 interficiuntur
1547 2571 1772 2626 animae.
1827 2570 2006 2625 Nemo
2083 2569 2238 2623 enim

594 2666 778 2722 victor
835 2664 1135 2721 descendit
1182 2663 1240 2717 in
1272 2662 1590 2730 infernum,
1633 2659 1745 2715 nisi
1793 2664 1855 2714 tu
1906 2658 2087 2726 solus,
2139 2663 2242 2712 Do-

595 2754 770 2810 mine.

663 2867 692 2894 «
727 2849 899 2912 Deus,
933 2841 1031 2914 qui
1065 2840 1330 2912 repulisti
1380 2857 1555 2896 nos.»
1614 2840 1738 2894 Non
1784 2837 1950 2903 dixit,
2003 2836 2110 2902 Qui
2160 2852 2241 2890 re-

597 2933 767 3005 pellis
797 2949 926 2998 nos,
961 2931 1084 2987 sed.
1137 2931 1240 2996 Qui
1291 2929 1606 3001 aliquando
1634 2927 1897 3000 repulisti
1948 2943 2074 2980 nos.
2110 2949 2137 2975 ‹‹
2176 2925 2240 2980 Et

595 3038 709 3076 non
742 3020 945 3087 exibis,
981 3019 1156 3084 Deus,
1189 3019 1248 3073 in
1279 3017 1594 3073 virtutibus
1645 3015 1904 3072 nostris?
1950 3015 2056 3078 Qui
2106 3031 2238 3086 pas-

595 3126 696 3164 sus
749 3125 811 3164 es
867 3125 971 3180 pro
1031 3107 1220 3177 nobis,
1282 3123 1460 3178 quare
1518 3123 1634 3161 non
1681 3106 1921 3175 adjuvas
1978 3120 2105 3169 nos,
2137 3104 2239 3158 sed

595 3198 813 3271 pateris
843 3194 1172 3253 conculcari
1202 3213 1307 3251 nos
1342 3213 1375 3250 a
1401 3194 1630 3250 diabolo
1680 3193 2084 3249 crudelissimo
2105 3193 2134 3246 ‘I

665 3311 693 3338 ‹‹
725 3288 793 3343 Et
823 3304 938 3342 non
992 3285 1198 3353 exibis,
1249 3285 1423 3353 Deus,
1476 3283 1534 3339 in
1583 3283 1901 3338 virtutibus
1952 3282 2234 3338 nostris.»

589 3377 790 3433 Videte
815 3376 955 3448 quid
970 3375 1140 3431 dicat.
1168 3375 1292 3430 Non
1327 3375 1489 3443 dixit,
1516 3391 1631 3430 non
1656 3373 1855 3428 existi:
1903 3373 2026 3427 sed.
2057 3395 2083 3421 «
2108 3372 2232 3427 Non
2265 3367 2306 3432 C

589 3466 976 3533 exibis,Deus,
1006 3465 1063 3520 in
1087 3465 1401 3519 virtutibus
1415 3465 1651 3519 nostris.
1680 3485 1706 3511 ››
1727 3463 1843 3517 Hoc
1866 3461 1988 3517 vult
2007 3461 2198 3516 dicere
2223 3477 2236 3516 :

589 3555 830 3620 Quando
851 3553 1211 3620 laboramus,
1245 3557 1384 3608 tunc
1406 3553 1644 3622 adjuvat
1678 3569 1781 3606 nos
1801 3551 1972 3605 Deus.
2014 3551 2130 3605 Non
2159 3558 2239 3605 est

588 3647 735 3700 enim
754 3645 986 3698 volentis
1014 3658 1189 3713 neque
1215 3643 1509 3711 currentis,
1562 3641 1654 3695 sed
1693 3642 2006 3696 miserentis
2030 3645 2110 3695 est
2141 3641 2239 3695 Dei

591 3734 764 3805 (Rom.
801 3733 1011 3802 1x,16).
1045 3731 1246 3786 Videte
1277 3731 1414 3802 quid
1449 3730 1624 3785 dicat.
1659 3730 1783 3785 Non
1816 3729 1927 3796 ait;
1987 3746 2098 3783 non
2147 3733 2237 3784 est

581 3820 854 3893 jacentis,
888 3837 1074 3890 neque
1103 3819 1468 3889 dormientis,
1503 3819 1603 3873 sed
1634 3818 1970 3873 miserentis
2001 3821 2088 3872 est
2109 3817 2230 3873 Dei.

586 3911 696 3966 Sed
730 3909 858 3966 vide
894 3909 1034 3981 quid
1068 3907 1243 3963 dicit:
1275 3907 1398 3962 Non
1428 3912 1515 3963 est
1568 3907 1816 3964 volentis
1867 3924 2053 3979 neque
2105 3923 2232 3962 eur-

586 4000 790 4067 rentis,
823 3999 922 4055 sed
956 3997 1286 4054 miserentis
1319 3997 1438 4065 Dei,
1472 3997 1532 4052 Si
1564 4013 1680 4053 non
1706 4014 1841 4070 ergo
1873 3996 2231 4052 voluerimus

585 4095 643 4146 et
668 4087 1127 4156 cucurrerimus,
1169 4092 1321 4144 Deus
1369 4087 1537 4143 nobis
1589 4086 1737 4142 nihil
1788 4086 2062 4158 proderit.
2113 4085 2231 4141 No-

585 4182 774 4235 strum
806 4195 902 4234 esr
938 4177 1078 4233 velle
1136 4182 1194 4234 et
1251 4193 1502 4245 currere,
1563 4181 1620 4232 et
1675 4181 1874 4247 postea
1925 4177 2077 4231 Deus
2127 4175 2232 4229 mi-

585 4272 831 4324 seretur.
914 4267 1144 4323 Athleta
1207 4268 1366 4323 enim
1420 4266 1719 4322 dormiens
1797 4265 1985 4338 perdit
2051 4265 2228 4320 victo-

582 4358 727 4414 riam
740 4403 752 4415 .

653 4472 681 4497 ‹‹
715 4447 798 4502 Da
824 4447 992 4503 nobis
1018 4444 1301 4501 auxilium
1323 4445 1394 4500 de
1425 4443 1870 4499 tribulatione.»
1906 4443 2029 4498 Non
2062 4441 2227 4508 dixit,

582 4538 662 4592 Da
691 4537 860 4592 nobis
881 4535 1165 4592 auxilium
1217 4535 1288 4590 de
1332 4533 1596 4589 delictis:
1659 4534 1781 4599 sed,
1813 4555 1842 4582 ‹‹
1875 4533 1945 4587 de
1990 4531 2230 4588 tribula-

577 4626 806 4680 tione.»
854 4625 933 4679 Ad
979 4625 1273 4679 Dominum
1319 4640 1442 4678 cum
1491 4623 1791 4678 tribularer
1847 4624 2109 4690 clamavi,
2178 4627 2228 4677 et

583 4713 980 4802 exaudivitme
1008 4713 1369 4802 (f’sal.icx1x,
1407 4714 1478 4784 1).
1536 4713 1661 4768 Non
1711 4712 1885 4766 dixit:
1938 4715 2082 4767 Cum
2136 4727 2227 4768 es-
2258 4738 2305 4802 Β

583 4818 708 4859 sem
766 4802 826 4856 in
870 4800 1096 4856 deliciis
1150 4801 1415 4869 clamavi,
1468 4806 1569 4857 aut
1613 4802 1912 4858 dormiens
1956 4801 2222 4856 clamavi.

581 4892 685 4947 Vis
742 4889 1003 4946 exaudiri
1052 4907 1086 4945 a
1145 4890 1439 4946 Domino?
1494 4892 1628 4947 Esto
1687 4891 1744 4946 in
1808 4891 2221 4946 tribulatione:

580 4981 791 5049 clama,
811 4985 868 5036 et
888 4980 1235 5035 exaudieris.
1262 4980 1320 5035 Si
1356 4980 1488 5052 quis
1518 4997 1654 5054 ergo
1681 4998 1796 5036 non
1824 4985 1910 5036 est
1942 4981 2000 5036 in
2032 4980 2224 5036 tribu-

576 5072 813 5137 latione,
867 5068 1150 5126 auxilium
1217 5069 1441 5125 Domini
1511 5071 1780 5125 invocare
1857 5087 1973 5126 non
2031 5073 2224 5142 potest

581 5180 604 5210 α
637 5159 783 5225 Quia
810 5176 958 5214 vana
991 5157 1154 5216 salus
1184 5158 1462 5215 hominis.
1491 5181 1518 5209 »
1570 5159 1895 5214 Maledz’ctus
1936 5161 2095 5215 homo
2126 5159 2226 5230 qui

573 5267 721 5324 spem
783 5249 942 5305 habet
1000 5251 1057 5304 in
1108 5249 1331 5304 homine
1377 5251 1593 5320 (Jerem.
1655 5265 1792 5318 xvu,
1823 5249 1900 5317 5).
1950 5248 2074 5303 Non
2134 5253 2224 5303 est

576 5356 814 5397 necesse
844 5339 954 5394 hoc
981 5337 1370 5411 interpretari.
1423 5338 1552 5393 Haec
1611 5336 1900 5393 sententia
1946 5338 2221 5394 omnibus

578 5435 756 5503 patet.
787 5428 1016 5501 Aliquis
1045 5429 1295 5501 speravit
1341 5429 1399 5483 in
1451 5428 1816 5500 imperatore,
1867 5427 2120 5498 speravit
2161 5427 2218 5483 in

576 5519 856 5592 principe,
907 5519 967 5574 in
1024 5522 1208 5591 patre,
1242 5522 1342 5573 aut
1397 5522 1616 5572 matre:
1654 5516 1713 5571 in
1763 5514 1958 5588 aliquo
1991 5516 2219 5590 negotio

577 5607 910 5664 subtractus
939 5613 1028 5665 est
1057 5607 1298 5680 spiritus
1349 5607 1477 5676 ejus
1503 5606 1560 5660 in
1589 5621 1762 5677 quem
1802 5605 1898 5661 ille
1948 5606 2217 5678 speravit,

574 5701 632 5751 et
657 5698 890 5752 evanuit
920 5698 1082 5754 salus
1113 5699 1260 5768 ejus.
1296 5701 1420 5753 Non
1453 5695 1615 5763 dixit,
1651 5718 1678 5744 «
1710 5712 1861 5751 vana
1907 5693 2068 5752 salus
2114 5697 2218 5754 ho-

573 5783 781 5858 minis;
817 5808 837 5837 »
871 5787 999 5857 sed,
1030 5785 1192 5845 salus
1219 5787 1348 5861 ejus
1379 5785 1478 5860 qui
1501 5788 1696 5860 sperat
1717 5785 1775 5843 in
1806 5785 2064 5844 homine.

2092 477 2510 538 APPENDIX.

2303 3227 2310 3234 ’
2348 3229 2409 3282 In
2439 3227 2624 3297 finem,
2658 3227 2908 3282 Psalmus
2937 3227 3129 3283 David.
3181 3228 3343 3294 Quod
3376 3227 3534 3297 dicit,
3567 3230 3628 3284 in

3851 469 3988 537 1224

2429 632 2456 658 ‹‹
2490 609 2552 664 In
2582 608 2698 663 Deo
2755 604 3037 662 faciemus
3087 604 3446 661 virtutem.»
3505 604 3631 660 Non
3680 606 3988 667 habeamus

2358 715 2546 770 spem,
2579 697 2693 752 nisi
2726 696 2784 751 in
2819 695 3062 751 Domino
3093 698 3345 750 tantum.
3401 693 3525 750 Non
3585 694 3889 753 dicamus:
3935 699 3986 755 Si

2357 787 2500 844 illud
2526 786 2671 841 mihi
2701 785 2945 852 eveniat,
2980 788 3082 839 aut
3127 782 3295 849 illud,
3351 783 3505 840 unde
3553 783 3738 842 habeo
3782 787 3991 844 vivere?

2359 877 2698 948 Respondeo
2727 874 2834 930 tibi
2854 873 3008 944 quod
3033 873 3226 944 majus
3257 877 3382 928 est:
3418 871 3478 929 Si
3507 875 3836 945 persecutio
3876 877 3984 944 ﬂat,

2358 967 2511 1022 unde
2537 965 2717 1019 habes
2749 963 2936 1018 vivere
2956 963 2984 1016 ‘2
3014 963 3255 1033 Semper
3300 961 3627 1019 Christiano
3675 967 3986 1036 persecutio

2356 1057 2464 1124 est,
2492 1068 2722 1124 semper
2751 1052 2986 1107 auditas
3036 1050 3333 1122 preposita
3361 1056 3470 1107 est.
3522 1052 3702 1109 Nemo
3734 1070 3870 1126 ergo
3899 1056 3985 1111 de-

2356 1143 2453 1198 bet
2501 1142 2570 1196 de
2616 1141 2732 1196 vita
2774 1142 2889 1195 ista
2938 1141 3268 1212 desperare,
3328 1155 3498 1196 nemo
3545 1141 3771 1210 timeat,
3831 1160 3985 1202 nemo

2357 1231 2528 1286 debet
2557 1229 2777 1285 dicere:
2813 1228 2871 1284 Si
2904 1244 3170 1296 senuero,
3224 1230 3378 1284 unde
3435 1228 3622 1286 habeo
3675 1232 3904 1288 vivere?
3943 1234 3986 1290 si

2357 1321 2629 1375 infirmus
2662 1320 2847 1374 factus
2878 1319 3060 1388 fuero,
3095 1317 3250 1372 unde
3280 1318 3405 1373 vivo
3428 1319 3456 1372 ?
3480 1319 3775 1376 Christum
3819 1321 3985 1380 habes

2356 1413 2412 1464 et
2433 1408 2646 1464 times?
2694 1408 2752 1462 Si
2811 1406 3067 1462 volatilia
3113 1407 3237 1462 coeli
3290 1407 3496 1479 pascit,
3555 1409 3792 1466 dubitas
3842 1413 3981 1482 quod

2356 1498 2540 1570 possit
2569 1503 2624 1552 te
2656 1513 2888 1568 pascere
2909 1497 2936 1550 ‘?
2975 1495 3250 1552 Diabolus
3281 1497 3470 1568 pascit
3524 1513 3664 1554 suos
3711 1498 3985 1568 homines,

2354 1592 2410 1642 et
2433 1586 2696 1641 Christus
2729 1602 2842 1640 non
2873 1591 3070 1656 pascet
3095 1601 3234 1641 suos
3264 1585 3502 1641 servos?
3546 1585 3824 1644 Diabolus
3863 1589 3986 1645 facit

2347 1675 2579 1746 judices
2610 1675 2788 1744 hujus
2818 1674 3020 1728 mundi
3053 1674 3284 1742 divites,
3317 1679 3375 1729 et
3403 1673 3668 1730 Christus
3717 1693 3831 1732 non
3888 1693 3986 1750 po-

2354 1767 2469 1818 test
2500 1765 2685 1817 facnre
2713 1767 2776 1817 ut
2805 1779 2918 1817 non
2952 1763 3290 1817 mendicos?
3324 1763 3598 1820 Diabolus
3637 1764 3732 1820 dat
3783 1774 3986 1822 aurum

2355 1858 2409 1906 et
2431 1869 2692 1923 gemnas,
2726 1856 2782 1906 et
2814 1851 3081 1907 Christus
3138 1867 3348 1924 panem
3410 1869 3524 1907 non
3582 1856 3766 1924 potest
3815 1854 3988 1910 dare?

2354 1942 2470 1997 Nos
2520 1958 2754 1996 omnem
2787 1940 3243 1996 sollicitudinem
3278 1941 3654 2014 projiciamus
3684 1943 3751 1997 de
3803 1945 3987 2000 cordi-

2355 2031 2466 2086 bus
2499 2031 2735 2102 nostris,
2769 2035 2825 2086 et
2850 2031 3144 2086 dicamus:
3191 2055 3214 2079 ‹‹
3255 2032 3318 2086 In
3349 2030 3466 2086 Deo
3505 2031 3785 2089 faciemus
3813 2034 3989 2089 virtu-

2355 2125 2496 2175 tem.
2521 2143 2546 2168 η
2580 2121 2707 2192 Ipse
2738 2121 2848 2176 erit
2868 2120 3056 2175 virtus
3080 2124 3314 2175 nostra:
3367 2121 3492 2192 ipse
3547 2120 3713 2193 panis
3763 2127 3987 2178 noster:

2355 2209 2478 2281 ipse
2511 2209 2616 2264 erit
2649 2214 2836 2264 rector
2864 2214 3084 2264 noster.
3117 2231 3143 2259 ‹‹
3179 2210 3247 2264 Et
3270 2209 3392 2281 ipse
3423 2210 3494 2264 ad
3525 2209 3776 2266 nihilum
3815 2211 3988 2268 dedu-

2353 2303 2442 2353 cet
2475 2299 2746 2354 inimicos
2769 2304 3018 2355 nostros.
3047 2323 3073 2348 ››
3100 2299 3226 2370 Ipse
3259 2316 3364 2355 nos
3395 2305 3665 2356 coronat:
3714 2301 3836 2373 ipse
3882 2317 3985 2374 pu-

2353 2393 2492 2458 gnat
2520 2388 2827 2443 nobiscum
2853 2407 2865 2443 :
2902 2389 3090 2460 magis
3117 2393 3313 2444 autem
3343 2389 3466 2460 ipse
3496 2389 3686 2445 vincet
3717 2389 3776 2445 in
3807 2391 3986 2448 nobis.

2351 2476 2496 2540 Quid
2531 2477 2686 2531 enim
2721 2477 2972 2532 dicimus
3003 2478 3030 2531 ?
3052 2501 3078 2527 ‹‹
3116 2476 3176 2532 In
3212 2482 3324 2533 Deo
3356 2476 3636 2534 faciemus
3655 2479 3987 2537 virtutem.»

2351 2566 2593 2631 Quando
2625 2565 2779 2621 enim
2813 2566 2988 2622 fortes
3021 2566 3329 2633 fuerimus,
3391 2590 3419 2616 «
3451 2567 3576 2639 ipse
3623 2567 3695 2624 ad
3745 2568 3987 2625 nihilum

2353 2655 2599 2710 deducet
2624 2655 2896 2711 inimicos
2952 2661 3203 2712 nostros.
3243 2678 3267 2704 ››
3301 2655 3426 2711 Non
3457 2656 3628 2714 dixit:
3687 2658 3983 2730 pugnabit,

2351 2749 2451 2798 aut
2483 2745 2705 2800 occidet
2733 2763 2746 2801 :
2783 2746 2907 2811 sed,
2930 2769 2957 2794 «
2993 2745 3062 2800 ad
3097 2743 3347 2801 nihilum
3380 2745 3645 2803 deducet.
3668 2765 3696 2800 ι
3731 2747 3862 2803 Ideo
3891 2763 3985 2804 eos

2351 2835 2420 2887 ad
2457 2833 2707 2888 nihilum
2741 2835 3008 2902 deducet,
3067 2839 3152 2900 ut,
3212 2831 3262 2890 si
3319 2833 3627 2906 voluerint,
3686 2835 3861 2892 fortes
3891 2853 3985 2893 eos

2349 2923 2541 2978 faciat.
2578 2923 2993 2979 Benedicamus
3023 2939 3158 2996 ergo
3191 2923 3404 2980 Deum:
3430 2925 3522 2980 cui
3580 2925 3657 2981 sit
3703 2925 3884 2998 gloria
3927 2927 3988 2984 in

2349 3011 2564 3068 saecula
2604 3011 2971 3068 saeculorum.
3005 3014 3208 3068 Amen.

2882 3137 3212 3194 PSALMUS
3271 3138 3459 3195 CVIII.

3668 3229 3850 3300 ﬁnem,
3899 3230 3988 3287 in-

2417 3296 2755 3371 telligamus
2782 3315 2896 3354 non
2929 3299 2998 3354 de
3030 3299 3297 3371 prmsenti
3331 3299 3466 3368 dici,
3501 3301 3601 3355 sed
3643 3296 3714 3357 de
3769 3296 3984 3358 futuro.

2418 3370 2706 3495 Sitautem
2740 3371 2811 3425 de
2842 3370 3046 3426 futuro
3070 3371 3302 3443 dicitur,
3327 3371 3634 3444 prophetia
3664 3374 3733 3429 de
3763 3373 3990 3430 Christo

2421 3459 2480 3495 es
2522 3483 2533 3495 .

2421 3459 2533 3497 εει.

2427 3570 2453 3601 α
2486 3555 2636 3604 Deus
2668 3549 2903 3605 laudem
2955 3565 3145 3604 meam
3207 3567 3279 3605 ne
3322 3551 3656 3607 tacueris.»
3707 3555 3825 3608 Hoc
3876 3558 3986 3625 est,

2344 3638 2530 3694 Judas
2553 3654 2644 3694 me
2686 3639 2948 3710 tradidit,
2980 3639 3163 3695 Judaei
3197 3641 3486 3712 persecuti
3529 3645 3686 3709 sunt,
3717 3646 3774 3696 et
3801 3642 3990 3698 eruci-

2345 3729 2618 3793 ﬁxerunt,
2654 3732 2710 3783 et
2740 3733 3091 3800 putaverunt
3123 3745 3216 3784 me
3281 3729 3340 3784 in
3381 3730 3559 3786 finem
3601 3731 3859 3804 perdere.
3905 3731 3991 3788 Tu

2344 3822 2560 3883 autem,
2592 3817 2766 3884 Deus,
2798 3815 3034 3873 laudem
3067 3833 3257 3874 meam
3289 3835 3360 3874 ne
3393 3819 3661 3875 tacueris.
3707 3819 3987 3876 Universa

2341 3905 2600 3961 Ecclesia
2629 3923 2731 3978 per
2751 3907 3014 3979 singulos
3036 3907 3159 3961 dies
3178 3906 3378 3962 laudat
3390 3908 3723 3975 Dominum,
3743 3916 3801 3965 et
3823 3926 3982 3965 com-

2341 3995 2495 4067 pleta
2525 4000 2614 4051 est
2642 3995 2824 4051 oratio
2866 3995 3097 4051 Domini
3147 3997 3428 4054 dicentis:
3464 4022 3490 4046 ‹‹
3527 3999 3693 4067 Deus,
3746 3998 3980 4056 laudem

2342 4101 2532 4140 meam
2557 4101 2626 4140 ne
2656 4085 2928 4141 tacueris.
2957 4109 2983 4134 ››
3005 4085 3148 4141 Vide
3179 4087 3348 4157 cujus
3379 4087 3683 4161 dignitatis
3721 4093 3859 4144 sunt
3891 4106 3983 4144 sa-

2340 4175 2623 4230 cerdotes.
2657 4175 2996 4230 Sacerdotes
3027 4173 3368 4246 loquuntur,
3400 4182 3457 4232 et
3482 4177 3539 4232 in
3581 4177 3985 4234 sacerdotibus

2340 4268 2492 4318 Deus
2523 4263 2753 4319 laudem
2790 4263 2915 4318 Filii
2939 4263 3031 4319 sui
3062 4281 3178 4320 non
3233 4268 3403 4323 tacet.
3428 4289 3456 4316 «
3497 4265 3643 4332 Quia
3692 4283 3755 4322 os
3785 4283 3984 4339 pecca-

2338 4351 2484 4407 toris
2507 4356 2638 4407 etos
2662 4351 2848 4407 dolosi
2879 4369 3056 4424 super
3087 4369 3178 4409 me
3227 4359 3494 4427 apertum
3551 4359 3660 4410 est.
3692 4378 3718 4404 ››
3767 4355 3979 4411 Videa-

2341 4457 2473 4495 mus
2504 4441 2798 4512 quomodo
2831 4458 2896 4497 os
2921 4441 3085 4497 Judze
3117 4443 3431 4514 proditoris
3458 4447 3722 4516 apertum
3774 4447 3863 4499 est
3915 4444 3980 4498 in

2339 4531 2674 4586 Dominum.
2697 4530 2870 4587 Venit
2899 4532 2970 4587 ad
3006 4533 3338 4604 Dominum,
3371 4538 3439 4588 ut
3484 4549 3618 4589 eum
3662 4532 3876 4601 tradat,
3921 4538 3984 4588 et

2337 4620 2507 4678 dicit:
2568 4621 2740 4676 Rabbi
2793 4621 2900 4676 hoc
2959 4625 3048 4678 est
3100 4625 3362 4692 magister
3423 4624 3610 4694 (Marc.
3669 4640 3778 4692 xw,
3865 4623 3982 4691 45).

2336 4711 2480 4765 Ecce
2533 4728 2598 4766 os
2635 4711 2972 4783 peccatoris,
3007 4715 3065 4767 et
3095 4728 3160 4767 os
3208 4711 3418 4768 dolosi.
3443 4735 3463 4762 ι
3518 4713 3632 4786 Ego
3676 4729 3807 4769 eum
3849 4727 3986 4768 mea

2337 4798 2646 4856 clementia
2671 4799 2800 4855 volo
2858 4799 3101 4868 salvare,
3162 4805 3220 4856 et
3266 4801 3534 4857 osculum
3590 4801 3675 4856 illi
3722 4801 3983 4874 porrigo,

2337 4891 2393 4941 et
2421 4887 2546 4944 volo
2570 4889 2794 4944 vincere
2825 4888 3110 4945 malitiam
3141 4890 3290 4962 ejus,
3321 4895 3377 4945 et
3415 4890 3514 4946 ille
3554 4894 3858 4964 permanet
3906 4890 3984 4946 ad

2335 4975 2843 5048 malefaciendum,
2878 4983 2942 5033 ut
2973 4994 3064 5034 me
3095 4979 3302 5035 tradat.
3365 4978 3708 5053 Specialiter
3763 4977 3984 5035 intelli-

2333 5065 2490 5137 gitur
2505 5065 2576 5122 de
2603 5066 2793 5122 Juda:
2827 5067 3174 5140 generaliter
3204 5074 3401 5125 autem
3433 5071 3504 5126 de
3532 5069 3774 5138 Judaais,
3817 5069 3879 5124 in
3911 5083 3984 5124 eo

2333 5160 2592 5228 tempore
2625 5173 2737 5229 quo
2795 5157 3102 5214 dicebant:
3156 5158 3440 5229 Cruci/ige,
3490 5160 3742 5230 cruciﬁge
3797 5159 3983 5219 (Joan.

2331 5262 2444 5313 XIX,
2475 5246 2551 5317 6).
2574 5245 2710 5302 Tale
2733 5263 2799 5302 os
2819 5248 3139 5319 peccatoris
3163 5248 3220 5302 in
3243 5248 3558 5305 Dominum
3576 5253 3843 5322 opertum
3866 5251 3984 5304 est.

2332 5339 2407 5389 Ut
2454 5339 2647 5391 autem
2679 5336 2922 5391 videatis
2950 5337 3103 5408 quod
3127 5337 3198 5392 de
3227 5339 3502 5395 omnibus
3550 5338 3767 5395 Judaeis
3807 5336 3983 5406 dixit,

2331 5440 2400 5478 ex
2436 5426 2930 5496 consequentibus
2984 5429 3367 5498 cognoscetis.
3392 5428 3540 5493 Quid
3571 5429 3727 5484 enim
3753 5427 3952 5483 dicit?

2403 5537 2429 5563 ‹‹
2466 5515 2666 5571 Locuti
2698 5520 2837 5570 sunt
2866 5515 3176 5571 adversum
3210 5534 3302 5574 me
3332 5517 3535 5592 lingua
3556 5517 3775 5574 dolosa.
3804 5540 3833 5568 ››
3856 5517 3984 5590 Ego

2331 5621 2434 5677 pro
2461 5604 2604 5677 ipsis
2633 5604 3037 5676 crucifigebar,
3065 5611 3121 5663 et
3141 5606 3226 5661 illi
3258 5607 3621 5665 insultabant
3647 5606 3810 5664 mihi.
3830 5605 3984 5662 Vul-

2329 5711 2467 5750 nera
2500 5710 2630 5749 mea
2659 5693 2951 5751 medicina
2978 5711 3177 5753 eorum
3220 5703 3407 5766 erant,
3467 5703 3525 5755 et
3577 5697 3813 5754 videbar
3858 5695 3990 5752 illis

2329 5787 2388 5844 in
2421 5786 2704 5844 derisum.
2735 5806 2755 5836 α
2791 5785 2861 5844 Et
2888 5789 3261 5848 sermonibus
3292 5790 3409 5848 odii
3461 5788 3992 5849 circumdederunt
