4256 6592
324 449 486 523 1225

1490 448 1991 512 BREVIARIUM
2047 448 2128 509 IN
2172 449 2561 512 PSALMOS.

3580 450 3737 513 {926

335 596 449 645 me.
470 601 513 647 ,ιλ
543 579 668 639 Non
701 580 1063 649 ut‘credant,
1095 580 1198 636 sed
1232 582 1303 647 ut
1325 585 1676 652 expugnent.
1728 604 1755 629 α
1788 584 1853 635 Et
1884 597 1978 636 ox-
2011 586 2065 647 Α
2097 596 2280 636 unum
2338 584 2571 636 tantum
2616 579 2869 636 habebat
2917 580 3263 636 daemonem.
3296 579 3598 636 Cruciﬁxit
3628 582 3742 638 Do-

333 675 843 743 pugnaveruntme
857 668 1060 743 gratis.
1079 691 1106 719 ››
1132 667 1455 741 Dupliciter
1474 668 1826 741 intelligitur
1842 687 1981 741 gra-

335 758 562 828 tis,hoc
593 759 836 828 est,sine
866 775 1068 815 causa.
1098 758 1211 813 Nec
1225 756 1382 813 enim
1398 763 1850 828 peccaveram,et
1869 775 1984 814 non

340 847 606 904 merebar
627 852 691 903 ut
712 846 1071 903 debellarent
1092 862 1203 901 me.
1228 846 1364 911 Quae
1386 850 1580 901 autem
1602 846 1780 920 digna
1807 864 1984 904 causa

335 941 461 993 erat
489 940 552 992 ut
579 940 1100 1009 expugnarentme
1121 934 1149 989 ‘l
1180 933 1324 998 Quia
1352 951 1696 992 sanaveram
1735 940 1983 1008 aegrotos

333 1041 558 1095 eorum,
574 1024 713 1097 quia
732 1028 996 1080 mortuos
1015 1022 1517 1088 resuscitaveram,
1533 1023 1671 1095 quia
1687 1022 1800 1078 alia
1815 1024 1985 1096 signa

333 1112 605 1171 feceram.
652 1112 854 1169 Videte
910 1129 1045 1185 ergo
1104 1111 1381 1184 quoniam
1445 1112 1627 1183 gratis
1684 1127 1980 1184 expugna-

332 1205 542 1258 verunt
561 1218 716 1258 eum.
741 1206 809 1257 Et
835 1200 1003 1258 aliter
1032 1199 1398 1273 intelligitur.
1422 1200 1746 1255 Voluerunt
1765 1200 1981 1256 exstin-

324 1307 510 1364 guere
540 1295 595 1346 et
624 1289 813 1346 delere
846 1306 1058 1346 nomen
1088 1305 1309 1360 meum,
1331 1293 1389 1344 et
1417 1294 1613 1345 tamen
1636 1306 1751 1345 non
1782 1292 1983 1361 potue-

327 1383 492 1437 runt.
517 1380 759 1446 Quando
791 1378 1005 1451 aliquis
1034 1378 1292 1450 aliquem
1325 1377 1719 1449 persequitur,
1750 1382 1810 1434 et
1835 1377 1982 1433 nihil

335 1469 584 1541 proficit,
633 1473 689 1524 et
737 1484 851 1524 non
902 1466 1108 1539 implet
1156 1466 1509 1523 desiderium
1558 1483 1754 1536 suum,
1800 1467 1982 1540 gratis

334 1557 725 1629 persequitur.

405 1669 433 1697 ‹‹
468 1651 576 1701 Pro
627 1661 694 1701 eo
742 1648 806 1700 ut
849 1661 942 1700 me
983 1643 1308 1716 diligerent,
1342 1642 1733 1701 detrahebant
1787 1644 1930 1699 mihi
1965 1660 1978 1700 :

335 1751 440 1807 ego
473 1740 667 1791 autem
697 1733 960 1790 orabam.
996 1754 1024 1783 ››
1072 1733 1179 1788 Pro
1227 1732 1528 1788 beneficiis
1573 1749 1700 1804 quae
1731 1732 1815 1788 eis
1846 1750 1981 1789 con-

333 1823 604 1891 tuleram,
638 1822 750 1896 ipsi
783 1821 1168 1879 contumelias
1200 1821 1344 1877 mihi
1379 1822 1686 1878 faciebant.
1729 1826 1843 1894 Ego
1879 1839 1983 1878 au-

2082 669 2343 739 ‘minum,
2374 673 2430 726 et
2476 674 2602 729 octo
2655 668 2837 725 simul
2866 668 2926 723 in
2980 686 3117 725 eam
3162 669 3456 725 daemones
3495 669 3747 741 ingressi

2091 764 2248 814 sunt.
2282 757 2594 830 Impletuni
2625 763 2713 814 est
2761 774 2897 830 ergo
2938 758 3091 830 quod
3135 757 3280 814 dixit
3312 775 3326 813 :
3380 780 3409 809 «
3440 759 3745 816 Constitue

2092 864 2269 919 super
2298 865 2432 904 eum
2463 851 2848 921 peccatorem,
2882 850 2939 902 et
2968 845 3241 904 diabolus
3279 850 3392 904 stet
3442 864 3477 903 a
3524 838 3745 906 dextris

2092 938 2239 1008 ejus.
2277 960 2297 986 ι»
2353 935 2635 1002 Quoniam
2687 953 2719 991 a
2766 935 2983 992 dextris
3033 936 3160 1008 ejus
3211 935 3390 1006 stetit,
3433 940 3744 1009 propterea

2091 1025 2396 1098 Synagoga
2425 1025 2639 1081 siccam
2676 1022 2929 1081 habebat
2960 1041 3203 1081 manum
3234 1018 3552 1093 dexteram,
3586 1020 3745 1082 sicut

2090 1113 2373 1186 scriptum
2406 1117 2495 1170 est
2523 1113 2582 1170 in
2612 1113 2924 1187 Evangelio
2977 1114 3125 1185 (Luc.
3160 1115 3347 1187 v1,‘8).
3397 1114 3514 1171 Nos
3544 1118 3743 1171 autem

2089 1218 2344 1270 oremus,
2377 1207 2441 1259 ut
2489 1203 2775 1260 Dominus
2816 1206 2929 1258 stet
2959 1220 2993 1259 a
3024 1203 3241 1260 dextris
3272 1202 3514 1274 nostris,
3547 1194 3745 1262 diabo-

2088 1290 2183 1346 lus
2212 1295 2408 1347 autem
2441 1309 2474 1347 a
2502 1291 2780 1348 sinistris.
2828 1290 3118 1364 Scriptum
3170 1295 3259 1349 est
3305 1291 3367 1349 in
3416 1290 3744 1350 Zacharia:

2092 1380 2154 1437 Et
2192 1379 2429 1435 ostendit
2482 1380 2624 1436 mihi
2679 1383 2949 1437 Dominus
3004 1382 3187 1438 Iesum
3240 1380 3570 1438 sacerdotem
3633 1398 3750 1439 ma-

2088 1485 2283 1538 gnum,
2313 1471 2546 1524 stantem
2594 1484 2778 1524 coram
2824 1469 3019 1539 angelo
3065 1469 3307 1538 Domini,
3338 1477 3391 1526 et
3420 1469 3589 1525 Satan
3629 1475 3744 1527 sta-

2093 1557 2183 1612 bat
2209 1573 2243 1612 α
2271 1557 2479 1612 dextris
2508 1557 2648 1628 ejus,
2680 1566 2741 1613 ut
2765 1567 3043 1630 pugnaret
3071 1574 3198 1614 cum
3227 1575 3289 1615 eo
3330 1557 3514 1631 (Zach.
3548 1576 3632 1631 In,
3667 1558 3747 1631 l).

2092 1645 2151 1703 Si
2182 1662 2318 1718 ergo
2350 1663 2384 1701 a
2412 1646 2631 1701 dextris
2661 1645 2931 1702 diabolus
2963 1651 3097 1713 stat,
3131 1648 3424 1720 quomodo
3465 1664 3622 1704 nunc
3664 1642 3746 1719 ,de

2089 1733 2244 1790 Juda
2272 1734 2432 1804 dicit,
2456 1738 2507 1790 et
2535 1734 2787 1790 diabolus
2805 1743 2912 1791 stet
2939 1753 2974 1791 a
3002 1735 3211 1791 dextris
3231 1737 3393 1807 eius?
3421 1734 3533 1793 Sed
3554 1730 3745 1794 videte

2092 1822 2230 1895 quid
2263 1824 2405 1880 dicit
2438 1842 2451 1880 :
2502 1824 2697 1880 Stabat
2745 1825 2993 1881 diabolus
3040 1842 3075 1880 a
3118 1825 3323 1881 dewtris
3358 1830 3514 1893 Iesu,
3545 1835 3608 1882 ut
3637 1825 3741 1881 ad-

331 1918 449 1969 tem
482 1912 621 1985 quid
655 1911 937 1968 faciebam
959 1911 987 1967 ‘l
1037 1911 1295 1967 Orabam.
1348 1910 1473 1966 Haec
1503 1914 1642 1966 sunt
1670 1925 1835 1966 arma
1863 1910 1975 1966 Do-
2012 1946 2060 2012 B
2089 1920 2396 1969 versaretur
2422 1914 2495 1982 ei,
2527 1911 2636 1968 hoc
2686 1916 2793 1979 est,
2827 1914 3072 1969 dexterae
3119 1914 3247 1985 ejus
3300 1906 3594 1971 adversari
3644 1932 3745 1971 vo-

336 2001 480 2057 mini
513 2019 526 2056 :
578 2001 701 2057 haec
742 2001 863 2056 sint
891 2006 947 2056 et
975 2004 1177 2056 nostra
1205 2016 1388 2070 arma,
1421 1999 1626 2055 oratio.
1658 1999 1714 2054 Si
1748 2000 1981 2071 quando
2012 1999 2058 2012 ”
2092 2000 2266 2058 lebat.
2302 2001 2400 2057 llic
2433 2006 2629 2058 autem
2663 2019 2776 2058 non
2809 2002 2970 2071 dicit,
3003 2003 3143 2076 quia
3172 2019 3435 2077 pugnare
3464 2001 3608 2074 vult,
3643 2005 3745 2061 sed

336 2106 471 2163 ergo
503 2107 609 2146 nos
640 2089 1010 2163 persequitur
1029 2088 1263 2161 aliquis,
1288 2094 1344 2144 et
1373 2087 1495 2144 odit
1522 2105 1650 2159 nos,
1675 2089 1940 2144 dicamus
1969 2105 1981 2145 :

336 2202 363 2233 α
393 2179 505 2250 Pro
537 2195 605 2236 eo
638 2183 701 2234 ut
729 2194 823 2234 me
849 2178 1176 2249 diligerent,
1200 2177 1584 2233 detrahebant
1613 2176 1778 2233 mihi.
1805 2199 1834 2227 ››
1865 2177 1982 2249 Ego

330 2269 530 2337 autem
561 2265 701 2338 quid
734 2266 1018 2323 faciebam
1038 2267 1065 2320 ‘l
1098 2265 1340 2322 Orabam
1363 2284 1381 2320 :
1414 2269 1480 2321 ut
1508 2281 1606 2321 eos
1636 2265 1928 2322 vincerem
1954 2264 1983 2320 ‘l

334 2355 523 2427 Absit.
557 2353 842 2410 Dominus
892 2371 1007 2409 non
1051 2355 1254 2410 orabat
1293 2358 1357 2410 ut
1384 2354 1659 2410 vinceret.
1694 2354 1806 2409 Sed
1837 2353 1977 2425 quid

331 2443 525 2499 dixit?
561 2465 589 2498 (ι
616 2444 734 2517 Ego
765 2447 960 2499 autem
993 2443 1255 2499 orabam.
1291 2465 1318 2492 ››
1351 2442 1499 2507 Quid
1530 2443 1793 2499 dicebam
1820 2442 1847 2497 ‘l
1876 2443 1981 2498 Pa-

329 2536 435 2600 ter,
467 2534 680 2604 ignosce
725 2534 806 2588 eis
836 2551 855 2586 .-
902 2531 1041 2603 quod
1087 2534 1238 2588 enim
1278 2533 1511 2603 faciunt,
1544 2533 1789 2587 nesciunt
1822 2532 1976 2604 (Luc.

334 2636 491 2687 um,
521 2621 634 2692 34).
1662 2662 1667 2663 ,

334 2764 342 2770 .
405 2732 426 2758 ι
461 2709 532 2764 Et
562 2712 886 2782 posuerunt
914 2708 1223 2765 adversum
1257 2724 1351 2764 me
1382 2707 1536 2765 mala
1575 2726 1679 2781 pro
1720 2708 1909 2766 nobis.
1942 2730 1972 2760 ››

330 2800 393 2869 In
424 2814 595 2854 cruce
626 2798 873 2870 positus,
907 2797 1183 2869 rogabam
1216 2814 1319 2870 pro
1351 2796 1829 2869 cruciﬁgentibus
1858 2811 1974 2869 me,

327 2892 387 2944 et
414 2885 500 2941 illi
530 2887 803 2943 dicebant
835 2903 848 2941 :
895 2886 1043 2942 Vah!
1070 2888 1169 2957 qui
1194 2887 1359 2942 solvis
1389 2886 1673 2958 templum,
1705 2890 1757 2941 et
1782 2888 1842 2941 in.
1874 2887 1973 2941 tri-

331 2976 429 3032 bus
456 2975 649 3032 diebus
679 2974 826 3031 illud
855 2975 1178 3046 reazcliﬁcas.
1210 2975 1375 3031 Salva
1411 2976 1756 3047 temetipsum
1787 2975 1973 3048 (Marc.

327 3080 420 3135 xv,
442 3063 649 3135 29,30).
674 3063 739 3119 Si
759 3064 943 3135 diligit
962 3067 1017 3119 te
1038 3068 1223 3130 Pater,
1246 3065 1429 3120 veniat
1449 3081 1617 3132 nunc,
1639 3067 1687 3119 el
1710 3064 1897 3119 liberet
1927 3072 1977 3120 te

330 3153 537 3223 (Matth.
570 3168 745 3217 xxvn,
777 3153 887 3223 43).
940 3153 1056 3225 Ego
1094 3168 1198 3224 pro
1227 3151 1373 3224 ipsis
1403 3169 1472 3207 ex
1501 3152 1751 3208 mortuis
1782 3169 1975 3209 resur-

330 3241 470 3309 rexi,
503 3245 563 3296 et
588 3240 673 3295 illi
704 3240 907 3295 dicunt
939 3256 951 3293 :
1006 3241 1276 3311 Discipuli
1316 3240 1472 3295 illius
1502 3249 1770 3296 venerunt
1800 3255 1973 3309 nocte,

2093 2090 2234 2161 quia
2251 2091 2378 2161 jam
2409 2090 2626 2148 vicerat
2654 2090 2890 2146 Judam.
2916 2090 3195 2148 Diabolus
3228 2091 3309 2148 ibi
3335 2096 3536 2148 contra
3556 2092 3749 2149 dexte-

2092 2194 2217 2234 ram
2248 2178 2541 2234 desiderat
2571 2195 2833 2251 pugnare
2864 2197 2876 2234 :
2929 2178 3024 2234 hic
3053 2183 3248 2236 autem
3283 2179 3624 2237 dominatus
3652 2185 3745 2237 est

2090 2267 2338 2323 dexteras.
2369 2268 2556 2324 Judae.
2591 2268 2701 2324 Sed
2753 2272 2810 2323 et
2856 2267 2965 2324 hoc
3004 2269 3517 2325 considerandum.
3556 2271 3620 2325 In
3649 2266 3748 2325 illo

2090 2359 2349 2427 tempore
2385 2355 2579 2412 stabat
2617 2373 2651 2412 a
2689 2356 2908 2412 dextris
2938 2356 3191 2425 Domini,
3225 2361 3290 2413 ut
3335 2358 3748 2415 adversaretur

2088 2443 2161 2512 ei,
2195 2445 2430 2516 quando
2457 2445 2630 2500 Jesus
2661 2443 2915 2501 habebat
2942 2446 3294 2502 vestimenta
3339 2445 3596 2503 sordida.
3648 2438 3742 2503 Sic

2087 2533 2242 2609 enim
2287 2537 2345 2589 et
2372 2532 2454 2588 ibi
2489 2533 2777 2606 scriptum
2822 2538 2955 2590 est:
3006 2535 3072 2589 Et
3121 2536 3275 2591 Jesus
3305 2534 3544 2593 habebat
3580 2537 3742 2592 vesti-

2084 2625 2270 2677 menta
2309 2621 2536 2678 sordida
2583 2622 2743 2692 (Ibid.
2777 2622 2853 2694 3).
2906 2623 3175 2689 Quandiu
3226 2622 3406 2679 habet
3452 2618 3739 2683 Dominus

2082 2709 2256 2766 Jesus
2285 2710 2629 2766 vestimenta
2659 2710 2915 2777 sordida,
2944 2710 3172 2767 tamdiu
3224 2713 3340 2768 stat
3389 2710 3659 2769 diabolus
3698 2730 3733 2771 a

2084 2799 2302 2855 dextris
2352 2798 2523 2870 ejus;
2567 2799 2829 2871 'quandiu
2879 2802 3072 2871 portat
3122 2804 3358 2872 peccata
3403 2803 3623 2870 nostra,
3668 2798 3730 2858 in

2084 2887 2336 2961 peccatis
2365 2887 2583 2943 nostris
2623 2887 2967 2943 adversatur
3013 2886 3097 2943 illi
3146 2886 3434 2944 diabolus.
3486 2884 3730 2954 Quando

2086 2983 2282 3032 autem
2315 2975 2529 3031 dicitur
2557 2975 2617 3030 in
2650 2975 2924 3031 Zacharia
2956 2994 2969 3032 :
3021 2977 3212 3032 Tollite
3259 2978 3578 3033 vestimenta
3614 2978 3733 3050 ejus

2084 3064 2324 3130 sordida,
2375 3068 2426 3121 et
2478 3063 2694 3119 induite
2738 3080 2862 3120 eum
2907 3066 3219 3121 mulatoriis
3268 3065 3425 3136 (Ibid.
3477 3066 3554 3139 4),
3596 3082 3735 3137 con-

2084 3154 2252 3210 tinuo
2282 3152 2424 3209 dicit
2452 3153 2625 3209 Jesus
2668 3154 2740 3209 ad
2781 3153 3082 3210 diabolum
3117 3170 3130 3209 :
3181 3157 3425 3226 Increpet
3454 3155 3733 3212 Dominus

2082 3245 2144 3299 in
2200 3248 2280 3312 te,
2338 3242 2598 3309 Satanas,
2650 3244 2890 3313 increpet
2953 3246 3004 3297 te
3054 3244 3152 3314 qui
3205 3244 3376 3317 elegit
3428 3244 3736 3301 Jerusalem

332 3334 386 3385 et
412 3330 595 3400 furati
621 3336 749 3383 sunt
778 3345 904 3383 eum
952 3329 1175 3398 (Matth.
1208 3345 1407 3395 xxvm,
1441 3328 1549 3399 13).
1601 3350 1629 3378 ‹‹
1663 3329 1731 3383 Et
1775 3329 1974 3384 odium
2008 3312 2052 3382 C
2091 3329 2248 3401 (Ibid.
2280 3330 2354 3401 2).
2409 3329 2527 3384 Hoc
2558 3333 2748 3385 totum
2780 3312 2908 3385 ideo
2953 3312 3229 3400 diximus,
3261 3312 3401 3403 quia
3447 3325 3734 3405 scriptum

334 3434 435 3491 pro
495 3416 804 3473 dilectione
868 3431 1018 3471 mea.
1068 3438 1096 3466 »
1158 3415 1492 3486 Considera,
1525 3432 1558 3471 o
1612 3415 1975 3484 Christiane;

331 3506 655 3577 considera,
687 3521 721 3562 ο
752 3504 1036 3561 monache
1064 3522 1078 3573 ;
1130 3504 1177 3561 si
1209 3504 1497 3581 Dominus
1544 3508 1979 3576 persecutorem

332 3611 507 3652 suum
540 3599 598 3650 et
626 3595 980 3667 proditorem
1028 3593 1228 3650 osculo
1258 3593 1536 3665 suscepit,
1569 3598 1626 3650 et
1657 3610 1760 3666 pro
1791 3594 1978 3649 cruci-

332 3683 650 3761 figentibus
671 3700 806 3740 eum
828 3688 956 3739 orat
980 3701 993 3739 :
1026 3699 1134 3739 nos
1165 3700 1267 3755 pro
1292 3682 1567 3739 fratribus
1588 3682 1805 3739 nostris
1836 3681 1979 3755 quid

340 3772 528 3844 facere
558 3773 841 3829 debemus
859 3773 887 3827 ‘I

408 3884 435 3912 ‹‹
469 3861 771 3919 Constitue
802 3878 980 3936 super
1021 3878 1154 3917 eum
1198 3863 1582 3934 peccatorem.
1616 3881 1644 3911 η
1694 3859 1981 3925 Quoniam

335 3952 533 4025 rogavi
564 3968 667 4023 pro
698 3950 841 4025 ipsis
872 3951 932 4007 in
965 3968 1156 4019 cruce,
1179 3955 1236 4007 et
1264 3949 1535 4006 viderunt
1562 3948 1802 4006 vulnera
1833 3966 1983 4016 mea,

335 4039 467 4098 dedi
499 4038 584 4095 eis
613 4038 807 4096 locum
850 4039 1226 4111 paenitentiae,
1259 4042 1316 4094 et
1346 4054 1460 4094 non
1493 4042 1675 4110 agunt
1706 4038 1985 4110 paeniten-

335 4129 501 4195 tiam,
534 4132 594 4184 et
624 4144 717 4183 me
749 4126 959 4184 nolunt
996 4127 1210 4182 habere
1257 4143 1475 4199 regem,
1506 4126 1759 4182 habeant
1790 4142 1983 4197 regem

337 4216 637 4273 diabolum
673 4232 687 4270 :
735 4214 944 4271 nolunt
990 4215 1209 4271 habere
1252 4231 1445 4287 regem
1477 4214 1700 4285 Jesum,
1732 4213 1988 4270 habeant

338 4320 535 4376 regem
557 4303 907 4377 Barabbam,
928 4303 1026 4374 qui
1051 4303 1489 4374 interpretatur,
1502 4326 1529 4353 ‹‹
1552 4301 1710 4359 filius
1729 4302 1935 4375 patris,
1953 4324 1983 4352 »

339 4394 448 4450 hoc
477 4396 566 4449 est
594 4391 839 4457 diaboli.
882 4391 1174 4447 Barabbas
1212 4391 1322 4447 iste
1361 4392 1495 4463 quis
1546 4390 1700 4448 fuit?
1744 4390 1986 4447 Seditio-

338 4501 443 4553 sus
472 4487 529 4538 et
558 4481 724 4537 latro.
760 4480 829 4535 Et
868 4496 998 4536 vere
1042 4480 1369 4535 Barabbam
1420 4480 1637 4535 habent
1681 4497 1898 4553 regem,
1933 4483 1990 4536 et

336 4552 528 4644 usque
551 4570 613 4627 in
643 4569 992 4625 hodiernum
1018 4568 1173 4623 diem
1204 4568 1551 4623 seditiosum
1584 4573 1641 4624 et
1672 4552 1987 4637 latronem,

2089 3421 2177 3473 est
2209 3435 2220 3473 :
2267 3441 2287 3466 α
2326 3417 2393 3472 Et
2420 3415 2690 3473 diabolus
2720 3421 2832 3473 stet
2858 3434 2892 3472 a
2918 3417 3135 3473 dextris
3165 3419 3214 3487 ej
3226 3430 3311 3473 us.
3349 3440 3377 3467 ››

2167 3527 2193 3559 α
2222 3506 2367 3561 Cum
2392 3505 2714 3577 judicatur,
2746 3509 2910 3562 exeat
2938 3506 3384 3563 condemnatus.
3422 3529 3451 3557 »
3482 3504 3607 3565 Non
3640 3523 3734 3565 ve-

2090 3595 2213 3650 niat
2264 3594 2325 3649 in
2365 3592 2682 3666 judicium,
2732 3593 2833 3650 sed
2894 3593 2953 3648 in
3010 3594 3581 3653 condemnationem.
3626 3594 3737 3663 Ubi

2089 3676 2247 3739 enim
2285 3682 2574 3755 judicium
2609 3685 2716 3750 est,
2759 3681 2839 3737 ibi
2888 3683 3334 3753 condemnatio;
3387 3682 3486 3740 ubi
3536 3690 3736 3741 autem

2091 3770 2521 3838 condemnatio,
2565 3771 2690 3842 jam
2746 3768 3058 3827 manifesta
3112 3776 3202 3828 est
3248 3768 3559 3830 sententia.
3606 3797 3636 3825 ‹‹
3667 3770 3739 3831 Et

2092 3861 2274 3918 oratio
2295 3862 2423 3932 ejus
2442 3860 2543 3916 fiat
2563 3860 2620 3915 in
2645 3865 2964 3932 peceatum.
2988 3860 3550 3920 >iPmnitentiaJudae
3570 3863 3739 3935 pejus

2092 3954 2393 4024 peccatum
2445 3948 2663 4005 factum
2714 3954 2820 4004 est.
2869 3949 3169 4013 Quomodo
3217 3951 3387 4021 pejus
3433 3950 3738 4022 psecatum

2094 4041 2314 4096 factum
2363 4041 2453 4093 est
2500 4036 2840 4109 poenitentia
2884 4036 3097 4092 Judte?
3144 4035 3272 4106 Ivit,
3316 4043 3374 4093 et
3417 4037 3739 4111 suspendio

2095 4127 2284 4201 periit.
2315 4126 2386 4181 Et.
2430 4124 2532 4197 qui
2580 4124 2842 4197 proditor
2894 4122 3119 4181 Domini
3167 4124 3356 4182 factus
3406 4124 3514 4197 est,
3546 4126 3641 4183 hic
3685 4128 3744 4184 et

2095 4217 2478 4287 interemptor
2507 4214 2602 4269 sui
2632 4212 2872 4275 exstitit.
2899 4218 3007 4269 Pro
3040 4212 3351 4272 clementia
3369 4210 3601 4272 Demini
3631 4214 3742 4273 hoc

2095 4305 2223 4361 dico
2257 4329 2269 4360 :
2323 4302 2462 4375 quia
2508 4301 2698 4374 magis
2727 4319 2795 4357 ex
2825 4301 2935 4358 hoc
2965 4302 3207 4358 offendit
3234 4302 3572 4372 Dominum,
3606 4304 3744 4377 quia

2097 4410 2159 4450 se
2192 4391 2518 4464 suspendit,
2543 4404 2721 4462 quam
2748 4391 2902 4463 quod
2924 4390 3239 4449 Dominum
3265 4391 3539 4463 prodidit.
3560 4395 3742 4464 Opor-

2096 4483 2255 4539 tebat
2276 4480 2595 4537 orationem
2618 4478 2807 4551 ipsius
2822 4496 2949 4535 esse
2974 4479 3035 4535 in
3057 4479 3480 4552 poenitentiam,
3497 4484 3554 4537 et
3574 4470 3745 4538 versa

2098 4576 2187 4628 est
2222 4570 2283 4626 in
2329 4573 2649 4642 peccatum.
2683 4567 2859 4623 Vides
2891 4567 3225 4624 haereticum
3257 4568 3543 4638 orantem,
3574 4568 3741 4626 vides

340 4660 442 4733 qui
475 4659 688 4716 occidit
725 4657 884 4730 ipsos
912 4658 1160 4714 Iudaeos.
1194 4656 1489 4713 Barabbas
1520 4656 1688 4724 latro,
1722 4657 1821 4728 qui
1852 4674 1988 4713 san-
2017 4677 2066 4743 D
2096 4660 2389 4727 Judaeum,
2422 4657 2583 4712 vides
2624 4655 3011 4712 Manichaeum
3046 4673 3059 4711 :
3110 4656 3247 4714 licet
3289 4658 3581 4731 jejunent,
3614 4658 3749 4715 licet

341 4746 518 4822 guine
533 4745 878 4816 delectatur,
893 4750 1209 4818 antequam
1222 4745 1503 4802 Dominus
1519 4745 1986 4818 crucifigeretur:

343 4841 658 4909 antequam
705 4851 839 4892 eum
878 4836 1287 4908 cruciﬁgerent
1311 4834 1519 4902 Judaei,
1551 4833 1815 4891 inclusus
1845 4838 1988 4891 erat.

344 4927 718 4998 Negaverunt
772 4923 1103 4993 Dominum,
1137 4927 1195 4979 et
1235 4923 1531 4980 Barabbas
1580 4922 1862 4980 dimissus
1905 4926 1994 4980 est

337 5016 523 5088 ,(Joan.
567 5030 728 5084 XVIII,
786 5014 896 5082 40).
950 5013 1029 5068 Ex
1074 5028 1139 5069 eo
1188 5012 1344 5068 enim
1392 5016 1653 5085 tempore
1701 5013 1994 5069 Barabbas

342 5104 523 5185 empit
552 5102 611 5158 in
642 5119 741 5158 eos
774 5102 987 5162 habere
1017 5105 1387 5174 potestatem,
1420 5106 1477 5156 et
1506 5100 1603 5157 ille
1635 5102 1863 5157 daemon
1894 5101 1995 5171 qui

340 5194 567 5265 ejectus
596 5191 785 5252 fuerat
822 5192 893 5247 de
938 5190 1197 5256 homine,
1230 5194 1287 5246 et
1333 5190 1404 5245 de
1453 5189 1553 5245 illa
1597 5190 1991 5263 generatione,

346 5286 402 5337 et
432 5279 878 5354 perambulabat
908 5280 965 5335 in
994 5281 1246 5346 deserto,
1269 5283 1326 5335 et
1355 5278 1549 5334 locum
1582 5278 1843 5334 invenire
1875 5295 1991 5334 non

348 5360 595 5444 poterat,
617 5369 862 5428 adduxit
884 5385 1082 5425 secum
1109 5368 1255 5426 alios
1280 5371 1502 5441 septem
1527 5366 1819 5424 daemones
1841 5368 1996 5441 pejo-

347 5476 439 5516 res
467 5476 528 5516 se
558 5462 614 5515 et
642 5457 887 5514 intravit
915 5457 973 5512 in
1006 5458 1394 5530 Synagogam,
1426 5461 1481 5511 et
1512 5457 1663 5511 facta
1703 5460 1843 5512 sunt
1886 5473 1994 5512 no-

343 5546 587 5603 vissima
635 5546 892 5603 hominis
940 5544 1101 5601 illius
1154 5548 1352 5618 pejora
1403 5543 1695 5618 prioribus
1727 5546 1880 5617 (Luc.
1912 5563 1993 5616 χι,

344 5638 458 5713 2'6).
508 5634 770 5708 Denique
819 5638 875 5691 et
921 5633 1228 5708 Synagoga
1284 5634 1620 5690 Judmorum
1678 5638 1994 5708 antequam

346 5723 714 5805 cruciﬁgeret
760 5724 1099 5791 Dominum,
1131 5727 1254 5781 erat
1283 5724 1519 5799 quidem
1550 5724 1861 5799 peccatrix,
1892 5724 1995 5785 sed

634 5852 897 5916 Parnm.
943 5850 1154 5919 XXVI.

2098 4752 2283 4816 orent,
2340 4751 2537 4803 tamen
2606 4744 2790 4801 oratio
2857 4744 3119 4818 ipsorum
3177 4746 3423 4804 vertitur
3487 4747 3547 4804 in
3612 4764 3745 4821 pec-

2100 4828 2315 4893 catum.

2172 4949 2199 4975 ‹‹
2237 4924 2400 4980 Fiant
2429 4924 2555 4979 dies
2582 4924 2710 4995 ejus
2741 4923 2934 4995 pauci.
2968 4946 2995 4974 »
3054 4924 3187 4980 Dies
3225 4924 3355 4996 ejus
3393 4925 3562 4998 pauci
3611 4923 3749 4980 facti

2102 5019 2288 5073 sunt:
2341 5018 2541 5070 noctes
2586 5030 2719 5070 vero
2770 5017 3097 5071 creverunt.
3132 5013 3420 5086 Receptus
3464 5016 3555 5069 est
3590 5011 3748 5068 enim

2102 5104 2163 5160 in
2194 5102 2437 5159 dimidio
2471 5102 2699 5159 dierum
2741 5118 3007 5158 suorum.
3042 5099 3137 5157 Sol
3188 5100 3260 5156 ab
3314 5101 3441 5172 ipso
3490 5098 3748 5170 recessit,

2101 5196 2157 5248 et
2188 5208 2318 5248 ecce
2347 5192 2599 5247 tenebras
2631 5191 2681 5247 ei
2714 5188 3114 5263 multiplicatae
3157 5193 3315 5246 sunt.
3368 5211 3396 5239 «
3430 5186 3499 5244 Et
3526 5188 3748 5262 episco-

2104 5287 2305 5354 patum
2366 5281 2495 5351 ejus
2547 5278 2793 5351 accipiat
2843 5276 3009 5334 alter.
3045 5300 3073 5326 ››
3123 5281 3239 5333 Hoc
3288 5281 3347 5334 et
3394 5279 3454 5333 in
3503 5275 3750 5335 Actibus

2103 5367 2502 5441 apostolorum
2535 5365 2906 5423 manifestius
2936 5367 3385 5439 interpretatum
3415 5370 3504 5422 est
3539 5364 3674 5439 (Act.
3707 5381 3750 5432 ι,

2102 5459 2217 5530 20),
2264 5457 2390 5514 Non
2441 5455 2630 5513 solum
2679 5460 2877 5510 autem
2930 5455 2989 5510 in
3042 5452 3141 5511 illo
3190 5458 3451 5528 tempore
3490 5455 3562 5510 de
3598 5454 3753 5511 Juda

2103 5547 2326 5603 dictum
2357 5550 2482 5613 est;
2535 5544 2637 5600 sed
2686 5560 2873 5616 usque
2916 5542 3090 5600 hodie
3120 5543 3355 5613 dicitur,
3387 5548 3444 5601 et
3473 5554 3660 5617 usque
3689 5544 3753 5599 in

2105 5635 2261 5693 diem
2283 5620 2515 5707 jud‘icii.
2567 5633 2627 5689 Si
2675 5633 2800 5706 ipse
2839 5633 3023 5689 Judas
3053 5632 3443 5706 apostolatum
3476 5632 3751 5706 perdidit,

2105 5725 2441 5783 custodiant
2488 5738 2550 5781 se
2598 5721 2928 5781 sacerdotes
2975 5725 3033 5780 et
3079 5710 3357 5799 episcopi,
3396 5726 3465 5780 ut
3520 5738 3638 5781 non
3696 5726 3757 5784 et

3398 5849 3476 5921 39
