4256 6600
597 449 750 510 1227

2079 443 2516 508 ΑΡΡΕΝΒΙΧ.·

3841 450 4004 517 1228-

591 583 707 655 ipsi
737 597 912 638 suum
941 581 1332 639 sacerdotium
1364 582 1632 654 perdant.
1665 581 1724 636 Si
1757 579 2056 652 apostolus
2087 580 2238 636 ceci-
2268 581 2325 648 Α
2353 595 2466 636 me.
2499 585 2620 636 Non
2653 597 2892 652 possum
2923 579 3079 637 enim
3111 579 3171 636 in
3201 580 3499 654 Scriptura
3527 580 3808 653 invenire,
3841 589 3982 658 quod

596 671 699 740 dit,
732 670 965 728 facilius
1019 672 1344 729 monachus
1397 675 1590 744 potest
1632 670 1855 726 cadere.
1887 669 2090 726 Virtus
2123 686 2236 726 non
2348 673 2379 728 J
2389 670 2534 728 udas
2564 670 2872 726 habuerit‘
2908 673 3009 726 aut
3039 686 3299 734 uxorem,
3334 674 3436 726 aut
3463 671 3636 729 ﬁlios.

593 759 763 833 perit,
797 761 934 818 licet
959 762 1136 818 homo
1173 762 1344 818 cadat
1372 766 1428 817 et
1458 763 1673 832 pereat.
1706 760 1921 814 Tamen
1954 759 2238 814 Dominus

594 849 866 908 denarios
894 868 1034 907 suos
1064 852 1165 907 dat
1194 851 1304 906 sub
1335 850 1549 905 fenore.
1590 848 1647 903 Si
1695 847 1793 903 ille
1822 864 1938 902 non
1969 847 2237 919 duplica-

592 943 760 1012 verit,
813 941 1101 1014 accipitur
1140 939 1390 1013 pecunia
1431 940 1580 1009 ejus,
1611 941 1668 992 et
1709 937 1944 994 dabitur
1972 935 2232 991 habenti.

592 1031 846 1090 Pecunia
873 1029 1107 1087 Domini
1137 1030 1325 1085 otiosa
1359 1043 1487 1083 esse
1517 1043 1632 1082 non
1663 1029 1874 1099 potest.

657 1145 687 1174 «
721 1122 890 1178 Fiant
920 1118 1024 1174 ﬁlii
1054 1119 1181 1190 ejus
1211 1116 1478 1189 orphani,
1509 1120 1568 1172 et
1605 1132 1749 1171 uxor
1796 1115 1925 1186 ejus
1971 1115 2165 1170 vidua.
2198 1135 2228 1165 »

571 1210 788 1268 'Videte
817 1210 958 1282 quia
999 1210 1366 1264 sacramenta
1395 1209 1536 1262 sunt
1565 1221 1693 1277 qua:
1723 1205 2020 1260 dicuntur.
2055 1202 2228 1260 Filios

579 1302 741 1358 Judas
772 1315 918 1371 quos
960 1295 1180 1370 putas?
1207 1295 1462 1351 Judzeos.
1493 1295 1564 1350 Et
1589 1294 1776 1350 Judei
1803 1293 2080 1349 dicuntur
2110 1309 2226 1348 non

587 1391 658 1446 ab
689 1388 791 1445 illo
819 1392 852 1443 J
860 1387 976 1444 uda
1003 1390 1228 1452 sancto,
1261 1386 1362 1441 sed
1393 1385 1465 1440 ab
1497 1385 1608 1440 isto
1639 1384 1952 1455 proditore.
1999 1383 2076 1437 Ex
2126 1381 2224 1438 illo

577 1483 780 1537 sancto
810 1494 918 1534 nos
949 1492 1158 1532 sumus
1180 1475 1367 1531 Judaei
1397 1472 1732 1545 spirituales
1757 1489 1769 1527 :
1804 1490 1872 1528 ex
1901 1471 1999 1528 illo
2025 1475 2223 1527 autem

564 1567 874 1642 proditore
914 1565 1012 1621 isti
1065 1567 1204 1620 sunt
1245 1563 1433 1618 Judaei
1485 1562 1769 1618 carnales.
1804 1561 2062 1631 Denique
2107 1560 2222 1615 duo

575 1661 716 1715 sunt
744 1653 1015 1729 apostoli,
1050 1652 1149 1726 qui
1181 1656 1464 1710 vocantur
1492 1652 1656 1708 Judas
1696 1649 1996 1706 vocabulo.
2030 1649 2221 1705 Unde-

571 1745 764 1803 cimus
796 1742 1096 1817 apostolus
1125 1747 1233 1812 est,
1258 1741 1356 1812 qui
1390 1741 1604 1796 dicitur
1622 1740 1810 1796 Judas
1835 1738 2036 1795 Jacobi
2067 1739 2215 1810 (Luc.

570 1850 651 1902 v1,
703 1834 816 1906 16).
871 1830 1259 1888 Duodecimus
1315 1834 1508 1886 autem
1567 1834 1674 1895 est,
1723 1834 1780 1885 et
1840 1828 2214 1884 novissimus.

576 1923 679 1996 qui
707 1926 950 2017 vpcatur
976 1919 1162 2017 Judas
1194 1921 1500 2017 lscariotes
1546 1918 1758 2017 (Ibid),
1807 1918 1890 2017 Ex
1935 1916 2033 1972 illo
2081 1933 2268 2017 ergoB

563 2011 718 2066 Juda
733 2008 934 2065 Jacobi
965 2024 1074 2064 nos
1102 2007 1357 2062 dicimur
1377 2005 1565 2061 Judaei
1593 2005 1932 2079 spirituales
1957 2030 1972 2073 ;
2004 2023 2074 2062 ex
2101 2005 2213 2062 isto

569 2103 767 2156 autem
808 2097 1081 2154 Iscariote
1127 2094 1213 2151 illi
1260 2096 1537 2151 dicuntur
1572 2095 1758 2151 Judaei
1798 2095 2080 2151 carnales.
2116 2094 2216 2152 Ille

571 2189 758 2245 Judas
822 2191 989 2260 pater
1060 2189 1260 2242 noster
1332 2183 1549 2241 dicitur
1611 2184 1847 2252 Jacobi,
1915 2184 2024 2240 hoc
2092 2188 2214 2254 est,

570 2277 760 2333 Judas
811 2275 970 2331 filius
1017 2274 1503 2347 supplantatoris.
1537 2277 1654 2330 Nos
1683 2274 1837 2330 enim
1871 2273 2216 2347 supplanta-

571 2366 769 2422 vimus
797 2363 1080 2438 populum
1106 2363 1442 2419 Judaiorum
1474 2367 1530 2419 et
1561 2363 1892 2436 accepimus
1923 2363 2217 2435 primitiva

567 2453 849 2523 illorum;
898 2452 982 2508 illi
1031 2457 1226 2508 autem
1285 2469 1352 2509 ex
1401 2452 1676 2509 lscariote
1730 2451 2024 2524 dicuntur,
2060 2452 2214 2523 quod

569 2544 820 2600 dubium
851 2548 960 2615 est,
993 2547 1331 2614 ampatrem
1380 2541 1693 2614 signiﬁcet,
1725 2558 1798 2598 an
1833 2540 2030 2597 villam
2063 2541 2211 2611 ejus.

565 2632 876 2700 Caeterum,
939 2632 1470 2704 quomodocunque
1537 2630 1951 2703 interpretatus
2013 2629 2211 2698 fueris,

568 2738 795 2780 merces
837 2722 1254 2795 interpretatur
1290 2728 1346 2777 et
1377 2720 1650 2793 pretium.
1686 2720 1872 2793 lgitur
1896 2719 2080 2776 Judas
2112 2720 2212 2791 qui

563 2811 906 2884 proditurus
935 2815 1059 2867 erat
1088 2810 1424 2879 Dominum,
1457 2815 1513 2866 et
1542 2810 1795 2882 pretium
1845 2815 2211 2881 accepturus,

562 2902 632 2958 de
664 2901 849 2973 pretio
881 2917 1094 2956 nomen
1128 2899 1368 2972 accepit.
1404 2899 1557 2955 Licet
1587 2899 1907 2955 reddiderit
1955 2898 2211 2970 pretium

566 2989 970 3046 sacerdotibus
989 2989 1350 3054 Judas-orum,
1367 2988 1469 3043 sed
1493 2991 1689 3042 tamen
1711 2987 1794 3042 illi
1818 2987 2214 3042 condemnant

561 3094 721 3149 eum,
752 3077 1033 3149 quoniam
1064 3076 1272 3132 nolunt
1309 3075 1562 3148 recipere
1595 3076 1848 3147 pretium
1881 3075 2207 3148 sanguinis.

560 3167 766 3223 Videte
794 3166 1222 3222 dissensionem
1256 3164 1679 3220 Pharisaeorum
1723 3168 1779 3220 et
1808 3164 2210 3221 infelicitatem

560 3255 746 3338 Judae.
780 3254 841 3310 Si
887 3255 1034 3309 bene
1083 3253 1309 3308 emistis
1355 3253 1705 3326 sanguinem
1746 3253 1975 3320 Jesum,
2030 3270 2210 3325 quare

2424 782 2450 809 ι(
2482 760 2768 815 Nutantes
2790 759 3220 814 transferantur
3237 758 3341 813 ﬁlii
3361 759 3510 832 ejus,
3525 765 3583 816 et
3603 765 3980 822 mendicent.»

2347 848 2664 922 Diligenter
2685 849 3081 903 considerate:
3105 847 3395 920 siquidem
3418 849 3683 907 difﬁcilia
3705 857 3845 909 sunt
3865 871 3979 926 quis

2346 942 2692 1008 sequuntur.
2725 937 2805 991 Ex
2851 936 2950 991 illo
2991 941 3252 1008 tempore
3293 953 3361 993 ex
3400 954 3515 1010 quo
3545 939 3830 999 Dominus
3858 960 3976 1000 cru-

2344 1025 2552 1081 ciﬁxus
2581 1030 2687 1094 est,
2722 1043 2791 1082 ex
2833 1031 2973 1080 tunc
3018 1041 3250 1098 semper
3296 1034 3605 1085 moventur
3631 1032 3838 1097 Judaei,
3871 1051 3975 1090 non

2342 1119 2502 1171 stant
2529 1116 2589 1170 in
2620 1132 2726 1172 suo
2757 1115 2903 1170 loco.
2938 1115 3194 1186 Denique
3242 1115 3456 1172 dicitur
3492 1122 3548 1174 et
3578 1120 3648 1174 de
3677 1120 3814 1176 Cain
3850 1140 3864 1179 :
3915 1127 3976 1180 Et

2337 1207 2497 1272 exiit,
2532 1205 2742 1276 inquit,
2777 1203 2911 1259 Cain
2957 1222 2992 1259 (ι
3033 1206 3176 1276 facie
3215 1207 3334 1272 Dei,
3369 1214 3417 1261 et
3448 1206 3718 1265 habitavit
3749 1211 3808 1266 in
3841 1219 3974 1269 terra

2337 1293 2450 1349 Nod
2491 1293 2644 1365 (Gen.
2679 1312 2753 1364 IV,
2789 1295 2914 1364 16);
2966 1294 3092 1348 Nod
3140 1298 3337 1349 autem
3385 1294 3803 1368 interpretatur
3844 1317 3974 1357 com-

2333 1386 2521 1438 motio.
2555 1382 2702 1447 Quia
2729 1399 3000 1455 egressus
3031 1383 3222 1438 fuerat
3264 1400 3298 1438 a
3329 1382 3473 1440 facie
3507 1385 3602 1441 Dei
3633 1387 3792 1460 Cain,
3829 1394 3972 1447 recte

2333 1487 2451 1526 non
2483 1472 2664 1538 stetit,
2698 1471 2796 1527 sed
2829 1471 3113 1527 habitavit
3141 1471 3200 1526 in
3243 1475 3399 1528 terra
3435 1474 3582 1542 Nod,
3634 1474 3745 1531 hoc
3787 1483 3877 1534 est
3918 1480 3971 1534 in

2333 1561 2742 1616 commotione.
2777 1560 2864 1616 Ita
2894 1560 3074 1632 igitur
3104 1565 3161 1616 et
3198 1561 3317 1629 isti,
3351 1562 3629 1633 quoniam
3679 1565 3970 1624 cruciﬁxe-

2330 1652 2469 1703 runt
2493 1649 2676 1704 Deum
2699 1653 2752 1704 et
2775 1649 3089 1704 Dominum
3113 1665 3311 1721 suum,
3337 1655 3610 1708 nutantes
3632 1655 3974 1712 transferen-

2327 1741 2442 1792 tur.
2474 1741 2602 1794 Non
2631 1737 2787 1792 enim
2820 1742 2958 1792 sunt
2988 1737 3048 1793 in
3079 1737 3204 1794 suis
3233 1738 3397 1810 locis,
3431 1741 3532 1796 sed
3567 1741 3624 1797 in
3667 1747 3782 1798 toto
3830 1745 3964 1801 orbe

2327 1826 2494 1882 divisi
2530 1832 2690 1882 sunt.
2722 1827 3152 1882 Mendicitatem
3185 1825 3281 1882 hic
3311 1827 3452 1884 dicit
3495 1829 3821 1888 divitiarum
3852 1834 3966 1906 spi-

2325 1914 2653 1970 ritualium.
2682 1915 2806 1970 Non
2829 1915 2985 1970 enim
3016 1915 3235 1971 habent
3260 1917 3595 1990 prephetas,
3621 1937 3732 1976 non
3754 1921 3967 1978 habent

2325 2005 2535 2076 legem,
2569 2021 2684 2061 non
2718 2004 2935 2060 habent
2964 2004 3374 2071 sacerdotium,
3410 2024 3524 2064 non
3554 2008 3771 2066 habent
3799 2011 3966 2067 sacri-

2325 2093 2546 2162 ﬁcium,
2577 2093 2678 2149 sed
2708 2110 2839 2149 vere
2871 2093 3121 2148 mendici
3153 2093 3286 2149 facti
3319 2101 3476 2151 sunt.

2398 2206 2426 2233 «
2459 2183 2765 2238 Scrutetur
2787 2183 3076 2238 fenerator
3095 2199 3327 2239 omnem
3350 2185 3745 2244 substantiam
3767 2190 3912 2260 ejus.
3934 2212 3961 2240 υ

2325 2270 2547 2327 Dedisti
2598 2270 2681 2326 illi
2726 2272 3036 2343 pecuniam
3067 2271 3358 2328 Domine:
3413 2275 3625 2332 dedisti
3679 2276 3762 2332 illi
3817 2278 3966 2336 sicut

2325 2365 2381 2414 et
2409 2358 2560 2415 aliis.
2597 2359 2700 2415 llle
2729 2365 2926 2416 autem
2958 2360 3098 2432 quid
3131 2361 3312 2416 fecit?
3355 2362 3480 2418 Non
3520 2363 3722 2437 ligavit
3770 2366 3829 2421 in
3876 2384 3966 2424 su-

2325 2449 2507 2508 dario.
2553 2454 2609 2504 et
2639 2466 2755 2504 non
2787 2449 2996 2504 infodit
3027 2453 3213 2516 terrae,
3247 2455 3304 2506 et
3333 2452 3635 2525 negligens
3668 2454 3779 2511 luit
3809 2459 3959 2525 (Luc.

2323 2554 2437 2615 xix,
2463 2539 2534 2592 2O
2553 2539 2686 2610 seq.)
2717 2564 2730 2605 ;
2763 2539 2863 2593 sed
2898 2537 2997 2593 ubi
3027 2537 3235 2594 habuit
3260 2539 3542 2598 talentum
3573 2547 3632 2598 et
3663 2546 3963 2616 pecuniam

2323 2627 2574 2698 Domini,
2616 2627 2840 2699 accepit
2889 2627 3139 2699 pretium
3197 2629 3269 2684 ab
3318 2629 3572 2687 inimicis
3622 2633 3873 2701 Domini,
3913 2640 3967 2692 et

2321 2716 2582 2772 vendidit
2617 2717 2928 2772 Dominum
2960 2733 3156 2772 suum.
3180 2717 3491 2791 Propterea
3519 2720 3626 2776 tibi
3655 2722 3783 2779 dico
3813 2741 3827 2779 :
3859 2724 3960 2780 Do-

2323 2807 2500 2873 mine,
2533 2805 2696 2878 exige
2745 2806 2816 2860 ab
2863 2805 2965 2862 illo
3010 2807 3179 2863 fenus
3227 2809 3484 2880 pecuniae
3539 2814 3671 2866 tuae.
3721 2835 3748 2862 «
3783 2815 3849 2868 Et
3879 2813 3962 2868 di-

2322 2895 2539 2967 ripiant
2567 2894 2741 2950 alieni
2769 2894 2998 2950 labores
3037 2897 3185 2966 ejus.
3220 2919 3250 2946 »
3298 2897 3616 2954 Feneratur
3663 2901 3958 2974 Dominus,

2322 2984 2630 3039 manifeste
2659 2983 2857 3055 exigit,
2891 2987 2949 3038 et
2977 2984 3117 3056 quid
3151 2985 3370 3041 factum
3409 2987 3544 3042 est?
3588 2989 3774 3045 Alieni
3822 2990 3961 3046 diri-

2321 3073 2481 3144 pient
2509 3071 2737 3128 labores
2766 3073 2914 3144 ejus.
2949 3073 3079 3129 Sive
3111 3075 3180 3130 de
3211 3075 3486 3131 omnibus
3522 3077 3740 3135 Judaeis
3785 3097 3962 3153 gene-

2321 3162 2519 3218 raliter
2547 3161 2953 3234 intelligimus,
2988 3164 3127 3235 quia
3169 3166 3374 3220 vastati
3421 3172 3561 3222 sunt
3601 3185 3636 3224 a
3667 3169 3959 3242 Romanis,

2323 3252 2443 3307 sive
2483 3251 2830 3324 specialiter,
2863 3253 3018 3325 quod
3068 3271 3102 3308 a
3149 3254 3514 3312 daemonibus
3563 3257 3821 3330 direptus
3874 3264 3962 3315 est

567 3329 684 3400 non
716 3342 1016 3415 recepistis
1046 3341 1352 3415 pecuniam
1385 3324 1638 3398 vestram
1659 3341 1687 3395 εἰ
1736 3342 1797 3397 Si
1847 3324 2063 3398 autem
2093 3359 2210 3399 non
2241 3324 2285 3392 C
2321 3341 2527 3409 Judas,
2562 3346 2616 3396 et
2649 3341 2774 3413 ipse
2805 3324 3078 3414 populus.

559 3431 740 3490 vultis
789 3433 1047 3505 recipere
1098 3432 1377 3503 quoniam
1434 3431 1686 3503 pretium
1749 3433 2054 3505 sanguinis
2099 3437 2207 3501 est,

565 3522 875 3580 ostenditis
922 3521 1310 3593 vosmetipsos
1357 3521 1575 3591 injuste
1606 3525 1664 3576 et
1706 3521 1906 3593 inique
1935 3522 2210 3578 ell‘udisse

554 3611 926 3684 sanguinem.
957 3611 1068 3666 Sed
1114 3610 1246 3666 vide
1295 3609 1433 3682 quid
1468 3610 1707 3666 faciunt.
1740 3611 1956 3682 Ipsam,
1990 3611 2204 3684 inquit,

557 3700 868 3774 pecuniam
899 3716 1015 3755 non
1045 3699 1286 3754 mittunt
1315 3699 1374 3754 in
1405 3699 1742 3767 corbonam,
1777 3700 1875 3756 sed
1905 3706 2110 3756 emunt
2140 3717 2209 3756 ex

559 3789 693 3863 ipsa
738 3805 970 3862 agrum,
1000 3793 1058 3843 et
1105 3787 1402 3860 appellant
1447 3804 1582 3843 eum
1630 3789 2012 3857 Akeldamah,
2047 3792 2203 3861 quod

561 3879 987 3952 interpretatur
1028 3879 1274 3950 pretium
1319 3878 1610 3946 sanguinis
1659 3878 1861 3946 (Matth.
1915 3895 2093 3947 xxvn,
2140 3881 2202 3934 5-

557 3969 668 4042 10).
699 3969 886 4043 Quare
917 3965 1086 4023 illum
1117 3967 1374 4022 emunt?
1423 3968 1485 4022 In
1531 3967 1896 4039 sepulturam
1950 3969 2202 4040 peregri-

554 4073 788 4116 norum.
842 4057 959 4114 Nos
1005 4056 1161 4113 beati
1191 4056 1408 4128 quibus
1439 4057 1509 4112 de
1540 4057 1724 4129 pretio
1755 4058 2064 4130 sanguinis
2093 4063 2202 4114 Do-

555 4147 702 4203 mini
723 4161 863 4219 ager
878 4146 1112 4203 emitur.
1143 4168 1172 4197 «
1194 4145 1265 4200 Et
1289 4162 1436 4202 uxor
1456 4146 1585 4216 ejus
1617 4146 1808 4202 vidua.
1836 4168 1864 4196 »
1896 4147 2204 4220 Synagoga

556 4253 685 4309 quae
716 4236 909 4308 prima
938 4235 1091 4290 facta
1131 4238 1220 4290 est
1266 4251 1410 4290 uxor
1443 4234 1578 4305 Dei,
1612 4235 1683 4290 de
1731 4251 1848 4306 qua
1897 4236 2042 4291 dixit
2075 4255 2088 4292 :
2141 4238 2206 4294 Et

552 4324 701 4382 dedit
728 4325 820 4380 illi
849 4323 1096 4379 libellum
1125 4321 1342 4393 repudii
1369 4321 1548 4392 (Deut.
1574 4337 1723 4392 xxxv,
1750 4322 1820 4391 1).
1847 4321 1916 4376 Et
1945 4322 2156 4378 iterum
2184 4342 2196 4379 :

549 4416 745 4486 Recepi
770 4429 919 4481 eam,
953 4420 1007 4467 et
1045 4411 1175 4466 dixi
1218 4405 1356 4464 illi:
1406 4408 1726 4465 Convertere
1771 4409 1841 4464 ad
1869 4427 1954 4465 me
1983 4412 2196 4482 (Jerem.

548 4521 634 4572 III,
669 4503 742 4574 1).
776 4501 1046 4573 llla.ergo
1077 4500 1387 4571 Synagoga
1415 4499 1726 4570 repudium
1767 4501 1988 4572 accepit
2018 4518 2052 4556 a
2079 4501 2198 4557 Sal-

545 4596 762 4658 vatore,
797 4596 853 4646 et
882 4591 1035 4646 facta
1065 4595 1153 4644 est
1185 4605 1332 4644 uxor
1357 4588 1520 4644 Judas
1566 4588 1900 4660 proditoris.
1936 4590 2199 4663 Denique

546 4679 687 4750 quid
741 4678 920 4734 fecit?
969 4677 1094 4733 Non
1126 4677 1348 4749 accepit
1375 4678 1597 4745 dotem,
1625 4678 1725 4734 sed
1761 4678 1953 4735 dotem
1987 4681 2196 4736 marito
2227 4694 2273 4759 D

543 4783 651 4823 suo
682 4767 860 4823 dedit.
887 4771 1106 4822 lterum
1139 4773 1334 4822 autem
1363 4766 1460 4822 ille
1490 4766 1860 4824 miserrimus
1881 4770 2066 4825 Judas
2093 4771 2194 4841 qui

540 4855 1150 4930 prodiditDominum,
1167 4871 1279 4910 non
1302 4855 1427 4911 vult
1446 4855 1708 4928 accipere
1729 4857 1942 4913 malam
1966 4859 2189 4915 dotem:

540 4945 645 5002 sed
678 4943 935 5002 reddidit
984 4942 1275 5000 meretrici
1324 4944 1487 5000 uxori
1537 4943 1753 5000 malam
1785 4947 1981 5002 dotem
2013 4964 2190 5020 quam

541 5035 762 5108 accepit
809 5034 880 5090 ab
931 5032 1052 5089 illa.
1089 5033 1154 5088 Et
1203 5033 1344 5105 quid
1385 5033 1572 5088 dicit?
1623 5034 1981 5106 Displicuisti
2013 5038 2192 5108 priori

541 5129 641 5181 tuo
674 5124 906 5193 marito,
940 5123 1268 5195 repudiavit
1295 5127 1375 5191 te,
1409 5129 1468 5178 et
1516 5124 1780 5195 projecit,
1811 5130 1868 5179 et
1895 5125 2056 5180 dedit
2083 5127 2189 5182 tibi

541 5211 808 5270 libellum
858 5212 1104 5284 repudii.
1139 5212 1254 5284 Ego
1305 5213 1438 5267 nolo
1481 5215 1537 5266 te
1583 5210 1796 5266 habere
1835 5212 1891 5266 in
1927 5230 2187 5270 uxorem.

542 5303 765 5359 Dedisti
819 5301 965 5357 mihi
1015 5301 1290 5374 pretium,
1341 5306 1398 5355 et
1445 5299 1721 5371 decepisti
1773 5317 1886 5355 me.
1945 5302 2014 5356 Et
2061 5319 2188 5372 qua:

541 5391 886 5448 interfecisti
939 5389 1251 5446 Dominum
1304 5395 1484 5445 Deum
1536 5395 1728 5454 tuum,
1770 5389 2086 5448 interlicies
2133 5397 2191 5448 et

614 5533 892 5604 ‘Juvabit
949 5530 1264 5588 recoluisse
1315 5549 1441 5604 qua:
1500 5531 1679 5587 tradit
1734 5530 2080 5603 Euthymius
2126 5535 2183 5590 in

541 5602 698 5658 hunc
727 5603 942 5660 locum.

2393 3455 2420 3481 ‹‹
2456 3431 2580 3489 Non
2615 3430 2691 3486 sit
2719 3430 2806 3485 illi
2837 3431 3087 3502 adjutor,
3112 3449 3217 3489 nec
3248 3434 3326 3489 sit
3355 3434 3455 3506 qui
3487 3436 3830 3494 misereatur
3859 3456 3961 3512 pu-

2320 3519 2476 3592 pillis
2529 3522 2675 3592 ejus.
2709 3539 2736 3572 ο
2792 3521 2852 3575 in
2900 3519 2999 3576 illo
3038 3527 3300 3595 tempore
3331 3541 3444 3580 non
3481 3525 3687 3582 habuit
3715 3528 3964 3601 populus

2316 3610 2653 3666 Judaaorum
2711 3610 3060 3681 adjutorem.
3099 3613 3464 3684 Respondete
3496 3615 3661 3686 mihi,
3692 3633 3724 3672 ο
3749 3618 3957 3674 Judaei.

2317 3699 2535 3755 Fuistis
2566 3700 2624 3755 in
2656 3698 2972 3771 Babylonia
3006 3716 3018 3754 :
3053 3700 3344 3758 habuistis
3373 3703 3452 3758 ibi
3486 3704 3815 3776 prophetas,
3847 3707 3956 3763 Da-

2315 3789 2454 3856 niel,
2489 3788 2773 3855 Ezechiel,
2804 3794 2861 3844 et
2890 3804 3088 3845 revera
3134 3789 3453 3847 idololatria
3485 3795 3683 3851 eratis.
3714 3796 3956 3867 Septua-

2313 3880 2479 3952 ginta
2507 3879 2678 3934 annis
2709 3878 2902 3934 fuistis
2935 3878 2992 3933 in
3025 3879 3383 3952 captivitate,
3405 3887 3464 3937 et
3493 3889 3692 3954 postea
3716 3885 3954 3941 venistis

2337 3987 2371 4023 n
2422 3967 2676 4040 propria.
2717 3968 2859 4022 Ecce
2908 3983 3063 4023 nunc
3095 3969 3492 4042 quadringinti
3553 3973 3688 4028 anni
3709 3975 3750 4040 ²,
3776 3990 3957 4046 quare

2313 4075 2430 4114 non
2460 4063 2549 4113 est
2578 4057 2797 4113 missus
2829 4057 2900 4112 ad
2932 4074 3033 4113 vos
3065 4058 3347 4130 propheta
3368 4059 3396 4114 ‘I
3435 4065 3499 4116 In
3551 4061 3650 4117 illo
3702 4066 3956 4135 tempore

2312 4146 2467 4203 idola
2513 4146 2810 4213 colebatis,
2842 4151 2898 4201 et
2947 4146 3334 4203 miserebatur
3381 4151 3555 4206 vestri
3587 4151 3758 4208 Deus.
3790 4152 3954 4208 Nunc

2312 4241 2505 4292 autem
2539 4253 2655 4291 non
2687 4234 2878 4291 colitis
2909 4235 3082 4304 idola,
3116 4253 3295 4308 quare
3347 4238 3654 4311 dereliquit
3700 4257 3800 4296 vos
3843 4242 3953 4298 Do-

2311 4325 2556 4381 minus‘?
2601 4325 2745 4380 Ecce
2795 4324 3208 4398 quadringenti
3264 4328 3400 4383 anni
3453 4333 3610 4384 sunt.
3656 4329 3765 4386 Sed
3814 4336 3956 4386 tunc

2309 4413 2707 4486 dereliquistis
2754 4414 3090 4482 Dominum,
3123 4420 3180 4470 et
3217 4415 3372 4472 idola
3421 4416 3699 4474 colebatis
3733 4436 3746 4475 :
3799 4437 3954 4476 nunc

2308 4507 2500 4560 autem
2531 4502 2839 4558 Dominum
2863 4503 3234 4559 cruciﬁxistis
3255 4509 3312 4560 et
3335 4505 3725 4578 interfecistis,
3748 4513 3805 4564 et
3824 4508 3953 4564 ideo

2309 4610 2425 4649 non
2455 4593 2567 4648 erit
2596 4593 2760 4648 vobis
2791 4592 3044 4664 adjutor.

2379 4705 2406 4732 ‹‹
2442 4682 2505 4739 In
2537 4682 2908 4754 generatione
2939 4698 3058 4737 una
3087 4682 3351 4740 deleatur
3379 4701 3590 4742 nomen
3644 4687 3789 4758 ejus.
3823 4707 3852 4740 ι
3903 4687 3948 4743 Ο

2305 4771 2629 4845 prophetia,
2663 4787 2694 4826 ο
2729 4776 3162 4827 sacramentum
3207 4773 3522 4846 prophetiae
3551 4777 3561 4830 l
3617 4799 3646 4827 «
3679 4776 3738 4832 In
3771 4793 3944 4850 gene-

2303 4860 2524 4916 ratione
2548 4876 2665 4914 una
2690 4858 2954 4914 deleatur
2979 4877 3189 4916 nomen
3212 4862 3359 4932 ejus.
3392 4885 3418 4912 ››
3451 4867 3588 4920 Post
3617 4865 3947 4937 passionem

2305 4948 2547 5015 Domini,
2580 4947 2972 5020 quadraginta
3023 4949 3138 5005 duo
3188 4951 3326 5006 anni
3371 4953 3730 5010 transierunt
3757 4961 3812 5010 et
3842 4971 3945 5027 po-

2301 5037 2477 5110 pulus
2508 5037 2606 5092 ille
2638 5035 2862 5092 deletus
2892 5042 2998 5093 est.
3027 5039 3328 5110 Siquidem
3361 5043 3614 5112 perfecta
3640 5047 3777 5099 aetas
3807 5061 3949 5116 qua-

2300 5125 2631 5198 dragesimo
2685 5142 2838 5181 anno
2885 5127 3061 5182 venit.
3097 5128 3232 5182 Post
3285 5131 3617 5200 passionem
3662 5148 3796 5204 ergo
3835 5137 3945 5189 Do-

2299 5214 2443 5270 mini
2476 5215 2924 5287 quadragesimo
2955 5216 3211 5271 secundo
3238 5235 3390 5274 anno
3416 5218 3606 5275 deleta
3634 5227 3721 5277 est
3749 5221 3948 5278 Hiero-

2298 5307 2541 5376 solyma.
2575 5303 2778 5360 Videte
2827 5319 2963 5375 ergo
3013 5306 3292 5375 quoniam
3332 5309 3390 5362 in
3421 5310 3791 5379 generatione
3823 5327 3944 5366 una

2297 5391 2551 5449 deletum
2585 5397 2673 5448 est
2702 5408 2913 5448 nomen
2946 5393 3094 5463 ejus.
3145 5395 3251 5451 Sed
3286 5402 3343 5452 et
3381 5397 3439 5451 in
3485 5397 3591 5454 hoc
3634 5398 3945 5456 clementia

2296 5536 2396 5626 Est
2425 5533 2954 5626 tamen‘hiAchocus
2982 5539 3053 5626 let
3084 5536 3141 5591 in
3171 5539 3608 5626 {\‘quicincte‘nsi
3639 5543 3941 5626 ms._ap_ud

2295 5607 2553 5663 Martene
2608 5605 2922 5678 Anecdotor.
2982 5611 3124 5663 tom.
3179 5605 3278 5678 IX,
3339 5611 3439 5666 ubi
3488 5611 3703 5668 Hilario
3751 5605 3941 5670 Picta-

611 5674 633 5708 ²
661 5674 821 5755 099d
866 5675 1102 5755 sequior
1147 5677 1281 5755 ista
1309 5673 1645 5755 Hieronymi
1691 5678 1856 5730 aetate
1888 5675 1984 5755 sit,
2019 5693 2182 5755 reum
2291 5679 2498 5755 viensi,
2531 5679 2744 5755 seniori
2793 5676 3221 5755 scilicet_P_atri,
3248 5673 3396 5755 opus
3427 5683 3758 5740 ascribitur.
3789 5684 3943 5745 Vide

540 5744 801 5805 ementiti
847 5744 1102 5818 nominis
1140 5744 1704 5804 tractatorem‘hunc
1733 5750 1916 5818 agunt
1943 5751 2179 5808 eruditi.

2292 5767 2420 5826 quae
2451 5751 2510 5807 in
2543 5750 2779 5824 praefixa
2808 5747 3216 5811 admonitione
3235 5747 3636 5814 observamus.
