4256 6598
285 489 436 550 1229

1456 490 1955 556 BREVIARIUM
2001 493 2076 552 IN
2124 491 2505 553 PSALMOS.

3527 493 3686 553 1230

282 627 367 677 est
395 621 1079 678 Domini.Cruciﬁxerunt
1106 630 1334 693 eum,et
1362 625 1750 697 quadraginta
1777 626 1922 680 duos
1952 627 2007 692 Α
2037 630 2142 692 ter,
2167 628 2222 679 et
2252 623 2334 678 illi
2358 622 2525 694 quasi
2550 621 2902 678 homicidam
2924 637 3099 676 suum
3121 636 3214 677 me
3242 620 3684 692 interfecerunt,

284 727 465 767 annos
496 710 656 767 dedit
706 711 790 767 eis
839 712 912 766 ad
961 713 1387 784 paenitentiam.
1421 717 1537 786 Ego
1579 713 1926 785 simpliciter

284 799 410 855 dico
463 816 475 855 :
529 801 838 872 Propterea
881 801 1168 856 interfecit
1218 818 1317 857 eos
1361 808 1493 874 post
1538 802 1929 874 quadraginta

285 889 431 944 duos
462 905 666 958 annos,
699 889 838 962 quia
867 905 935 944 ex
963 889 1081 944 illis
1131 890 1226 960 qui
1284 891 1697 946 cruciﬁxerunt
1735 890 1931 946 Domi-

287 994 447 1046 num,
482 993 654 1034 nemo
686 982 1050 1034 remanserat
1079 995 1147 1034 ex
1175 979 1279 1034 eis.
1311 979 1497 1035 Judas
1536 978 1928 1046 maledicitur,

299 1071 364 1121 ut
393 1067 451 1121 in
480 1066 630 1122 Juda
660 1067 845 1121 Judaei
877 1066 1320 1122 maledicantur.

359 1176 380 1205 ι
417 1155 476 1210 In
511 1154 855 1210 memoriam
888 1155 1084 1210 redeat
1113 1155 1396 1226 iniquitas
1427 1160 1650 1228 patrum
1695 1156 1824 1227 ejus
1867 1154 1927 1209 in

286 1248 598 1316 conspectu
631 1243 880 1298 Domini.
909 1265 936 1292 »
971 1249 1361 1299 Peccaverunt
1391 1246 1448 1299 in
1480 1245 1731 1315 deserto,
1762 1242 1932 1298 dimi-

286 1332 409 1388 sisti
435 1333 540 1389 eis.
568 1331 733 1386 Nunc
764 1336 996 1403 reputat
1026 1331 1142 1387 illis
1162 1334 1318 1404 quod
1351 1338 1489 1388 tunc
1521 1337 1928 1405 peccaverunt,

287 1422 563 1492 quoniam
596 1419 905 1475 Dominum
937 1420 1369 1476 cruciﬁxerunt.
1393 1421 1525 1476 Sive
1554 1421 1720 1477 aliter
1750 1421 1927 1476 inter-

286 1513 583 1580 pretemur
614 1525 628 1565 :
662 1509 732 1563 Et
753 1513 983 1581 reputat
1014 1508 1132 1565 illis
1157 1509 1564 1566 crudelitatem
1599 1509 1932 1566 homicidio-

287 1613 416 1652 rum
463 1613 688 1664 eorum,
737 1601 791 1652 et
840 1596 986 1650 nihil
1035 1597 1119 1652 eis
1167 1597 1434 1652 dimittit.
1472 1617 1498 1649 α
1530 1599 1599 1653 Et
1628 1603 1930 1670 peccatum

287 1685 491 1742 matris
521 1687 650 1755 ejus
679 1701 795 1740 non
827 1684 1106 1741 deleatur.
1145 1708 1170 1734 ››
1202 1687 1338 1749 Quae
1369 1691 1458 1742 est
1490 1691 1676 1742 mater
1723 1687 1883 1742 Judae
1905 1687 1932 1740 ?

285 1772 628 1840 Jerusalem,
663 1789 792 1845 quas
824 1772 884 1828 in
929 1776 1216 1846 sanguine
1260 1776 1496 1847 gaudet,
1547 1792 1673 1847 quae
1720 1774 1934 1830 occidit

287 1862 600 1935 prophetas
625 1867 683 1918 et
712 1861 906 1934 ipsum
941 1864 1253 1919 Dominum
1286 1880 1484 1919 suum.

362 1973 384 2002 ι
418 1952 526 2007 Pro
556 1967 622 2008 eo
655 1952 808 2024 quod
842 1969 956 2008 non
987 1958 1076 2008 est
1105 1953 1443 2009 recordatus
1474 1953 1660 2009 facere
1703 1953 1928 2009 miseri-
1961 1990 2012 2058 Β

287 2041 565 2096 cordiam.
605 2062 626 2091 ι
663 2041 866 2097 Videte
913 2045 1134 2112 quanta
1180 2042 1492 2097 clementia
1539 2041 1772 2096 Domini
1821 2045 1929 2096 est.

287 2128 457 2184 Videt
503 2146 636 2185 eum
687 2146 821 2185 cum
871 2131 1160 2186 ministris
1209 2130 1572 2198 venientem;
1617 2130 1769 2186 videt
1797 2144 1932 2186 eum

286 2218 614 2274 venientem
646 2235 780 2274 cum
813 2219 1090 2285 fustibus,
1123 2224 1179 2274 et
1208 2219 1454 2291 porrigit
1506 2218 1591 2272 illi
1641 2217 1931 2274 osculum.

290 2306 387 2362 llle
416 2307 574 2362 venit
600 2307 672 2363 ad
703 2307 1091 2379 prodendum,
1116 2313 1172 2364 et
1200 2307 1484 2363 Dominus
1511 2307 1776 2364 osculum
1810 2311 1929 2376 dat,

291 2399 354 2451 ut
383 2395 484 2468 qui
515 2396 867 2468 magistrum
897 2412 1012 2452 non
1045 2395 1261 2465 timuit,
1293 2396 1379 2452 vel
1411 2396 1720 2452 clementia
1747 2396 1935 2452 vince-

288 2488 468 2540 retur.

359 2592 389 2619 «ς
420 2571 490 2626 Et
519 2575 859 2642 persecutus
887 2575 977 2627 est
1004 2571 1303 2628 hominem
1333 2571 1566 2644 inopem
1607 2576 1665 2628 et
1708 2573 1931 2629 mendi-

288 2675 444 2714 cum.
495 2681 524 2708 »
570 2660 677 2728 Qui
729 2675 853 2715 cum
904 2669 1038 2717 esset
1082 2663 1249 2731 dives,
1303 2666 1527 2733 prapter
1574 2678 1672 2718 nos
1725 2677 1935 2734 pauper

287 2750 462 2819 factus
489 2756 571 2803 est
593 2749 675 2820 (ll
699 2748 820 2804 Cor.
853 2767 974 2818 vm,
1005 2750 1084 2821 9).
1117 2737 1436 2805 Dominum,
1463 2750 1696 2824 inopem
1743 2768 1805 2807 se
1842 2753 1930 2807 di-

289 2837 368 2892 cit
396 2842 454 2892 et
483 2836 838 2908 mendicum,
872 2843 928 2893 et
955 2837 1088 2910 quis
1117 2838 1175 2892 in
1203 2838 1421 2894 divitiis
1451 2839 1574 2894 suis
1605 2839 1935 2911 gloriatur?

289 2925 526 2981 Habetis
556 2926 1033 2994 consolationem,
1066 2943 1373 2999 pauperes,
1406 2935 1463 2983 et
1510 2930 1790 2984 Dominus
1837 2946 1934 2984 vo-

289 3013 520 3069 biscum
551 3032 774 3088 pauper
801 3021 910 3071 est.
948 3037 976 3066 ‹‹
1006 3016 1076 3071 Et
1103 3021 1523 3088 compunctum
1554 3018 1725 3074 corde
1779 3034 1934 3073 mor-

289 3104 533 3161 tificare.
593 3125 618 3155 ι)
684 3104 832 3169 Quid
885 3109 973 3161 est
1022 3105 1179 3177 quod
1224 3105 1388 3174 dixit,
1437 3129 1466 3156 «
1516 3110 1934 3178 compunctum

290 3193 466 3248 corde
512 3191 904 3248 mortificare‘?
952 3213 982 3242 ιο
1033 3194 1196 3258 Quod
1247 3193 1307 3248 in
1355 3194 1664 3266 Evangelio
1723 3195 1868 3250 dixit
1919 3213 1932 3250 :

293 3283 480 3336 Tristis
509 3285 586 3335 est
617 3282 809 3335 anima
836 3296 964 3336 mea
991 3297 1161 3351 usque
1188 3281 1258 3336 ad
1285 3285 1512 3336 mortem
1541 3283 1748 3353 (Matth.
1779 3299 1932 3348 xxvx,

2036 715 2308 768 Excussus
2355 729 2496 767 sum.
2553 710 2701 775 Quid
2752 714 2842 766 est
2896 707 3041 764 hoc?
3072 709 3366 766 Persecuti
3398 713 3680 779 suntme,

2039 804 2404 874 projecerunt
2452 817 2564 855 me.
2614 798 2905 854 Persecuti
2955 801 3094 853 sunt
3141 815 3234 855 me
3273 799 3344 854 de
3372 799 3685 855 Nazareth.

2036 891 2181 946 Veni
2213 890 2271 944 in
2302 888 2732 960 Capharnaum,
2763 887 3054 958 persecuti
3101 891 3240 943 sunt
3292 903 3405 944 me.
3457 888 3539 944 De
3589 887 3688 944 Ca-

2037 979 2366 1049 pharnaum
2418 976 2492 1030 ivi
2540 977 2598 1031 in
2651 974 3046 1042 Bethsaidam,
3079 979 3136 1032 et
3163 976 3298 1032 inde
3356 993 3450 1032 me
3486 993 3686 1048 perse-

2037 1066 2155 1120 cuti
2189 1070 2345 1122 sunt.
2381 1065 2526 1120 Veni
2554 1065 2614 1120 in
2641 1063 2990 1132 Jerusalem,
3023 1063 3295 1122 nolebam
3343 1066 3614 1122 recedere
3655 1083 3691 1122 a

2038 1153 2250 1226 populo
2282 1170 2434 1226 meo,
2463 1158 2520 1208 et
2551 1154 2686 1209 inde
2717 1169 2810 1208 me
2841 1153 3129 1224 persecuti
3180 1158 3339 1222 sunt,
3383 1158 3442 1210 et
3479 1154 3565 1210 sic
3595 1170 3690 1211 me

2037 1241 2332 1299 habebant
2362 1242 2530 1315 quasi
2563 1241 2838 1298 locustas.
2874 1243 2939 1297 Et
2967 1242 3108 1314 quid
3141 1242 3289 1298 feci?
3316 1243 3509 1299 Iratus
3530 1260 3689 1316 sum,

2038 1332 2268 1387 defendi
2318 1332 2755 1403 memetipsum,
2809 1330 3084 1386 maledixi
3130 1347 3249 1402 eos,
3296 1334 3354 1387 et
3402 1331 3688 1405 dereliqui

2039 1419 2205 1476 illos?
2233 1420 2349 1476 Nec
2381 1437 2566 1476 unum
2592 1419 2803 1475 horum
2835 1419 2974 1486 feci;
3011 1419 3112 1475 sed
3145 1418 3287 1490 quid
3335 1419 3488 1476 feci?
3519 1419 3689 1477 Oravi

2041 1526 2142 1581 pro
2175 1509 2340 1580 ipsis.

2111 1620 2139 1649 «
2168 1598 2372 1653 Genua
2401 1612 2532 1652 mea
2561 1597 2856 1652 infirmata
2904 1601 3042 1653 sunt
3073 1614 3106 1652 a
3126 1598 3374 1669 jejunio.
3408 1620 3436 1648 »
3465 1599 3688 1655 Habeto

2041 1686 2524 1753 consolationem,
2556 1703 2588 1742 o
2621 1687 2927 1753 monache,
2951 1687 3276 1758 jejunando
3327 1706 3346 1744 :
3394 1687 3687 1760 siquidem

2041 1779 2097 1831 et
2126 1775 2410 1831 Dominus
2437 1775 2546 1830 hoc
2578 1775 2729 1830 fecit.
2763 1776 2882 1848 Ego
2912 1775 3041 1831 dico
3074 1776 3227 1848 quod
3259 1777 3496 1848 quando
3529 1777 3688 1849 jeju-

2041 1869 2141 1919 nat
2172 1863 2515 1930 monachus,
2547 1863 2750 1920 fortior
2778 1863 2844 1918 ﬁt
2873 1863 3122 1935 jejunio.
3169 1863 3246 1920 Et’
3264 1865 3496 1936 quando
3527 1865 3688 1921 inﬁr-

2042 1956 2280 2008 mantur
2306 1969 2497 2025 genua
2524 1954 2654 2024 ejus
2674 1951 2923 2024 jejunio,
2971 1959 3111 2008 tunc
3161 1954 3414 2009 maxime
3454 1954 3691 2010 robora-

2042 2047 2159 2098 tur.
2201 2063 2227 2095 ιι
2256 2043 2325 2098 Et
2354 2059 2488 2098 caro
2515 2058 2644 2097 mea
2672 2041 2985 2097 immutata
3008 2047 3096 2097 est
3125 2047 3361 2114 propter
3388 2042 3606 2100 oleum.
3662 2066 3688 2095 ι

2045 2131 2188 2187 Rem
2219 2131 2418 2186 videor
2445 2129 2745 2184 difﬁcilem
2777 2130 3050 2197 dieere,et
3075 2131 3402 2186 secundum
3431 2130 3689 2187 litteram

2049 2219 2416 2291 interpretor,
2449 2222 2514 2272 ut
2541 2218 2819 2273 aediﬁcem
2851 2217 3172 2274 audientes.
3224 2218 3490 2275 {Ediﬁcat
3531 2220 3689 2276 enim

2047 2323 2140 2362 me
2167 2305 2377 2363 littera.
2413 2308 2636 2361 Bonum
2668 2311 2756 2362 est
2775 2305 3046 2378 jejunare
3075 2322 3087 2361 :
3123 2307 3342 2363 bonum
3372 2312 3462 2364 est
3487 2308 3688 2380 fugere

2044 2396 2303 2452 delicias.
2338 2398 2660 2466 Antequam
2690 2395 2920 2451 veniam
2953 2397 3026 2450 ad
3057 2395 3424 2468 spiritualem
3471 2395 3686 2454 intelli-

2043 2485 2321 2556 gentiam,
2381 2484 2560 2540 miror
2613 2484 2672 2539 in
2722 2483 2933 2555 littera,
2984 2485 3140 2556 quod
3189 2485 3329 2540 dicit
3375 2485 3568 2542 oleum
3627 2503 3692 2543 se

2044 2574 2418 2629 manducare.
2479 2573 2671 2646 Longe
2735 2577 2826 2628 est
2883 2591 2917 2628 a
2964 2573 3186 2630 caeteris
3216 2574 3539 2632 desideriis.
3573 2579 3692 2632 Hoc

2042 2665 2230 2717 totum
2279 2660 2422 2728 dixi,
2468 2661 2606 2733 quia
2648 2661 2834 2716 dixit:
2868 2684 2897 2711 «
2928 2662 2998 2717 Et
3026 2679 3158 2718 caro
3198 2679 3330 2720 mea
3380 2663 3694 2720 immutata

2043 2753 2131 2806 est
2160 2755 2395 2822 prepter
2426 2749 2640 2805 oleum.
2673 2771 2700 2800 ι)
2733 2753 2853 2805 Hoc
2883 2750 3050 2808 aliter
3077 2751 3492 2824 interpretatus
3533 2768 3688 2808 sum.

2044 2838 2326 2894 Caeterum
2374 2839 2530 2910 quod
2583 2837 2742 2906 dicit,
2792 2837 2901 2894 hoc
2930 2845 3020 2894 est
3053 2855 3064 2894 :
3100 2837 3304 2895 Oleum
3335 2839 3528 2912 imago
3573 2839 3692 2895 cla-

2048 2927 2235 2983 ritatis
2266 2931 2392 2983 est:
2418 2926 2608 2983 oleum
2642 2927 2812 2998 quasi
2842 2943 2976 2983 esca
3007 2932 3097 2983 est
3125 2926 3478 2984 luminis.Ita
3510 2928 3693 3001 igitur

2046 3021 2102 3072 et
2130 3015 2310 3071 Judaei
2333 3022 2684 3087 acceperunt
2705 3031 2739 3070 a
2760 3031 2852 3070 me
2875 3015 3093 3087 oleum,
3116 3021 3464 3088 acceperunt
3487 3017 3689 3084 vitam,

2046 3109 2394 3178 acceperunt
2422 3104 2642 3159 lumen.
2675 3104 2757 3160 Ne
2788 3104 2921 3176 quis
2948 3103 3260 3173 existimet,
3292 3107 3448 3177 quod
3496 3105 3693 3162 oleum

2046 3193 2202 3248 dicat
2230 3210 2333 3264 pro
2365 3193 2766 3249 misericordia
2815 3211 2827 3248 :
2877 3193 2936 3248 in
2991 3193 3228 3250 Hebraeo
3258 3194 3576 3267 significat,
3609 3195 3694 3251 in-

2044 3281 2346 3354 telligibile
2373 3280 2589 3337 oleum.
2621 3283 2973 3336 Immutatus
3003 3286 3116 3350 est,
3146 3299 3262 3338 non
3293 3282 3354 3337 in
3383 3283 3690 3355 gaudium,

292 3369 403 3439 38).
436 3369 505 3424 Et
534 3368 744 3424 iterum
776 3369 1010 3440 quando
1041 3368 1186 3423 dixit
1217 3385 1229 3424 :
1263 3371 1454 3438 Pater,
1473 3371 1525 3426 si
1549 3371 1808 3441 possibile
1835 3378 1934 3440 est,
1965 3356 2009 3425 C
2048 3371 2149 3426 sed
2180 3370 2239 3424 in
2269 3369 2566 3424 tristitiam
2600 3387 2613 3425 :
2648 3386 2764 3425 non
2796 3373 2860 3423 ut
2889 3369 3189 3441 pulchrior
3216 3370 3565 3442 inveniatur,
3588 3373 3693 3428 sed

289 3460 538 3514 transeat
567 3474 601 3511 a
630 3473 715 3512 me
742 3458 892 3511 calix
920 3459 1024 3512 iste
1052 3457 1215 3528 (Ibid.
1248 3458 1359 3530 39).
1391 3457 1607 3514 Aliter:
1633 3459 1750 3514 Hoc
1779 3457 1937 3515 dole-

287 3547 390 3602 bat
441 3546 606 3615 mihi,
637 3550 694 3600 et
723 3545 1112 3601 contristabar
1143 3563 1246 3618 pro
1277 3547 1764 3619 persequentibus
1795 3562 1887 3602 me
1921 3565 1933 3603 :

290 3635 431 3708 quia
477 3635 754 3691 nolebant
798 3633 1200 3706 pmnitentiam
1250 3628 1438 3708 agere.
1491 3637 1609 3709 Ego
1658 3637 1717 3692 in
1770 3652 1938 3693 cruce

239 3784 241 3786 ,
291 3723 639 3796 pendebam,
691 3729 748 3780 et
796 3723 1082 3796 sanguine
1130 3740 1259 3780 meo
1308 3723 1573 3781 lavabam
1613 3726 1816 3782 sordes
1842 3741 1936 3781 eo-

292 3817 512 3878 rum,et
540 3811 653 3884 ipsi
687 3810 962 3867 nolebant
990 3827 1160 3883 agere
1189 3811 1613 3884 paenitentiam.
1648 3812 1742 3868 Hae
1774 3815 1940 3868 erant

293 3901 585 3973 lacrymaz,
619 3900 739 3956 hinc
760 3900 1132 3973 compunctio
1166 3919 1179 3957 :
1215 3901 1493 3974 quoniam
1525 3905 1941 3974 persequentes

295 4006 388 4046 me
419 4007 534 4046 non
563 3990 729 4062 potui
759 3989 1003 4046 salvere.

367 4102 395 4130 «
430 4079 637 4135 Libera
665 4095 779 4149 me,
811 4079 950 4150 quia
1006 4096 1225 4152 egenus
1256 4084 1314 4135 et
1342 4096 1564 4153 pauper
1592 4097 1725 4136 sum
1758 4097 1936 4152 ego.»

294 4168 580 4224 Dominus
609 4184 671 4224 se
700 4184 1014 4239 pauperem
1044 4167 1210 4236 dixit,
1244 4173 1307 4223 ut
1344 4185 1626 4241 pauperes
1675 4168 1940 4225 consola-

295 4263 475 4312 retur.
508 4260 653 4310 Cum
683 4255 1024 4310 hominibus
1054 4272 1277 4328 pauper
1308 4257 1495 4312 factus
1518 4261 1625 4324 est,
1648 4261 1712 4313 ut
1731 4257 1940 4313 saltem

297 4361 467 4401 nemo
499 4359 813 4416 pauperem
845 4343 1185 4416 despiceret.
1237 4367 1264 4393 «
1316 4346 1382 4400 Et
1428 4363 1526 4400 cor
1574 4363 1770 4402 meum
1812 4363 1944 4402 con-

296 4434 600 4490 turbatum
649 4435 738 4488 est
783 4431 938 4486 intra
976 4448 1088 4486 me.
1122 4454 1150 4482 »
1185 4433 1387 4489 Videte
1417 4433 1558 4504 quid
1586 4435 1781 4493 dicat:
1815 4457 1844 4485 «
1877 4435 1945 4489 Et

298 4540 397 4580 cor
426 4539 625 4578 meum
655 4522 1068 4577 conturbatum
1101 4526 1190 4576 est
1219 4521 1372 4577 intra
1402 4539 1514 4578 me.
1547 4543 1575 4572 »
1610 4523 1806 4595 Ipsum
1856 4527 1945 4579 est

299 4614 454 4684 quod
488 4611 629 4667 alibi
657 4610 802 4666 dixit
834 4627 847 4665 :
879 4611 1173 4666 Turbatus
1202 4626 1358 4680 sum,
1385 4617 1441 4666 et
1471 4628 1585 4666 non
1619 4628 1751 4667 sum
1783 4611 1942 4667 locu-

299 4707 416 4756 tus.
470 4701 632 4764 Quod
683 4700 908 4766 turbor,
950 4699 1207 4755 hominis
1255 4705 1344 4755 est
1392 4718 1405 4756 :
1460 4701 1688 4756 vincere
1747 4705 1943 4756 autem

296 4789 694 4845 turbationem
726 4793 783 4842 et
813 4788 982 4857 iram,
1015 4788 1125 4844 hoc
1156 4805 1382 4862 magna:
1412 4789 1644 4846 virtutis
1673 4795 1780 4846 est.
1817 4791 1948 4846 Pro-

298 4884 496 4952 pterea
526 4878 670 4933 dicit
699 4881 756 4932 et
783 4877 1072 4949 Propheta
1101 4895 1114 4932 :
1150 4879 1486 4949 Irascimini,
1519 4888 1569 4934 et
1608 4880 1784 4935 nolite
1833 4894 1949 4949 pec-

299 4983 426 5024 care
453 4967 625 5039 (Psal.
660 4983 733 5035 IV,
764 4968 841 5037 5).
878 4965 1052 5022 Irasci
1081 4966 1388 5022 hominum
1440 4971 1554 5035 est;
1592 4985 1708 5023 non
1758 4984 1946 5022 rema-

302 5073 438 5113 nere
467 5056 526 5110 in
557 5055 664 5125 ira,
689 5055 999 5111 Christiani
1030 5060 1137 5111 est.

380 5169 400 5196 α
436 5146 729 5201 Excussus
776 5160 905 5198 sum
957 5144 1110 5199 sicut
1153 5144 1411 5199 locustae.
1465 5168 1488 5196 ι
1540 5145 1658 5217 Ego
1709 5145 1947 5216 quidem

300 5250 597 5302 veneram,
629 5239 696 5288 ut
738 5237 1100 5306 protegerem
1132 5232 1414 5306 populum
1444 5250 1662 5302 meum,
1696 5240 1754 5289 et
1783 5233 1900 5289 dixi
1931 5251 1944 5290 :

300 5323 631 5392 Jerusalem,
679 5324 1002 5392 Jerusalem,
1030 5338 1157 5395 qua:
1202 5323 1400 5378 occidis
1444 5322 1752 5394 praphetas,
1786 5328 1834 5377 et
1865 5323 1948 5378 la-

295 5413 458 5486 pidas
481 5429 570 5469 eos
597 5413 694 5484 qui
723 5413 794 5468 ad
822 5416 873 5468 te
900 5414 1058 5468 missi
1081 5417 1210 5468 sunt
1245 5431 1264 5469 :
1295 5413 1500 5484 quoties
1529 5412 1680 5467 volui
1726 5427 1948 5483 congre-

300 5520 432 5575 gare
460 5504 603 5574 ﬁlio:
634 5511 770 5569 tuos,
819 5504 962 5557 sicut
993 5503 1208 5578 gallina
1245 5509 1543 5573 congregat
1587 5501 1776 5572 pullos
1827 5516 1951 5556 suos

301 5593 401 5648 sub
439 5591 558 5645 alas
602 5607 739 5647 suas
765 5589 978 5661 (Matth.
1027 5607 1185 5654 xxm,
1235 5590 1354 5662 37)!
1407 5591 1523 5661 Ego
1567 5604 1838 5644 veneram
1888 5593 1954 5644 ut

303 5679 524 5756 gallina
552 5679 623 5734 ad
653 5679 1077 5752 protegendum
1125 5695 1244 5746 eos,
1296 5679 1382 5734 illi
1429 5683 1625 5734 autem
1666 5677 1948 5734 inimicis-

299 5771 458 5857 sima
487 5772 680 5834 mente
711 5773 1100 5846 susceperunt
1130 5783 1242 5827 me.
1277 5768 1392 5843 Ego
1420 5784 1692 5828 veneram
1725 5773 1790 5827 ut
1828 5785 1951 5830 ma-

2047 3462 2112 3513 ut
2135 3456 2340 3512 foedior
2371 3460 2666 3528 appareat.
2700 3457 3011 3528 Propterea
3057 3457 3234 3513 dicit:
3265 3457 3514 3514 Vidimus
3543 3475 3690 3527 eum,
3771 3515 3776 3521 .

2046 3551 2096 3602 et
2122 3562 2233 3602 non
2261 3545 2486 3601 habebat
2514 3544 2981 3616 pulchritudinem
3011 3545 3138 3618 (Isa.
3173 3563 3290 3615 Lm,
3331 3549 3407 3616 2).
3461 3552 3649 3612 Quare
3667 3549 3697 3604 ?

2047 3636 2194 3702 Quia
2223 3651 2354 3691 caro
2385 3634 2574 3707 ipsius
2604 3634 2918 3691 immutata
2948 3641 3037 3690 est
3066 3640 3307 3708 propter
3334 3635 3548 3692 oleum.
3569 3637 3696 3694 Non

2047 3725 2298 3780 habebat
2327 3722 2564 3779 delicias
2595 3725 2875 3796 corporis,
2909 3725 3010 3780 sed
3041 3723 3143 3780 Dei
3175 3723 3437 3798 spiritus.
3478 3726 3548 3781 Et
3588 3742 3698 3782 nos

2047 3830 2183 3886 ergo
2215 3814 2450 3886 quando
2477 3814 2845 3884 jejunamus,
2867 3815 3102 3886 quando
3134 3814 3310 3871 facies
3341 3819 3552 3872 nostrai
3574 3814 3700 3888 pal-

2048 3903 2178 3957 lidze
2211 3907 2369 3971 sunt,
2403 3903 2637 3974 quando
2662 3902 2796 3957 foedi
2819 3903 3540 3975 videmur,cognoscamus
3566 3920 3699 3960 nos-

2049 3991 2331 4063 metipsos
2364 3995 2502 4046 tunc
2533 3990 2896 4062 pulchriores
2927 4006 3210 4062 apparere
3236 3990 3489 4047 Christo.
3524 3991 3697 4048 Tales

2050 4079 2242 4151 diligit
2275 4077 2488 4133 milites
2521 4077 3183 4149 Christus,quijejuniis
3202 4084 3426 4135 vacent.
3451 4084 3698 4136 Annona

2051 4172 2252 4222 nostra
2279 4171 2336 4222 et
2363 4182 2497 4222 esca
2511 4164 2807 4237 jejunium
2831 4171 2937 4222 est.
2955 4166 3182 4232 Quare?
3206 4167 3354 4233 Quia
3384 4168 3444 4223 in
3465 4168 3695 4241 jejunio

2048 4255 2288 4312 victoria
2316 4260 2423 4326 est,
2456 4259 2513 4310 et
2544 4255 2603 4310 in
2644 4255 2885 4311 victoria
2930 4255 3287 4327 triumphus.
3344 4257 3599 4328 Denique
3643 4260 3703 4312 et

2050 4343 2364 4416 Apostolus
2397 4361 2513 4399 non
2545 4343 2603 4399 in
2636 4343 2962 4412 saturitate,
2995 4345 3095 4400 sed
3128 4344 3188 4399 in
3210 4345 3551 4401 inﬁrmitate
3571 4344 3701 4417 glo-

2054 4433 2255 4489 riatur.
2288 4433 2520 4503 Quando
2555 4435 2706 4488 enim
2747 4432 3028 4505 inﬁrmor,
3061 4437 3192 4488 tunc
3226 4434 3423 4504 fortior
3449 4449 3575 4489 sum
3623 4433 3703 4504 (ll

2055 4523 2180 4578 Cor.
2212 4539 2311 4590 x11,
2348 4522 2456 4594 10).

2127 4633 2154 4660 ‹‹
2187 4612 2257 4666 Et
2291 4627 2396 4683 ego
2445 4611 2635 4667 factus
2689 4627 2822 4666 sum
2871 4611 3252 4684 opprobrium
3283 4609 3421 4668 illis.
3454 4633 3482 4662 »
3517 4615 3705 4668 Voca-

2054 4700 2195 4755 bant
2241 4700 2396 4754 enim
2450 4714 2541 4754 me
2591 4699 3051 4770 Samaritanum,
3115 4705 3172 4756 et
3231 4700 3505 4757 dicebant
3568 4719 3581 4758 :
3640 4703 3705 4758 In

2059 4787 2354 4843 Beelzebub
2417 4789 2672 4859 principe
2740 4787 3142 4845 daemoniorum
3211 4790 3364 4861 ejicit
3433 4790 3705 4847 daemonia

2057 4879 2208 4950 (Luc.
2256 4893 2334 4943 x1,
2388 4877 2495 4947 l5).
2550 4878 2738 4932 Nonne
2796 4877 2888 4933 hic
2935 4881 3015 4933 est
3060 4879 3212 4949 ﬁlius
3265 4879 3461 4951 Ioseph
3510 4879 3706 4950 fabri?

2055 4967 2244 5022 Nonne
2289 4969 2491 5036 [ratres
2537 4967 2658 5036 ejus
2705 4969 2757 5021 et
2805 4982 3019 5023 sorores
3059 4983 3246 5023 omnes
3274 4966 3420 5038 apud
3449 4982 3546 5022 nos
3574 4975 3703 5021 sunt

2059 5055 2275 5125 (Matth.
2307 5071 2435 5124 xm,
2465 5055 2597 5122 55)?
2630 5056 2696 5110 Et
2727 5055 2940 5111 iterum
2992 5073 3004 5110 :
3059 5057 3165 5123 Qui
3207 5056 3372 5111 solvis
3419 5055 3699 5126 templum,

2056 5149 2108 5200 et
2156 5147 2215 5199 in
2262 5145 2436 5199 tribus
2484 5144 2680 5199 diebus
2721 5145 2966 5214 aediﬁcas
3013 5145 3151 5198 illud
3198 5144 3395 5214 (Marc.
3447 5159 3540 5212 xv,
3587 5143 3702 5215 29).

2057 5234 2127 5288 Et
2172 5233 2386 5289 iterum
2422 5250 2434 5288 :
2477 5233 2762 5288 Videamus
2808 5234 2857 5287 si
2903 5233 3054 5288 venit
3098 5233 3251 5288 Elias
3296 5233 3513 5288 salvare
3555 5248 3701 5287 eum.

2060 5323 2159 5378 llle
2191 5323 2434 5378 vocabat
2467 5338 2480 5375 :
2513 5323 2622 5389 Eli,
2657 5322 2743 5376 Eli
2770 5342 2789 5375 :
2821 5320 2975 5392 quod
3007 5325 3097 5377 est
3131 5337 3144 5375 :
3179 5327 3326 5377 Deus
3360 5337 3530 5388 meus,
3564 5321 3707 5376 Deus

2058 5429 2209 5467 meus
2240 5413 2456 5483 (Matth.
2489 5427 2662 5481 xxvu,
2697 5411 2786 5477 46,
2819 5410 2929 5483 49),
2963 5415 3019 5465 et
3047 5409 3132 5464 illi
3164 5409 3348 5466 Eliam
3397 5410 3703 5482 putabant.

2060 5502 2258 5558 Videte
2287 5501 2611 5556 ineruditos
2641 5499 2892 5554 Judazos.
2927 5497 3108 5555 Filius
3137 5500 3237 5555 Dei
3262 5498 3397 5554 Elian
3424 5498 3707 5557 auxilium

2062 5591 2332 5662 petabat?
2365 5610 2393 5637 ‹‹
2421 5587 2704 5644 Viderunt
2735 5605 2846 5658 me,
2881 5593 2938 5644 et
2965 5594 3271 5644 moverunt
3297 5589 3490 5661 capita
3516 5606 3643 5647 sua.
3679 5614 3708 5642 ››

2061 5682 2248 5745 Quare
2290 5683 2596 5735 moverunt
2643 5678 2835 5752 capita
2890 5677 3041 5736 sua?
3069 5678 3216 5744 Quia
3261 5683 3319 5736 et
3365 5679 3543 5755 pedes
3580 5680 3709 5761 jam

2065 5771 2389 5828 moverant.
