  <div class='ocr_page' id='page_1' title='image "/cluster/home/n/w/nwhite01/storage/ocr_20150623/26/umn.31951002477320a/615.png"; bbox 0 0 4256 6580; ppageno 0'>
   <div class='ocr_carea' id='block_1_1' title="bbox 575 482 725 543">
    <p class='ocr_par' dir='ltr' id='par_1_1' title="bbox 575 482 725 543">
     <span class='ocr_line' id='line_1_1' title="bbox 575 482 725 543; baseline -0.007 -1"><span class='ocrx_word' id='word_1_1' title='bbox 575 482 725 543; x_wconf 73' lang='grc'><strong>1231</strong></span> 
     </span>
    </p>
   </div>
   <div class='ocr_carea' id='block_1_2' title="bbox 2082 482 2505 542">
    <p class='ocr_par' dir='ltr' id='par_1_2' title="bbox 2082 482 2505 542">
     <span class='ocr_line' id='line_1_2' title="bbox 2082 482 2505 542; baseline 0 0"><span class='ocrx_word' id='word_1_2' title='bbox 2082 482 2505 542; x_wconf 86' lang='lat' dir='ltr'><strong>APPENDIX.</strong></span> 
     </span>
    </p>
   </div>
   <div class='ocr_carea' id='block_1_3' title="bbox 3822 478 3982 547">
    <p class='ocr_par' dir='ltr' id='par_1_3' title="bbox 3822 478 3982 547">
     <span class='ocr_line' id='line_1_3' title="bbox 3822 478 3982 547; baseline 0.013 -2"><span class='ocrx_word' id='word_1_3' title='bbox 3822 478 3982 547; x_wconf 72' lang='grc'><strong>1232</strong></span> 
     </span>
    </p>
   </div>
   <div class='ocr_carea' id='block_1_4' title="bbox 653 613 3975 690">
    <p class='ocr_par' dir='ltr' id='par_1_4' title="bbox 653 613 3975 690">
     <span class='ocr_line' id='line_1_4' title="bbox 653 613 3975 690; baseline 0.002 -21"><span class='ocrx_word' id='word_1_4' title='bbox 653 636 675 663; x_wconf 75' lang='grc' dir='ltr'><strong>ι</strong></span> <span class='ocrx_word' id='word_1_5' title='bbox 711 613 949 670; x_wconf 91' lang='lat' dir='ltr'><strong>Salvum</strong></span> <span class='ocrx_word' id='word_1_6' title='bbox 980 629 1077 671; x_wconf 89' lang='lat' dir='ltr'><strong>me</strong></span> <span class='ocrx_word' id='word_1_7' title='bbox 1104 613 1194 671; x_wconf 84' lang='lat' dir='ltr'><strong>fac</strong></span> <span class='ocrx_word' id='word_1_8' title='bbox 1224 617 1460 687; x_wconf 83' lang='lat' dir='ltr'><strong>propter</strong></span> <span class='ocrx_word' id='word_1_9' title='bbox 1490 613 1952 671; x_wconf 88' lang='lat' dir='ltr'><strong>misericordiam</strong></span> <span class='ocrx_word' id='word_1_10' title='bbox 1982 618 2166 671; x_wconf 90' lang='lat' dir='ltr'><strong>tuam.</strong></span> <span class='ocrx_word' id='word_1_11' title='bbox 2196 638 2224 665; x_wconf 83' lang='lat'><strong>»</strong></span> <span class='ocrx_word' id='word_1_12' title='bbox 2257 616 2311 682; x_wconf 81' lang='grc' dir='ltr'><strong>Α</strong></span> <span class='ocrx_word' id='word_1_13' title='bbox 2339 614 2592 681; x_wconf 76' lang='lat' dir='ltr'><strong>Judzcos,</strong></span> <span class='ocrx_word' id='word_1_14' title='bbox 2654 615 2752 670; x_wconf 88' lang='lat' dir='ltr'><strong>sed</strong></span> <span class='ocrx_word' id='word_1_15' title='bbox 2816 633 2918 688; x_wconf 91' lang='lat' dir='ltr'><strong>pro</strong></span> <span class='ocrx_word' id='word_1_16' title='bbox 2968 615 3112 687; x_wconf 84' lang='lat' dir='ltr'>ipsis</span> <span class='ocrx_word' id='word_1_17' title='bbox 3170 616 3331 681; x_wconf 87' lang='lat' dir='ltr'><strong>dicit,</strong></span> <span class='ocrx_word' id='word_1_18' title='bbox 3381 619 3614 674; x_wconf 87' lang='lat' dir='ltr'><strong>Creator</strong></span> <span class='ocrx_word' id='word_1_19' title='bbox 3667 618 3821 674; x_wconf 88' lang='lat' dir='ltr'><strong>enim</strong></span> <span class='ocrx_word' id='word_1_20' title='bbox 3872 622 3975 690; x_wconf 90' lang='lat' dir='ltr'><strong>est,</strong></span> 
     </span>
    </p>
   </div>
   <div class='ocr_carea' id='block_1_5' title="bbox 574 702 2228 777">
    <p class='ocr_par' dir='ltr' id='par_1_5' title="bbox 574 702 2228 777">
     <span class='ocr_line' id='line_1_5' title="bbox 574 702 2228 777; baseline -0.001 -17"><span class='ocrx_word' id='word_1_21' title='bbox 574 702 725 760; x_wconf 84' lang='lat' dir='ltr'><strong>Dicit</strong></span> <span class='ocrx_word' id='word_1_22' title='bbox 771 706 828 759; x_wconf 91' lang='lat' dir='ltr'><strong>et</strong></span> <span class='ocrx_word' id='word_1_23' title='bbox 873 702 934 758; x_wconf 91' lang='lat' dir='ltr'><strong>in</strong></span> <span class='ocrx_word' id='word_1_24' title='bbox 981 702 1291 777; x_wconf 85' lang='lat' dir='ltr'><strong>Evangelio</strong></span> <span class='ocrx_word' id='word_1_25' title='bbox 1344 719 1357 758; x_wconf 94' lang='lat'><strong>:</strong></span> <span class='ocrx_word' id='word_1_26' title='bbox 1405 704 1734 759; x_wconf 84' lang='lat' dir='ltr'><strong>Potestatem</strong></span> <span class='ocrx_word' id='word_1_27' title='bbox 1779 703 1944 759; x_wconf 81' lang='lat' dir='ltr'><strong>habeo</strong></span> <span class='ocrx_word' id='word_1_28' title='bbox 1986 704 2228 775; x_wconf 83' lang='lat' dir='ltr'><strong>ponendi</strong></span> 
     </span>
    </p>
   </div>
   <div class='ocr_carea' id='block_1_6' title="bbox 573 792 2222 864">
    <p class='ocr_par' dir='ltr' id='par_1_6' title="bbox 573 792 2222 864">
     <span class='ocr_line' id='line_1_6' title="bbox 573 792 2222 864; baseline 0 -17"><span class='ocrx_word' id='word_1_29' title='bbox 573 794 825 848; x_wconf 85' lang='lat' dir='ltr'><strong>animam</strong></span> <span class='ocrx_word' id='word_1_30' title='bbox 874 808 1077 862; x_wconf 86' lang='lat' dir='ltr'><strong>meam,</strong></span> <span class='ocrx_word' id='word_1_31' title='bbox 1125 798 1179 849; x_wconf 90' lang='lat' dir='ltr'><strong>et</strong></span> <span class='ocrx_word' id='word_1_32' title='bbox 1224 794 1424 850; x_wconf 80' lang='lat' dir='ltr'><strong>iterum</strong></span> <span class='ocrx_word' id='word_1_33' title='bbox 1465 792 1779 849; x_wconf 86' lang='lat' dir='ltr'><strong>resumendi</strong></span> <span class='ocrx_word' id='word_1_34' title='bbox 1812 808 1934 848; x_wconf 91' lang='lat' dir='ltr'><strong>eam</strong></span> <span class='ocrx_word' id='word_1_35' title='bbox 1961 793 2135 864; x_wconf 90' lang='lat' dir='ltr'><strong>(Joan.</strong></span> <span class='ocrx_word' id='word_1_36' title='bbox 2165 810 2222 860; x_wconf 86' lang='lat' dir='ltr'><strong>x,</strong></span> 
     </span>
    </p>
   </div>
   <div class='ocr_carea' id='block_1_7' title="bbox 575 880 2227 953">
    <p class='ocr_par' dir='ltr' id='par_1_7' title="bbox 575 880 2227 953">
     <span class='ocr_line' id='line_1_7' title="bbox 575 880 2227 953; baseline 0 -16"><span class='ocrx_word' id='word_1_37' title='bbox 575 882 687 953; x_wconf 83' lang='grc'><strong>18).</strong></span> <span class='ocrx_word' id='word_1_38' title='bbox 737 880 807 937; x_wconf 87' lang='lat' dir='ltr'><strong>Et</strong></span> <span class='ocrx_word' id='word_1_39' title='bbox 853 882 1067 938; x_wconf 84' lang='lat' dir='ltr'><strong>iterum</strong></span> <span class='ocrx_word' id='word_1_40' title='bbox 1102 900 1115 938; x_wconf 93' lang='lat'><strong>:</strong></span> <span class='ocrx_word' id='word_1_41' title='bbox 1149 883 1313 938; x_wconf 84' lang='lat' dir='ltr'><strong>Nemo</strong></span> <span class='ocrx_word' id='word_1_42' title='bbox 1367 883 1511 938; x_wconf 81' lang='lat' dir='ltr'><strong>tollit</strong></span> <span class='ocrx_word' id='word_1_43' title='bbox 1555 898 1674 938; x_wconf 86' lang='lat' dir='ltr'><strong>eam</strong></span> <span class='ocrx_word' id='word_1_44' title='bbox 1704 899 1741 938; x_wconf 89' lang='lat' dir='ltr'><strong>a</strong></span> <span class='ocrx_word' id='word_1_45' title='bbox 1769 898 1856 937; x_wconf 83' lang='lat' dir='ltr'><strong>me</strong></span> <span class='ocrx_word' id='word_1_46' title='bbox 1895 882 2107 951; x_wconf 81' lang='lat' dir='ltr'><strong>(Ibid.).</strong></span> <span class='ocrx_word' id='word_1_47' title='bbox 2160 882 2227 937; x_wconf 91' lang='lat' dir='ltr'><strong>Et</strong></span> 
     </span>
    </p>
   </div>
   <div class='ocr_carea' id='block_1_8' title="bbox 573 971 2221 1043">
    <p class='ocr_par' dir='ltr' id='par_1_8' title="bbox 573 971 2221 1043">
     <span class='ocr_line' id='line_1_8' title="bbox 573 971 2221 1043; baseline -0.001 -16"><span class='ocrx_word' id='word_1_48' title='bbox 573 971 867 1043; x_wconf 91' lang='lat' dir='ltr'><strong>quomodo</strong></span> <span class='ocrx_word' id='word_1_49' title='bbox 898 971 1362 1028; x_wconf 85' lang='lat' dir='ltr'><strong>misericordiam</strong></span> <span class='ocrx_word' id='word_1_50' title='bbox 1394 971 1574 1043; x_wconf 82' lang='lat' dir='ltr'><strong>petit?</strong></span> <span class='ocrx_word' id='word_1_51' title='bbox 1605 971 1733 1043; x_wconf 85' lang='lat' dir='ltr'><strong>Ipse</strong></span> <span class='ocrx_word' id='word_1_52' title='bbox 1763 971 2221 1027; x_wconf 89' lang='lat' dir='ltr'><strong>misericordiam</strong></span> 
     </span>
    </p>
   </div>
   <div class='ocr_carea' id='block_1_9' title="bbox 572 1060 2226 1134">
    <p class='ocr_par' dir='ltr' id='par_1_9' title="bbox 572 1060 2226 1134">
     <span class='ocr_line' id='line_1_9' title="bbox 572 1060 2226 1134; baseline 0 -19"><span class='ocrx_word' id='word_1_53' title='bbox 572 1060 741 1134; x_wconf 77' lang='lat' dir='ltr'><strong>petit,</strong></span> <span class='ocrx_word' id='word_1_54' title='bbox 787 1064 845 1116; x_wconf 86' lang='lat' dir='ltr'><strong>et</strong></span> <span class='ocrx_word' id='word_1_55' title='bbox 890 1060 1016 1134; x_wconf 90' lang='lat' dir='ltr'><strong>ipse</strong></span> <span class='ocrx_word' id='word_1_56' title='bbox 1060 1060 1286 1117; x_wconf 86' lang='lat' dir='ltr'><strong>tribuit.</strong></span> <span class='ocrx_word' id='word_1_57' title='bbox 1339 1061 1468 1132; x_wconf 87' lang='lat' dir='ltr'><strong>Ipse</strong></span> <span class='ocrx_word' id='word_1_58' title='bbox 1516 1065 1581 1114; x_wconf 91' lang='lat' dir='ltr'><strong>ut</strong></span> <span class='ocrx_word' id='word_1_59' title='bbox 1624 1060 1799 1116; x_wconf 91' lang='lat' dir='ltr'><strong>homo</strong></span> <span class='ocrx_word' id='word_1_60' title='bbox 1849 1063 2033 1132; x_wconf 84' lang='lat' dir='ltr'><strong>rogat,</strong></span> <span class='ocrx_word' id='word_1_61' title='bbox 2066 1063 2122 1114; x_wconf 87' lang='lat' dir='ltr'><strong>et</strong></span> <span class='ocrx_word' id='word_1_62' title='bbox 2161 1064 2226 1115; x_wconf 90' lang='lat' dir='ltr'><strong>ut</strong></span> 
     </span>
    </p>
   </div>
   <div class='ocr_carea' id='block_1_10' title="bbox 574 1150 2201 1206">
    <p class='ocr_par' dir='ltr' id='par_1_10' title="bbox 574 1150 2201 1206">
     <span class='ocr_line' id='line_1_10' title="bbox 574 1150 2201 1206; baseline -0.003 0"><span class='ocrx_word' id='word_1_63' title='bbox 574 1150 728 1206; x_wconf 87' lang='lat' dir='ltr'><strong>Deus</strong></span> <span class='ocrx_word' id='word_1_64' title='bbox 756 1150 985 1206; x_wconf 83' lang='lat' dir='ltr'><strong>tribuit.</strong></span> <span class='ocrx_word' id='word_1_65' title='bbox 2194 1182 2201 1183; x_wconf 46' lang='grc' dir='ltr'><em>κ</em></span> 
     </span>
    </p>
   </div>
   <div class='ocr_carea' id='block_1_11' title="bbox 651 1236 2221 1311">
    <p class='ocr_par' dir='ltr' id='par_1_11' title="bbox 651 1236 2221 1311">
     <span class='ocr_line' id='line_1_11' title="bbox 651 1236 2221 1311; baseline -0.002 -16"><span class='ocrx_word' id='word_1_66' title='bbox 651 1258 674 1287; x_wconf 70' lang='grc' dir='ltr'><strong><em>α</em></strong></span> <span class='ocrx_word' id='word_1_67' title='bbox 706 1238 776 1294; x_wconf 86' lang='lat' dir='ltr'><strong>Et</strong></span> <span class='ocrx_word' id='word_1_68' title='bbox 802 1238 991 1295; x_wconf 81' lang='lat' dir='ltr'><strong>sciant</strong></span> <span class='ocrx_word' id='word_1_69' title='bbox 1018 1240 1158 1311; x_wconf 80' lang='lat' dir='ltr'><strong>quia</strong></span> <span class='ocrx_word' id='word_1_70' title='bbox 1186 1236 1400 1295; x_wconf 83' lang='lat' dir='ltr'><strong>manus</strong></span> <span class='ocrx_word' id='word_1_71' title='bbox 1432 1243 1534 1295; x_wconf 90' lang='lat' dir='ltr'><strong>tua</strong></span> <span class='ocrx_word' id='word_1_72' title='bbox 1564 1239 1706 1310; x_wconf 67' lang='lat' dir='ltr'><strong>haec,</strong></span> <span class='ocrx_word' id='word_1_73' title='bbox 1738 1244 1795 1295; x_wconf 89' lang='lat' dir='ltr'><strong>et</strong></span> <span class='ocrx_word' id='word_1_74' title='bbox 1840 1243 1927 1305; x_wconf 91' lang='lat' dir='ltr'><strong>tu,</strong></span> <span class='ocrx_word' id='word_1_75' title='bbox 1959 1237 2221 1307; x_wconf 87' lang='lat' dir='ltr'><strong>Domine,</strong></span> 
     </span>
    </p>
   </div>
   <div class='ocr_carea' id='block_1_12' title="bbox 580 1327 2226 1401">
    <p class='ocr_par' dir='ltr' id='par_1_12' title="bbox 580 1327 2226 1401">
     <span class='ocr_line' id='line_1_12' title="bbox 580 1327 2226 1401; baseline -0.002 -17"><span class='ocrx_word' id='word_1_76' title='bbox 580 1327 771 1385; x_wconf 80' lang='lat' dir='ltr'><strong>fecisti</strong></span> <span class='ocrx_word' id='word_1_77' title='bbox 824 1342 974 1386; x_wconf 88' lang='lat' dir='ltr'><strong>eam.</strong></span> <span class='ocrx_word' id='word_1_78' title='bbox 1026 1351 1054 1381; x_wconf 84' lang='lat'>»</span> <span class='ocrx_word' id='word_1_79' title='bbox 1108 1330 1255 1394; x_wconf 87' lang='lat' dir='ltr'><strong>Quid</strong></span> <span class='ocrx_word' id='word_1_80' title='bbox 1304 1333 1393 1385; x_wconf 89' lang='lat' dir='ltr'><strong>est</strong></span> <span class='ocrx_word' id='word_1_81' title='bbox 1438 1329 1591 1401; x_wconf 90' lang='lat' dir='ltr'><strong>quod</strong></span> <span class='ocrx_word' id='word_1_82' title='bbox 1642 1329 1825 1384; x_wconf 87' lang='lat' dir='ltr'><strong>dicit:</strong></span> <span class='ocrx_word' id='word_1_83' title='bbox 1862 1352 1889 1379; x_wconf 90' lang='grc'><strong>‹‹</strong></span> <span class='ocrx_word' id='word_1_84' title='bbox 1923 1329 1992 1383; x_wconf 87' lang='lat' dir='ltr'><strong>Et</strong></span> <span class='ocrx_word' id='word_1_85' title='bbox 2038 1327 2226 1383; x_wconf 84' lang='lat' dir='ltr'><strong>sciant</strong></span> 
     </span>
    </p>
   </div>
   <div class='ocr_carea' id='block_1_13' title="bbox 574 1416 2219 1490">
    <p class='ocr_par' dir='ltr' id='par_1_13' title="bbox 574 1416 2219 1490">
     <span class='ocr_line' id='line_1_13' title="bbox 574 1416 2219 1490; baseline -0.002 -16"><span class='ocrx_word' id='word_1_86' title='bbox 574 1416 715 1490; x_wconf 87' lang='lat' dir='ltr'><strong>quia</strong></span> <span class='ocrx_word' id='word_1_87' title='bbox 745 1435 960 1475; x_wconf 89' lang='lat' dir='ltr'><strong>manus</strong></span> <span class='ocrx_word' id='word_1_88' title='bbox 990 1423 1094 1474; x_wconf 89' lang='lat' dir='ltr'><strong>tua</strong></span> <span class='ocrx_word' id='word_1_89' title='bbox 1123 1418 1266 1488; x_wconf 74' lang='lat' dir='ltr'><strong>hazc,</strong></span> <span class='ocrx_word' id='word_1_90' title='bbox 1297 1422 1356 1474; x_wconf 91' lang='lat' dir='ltr'><strong>et</strong></span> <span class='ocrx_word' id='word_1_91' title='bbox 1380 1423 1467 1490; x_wconf 88' lang='lat' dir='ltr'><strong>tu,</strong></span> <span class='ocrx_word' id='word_1_92' title='bbox 1502 1418 1763 1484; x_wconf 84' lang='lat' dir='ltr'><strong>Domine,</strong></span> <span class='ocrx_word' id='word_1_93' title='bbox 1792 1417 1980 1473; x_wconf 86' lang='lat' dir='ltr'><strong>fecisti</strong></span> <span class='ocrx_word' id='word_1_94' title='bbox 1998 1416 2170 1473; x_wconf 85' lang='lat' dir='ltr'><strong>eam?</strong></span> <span class='ocrx_word' id='word_1_95' title='bbox 2192 1438 2219 1467; x_wconf 87' lang='grc'><strong>››</strong></span> 
     </span>
    </p>
   </div>
   <div class='ocr_carea' id='block_1_14' title="bbox 571 1504 2227 1581">
    <p class='ocr_par' dir='ltr' id='par_1_14' title="bbox 571 1504 2227 1581">
     <span class='ocr_line' id='line_1_14' title="bbox 571 1504 2227 1581; baseline -0.002 -19"><span class='ocrx_word' id='word_1_96' title='bbox 571 1505 908 1581; x_wconf 88' lang='lat' dir='ltr'><strong>Intelligant</strong></span> <span class='ocrx_word' id='word_1_97' title='bbox 933 1508 1117 1563; x_wconf 72' lang='lat' dir='ltr'><strong>Judaei</strong></span> <span class='ocrx_word' id='word_1_98' title='bbox 1151 1508 1432 1580; x_wconf 90' lang='lat' dir='ltr'><strong>quoniam</strong></span> <span class='ocrx_word' id='word_1_99' title='bbox 1478 1508 1590 1580; x_wconf 85' lang='lat' dir='ltr'><strong>ipsi</strong></span> <span class='ocrx_word' id='word_1_100' title='bbox 1635 1523 1749 1562; x_wconf 91' lang='lat' dir='ltr'><strong>non</strong></span> <span class='ocrx_word' id='word_1_101' title='bbox 1800 1504 2227 1578; x_wconf 68' lang='lat' dir='ltr'><strong>praevaluerunt</strong></span> 
     </span>
    </p>
   </div>
   <div class='ocr_carea' id='block_1_15' title="bbox 570 1594 2225 1664">
    <p class='ocr_par' dir='ltr' id='par_1_15' title="bbox 570 1594 2225 1664">
     <span class='ocr_line' id='line_1_15' title="bbox 570 1594 2225 1664; baseline -0.004 -11"><span class='ocrx_word' id='word_1_102' title='bbox 570 1597 633 1654; x_wconf 87' lang='lat' dir='ltr'><strong>in</strong></span> <span class='ocrx_word' id='word_1_103' title='bbox 681 1612 775 1653; x_wconf 89' lang='lat' dir='ltr'><strong>me</strong></span> <span class='ocrx_word' id='word_1_104' title='bbox 810 1614 822 1653; x_wconf 95' lang='lat'><strong>:</strong></span> <span class='ocrx_word' id='word_1_105' title='bbox 856 1596 958 1652; x_wconf 92' lang='lat' dir='ltr'><strong>sed</strong></span> <span class='ocrx_word' id='word_1_106' title='bbox 989 1613 1122 1653; x_wconf 88' lang='lat' dir='ltr'><strong>mea</strong></span> <span class='ocrx_word' id='word_1_107' title='bbox 1166 1601 1226 1652; x_wconf 89' lang='lat' dir='ltr'><strong>et</strong></span> <span class='ocrx_word' id='word_1_108' title='bbox 1270 1600 1374 1651; x_wconf 90' lang='lat' dir='ltr'><strong>tua</strong></span> <span class='ocrx_word' id='word_1_109' title='bbox 1419 1594 1689 1652; x_wconf 84' lang='lat' dir='ltr'><strong>voluntas</strong></span> <span class='ocrx_word' id='word_1_110' title='bbox 1741 1595 1891 1650; x_wconf 79' lang='lat' dir='ltr'><strong>facta</strong></span> <span class='ocrx_word' id='word_1_111' title='bbox 1921 1597 2007 1648; x_wconf 89' lang='lat' dir='ltr'><strong>est</strong></span> <span class='ocrx_word' id='word_1_112' title='bbox 2035 1597 2099 1647; x_wconf 90' lang='lat' dir='ltr'><strong>ut</strong></span> <span class='ocrx_word' id='word_1_113' title='bbox 2130 1609 2225 1664; x_wconf 89' lang='lat' dir='ltr'><strong>pa-</strong></span> 
     </span>
    </p>
   </div>
   <div class='ocr_carea' id='block_1_16' title="bbox 571 1680 2223 1759">
    <p class='ocr_par' dir='ltr' id='par_1_16' title="bbox 571 1680 2223 1759">
     <span class='ocr_line' id='line_1_16' title="bbox 571 1680 2223 1759; baseline -0.004 -17"><span class='ocrx_word' id='word_1_114' title='bbox 571 1685 706 1756; x_wconf 86' lang='lat' dir='ltr'><strong>tiar,</strong></span> <span class='ocrx_word' id='word_1_115' title='bbox 739 1690 800 1742; x_wconf 89' lang='lat' dir='ltr'><strong>et</strong></span> <span class='ocrx_word' id='word_1_116' title='bbox 840 1702 946 1759; x_wconf 88' lang='lat' dir='ltr'><strong>ego</strong></span> <span class='ocrx_word' id='word_1_117' title='bbox 992 1684 1149 1741; x_wconf 90' lang='lat' dir='ltr'><strong>volui</strong></span> <span class='ocrx_word' id='word_1_118' title='bbox 1203 1685 1323 1756; x_wconf 90' lang='lat' dir='ltr'><strong>pati</strong></span> <span class='ocrx_word' id='word_1_119' title='bbox 1357 1703 1370 1741; x_wconf 90' lang='lat'><strong>:</strong></span> <span class='ocrx_word' id='word_1_120' title='bbox 1405 1688 1710 1757; x_wconf 82' lang='lat' dir='ltr'><strong>propterea</strong></span> <span class='ocrx_word' id='word_1_121' title='bbox 1741 1683 1870 1738; x_wconf 88' lang='lat' dir='ltr'><strong>dico</strong></span> <span class='ocrx_word' id='word_1_122' title='bbox 1899 1680 2223 1739; x_wconf 87' lang='lat' dir='ltr'><strong>secundum</strong></span> 
     </span>
    </p>
   </div>
   <div class='ocr_carea' id='block_1_17' title="bbox 575 1770 2222 1848">
    <p class='ocr_par' dir='ltr' id='par_1_17' title="bbox 575 1770 2222 1848">
     <span class='ocr_line' id='line_1_17' title="bbox 575 1770 2222 1848; baseline -0.005 -17"><span class='ocrx_word' id='word_1_123' title='bbox 575 1774 733 1848; x_wconf 90' lang='lat' dir='ltr'><strong>quod</strong></span> <span class='ocrx_word' id='word_1_124' title='bbox 766 1775 940 1830; x_wconf 91' lang='lat' dir='ltr'><strong>homo</strong></span> <span class='ocrx_word' id='word_1_125' title='bbox 973 1791 1106 1829; x_wconf 89' lang='lat' dir='ltr'><strong>sum</strong></span> <span class='ocrx_word' id='word_1_126' title='bbox 1139 1791 1153 1829; x_wconf 93' lang='lat'><strong>:</strong></span> <span class='ocrx_word' id='word_1_127' title='bbox 1189 1778 1341 1829; x_wconf 89' lang='lat' dir='ltr'><strong>Deus</strong></span> <span class='ocrx_word' id='word_1_128' title='bbox 1368 1790 1554 1841; x_wconf 90' lang='lat' dir='ltr'><strong>meus,</strong></span> <span class='ocrx_word' id='word_1_129' title='bbox 1610 1777 1675 1828; x_wconf 88' lang='lat' dir='ltr'><strong>ut</strong></span> <span class='ocrx_word' id='word_1_130' title='bbox 1722 1772 1971 1828; x_wconf 90' lang='lat' dir='ltr'><strong>facerem</strong></span> <span class='ocrx_word' id='word_1_131' title='bbox 2018 1770 2222 1826; x_wconf 89' lang='lat' dir='ltr'><strong>volun-</strong></span> 
     </span>
    </p>
   </div>
   <div class='ocr_carea' id='block_1_18' title="bbox 572 1862 2226 1934">
    <p class='ocr_par' dir='ltr' id='par_1_18' title="bbox 572 1862 2226 1934">
     <span class='ocr_line' id='line_1_18' title="bbox 572 1862 2226 1934; baseline -0.004 -14"><span class='ocrx_word' id='word_1_132' title='bbox 572 1867 759 1920; x_wconf 82' lang='lat' dir='ltr'><strong>tatem</strong></span> <span class='ocrx_word' id='word_1_133' title='bbox 804 1867 993 1934; x_wconf 87' lang='lat' dir='ltr'><strong>tuam,</strong></span> <span class='ocrx_word' id='word_1_134' title='bbox 1043 1862 1200 1919; x_wconf 89' lang='lat' dir='ltr'><strong>volui</strong></span> <span class='ocrx_word' id='word_1_135' title='bbox 1235 1880 1249 1919; x_wconf 95' lang='lat'><strong>:</strong></span> <span class='ocrx_word' id='word_1_136' title='bbox 1282 1867 1340 1919; x_wconf 90' lang='lat' dir='ltr'><strong>et</strong></span> <span class='ocrx_word' id='word_1_137' title='bbox 1368 1867 1470 1918; x_wconf 89' lang='lat' dir='ltr'><strong>tua</strong></span> <span class='ocrx_word' id='word_1_138' title='bbox 1504 1862 1775 1917; x_wconf 84' lang='lat' dir='ltr'><strong>voluntas</strong></span> <span class='ocrx_word' id='word_1_139' title='bbox 1822 1865 1947 1917; x_wconf 87' lang='lat' dir='ltr'><strong>erat</strong></span> <span class='ocrx_word' id='word_1_140' title='bbox 1992 1864 2049 1915; x_wconf 89' lang='lat' dir='ltr'><strong>et</strong></span> <span class='ocrx_word' id='word_1_141' title='bbox 2096 1875 2226 1914; x_wconf 89' lang='lat' dir='ltr'><strong>mea</strong></span> 
     </span>
    </p>
   </div>
   <div class='ocr_carea' id='block_1_19' title="bbox 574 1948 2303 2049">
    <p class='ocr_par' dir='ltr' id='par_1_19' title="bbox 574 1948 2303 2049">
     <span class='ocr_line' id='line_1_19' title="bbox 574 1948 2303 2049; baseline -0.003 -42"><span class='ocrx_word' id='word_1_142' title='bbox 574 1954 642 2007; x_wconf 92' lang='lat' dir='ltr'><strong>ut</strong></span> <span class='ocrx_word' id='word_1_143' title='bbox 672 1951 881 2024; x_wconf 86' lang='lat' dir='ltr'><strong>patiar,</strong></span> <span class='ocrx_word' id='word_1_144' title='bbox 913 1968 1031 2007; x_wconf 92' lang='lat' dir='ltr'><strong>non</strong></span> <span class='ocrx_word' id='word_1_145' title='bbox 1062 1951 1321 2007; x_wconf 88' lang='lat' dir='ltr'><strong>illorum.</strong></span> <span class='ocrx_word' id='word_1_146' title='bbox 1371 1951 1682 2049; x_wconf 60' lang='lat' dir='ltr'><strong>Ergonon</strong></span> <span class='ocrx_word' id='word_1_147' title='bbox 1728 1950 1955 2006; x_wconf 77' lang='lat' dir='ltr'><strong>insidiae</strong></span> <span class='ocrx_word' id='word_1_148' title='bbox 1980 1953 2061 2049; x_wconf 42' lang='lat' dir='ltr'><strong>.et</strong></span> <span class='ocrx_word' id='word_1_149' title='bbox 2109 1948 2221 2049; x_wconf 54' lang='lat' dir='ltr'><strong>fqr-</strong></span> <span class='ocrx_word' id='word_1_150' title='bbox 2254 1982 2303 2049; x_wconf 73' lang='grc' dir='ltr'><strong>Β</strong></span> 
     </span>
    </p>
   </div>
   <div class='ocr_carea' id='block_1_20' title="bbox 574 2037 2222 2113">
    <p class='ocr_par' dir='ltr' id='par_1_20' title="bbox 574 2037 2222 2113">
     <span class='ocr_line' id='line_1_20' title="bbox 574 2037 2222 2113; baseline -0.002 -17"><span class='ocrx_word' id='word_1_151' title='bbox 574 2040 767 2097; x_wconf 90' lang='lat' dir='ltr'><strong>titudo</strong></span> <span class='ocrx_word' id='word_1_152' title='bbox 799 2040 934 2097; x_wconf 83' lang='lat' dir='ltr'><strong>fecit</strong></span> <span class='ocrx_word' id='word_1_153' title='bbox 965 2059 979 2097; x_wconf 93' lang='lat'><strong>:</strong></span> <span class='ocrx_word' id='word_1_154' title='bbox 1013 2041 1114 2096; x_wconf 89' lang='lat' dir='ltr'><strong>sed</strong></span> <span class='ocrx_word' id='word_1_155' title='bbox 1144 2056 1250 2113; x_wconf 88' lang='lat' dir='ltr'><strong>ego</strong></span> <span class='ocrx_word' id='word_1_156' title='bbox 1282 2045 1338 2096; x_wconf 91' lang='lat' dir='ltr'><strong>et</strong></span> <span class='ocrx_word' id='word_1_157' title='bbox 1365 2044 1427 2095; x_wconf 90' lang='lat' dir='ltr'><strong>tu</strong></span> <span class='ocrx_word' id='word_1_158' title='bbox 1459 2039 1750 2095; x_wconf 89' lang='lat' dir='ltr'><strong>voluimus</strong></span> <span class='ocrx_word' id='word_1_159' title='bbox 1782 2044 1846 2094; x_wconf 91' lang='lat' dir='ltr'><strong>ut</strong></span> <span class='ocrx_word' id='word_1_160' title='bbox 1876 2037 2083 2110; x_wconf 83' lang='lat' dir='ltr'><strong>patiar.</strong></span> <span class='ocrx_word' id='word_1_161' title='bbox 2135 2037 2222 2092; x_wconf 90' lang='lat' dir='ltr'><strong>Tu</strong></span> 
     </span>
    </p>
   </div>
   <div class='ocr_carea' id='block_1_21' title="bbox 573 2128 2225 2203">
    <p class='ocr_par' dir='ltr' id='par_1_21' title="bbox 573 2128 2225 2203">
     <span class='ocr_line' id='line_1_21' title="bbox 573 2128 2225 2203; baseline -0.003 -16"><span class='ocrx_word' id='word_1_162' title='bbox 573 2130 731 2187; x_wconf 87' lang='lat' dir='ltr'><strong>enim</strong></span> <span class='ocrx_word' id='word_1_163' title='bbox 759 2129 1101 2203; x_wconf 87' lang='lat' dir='ltr'><strong>percussisti</strong></span> <span class='ocrx_word' id='word_1_164' title='bbox 1131 2134 1425 2202; x_wconf 84' lang='lat' dir='ltr'><strong>pastorem</strong></span> <span class='ocrx_word' id='word_1_165' title='bbox 1458 2132 1648 2198; x_wconf 89' lang='lat' dir='ltr'><strong>tuum,</strong></span> <span class='ocrx_word' id='word_1_166' title='bbox 1681 2133 1739 2184; x_wconf 89' lang='lat' dir='ltr'><strong>et</strong></span> <span class='ocrx_word' id='word_1_167' title='bbox 1769 2144 1901 2184; x_wconf 90' lang='lat' dir='ltr'><strong>oves</strong></span> <span class='ocrx_word' id='word_1_168' title='bbox 1946 2128 2225 2200; x_wconf 73' lang='lat' dir='ltr'><strong>dispersae</strong></span> 
     </span>
    </p>
   </div>
   <div class='ocr_carea' id='block_1_22' title="bbox 575 2218 2223 2292">
    <p class='ocr_par' dir='ltr' id='par_1_22' title="bbox 575 2218 2223 2292">
     <span class='ocr_line' id='line_1_22' title="bbox 575 2218 2223 2292; baseline -0.003 -16"><span class='ocrx_word' id='word_1_169' title='bbox 575 2223 735 2277; x_wconf 86' lang='lat' dir='ltr'><strong>sunt.</strong></span> <span class='ocrx_word' id='word_1_170' title='bbox 769 2220 887 2276; x_wconf 88' lang='lat' dir='ltr'><strong>Hoc</strong></span> <span class='ocrx_word' id='word_1_171' title='bbox 930 2219 1215 2292; x_wconf 87' lang='lat' dir='ltr'><strong>scriptum</strong></span> <span class='ocrx_word' id='word_1_172' title='bbox 1267 2223 1360 2275; x_wconf 88' lang='lat' dir='ltr'><strong>est</strong></span> <span class='ocrx_word' id='word_1_173' title='bbox 1404 2219 1464 2273; x_wconf 90' lang='lat' dir='ltr'><strong>in</strong></span> <span class='ocrx_word' id='word_1_174' title='bbox 1515 2218 1793 2274; x_wconf 87' lang='lat' dir='ltr'><strong>Zacharia</strong></span> <span class='ocrx_word' id='word_1_175' title='bbox 1841 2236 1854 2273; x_wconf 90' lang='lat'><strong>:</strong></span> <span class='ocrx_word' id='word_1_176' title='bbox 1910 2220 2223 2273; x_wconf 85' lang='lat' dir='ltr'><strong>Percutiam</strong></span> 
     </span>
    </p>
   </div>
   <div class='ocr_carea' id='block_1_23' title="bbox 572 2306 2223 2383">
    <p class='ocr_par' dir='ltr' id='par_1_23' title="bbox 572 2306 2223 2383">
     <span class='ocr_line' id='line_1_23' title="bbox 572 2306 2223 2383; baseline -0.002 -18"><span class='ocrx_word' id='word_1_177' title='bbox 572 2319 869 2383; x_wconf 79' lang='lat' dir='ltr'><strong>pastorem,</strong></span> <span class='ocrx_word' id='word_1_178' title='bbox 903 2313 954 2364; x_wconf 86' lang='lat' dir='ltr'><strong>et</strong></span> <span class='ocrx_word' id='word_1_179' title='bbox 982 2309 1365 2380; x_wconf 81' lang='lat' dir='ltr'><strong>dispergentur</strong></span> <span class='ocrx_word' id='word_1_180' title='bbox 1400 2324 1521 2363; x_wconf 75' lang='lat' dir='ltr'><strong>oves</strong></span> <span class='ocrx_word' id='word_1_181' title='bbox 1567 2308 1748 2379; x_wconf 79' lang='lat' dir='ltr'><strong>(Zach.</strong></span> <span class='ocrx_word' id='word_1_182' title='bbox 1779 2323 1903 2375; x_wconf 84' lang='lat' dir='ltr'><strong>xm,</strong></span> <span class='ocrx_word' id='word_1_183' title='bbox 1951 2308 2028 2379; x_wconf 87' lang='lat'><strong>7).</strong></span> <span class='ocrx_word' id='word_1_184' title='bbox 2059 2306 2223 2370; x_wconf 88' lang='lat' dir='ltr'><strong>Quod</strong></span> 
     </span>
    </p>
   </div>
   <div class='ocr_carea' id='block_1_24' title="bbox 579 2396 2221 2472">
    <p class='ocr_par' dir='ltr' id='par_1_24' title="bbox 579 2396 2221 2472">
     <span class='ocr_line' id='line_1_24' title="bbox 579 2396 2221 2472; baseline -0.002 -17"><span class='ocrx_word' id='word_1_185' title='bbox 579 2403 649 2455; x_wconf 83' lang='lat' dir='ltr'><strong>ut</strong></span> <span class='ocrx_word' id='word_1_186' title='bbox 694 2398 906 2472; x_wconf 89' lang='lat' dir='ltr'><strong>patiar,</strong></span> <span class='ocrx_word' id='word_1_187' title='bbox 938 2414 1069 2454; x_wconf 90' lang='lat' dir='ltr'><strong>mea</strong></span> <span class='ocrx_word' id='word_1_188' title='bbox 1097 2396 1367 2454; x_wconf 84' lang='lat' dir='ltr'><strong>voluntas</strong></span> <span class='ocrx_word' id='word_1_189' title='bbox 1416 2396 1525 2452; x_wconf 82' lang='lat' dir='ltr'><strong>fuit</strong></span> <span class='ocrx_word' id='word_1_190' title='bbox 1554 2402 1611 2452; x_wconf 90' lang='lat' dir='ltr'><strong>et</strong></span> <span class='ocrx_word' id='word_1_191' title='bbox 1640 2400 1762 2451; x_wconf 91' lang='lat' dir='ltr'><strong>tua.</strong></span> <span class='ocrx_word' id='word_1_192' title='bbox 1795 2396 1955 2460; x_wconf 89' lang='lat' dir='ltr'><strong>Quod</strong></span> <span class='ocrx_word' id='word_1_193' title='bbox 2005 2399 2067 2450; x_wconf 90' lang='lat' dir='ltr'><strong>tu</strong></span> <span class='ocrx_word' id='word_1_194' title='bbox 2124 2412 2221 2451; x_wconf 88' lang='lat' dir='ltr'><strong>vo-</strong></span> 
     </span>
    </p>
   </div>
   <div class='ocr_carea' id='block_1_25' title="bbox 576 2484 2225 2559">
    <p class='ocr_par' dir='ltr' id='par_1_25' title="bbox 576 2484 2225 2559">
     <span class='ocr_line' id='line_1_25' title="bbox 576 2484 2225 2559; baseline -0.003 -15"><span class='ocrx_word' id='word_1_195' title='bbox 576 2487 762 2556; x_wconf 86' lang='lat' dir='ltr'><strong>luisti,</strong></span> <span class='ocrx_word' id='word_1_196' title='bbox 796 2494 853 2544; x_wconf 90' lang='lat' dir='ltr'><strong>et</strong></span> <span class='ocrx_word' id='word_1_197' title='bbox 883 2501 985 2558; x_wconf 82' lang='lat' dir='ltr'><strong>ego</strong></span> <span class='ocrx_word' id='word_1_198' title='bbox 1016 2486 1190 2543; x_wconf 86' lang='lat' dir='ltr'><strong>volui.</strong></span> <span class='ocrx_word' id='word_1_199' title='bbox 1218 2486 1505 2559; x_wconf 79' lang='lat' dir='ltr'><strong>Oportebat</strong></span> <span class='ocrx_word' id='word_1_200' title='bbox 1534 2488 1722 2541; x_wconf 78' lang='lat' dir='ltr'><strong>venire</strong></span> <span class='ocrx_word' id='word_1_201' title='bbox 1755 2484 2101 2552; x_wconf 73' lang='lat' dir='ltr'><strong>scandalum,</strong></span> <span class='ocrx_word' id='word_1_202' title='bbox 2132 2484 2225 2539; x_wconf 79' lang='lat' dir='ltr'><strong>sed</strong></span> 
     </span>
    </p>
   </div>
   <div class='ocr_carea' id='block_1_26' title="bbox 574 2574 1678 2650">
    <p class='ocr_par' dir='ltr' id='par_1_26' title="bbox 574 2574 1678 2650">
     <span class='ocr_line' id='line_1_26' title="bbox 574 2574 1678 2650; baseline -0.005 -16"><span class='ocrx_word' id='word_1_203' title='bbox 574 2574 657 2635; x_wconf 72' lang='lat' dir='ltr'><strong>uae</strong></span> <span class='ocrx_word' id='word_1_204' title='bbox 679 2593 783 2650; x_wconf 87' lang='lat' dir='ltr'><strong>per</strong></span> <span class='ocrx_word' id='word_1_205' title='bbox 809 2592 969 2650; x_wconf 85' lang='lat' dir='ltr'><strong>quem</strong></span> <span class='ocrx_word' id='word_1_206' title='bbox 997 2578 1147 2633; x_wconf 82' lang='lat' dir='ltr'><strong>venit</strong></span> <span class='ocrx_word' id='word_1_207' title='bbox 1177 2574 1384 2646; x_wconf 81' lang='lat' dir='ltr'><strong>(Matth.</strong></span> <span class='ocrx_word' id='word_1_208' title='bbox 1418 2592 1576 2643; x_wconf 85' lang='lat' dir='ltr'><strong>xvm,</strong></span> <span class='ocrx_word' id='word_1_209' title='bbox 1602 2575 1678 2645; x_wconf 88' lang='lat'><strong>7).</strong></span> 
     </span>
    </p>
   </div>
   <div class='ocr_carea' id='block_1_27' title="bbox 652 2662 2223 2737">
    <p class='ocr_par' dir='ltr' id='par_1_27' title="bbox 652 2662 2223 2737">
     <span class='ocr_line' id='line_1_27' title="bbox 652 2662 2223 2737; baseline -0.001 -16"><span class='ocrx_word' id='word_1_210' title='bbox 652 2692 673 2721; x_wconf 75' lang='grc' dir='ltr'>α</span> <span class='ocrx_word' id='word_1_211' title='bbox 709 2668 1055 2725; x_wconf 88' lang='lat' dir='ltr'><strong>Maledicent</strong></span> <span class='ocrx_word' id='word_1_212' title='bbox 1082 2665 1189 2737; x_wconf 92' lang='lat' dir='ltr'><strong>illi,</strong></span> <span class='ocrx_word' id='word_1_213' title='bbox 1221 2670 1279 2722; x_wconf 93' lang='lat' dir='ltr'><strong>et</strong></span> <span class='ocrx_word' id='word_1_214' title='bbox 1308 2670 1372 2721; x_wconf 91' lang='lat' dir='ltr'><strong>tu</strong></span> <span class='ocrx_word' id='word_1_215' title='bbox 1404 2664 1731 2721; x_wconf 88' lang='lat' dir='ltr'><strong>benedices.</strong></span> <span class='ocrx_word' id='word_1_216' title='bbox 1764 2686 1791 2715; x_wconf 83' lang='lat'><strong>»</strong></span> <span class='ocrx_word' id='word_1_217' title='bbox 1828 2664 2020 2736; x_wconf 88' lang='lat' dir='ltr'><strong>Usque</strong></span> <span class='ocrx_word' id='word_1_218' title='bbox 2050 2662 2223 2720; x_wconf 89' lang='lat' dir='ltr'><strong>hodie</strong></span> 
     </span>
    </p>
   </div>
   <div class='ocr_carea' id='block_1_28' title="bbox 570 2754 2223 2828">
    <p class='ocr_par' dir='ltr' id='par_1_28' title="bbox 570 2754 2223 2828">
     <span class='ocr_line' id='line_1_28' title="bbox 570 2754 2223 2828; baseline -0.007 -10"><span class='ocrx_word' id='word_1_219' title='bbox 570 2762 683 2819; x_wconf 89' lang='lat' dir='ltr'><strong>hoc</strong></span> <span class='ocrx_word' id='word_1_220' title='bbox 711 2759 780 2815; x_wconf 86' lang='lat' dir='ltr'><strong>fit</strong></span> <span class='ocrx_word' id='word_1_221' title='bbox 812 2778 826 2816; x_wconf 93' lang='lat'><strong>:</strong></span> <span class='ocrx_word' id='word_1_222' title='bbox 857 2756 943 2813; x_wconf 86' lang='lat' dir='ltr'><strong>illi</strong></span> <span class='ocrx_word' id='word_1_223' title='bbox 994 2755 1352 2813; x_wconf 89' lang='lat' dir='ltr'><strong>maledicunt</strong></span> <span class='ocrx_word' id='word_1_224' title='bbox 1380 2754 1439 2810; x_wconf 93' lang='lat' dir='ltr'><strong>in</strong></span> <span class='ocrx_word' id='word_1_225' title='bbox 1469 2759 1791 2828; x_wconf 85' lang='lat' dir='ltr'><strong>Synagoga,</strong></span> <span class='ocrx_word' id='word_1_226' title='bbox 1836 2759 1892 2810; x_wconf 87' lang='lat' dir='ltr'><strong>et</strong></span> <span class='ocrx_word' id='word_1_227' title='bbox 1941 2754 2223 2808; x_wconf 90' lang='lat' dir='ltr'><strong>Dominus</strong></span> 
     </span>
    </p>
   </div>
   <div class='ocr_carea' id='block_1_29' title="bbox 571 2842 2266 2916">
    <p class='ocr_par' dir='ltr' id='par_1_29' title="bbox 571 2842 2266 2916">
     <span class='ocr_line' id='line_1_29' title="bbox 571 2842 2266 2916; baseline -0.005 -10"><span class='ocrx_word' id='word_1_228' title='bbox 571 2844 867 2906; x_wconf 89' lang='lat' dir='ltr'><strong>benedicit</strong></span> <span class='ocrx_word' id='word_1_229' title='bbox 891 2847 955 2902; x_wconf 89' lang='lat' dir='ltr'><strong>in</strong></span> <span class='ocrx_word' id='word_1_230' title='bbox 984 2846 1260 2902; x_wconf 87' lang='lat' dir='ltr'><strong>Ecclesia.</strong></span> <span class='ocrx_word' id='word_1_231' title='bbox 1294 2868 1323 2896; x_wconf 89' lang='grc'><strong>‹‹</strong></span> <span class='ocrx_word' id='word_1_232' title='bbox 1354 2844 1461 2908; x_wconf 87' lang='lat' dir='ltr'><strong>Qui</strong></span> <span class='ocrx_word' id='word_1_233' title='bbox 1493 2844 1811 2916; x_wconf 85' lang='lat' dir='ltr'><strong>insurgunt</strong></span> <span class='ocrx_word' id='word_1_234' title='bbox 1836 2842 1898 2898; x_wconf 92' lang='lat' dir='ltr'><strong>in</strong></span> <span class='ocrx_word' id='word_1_235' title='bbox 1939 2860 2052 2909; x_wconf 91' lang='lat' dir='ltr'><strong>me,</strong></span> <span class='ocrx_word' id='word_1_236' title='bbox 2086 2859 2223 2898; x_wconf 86' lang='lat' dir='ltr'><strong>con-</strong></span> <span class='ocrx_word' id='word_1_237' title='bbox 2248 2884 2266 2912; x_wconf 83' lang='grc'><em>,</em></span> 
     </span>
    </p>
   </div>
   <div class='ocr_carea' id='block_1_30' title="bbox 577 2930 2219 2995">
    <p class='ocr_par' dir='ltr' id='par_1_30' title="bbox 577 2930 2219 2995">
     <span class='ocr_line' id='line_1_30' title="bbox 577 2930 2219 2995; baseline -0.006 -1"><span class='ocrx_word' id='word_1_238' title='bbox 577 2938 902 2995; x_wconf 83' lang='lat' dir='ltr'><strong>fundantur</strong></span> <span class='ocrx_word' id='word_1_239' title='bbox 934 2953 947 2991; x_wconf 89' lang='lat'><strong>:</strong></span> <span class='ocrx_word' id='word_1_240' title='bbox 982 2951 1184 2991; x_wconf 87' lang='lat' dir='ltr'><strong>servus</strong></span> <span class='ocrx_word' id='word_1_241' title='bbox 1215 2938 1412 2991; x_wconf 90' lang='lat' dir='ltr'><strong>autem</strong></span> <span class='ocrx_word' id='word_1_242' title='bbox 1446 2938 1584 2988; x_wconf 91' lang='lat' dir='ltr'><strong>tuus</strong></span> <span class='ocrx_word' id='word_1_243' title='bbox 1613 2931 1925 2988; x_wconf 79' lang='lat' dir='ltr'><strong>laetabitur.</strong></span> <span class='ocrx_word' id='word_1_244' title='bbox 1961 2953 1990 2980; x_wconf 77' lang='lat' dir='ltr'><strong>n</strong></span> <span class='ocrx_word' id='word_1_245' title='bbox 2012 2930 2101 2985; x_wconf 92' lang='lat' dir='ltr'><strong>llli</strong></span> <span class='ocrx_word' id='word_1_246' title='bbox 2133 2932 2219 2985; x_wconf 89' lang='lat' dir='ltr'><strong>in-</strong></span> 
     </span>
    </p>
   </div>
   <div class='ocr_carea' id='block_1_31' title="bbox 573 3019 2219 3098">
    <p class='ocr_par' dir='ltr' id='par_1_31' title="bbox 573 3019 2219 3098">
     <span class='ocr_line' id='line_1_31' title="bbox 573 3019 2219 3098; baseline -0.005 -16"><span class='ocrx_word' id='word_1_247' title='bbox 573 3029 829 3098; x_wconf 88' lang='lat' dir='ltr'><strong>surgunt</strong></span> <span class='ocrx_word' id='word_1_248' title='bbox 856 3025 915 3080; x_wconf 86' lang='lat' dir='ltr'><strong>in</strong></span> <span class='ocrx_word' id='word_1_249' title='bbox 948 3039 1039 3078; x_wconf 90' lang='lat' dir='ltr'><strong>me</strong></span> <span class='ocrx_word' id='word_1_250' title='bbox 1078 3040 1091 3077; x_wconf 93' lang='lat'><strong>:</strong></span> <span class='ocrx_word' id='word_1_251' title='bbox 1125 3038 1230 3094; x_wconf 86' lang='lat' dir='ltr'><strong>ego</strong></span> <span class='ocrx_word' id='word_1_252' title='bbox 1280 3026 1475 3076; x_wconf 90' lang='lat' dir='ltr'><strong>autem</strong></span> <span class='ocrx_word' id='word_1_253' title='bbox 1525 3036 1727 3076; x_wconf 87' lang='lat' dir='ltr'><strong>servus</strong></span> <span class='ocrx_word' id='word_1_254' title='bbox 1775 3024 1915 3075; x_wconf 90' lang='lat' dir='ltr'><strong>tuus</strong></span> <span class='ocrx_word' id='word_1_255' title='bbox 1962 3019 2219 3073; x_wconf 84' lang='lat' dir='ltr'><strong>laetabor.</strong></span> 
     </span>
    </p>
   </div>
   <div class='ocr_carea' id='block_1_32' title="bbox 575 3109 2224 3180">
    <p class='ocr_par' dir='ltr' id='par_1_32' title="bbox 575 3109 2224 3180">
     <span class='ocr_line' id='line_1_32' title="bbox 575 3109 2224 3180; baseline -0.004 -11"><span class='ocrx_word' id='word_1_256' title='bbox 575 3113 764 3178; x_wconf 85' lang='lat' dir='ltr'><strong>Quare</strong></span> <span class='ocrx_word' id='word_1_257' title='bbox 791 3117 989 3168; x_wconf 88' lang='lat' dir='ltr'><strong>autem</strong></span> <span class='ocrx_word' id='word_1_258' title='bbox 1022 3127 1223 3167; x_wconf 89' lang='lat' dir='ltr'><strong>servus</strong></span> <span class='ocrx_word' id='word_1_259' title='bbox 1254 3109 1432 3165; x_wconf 86' lang='lat' dir='ltr'><strong>tuus?</strong></span> <span class='ocrx_word' id='word_1_260' title='bbox 1461 3110 1731 3178; x_wconf 77' lang='lat' dir='ltr'><strong>Quoniam</strong></span> <span class='ocrx_word' id='word_1_261' title='bbox 1750 3111 1849 3180; x_wconf 89' lang='lat' dir='ltr'><strong>qui</strong></span> <span class='ocrx_word' id='word_1_262' title='bbox 1876 3124 1999 3163; x_wconf 81' lang='lat' dir='ltr'><strong>eum</strong></span> <span class='ocrx_word' id='word_1_263' title='bbox 2030 3110 2091 3163; x_wconf 87' lang='lat' dir='ltr'><strong>in</strong></span> <span class='ocrx_word' id='word_1_264' title='bbox 2114 3109 2224 3179; x_wconf 81' lang='lat' dir='ltr'><strong>for-</strong></span> 
     </span>
    </p>
   </div>
   <div class='ocr_carea' id='block_1_33' title="bbox 572 3198 2223 3273">
    <p class='ocr_par' dir='ltr' id='par_1_33' title="bbox 572 3198 2223 3273">
     <span class='ocr_line' id='line_1_33' title="bbox 572 3198 2223 3273; baseline -0.005 -14"><span class='ocrx_word' id='word_1_265' title='bbox 572 3218 668 3259; x_wconf 86' lang='lat' dir='ltr'><strong>ma</strong></span> <span class='ocrx_word' id='word_1_266' title='bbox 714 3203 815 3258; x_wconf 88' lang='lat' dir='ltr'><strong>Dei</strong></span> <span class='ocrx_word' id='word_1_267' title='bbox 858 3209 1014 3273; x_wconf 87' lang='lat' dir='ltr'><strong>esset,</strong></span> <span class='ocrx_word' id='word_1_268' title='bbox 1065 3212 1174 3256; x_wconf 80' lang='lat' dir='ltr'><strong>non</strong></span> <span class='ocrx_word' id='word_1_269' title='bbox 1222 3200 1485 3270; x_wconf 79' lang='lat' dir='ltr'><strong>rapinam</strong></span> <span class='ocrx_word' id='word_1_270' title='bbox 1534 3198 1835 3254; x_wconf 82' lang='lat' dir='ltr'><strong>arbitratus</strong></span> <span class='ocrx_word' id='word_1_271' title='bbox 1876 3204 1954 3253; x_wconf 82' lang='lat' dir='ltr'><strong>est</strong></span> <span class='ocrx_word' id='word_1_272' title='bbox 2000 3212 2112 3252; x_wconf 82' lang='lat' dir='ltr'><strong>esse</strong></span> <span class='ocrx_word' id='word_1_273' title='bbox 2166 3211 2223 3251; x_wconf 86' lang='lat' dir='ltr'><strong>se</strong></span> 
     </span>
    </p>
   </div>
   <div class='ocr_carea' id='block_1_34' title="bbox 573 3287 2222 3365">
    <p class='ocr_par' dir='ltr' id='par_1_34' title="bbox 573 3287 2222 3365">
     <span class='ocr_line' id='line_1_34' title="bbox 573 3287 2222 3365; baseline -0.006 -16"><span class='ocrx_word' id='word_1_274' title='bbox 573 3292 847 3365; x_wconf 78' lang='lat' dir='ltr'><strong>aequalem</strong></span> <span class='ocrx_word' id='word_1_275' title='bbox 876 3289 982 3345; x_wconf 90' lang='lat' dir='ltr'><strong>Deo</strong></span> <span class='ocrx_word' id='word_1_276' title='bbox 1030 3306 1049 3344; x_wconf 90' lang='lat'><strong>:</strong></span> <span class='ocrx_word' id='word_1_277' title='bbox 1093 3288 1183 3344; x_wconf 87' lang='lat' dir='ltr'><strong>sed</strong></span> <span class='ocrx_word' id='word_1_278' title='bbox 1227 3288 1482 3344; x_wconf 76' lang='lat' dir='ltr'><strong>exinaniz</strong></span> <span class='ocrx_word' id='word_1_279' title='bbox 1495 3288 1541 3343; x_wconf 89' lang='lat' dir='ltr'><strong>it</strong></span> <span class='ocrx_word' id='word_1_280' title='bbox 1588 3287 1954 3358; x_wconf 79' lang='lat' dir='ltr'><strong>semetipsum,</strong></span> <span class='ocrx_word' id='word_1_281' title='bbox 1985 3288 2222 3356; x_wconf 79' lang='lat' dir='ltr'><strong>formam</strong></span> 
     </span>
    </p>
   </div>
   <div class='ocr_carea' id='block_1_35' title="bbox 572 3376 1600 3452">
    <p class='ocr_par' dir='ltr' id='par_1_35' title="bbox 572 3376 1600 3452">
     <span class='ocr_line' id='line_1_35' title="bbox 572 3376 1600 3452; baseline -0.008 -13"><span class='ocrx_word' id='word_1_282' title='bbox 572 3384 723 3440; x_wconf 85' lang='lat' dir='ltr'><strong>servi</strong></span> <span class='ocrx_word' id='word_1_283' title='bbox 745 3379 1012 3452; x_wconf 76' lang='lat' dir='ltr'><strong>accipiens</strong></span> <span class='ocrx_word' id='word_1_284' title='bbox 1035 3376 1309 3450; x_wconf 78' lang='lat' dir='ltr'><strong>(Philipp.</strong></span> <span class='ocrx_word' id='word_1_285' title='bbox 1343 3395 1404 3443; x_wconf 90' lang='grc' dir='ltr'>ιι,</span> <span class='ocrx_word' id='word_1_286' title='bbox 1436 3378 1492 3445; x_wconf 87' lang='grc'><strong>6,</strong></span> <span class='ocrx_word' id='word_1_287' title='bbox 1522 3376 1600 3448; x_wconf 91' lang='grc'><strong>7).</strong></span> 
     </span>
    </p>
   </div>
   <div class='ocr_carea' id='block_1_36' title="bbox 649 3462 2227 3539">
    <p class='ocr_par' dir='ltr' id='par_1_36' title="bbox 649 3462 2227 3539">
     <span class='ocr_line' id='line_1_36' title="bbox 649 3462 2227 3539; baseline -0.002 -17"><span class='ocrx_word' id='word_1_288' title='bbox 649 3494 678 3522; x_wconf 92' lang='grc'><strong>‹‹</strong></span> <span class='ocrx_word' id='word_1_289' title='bbox 710 3470 1036 3526; x_wconf 89' lang='lat' dir='ltr'><strong>Induantur</strong></span> <span class='ocrx_word' id='word_1_290' title='bbox 1065 3466 1164 3539; x_wconf 88' lang='lat' dir='ltr'><strong>qui</strong></span> <span class='ocrx_word' id='word_1_291' title='bbox 1194 3466 1511 3522; x_wconf 88' lang='lat' dir='ltr'><strong>detrahunt</strong></span> <span class='ocrx_word' id='word_1_292' title='bbox 1540 3465 1685 3521; x_wconf 91' lang='lat' dir='ltr'><strong>mihi</strong></span> <span class='ocrx_word' id='word_1_293' title='bbox 1716 3466 1957 3537; x_wconf 90' lang='lat' dir='ltr'><strong>pudore.</strong></span> <span class='ocrx_word' id='word_1_294' title='bbox 1990 3485 2011 3514; x_wconf 73' lang='grc' dir='ltr'><strong>ι</strong></span> <span class='ocrx_word' id='word_1_295' title='bbox 2043 3462 2227 3519; x_wconf 87' lang='lat' dir='ltr'><strong>Valde</strong></span> 
     </span>
    </p>
   </div>
   <div class='ocr_carea' id='block_1_37' title="bbox 581 3553 2225 3633">
    <p class='ocr_par' dir='ltr' id='par_1_37' title="bbox 581 3553 2225 3633">
     <span class='ocr_line' id='line_1_37' title="bbox 581 3553 2225 3633; baseline -0.006 -16"><span class='ocrx_word' id='word_1_296' title='bbox 581 3559 754 3617; x_wconf 89' lang='lat' dir='ltr'><strong>nobis</strong></span> <span class='ocrx_word' id='word_1_297' title='bbox 783 3559 1019 3633; x_wconf 85' lang='lat' dir='ltr'><strong>prodest</strong></span> <span class='ocrx_word' id='word_1_298' title='bbox 1057 3554 1383 3629; x_wconf 88' lang='lat' dir='ltr'><strong>intelligere</strong></span> <span class='ocrx_word' id='word_1_299' title='bbox 1429 3556 1584 3628; x_wconf 93' lang='lat' dir='ltr'><strong>quod</strong></span> <span class='ocrx_word' id='word_1_300' title='bbox 1638 3555 1931 3610; x_wconf 87' lang='lat' dir='ltr'><strong>dicimus:</strong></span> <span class='ocrx_word' id='word_1_301' title='bbox 1965 3553 2225 3609; x_wconf 88' lang='lat' dir='ltr'><strong>Clemen-</strong></span> 
     </span>
    </p>
   </div>
   <div class='ocr_carea' id='block_1_38' title="bbox 578 3643 2225 3719">
    <p class='ocr_par' dir='ltr' id='par_1_38' title="bbox 578 3643 2225 3719">
     <span class='ocr_line' id='line_1_38' title="bbox 578 3643 2225 3719; baseline -0.006 -14"><span class='ocrx_word' id='word_1_302' title='bbox 578 3649 665 3705; x_wconf 86' lang='lat' dir='ltr'><strong>tia</strong></span> <span class='ocrx_word' id='word_1_303' title='bbox 714 3648 815 3704; x_wconf 88' lang='lat' dir='ltr'><strong>Dei</strong></span> <span class='ocrx_word' id='word_1_304' title='bbox 862 3648 926 3703; x_wconf 91' lang='lat' dir='ltr'><strong>in</strong></span> <span class='ocrx_word' id='word_1_305' title='bbox 973 3645 1083 3702; x_wconf 88' lang='lat' dir='ltr'><strong>hoc</strong></span> <span class='ocrx_word' id='word_1_306' title='bbox 1138 3649 1400 3719; x_wconf 86' lang='lat' dir='ltr'><strong>apparet,</strong></span> <span class='ocrx_word' id='word_1_307' title='bbox 1450 3646 1509 3700; x_wconf 91' lang='lat' dir='ltr'><strong>in</strong></span> <span class='ocrx_word' id='word_1_308' title='bbox 1569 3643 1834 3709; x_wconf 89' lang='lat' dir='ltr'><strong>dicendo,</strong></span> <span class='ocrx_word' id='word_1_309' title='bbox 1894 3643 2225 3698; x_wconf 84' lang='lat' dir='ltr'><strong>induant-ur.</strong></span> 
     </span>
    </p>
   </div>
   <div class='ocr_carea' id='block_1_39' title="bbox 579 3731 2231 3807">
    <p class='ocr_par' dir='ltr' id='par_1_39' title="bbox 579 3731 2231 3807">
     <span class='ocr_line' id='line_1_39' title="bbox 579 3731 2231 3807; baseline -0.005 -13"><span class='ocrx_word' id='word_1_310' title='bbox 579 3736 705 3794; x_wconf 92' lang='lat' dir='ltr'><strong>Non</strong></span> <span class='ocrx_word' id='word_1_311' title='bbox 739 3736 902 3803; x_wconf 87' lang='lat' dir='ltr'><strong>dicit,</strong></span> <span class='ocrx_word' id='word_1_312' title='bbox 936 3737 1177 3807; x_wconf 89' lang='lat' dir='ltr'><strong>pereant</strong></span> <span class='ocrx_word' id='word_1_313' title='bbox 1208 3751 1221 3789; x_wconf 94' lang='lat'><strong>:</strong></span> <span class='ocrx_word' id='word_1_314' title='bbox 1254 3751 1369 3788; x_wconf 89' lang='lat' dir='ltr'><strong>non</strong></span> <span class='ocrx_word' id='word_1_315' title='bbox 1409 3732 1567 3804; x_wconf 85' lang='lat' dir='ltr'><strong>dicit,</strong></span> <span class='ocrx_word' id='word_1_316' title='bbox 1600 3731 1905 3788; x_wconf 88' lang='lat' dir='ltr'><strong>deleantur</strong></span> <span class='ocrx_word' id='word_1_317' title='bbox 1952 3732 2012 3785; x_wconf 91' lang='lat' dir='ltr'><strong>in</strong></span> <span class='ocrx_word' id='word_1_318' title='bbox 2062 3736 2231 3786; x_wconf 66' lang='lat' dir='ltr'><strong>aeter-</strong></span> 
     </span>
    </p>
   </div>
   <div class='ocr_carea' id='block_1_40' title="bbox 584 3819 2230 3895">
    <p class='ocr_par' dir='ltr' id='par_1_40' title="bbox 584 3819 2230 3895">
     <span class='ocr_line' id='line_1_40' title="bbox 584 3819 2230 3895; baseline -0.005 -12"><span class='ocrx_word' id='word_1_319' title='bbox 584 3842 751 3883; x_wconf 89' lang='lat' dir='ltr'><strong>num.</strong></span> <span class='ocrx_word' id='word_1_320' title='bbox 801 3823 908 3880; x_wconf 88' lang='lat' dir='ltr'><strong>Sed</strong></span> <span class='ocrx_word' id='word_1_321' title='bbox 957 3822 1097 3895; x_wconf 90' lang='lat' dir='ltr'><strong>quid</strong></span> <span class='ocrx_word' id='word_1_322' title='bbox 1148 3821 1329 3878; x_wconf 84' lang='lat' dir='ltr'><strong>dicit?</strong></span> <span class='ocrx_word' id='word_1_323' title='bbox 1359 3820 1822 3888; x_wconf 85' lang='lat' dir='ltr'><strong>Confundantur,</strong></span> <span class='ocrx_word' id='word_1_324' title='bbox 1850 3820 1959 3875; x_wconf 92' lang='lat' dir='ltr'><strong>hoc</strong></span> <span class='ocrx_word' id='word_1_325' title='bbox 2005 3824 2111 3889; x_wconf 88' lang='lat' dir='ltr'><strong>est,</strong></span> <span class='ocrx_word' id='word_1_326' title='bbox 2142 3819 2230 3874; x_wconf 90' lang='lat' dir='ltr'><strong>in-</strong></span> 
     </span>
    </p>
   </div>
   <div class='ocr_carea' id='block_1_41' title="bbox 584 3908 2234 3989">
    <p class='ocr_par' dir='ltr' id='par_1_41' title="bbox 584 3908 2234 3989">
     <span class='ocr_line' id='line_1_41' title="bbox 584 3908 2234 3989; baseline -0.005 -17"><span class='ocrx_word' id='word_1_327' title='bbox 584 3915 853 3989; x_wconf 86' lang='lat' dir='ltr'><strong>telligant</strong></span> <span class='ocrx_word' id='word_1_328' title='bbox 900 3927 1155 3969; x_wconf 90' lang='lat' dir='ltr'><strong>errorem</strong></span> <span class='ocrx_word' id='word_1_329' title='bbox 1204 3927 1402 3980; x_wconf 90' lang='lat' dir='ltr'><strong>suum,</strong></span> <span class='ocrx_word' id='word_1_330' title='bbox 1452 3913 1508 3966; x_wconf 91' lang='lat' dir='ltr'><strong>et</strong></span> <span class='ocrx_word' id='word_1_331' title='bbox 1556 3909 2009 3979; x_wconf 81' lang='lat' dir='ltr'><strong>confundantur,</strong></span> <span class='ocrx_word' id='word_1_332' title='bbox 2044 3912 2102 3964; x_wconf 93' lang='lat' dir='ltr'><strong>et</strong></span> <span class='ocrx_word' id='word_1_333' title='bbox 2130 3908 2234 3964; x_wconf 90' lang='lat' dir='ltr'><strong>de-</strong></span> 
     </span>
    </p>
   </div>
   <div class='ocr_carea' id='block_1_42' title="bbox 581 3998 2235 4075">
    <p class='ocr_par' dir='ltr' id='par_1_42' title="bbox 581 3998 2235 4075">
     <span class='ocr_line' id='line_1_42' title="bbox 581 3998 2235 4075; baseline -0.006 -13"><span class='ocrx_word' id='word_1_334' title='bbox 581 4004 785 4062; x_wconf 82' lang='lat' dir='ltr'><strong>ﬁciant</strong></span> <span class='ocrx_word' id='word_1_335' title='bbox 815 4003 875 4058; x_wconf 92' lang='lat' dir='ltr'><strong>in</strong></span> <span class='ocrx_word' id='word_1_336' title='bbox 906 4000 1266 4075; x_wconf 72' lang='lat' dir='ltr'><strong>poenitentia.</strong></span> <span class='ocrx_word' id='word_1_337' title='bbox 1310 3999 1417 4066; x_wconf 91' lang='lat' dir='ltr'><strong>Qui</strong></span> <span class='ocrx_word' id='word_1_338' title='bbox 1452 3999 1717 4055; x_wconf 86' lang='lat' dir='ltr'><strong>induitur</strong></span> <span class='ocrx_word' id='word_1_339' title='bbox 1764 3998 2003 4070; x_wconf 90' lang='lat' dir='ltr'><strong>pudore,</strong></span> <span class='ocrx_word' id='word_1_340' title='bbox 2056 4012 2235 4070; x_wconf 88' lang='lat' dir='ltr'><strong>prope</strong></span> 
     </span>
    </p>
   </div>
   <div class='ocr_carea' id='block_1_43' title="bbox 584 4085 2238 4163">
    <p class='ocr_par' dir='ltr' id='par_1_43' title="bbox 584 4085 2238 4163">
     <span class='ocr_line' id='line_1_43' title="bbox 584 4085 2238 4163; baseline -0.008 -11"><span class='ocrx_word' id='word_1_341' title='bbox 584 4098 676 4152; x_wconf 87' lang='lat' dir='ltr'><strong>est</strong></span> <span class='ocrx_word' id='word_1_342' title='bbox 706 4091 882 4155; x_wconf 88' lang='lat' dir='ltr'><strong>saluti</strong></span> <span class='ocrx_word' id='word_1_343' title='bbox 914 4108 928 4147; x_wconf 92' lang='lat'><strong>:</strong></span> <span class='ocrx_word' id='word_1_344' title='bbox 962 4090 1012 4146; x_wconf 88' lang='lat' dir='ltr'><strong>si</strong></span> <span class='ocrx_word' id='word_1_345' title='bbox 1045 4090 1178 4163; x_wconf 88' lang='lat' dir='ltr'><strong>quis</strong></span> <span class='ocrx_word' id='word_1_346' title='bbox 1206 4089 1363 4146; x_wconf 90' lang='lat' dir='ltr'><strong>enim</strong></span> <span class='ocrx_word' id='word_1_347' title='bbox 1414 4104 1546 4144; x_wconf 90' lang='lat' dir='ltr'><strong>vere</strong></span> <span class='ocrx_word' id='word_1_348' title='bbox 1592 4088 1991 4154; x_wconf 83' lang='lat' dir='ltr'><strong>confunditur,</strong></span> <span class='ocrx_word' id='word_1_349' title='bbox 2033 4085 2238 4158; x_wconf 90' lang='lat' dir='ltr'><strong>incipit</strong></span> 
     </span>
    </p>
   </div>
   <div class='ocr_carea' id='block_1_44' title="bbox 583 4175 2236 4257">
    <p class='ocr_par' dir='ltr' id='par_1_44' title="bbox 583 4175 2236 4257">
     <span class='ocr_line' id='line_1_44' title="bbox 583 4175 2236 4257; baseline -0.004 -20"><span class='ocrx_word' id='word_1_350' title='bbox 583 4181 886 4257; x_wconf 59' lang='lat' dir='ltr'><strong>paenitere.</strong></span> <span class='ocrx_word' id='word_1_351' title='bbox 934 4178 1328 4247; x_wconf 85' lang='lat' dir='ltr'><strong>Considerate,</strong></span> <span class='ocrx_word' id='word_1_352' title='bbox 1379 4194 1412 4233; x_wconf 91' lang='grc' dir='ltr'><strong>ο</strong></span> <span class='ocrx_word' id='word_1_353' title='bbox 1461 4176 1753 4245; x_wconf 88' lang='lat' dir='ltr'><strong>monachi,</strong></span> <span class='ocrx_word' id='word_1_354' title='bbox 1814 4176 1861 4232; x_wconf 89' lang='lat' dir='ltr'><strong>si</strong></span> <span class='ocrx_word' id='word_1_355' title='bbox 1922 4175 2236 4246; x_wconf 91' lang='lat' dir='ltr'><strong>aliquando</strong></span> 
     </span>
    </p>
   </div>
   <div class='ocr_carea' id='block_1_45' title="bbox 586 4266 2240 4341">
    <p class='ocr_par' dir='ltr' id='par_1_45' title="bbox 586 4266 2240 4341">
     <span class='ocr_line' id='line_1_45' title="bbox 586 4266 2240 4341; baseline -0.006 -13"><span class='ocrx_word' id='word_1_356' title='bbox 586 4268 915 4328; x_wconf 88' lang='lat' dir='ltr'><strong>habueritis</strong></span> <span class='ocrx_word' id='word_1_357' title='bbox 946 4266 1168 4341; x_wconf 89' lang='lat' dir='ltr'><strong>aliquid</strong></span> <span class='ocrx_word' id='word_1_358' title='bbox 1199 4270 1401 4322; x_wconf 89' lang='lat' dir='ltr'><strong>contra</strong></span> <span class='ocrx_word' id='word_1_359' title='bbox 1429 4266 1669 4322; x_wconf 84' lang='lat' dir='ltr'><strong>fratrem</strong></span> <span class='ocrx_word' id='word_1_360' title='bbox 1700 4269 1983 4335; x_wconf 87' lang='lat' dir='ltr'><strong>vestrum,</strong></span> <span class='ocrx_word' id='word_1_361' title='bbox 2008 4280 2240 4336; x_wconf 91' lang='lat' dir='ltr'><strong>semper</strong></span> 
     </span>
    </p>
   </div>
   <div class='ocr_carea' id='block_1_46' title="bbox 584 4352 2240 4436">
    <p class='ocr_par' dir='ltr' id='par_1_46' title="bbox 584 4352 2240 4436">
     <span class='ocr_line' id='line_1_46' title="bbox 584 4352 2240 4436; baseline -0.006 -19"><span class='ocrx_word' id='word_1_362' title='bbox 584 4377 692 4436; x_wconf 88' lang='lat' dir='ltr'><strong>pro</strong></span> <span class='ocrx_word' id='word_1_363' title='bbox 720 4358 850 4433; x_wconf 89' lang='lat' dir='ltr'><strong>ipso</strong></span> <span class='ocrx_word' id='word_1_364' title='bbox 880 4373 1084 4431; x_wconf 88' lang='lat' dir='ltr'><strong>rogare</strong></span> <span class='ocrx_word' id='word_1_365' title='bbox 1115 4355 1339 4412; x_wconf 86' lang='lat' dir='ltr'><strong>debetis</strong></span> <span class='ocrx_word' id='word_1_366' title='bbox 1364 4353 1985 4409; x_wconf 88' lang='lat' dir='ltr'><strong>Dominum.Dominus</strong></span> <span class='ocrx_word' id='word_1_367' title='bbox 2017 4352 2240 4409; x_wconf 83' lang='lat' dir='ltr'><strong>cruciﬁ-</strong></span> 
     </span>
    </p>
   </div>
   <div class='ocr_carea' id='block_1_47' title="bbox 587 4442 2240 4524">
    <p class='ocr_par' dir='ltr' id='par_1_47' title="bbox 587 4442 2240 4524">
     <span class='ocr_line' id='line_1_47' title="bbox 587 4442 2240 4524; baseline -0.005 -18"><span class='ocrx_word' id='word_1_368' title='bbox 587 4451 764 4524; x_wconf 80' lang='lat' dir='ltr'><strong>gitur,</strong></span> <span class='ocrx_word' id='word_1_369' title='bbox 814 4452 873 4504; x_wconf 90' lang='lat' dir='ltr'><strong>et</strong></span> <span class='ocrx_word' id='word_1_370' title='bbox 913 4464 1018 4520; x_wconf 90' lang='lat' dir='ltr'><strong>pro</strong></span> <span class='ocrx_word' id='word_1_371' title='bbox 1061 4443 1543 4516; x_wconf 80' lang='lat' dir='ltr'><strong>crucifigentibus</strong></span> <span class='ocrx_word' id='word_1_372' title='bbox 1574 4447 1755 4515; x_wconf 83' lang='lat' dir='ltr'><strong>rogat.</strong></span> <span class='ocrx_word' id='word_1_373' title='bbox 1790 4442 1907 4498; x_wconf 89' lang='lat' dir='ltr'><strong>Vos</strong></span> <span class='ocrx_word' id='word_1_374' title='bbox 1937 4446 2154 4509; x_wconf 89' lang='lat' dir='ltr'><strong>autem,</strong></span> <span class='ocrx_word' id='word_1_375' title='bbox 2189 4443 2240 4497; x_wconf 88' lang='lat' dir='ltr'><strong>si</strong></span> 
     </span>
    </p>
   </div>
   <div class='ocr_carea' id='block_1_48' title="bbox 593 4531 2238 4603">
    <p class='ocr_par' dir='ltr' id='par_1_48' title="bbox 593 4531 2238 4603">
     <span class='ocr_line' id='line_1_48' title="bbox 593 4531 2238 4603; baseline -0.004 -9"><span class='ocrx_word' id='word_1_376' title='bbox 593 4537 899 4595; x_wconf 89' lang='lat' dir='ltr'><strong>audieritis</strong></span> <span class='ocrx_word' id='word_1_377' title='bbox 926 4532 1525 4603; x_wconf 64' lang='lat' dir='ltr'><strong>verbummalumme</strong></span> <span class='ocrx_word' id='word_1_378' title='bbox 1546 4531 1792 4587; x_wconf 90' lang='lat' dir='ltr'><strong>teneatis</strong></span> <span class='ocrx_word' id='word_1_379' title='bbox 1813 4531 1988 4587; x_wconf 88' lang='lat' dir='ltr'><strong>iram!</strong></span> <span class='ocrx_word' id='word_1_380' title='bbox 2019 4532 2110 4587; x_wconf 88' lang='lat' dir='ltr'><strong>Sol</strong></span> <span class='ocrx_word' id='word_1_381' title='bbox 2130 4547 2238 4589; x_wconf 84' lang='lat' dir='ltr'><strong>non</strong></span> 
     </span>
    </p>
   </div>
   <div class='ocr_carea' id='block_1_49' title="bbox 593 4617 2239 4694">
    <p class='ocr_par' dir='ltr' id='par_1_49' title="bbox 593 4617 2239 4694">
     <span class='ocr_line' id='line_1_49' title="bbox 593 4617 2239 4694; baseline -0.005 -14"><span class='ocrx_word' id='word_1_382' title='bbox 593 4621 804 4681; x_wconf 83' lang='lat' dir='ltr'><strong>occidat</strong></span> <span class='ocrx_word' id='word_1_383' title='bbox 859 4636 1021 4694; x_wconf 85' lang='lat' dir='ltr'><strong>super</strong></span> <span class='ocrx_word' id='word_1_384' title='bbox 1066 4619 1419 4676; x_wconf 81' lang='lat' dir='ltr'><strong>iracundiam</strong></span> <span class='ocrx_word' id='word_1_385' title='bbox 1472 4622 1715 4674; x_wconf 79' lang='lat' dir='ltr'><strong>vestram</strong></span> <span class='ocrx_word' id='word_1_386' title='bbox 1761 4617 1985 4689; x_wconf 85' lang='lat' dir='ltr'><strong>(Ephes.</strong></span> <span class='ocrx_word' id='word_1_387' title='bbox 2022 4635 2096 4689; x_wconf 81' lang='grc' dir='ltr'><strong>ιν,</strong></span> <span class='ocrx_word' id='word_1_388' title='bbox 2128 4619 2239 4690; x_wconf 84' lang='grc'><strong>26),</strong></span> 
     </span>
    </p>
   </div>
   <div class='ocr_carea' id='block_1_50' title="bbox 2334 703 3976 774">
    <p class='ocr_par' dir='ltr' id='par_1_50' title="bbox 2334 703 3976 774">
     <span class='ocr_line' id='line_1_50' title="bbox 2334 703 3976 774; baseline 0.003 -15"><span class='ocrx_word' id='word_1_389' title='bbox 2334 708 2391 759; x_wconf 89' lang='lat' dir='ltr'><strong>et</strong></span> <span class='ocrx_word' id='word_1_390' title='bbox 2418 703 2673 772; x_wconf 88' lang='lat' dir='ltr'><strong>illorum,</strong></span> <span class='ocrx_word' id='word_1_391' title='bbox 2705 709 2761 759; x_wconf 90' lang='lat' dir='ltr'><strong>et</strong></span> <span class='ocrx_word' id='word_1_392' title='bbox 2789 710 3007 774; x_wconf 85' lang='lat' dir='ltr'><strong>noster,</strong></span> <span class='ocrx_word' id='word_1_393' title='bbox 3057 722 3172 761; x_wconf 93' lang='lat' dir='ltr'><strong>non</strong></span> <span class='ocrx_word' id='word_1_394' title='bbox 3222 705 3377 761; x_wconf 90' lang='lat' dir='ltr'><strong>enim</strong></span> <span class='ocrx_word' id='word_1_395' title='bbox 3426 722 3525 761; x_wconf 89' lang='lat' dir='ltr'><strong>eos</strong></span> <span class='ocrx_word' id='word_1_396' title='bbox 3573 706 3811 763; x_wconf 89' lang='lat' dir='ltr'><strong>omnino</strong></span> <span class='ocrx_word' id='word_1_397' title='bbox 3854 725 3976 764; x_wconf 86' lang='lat' dir='ltr'><strong>era—</strong></span> 
     </span>
    </p>
   </div>
   <div class='ocr_carea' id='block_1_51' title="bbox 2335 793 3980 867">
    <p class='ocr_par' dir='ltr' id='par_1_51' title="bbox 2335 793 3980 867">
     <span class='ocr_line' id='line_1_51' title="bbox 2335 793 3980 867; baseline 0.004 -20"><span class='ocrx_word' id='word_1_398' title='bbox 2335 793 2561 867; x_wconf 85' lang='lat' dir='ltr'><strong>dicavit.</strong></span> <span class='ocrx_word' id='word_1_399' title='bbox 2595 794 2789 849; x_wconf 87' lang='lat' dir='ltr'><strong>Vultis</strong></span> <span class='ocrx_word' id='word_1_400' title='bbox 2820 794 3006 849; x_wconf 87' lang='lat' dir='ltr'><strong>scire?</strong></span> <span class='ocrx_word' id='word_1_401' title='bbox 3038 794 3241 851; x_wconf 85' lang='lat' dir='ltr'><strong>Petrus</strong></span> <span class='ocrx_word' id='word_1_402' title='bbox 3284 811 3350 850; x_wconf 86' lang='lat' dir='ltr'><strong>ex</strong></span> <span class='ocrx_word' id='word_1_403' title='bbox 3397 795 3543 867; x_wconf 87' lang='lat' dir='ltr'><strong>ipsis</strong></span> <span class='ocrx_word' id='word_1_404' title='bbox 3597 801 3741 867; x_wconf 88' lang='lat' dir='ltr'><strong>erat,</strong></span> <span class='ocrx_word' id='word_1_405' title='bbox 3774 801 3833 852; x_wconf 87' lang='lat' dir='ltr'><strong>et</strong></span> <span class='ocrx_word' id='word_1_406' title='bbox 3861 813 3980 854; x_wconf 90' lang='lat' dir='ltr'><strong>om-</strong></span> 
     </span>
    </p>
   </div>
   <div class='ocr_carea' id='block_1_52' title="bbox 2334 882 3976 958">
    <p class='ocr_par' dir='ltr' id='par_1_52' title="bbox 2334 882 3976 958">
     <span class='ocr_line' id='line_1_52' title="bbox 2334 882 3976 958; baseline 0.003 -21"><span class='ocrx_word' id='word_1_407' title='bbox 2334 898 2439 937; x_wconf 90' lang='lat' dir='ltr'><strong>nes</strong></span> <span class='ocrx_word' id='word_1_408' title='bbox 2468 882 2717 954; x_wconf 85' lang='lat' dir='ltr'><strong>apostoli</strong></span> <span class='ocrx_word' id='word_1_409' title='bbox 2747 900 2815 938; x_wconf 84' lang='lat' dir='ltr'><strong>ex</strong></span> <span class='ocrx_word' id='word_1_410' title='bbox 2843 883 2988 954; x_wconf 85' lang='lat' dir='ltr'><strong>ipsis</strong></span> <span class='ocrx_word' id='word_1_411' title='bbox 3019 888 3203 939; x_wconf 89' lang='lat' dir='ltr'><strong>erant.</strong></span> <span class='ocrx_word' id='word_1_412' title='bbox 3245 884 3362 939; x_wconf 90' lang='lat' dir='ltr'><strong>Nos</strong></span> <span class='ocrx_word' id='word_1_413' title='bbox 3408 883 3470 938; x_wconf 91' lang='lat' dir='ltr'><strong>in</strong></span> <span class='ocrx_word' id='word_1_414' title='bbox 3520 884 3775 941; x_wconf 85' lang='lat' dir='ltr'><strong>radicem</strong></span> <span class='ocrx_word' id='word_1_415' title='bbox 3824 885 3976 958; x_wconf 90' lang='lat' dir='ltr'><strong>ipso-</strong></span> 
     </span>
    </p>
   </div>
   <div class='ocr_carea' id='block_1_53' title="bbox 2333 970 3973 1045">
    <p class='ocr_par' dir='ltr' id='par_1_53' title="bbox 2333 970 3973 1045">
     <span class='ocr_line' id='line_1_53' title="bbox 2333 970 3973 1045; baseline 0.004 -22"><span class='ocrx_word' id='word_1_416' title='bbox 2333 985 2464 1024; x_wconf 90' lang='lat' dir='ltr'><strong>rum</strong></span> <span class='ocrx_word' id='word_1_417' title='bbox 2514 970 2719 1026; x_wconf 84' lang='lat' dir='ltr'><strong>inserti</strong></span> <span class='ocrx_word' id='word_1_418' title='bbox 2768 988 2996 1027; x_wconf 89' lang='lat' dir='ltr'><strong>sumus.</strong></span> <span class='ocrx_word' id='word_1_419' title='bbox 3049 972 3165 1027; x_wconf 90' lang='lat' dir='ltr'><strong>Nos</strong></span> <span class='ocrx_word' id='word_1_420' title='bbox 3214 971 3359 1027; x_wconf 88' lang='lat' dir='ltr'><strong>rami</strong></span> <span class='ocrx_word' id='word_1_421' title='bbox 3408 989 3637 1045; x_wconf 86' lang='lat' dir='ltr'><strong>sumus,</strong></span> <span class='ocrx_word' id='word_1_422' title='bbox 3672 972 3754 1028; x_wconf 90' lang='lat' dir='ltr'><strong>illi</strong></span> <span class='ocrx_word' id='word_1_423' title='bbox 3793 975 3973 1030; x_wconf 81' lang='lat' dir='ltr'><strong>radix.</strong></span> 
     </span>
    </p>
   </div>
   <div class='ocr_carea' id='block_1_54' title="bbox 2333 1057 3975 1130">
    <p class='ocr_par' dir='ltr' id='par_1_54' title="bbox 2333 1057 3975 1130">
     <span class='ocr_line' id='line_1_54' title="bbox 2333 1057 3975 1130; baseline 0.004 -17"><span class='ocrx_word' id='word_1_424' title='bbox 2333 1057 2459 1113; x_wconf 89' lang='lat' dir='ltr'><strong>Non</strong></span> <span class='ocrx_word' id='word_1_425' title='bbox 2491 1060 2774 1115; x_wconf 89' lang='lat' dir='ltr'><strong>debemus</strong></span> <span class='ocrx_word' id='word_1_426' title='bbox 2807 1060 3152 1115; x_wconf 88' lang='lat' dir='ltr'><strong>maledicere</strong></span> <span class='ocrx_word' id='word_1_427' title='bbox 3190 1061 3506 1130; x_wconf 86' lang='lat' dir='ltr'><strong>radicibus,</strong></span> <span class='ocrx_word' id='word_1_428' title='bbox 3542 1064 3640 1117; x_wconf 89' lang='lat' dir='ltr'><strong>sed</strong></span> <span class='ocrx_word' id='word_1_429' title='bbox 3698 1063 3975 1120; x_wconf 89' lang='lat' dir='ltr'><strong>debemus</strong></span> 
     </span>
    </p>
   </div>
   <div class='ocr_carea' id='block_1_55' title="bbox 2333 1148 3974 1222">
    <p class='ocr_par' dir='ltr' id='par_1_55' title="bbox 2333 1148 3974 1222">
     <span class='ocr_line' id='line_1_55' title="bbox 2333 1148 3974 1222; baseline 0.005 -22"><span class='ocrx_word' id='word_1_430' title='bbox 2333 1162 2496 1201; x_wconf 87' lang='lat' dir='ltr'><strong>orare</strong></span> <span class='ocrx_word' id='word_1_431' title='bbox 2528 1164 2631 1218; x_wconf 92' lang='lat' dir='ltr'><strong>pro</strong></span> <span class='ocrx_word' id='word_1_432' title='bbox 2663 1148 2954 1204; x_wconf 90' lang='lat' dir='ltr'><strong>radicibus</strong></span> <span class='ocrx_word' id='word_1_433' title='bbox 3004 1149 3238 1205; x_wconf 88' lang='lat' dir='ltr'><strong>nostris.</strong></span> <span class='ocrx_word' id='word_1_434' title='bbox 3291 1150 3398 1222; x_wconf 72' lang='lat' dir='ltr'><strong>Qui</strong></span> <span class='ocrx_word' id='word_1_435' title='bbox 3446 1150 3652 1207; x_wconf 86' lang='lat' dir='ltr'><strong>inserti</strong></span> <span class='ocrx_word' id='word_1_436' title='bbox 3684 1168 3889 1209; x_wconf 89' lang='lat' dir='ltr'><strong>sumus</strong></span> <span class='ocrx_word' id='word_1_437' title='bbox 3918 1153 3974 1208; x_wconf 93' lang='lat' dir='ltr'><strong>in</strong></span> 
     </span>
    </p>
   </div>
   <div class='ocr_carea' id='block_1_56' title="bbox 2334 1235 3974 1309">
    <p class='ocr_par' dir='ltr' id='par_1_56' title="bbox 2334 1235 3974 1309">
     <span class='ocr_line' id='line_1_56' title="bbox 2334 1235 3974 1309; baseline 0.006 -21"><span class='ocrx_word' id='word_1_438' title='bbox 2334 1235 2613 1301; x_wconf 83' lang='lat' dir='ltr'><strong>radicem,</strong></span> <span class='ocrx_word' id='word_1_439' title='bbox 2642 1237 3024 1307; x_wconf 82' lang='lat' dir='ltr'><strong>deprecemur</strong></span> <span class='ocrx_word' id='word_1_440' title='bbox 3057 1239 3389 1309; x_wconf 87' lang='lat' dir='ltr'><strong>Dominum,</strong></span> <span class='ocrx_word' id='word_1_441' title='bbox 3424 1243 3487 1294; x_wconf 90' lang='lat' dir='ltr'><strong>ut</strong></span> <span class='ocrx_word' id='word_1_442' title='bbox 3529 1238 3682 1295; x_wconf 88' lang='lat' dir='ltr'><strong>sicut</strong></span> <span class='ocrx_word' id='word_1_443' title='bbox 3728 1240 3789 1295; x_wconf 93' lang='lat' dir='ltr'><strong>hi</strong></span> <span class='ocrx_word' id='word_1_444' title='bbox 3832 1243 3974 1297; x_wconf 88' lang='lat' dir='ltr'><strong>rami</strong></span> 
     </span>
    </p>
   </div>
   <div class='ocr_carea' id='block_1_57' title="bbox 2334 1324 3974 1402">
    <p class='ocr_par' dir='ltr' id='par_1_57' title="bbox 2334 1324 3974 1402">
     <span class='ocr_line' id='line_1_57' title="bbox 2334 1324 3974 1402; baseline 0.004 -23"><span class='ocrx_word' id='word_1_445' title='bbox 2334 1324 2476 1379; x_wconf 90' lang='lat' dir='ltr'><strong>salvi</strong></span> <span class='ocrx_word' id='word_1_446' title='bbox 2512 1325 2643 1380; x_wconf 84' lang='lat' dir='ltr'><strong>facti</strong></span> <span class='ocrx_word' id='word_1_447' title='bbox 2677 1330 2834 1393; x_wconf 90' lang='lat' dir='ltr'><strong>sunt,</strong></span> <span class='ocrx_word' id='word_1_448' title='bbox 2868 1327 2953 1381; x_wconf 89' lang='lat' dir='ltr'><strong>sic</strong></span> <span class='ocrx_word' id='word_1_449' title='bbox 2983 1331 3039 1382; x_wconf 90' lang='lat' dir='ltr'><strong>et</strong></span> <span class='ocrx_word' id='word_1_450' title='bbox 3068 1325 3232 1381; x_wconf 85' lang='lat' dir='ltr'><strong>radix</strong></span> <span class='ocrx_word' id='word_1_451' title='bbox 3263 1325 3538 1384; x_wconf 90' lang='lat' dir='ltr'><strong>salvetur.</strong></span> <span class='ocrx_word' id='word_1_452' title='bbox 3571 1328 3736 1384; x_wconf 90' lang='lat' dir='ltr'><strong>Forte</strong></span> <span class='ocrx_word' id='word_1_453' title='bbox 3766 1329 3974 1402; x_wconf 90' lang='lat' dir='ltr'><strong>aliquis</strong></span> 
     </span>
    </p>
   </div>
   <div class='ocr_carea' id='block_1_58' title="bbox 2333 1413 3975 1487">
    <p class='ocr_par' dir='ltr' id='par_1_58' title="bbox 2333 1413 3975 1487">
     <span class='ocr_line' id='line_1_58' title="bbox 2333 1413 3975 1487; baseline 0.007 -22"><span class='ocrx_word' id='word_1_454' title='bbox 2333 1413 2489 1467; x_wconf 84' lang='lat' dir='ltr'><strong>dicat</strong></span> <span class='ocrx_word' id='word_1_455' title='bbox 2521 1428 2534 1467; x_wconf 92' lang='lat'><strong>:</strong></span> <span class='ocrx_word' id='word_1_456' title='bbox 2565 1414 2649 1468; x_wconf 91' lang='lat' dir='ltr'><strong>Tu</strong></span> <span class='ocrx_word' id='word_1_457' title='bbox 2677 1430 2779 1486; x_wconf 91' lang='lat' dir='ltr'><strong>pro</strong></span> <span class='ocrx_word' id='word_1_458' title='bbox 2808 1414 3028 1470; x_wconf 67' lang='lat' dir='ltr'><strong>Judaiis</strong></span> <span class='ocrx_word' id='word_1_459' title='bbox 3052 1431 3186 1470; x_wconf 88' lang='lat' dir='ltr'><strong>oras</strong></span> <span class='ocrx_word' id='word_1_460' title='bbox 3217 1415 3624 1487; x_wconf 83' lang='lat' dir='ltr'><strong>blasphemis?</strong></span> <span class='ocrx_word' id='word_1_461' title='bbox 3653 1417 3763 1474; x_wconf 90' lang='lat' dir='ltr'><strong>Oro</strong></span> <span class='ocrx_word' id='word_1_462' title='bbox 3790 1419 3975 1475; x_wconf 89' lang='lat' dir='ltr'><strong>Domi-</strong></span> 
     </span>
    </p>
   </div>
   <div class='ocr_carea' id='block_1_59' title="bbox 2333 1502 3974 1576">
    <p class='ocr_par' dir='ltr' id='par_1_59' title="bbox 2333 1502 3974 1576">
     <span class='ocr_line' id='line_1_59' title="bbox 2333 1502 3974 1576; baseline 0.006 -21"><span class='ocrx_word' id='word_1_463' title='bbox 2333 1516 2473 1556; x_wconf 90' lang='lat' dir='ltr'><strong>num</strong></span> <span class='ocrx_word' id='word_1_464' title='bbox 2504 1518 2607 1574; x_wconf 90' lang='lat' dir='ltr'><strong>pro</strong></span> <span class='ocrx_word' id='word_1_465' title='bbox 2636 1502 2800 1573; x_wconf 90' lang='lat' dir='ltr'><strong>ipsis.</strong></span> <span class='ocrx_word' id='word_1_466' title='bbox 2836 1503 2894 1558; x_wconf 90' lang='lat' dir='ltr'><strong>Si</strong></span> <span class='ocrx_word' id='word_1_467' title='bbox 2924 1504 3079 1559; x_wconf 93' lang='lat' dir='ltr'><strong>enim</strong></span> <span class='ocrx_word' id='word_1_468' title='bbox 3111 1503 3236 1576; x_wconf 89' lang='lat' dir='ltr'><strong>ipse</strong></span> <span class='ocrx_word' id='word_1_469' title='bbox 3264 1511 3704 1576; x_wconf 88' lang='lat' dir='ltr'><strong>persecutorum</strong></span> <span class='ocrx_word' id='word_1_470' title='bbox 3737 1524 3974 1565; x_wconf 91' lang='lat' dir='ltr'><strong>suorum</strong></span> 
     </span>
    </p>
   </div>
   <div class='ocr_carea' id='block_1_60' title="bbox 2333 1590 3664 1665">
    <p class='ocr_par' dir='ltr' id='par_1_60' title="bbox 2333 1590 3664 1665">
     <span class='ocr_line' id='line_1_60' title="bbox 2333 1590 3664 1665; baseline 0.005 -21"><span class='ocrx_word' id='word_1_471' title='bbox 2333 1590 2665 1660; x_wconf 88' lang='lat' dir='ltr'><strong>miseretur,</strong></span> <span class='ocrx_word' id='word_1_472' title='bbox 2700 1596 2920 1662; x_wconf 89' lang='lat' dir='ltr'><strong>quanto</strong></span> <span class='ocrx_word' id='word_1_473' title='bbox 2952 1593 3143 1665; x_wconf 88' lang='lat' dir='ltr'><strong>magis</strong></span> <span class='ocrx_word' id='word_1_474' title='bbox 3172 1595 3286 1648; x_wconf 90' lang='lat' dir='ltr'><strong>mei</strong></span> <span class='ocrx_word' id='word_1_475' title='bbox 3315 1594 3664 1651; x_wconf 84' lang='lat' dir='ltr'><strong>miseretur?</strong></span> 
     </span>
    </p>
   </div>
   <div class='ocr_carea' id='block_1_61' title="bbox 2406 1678 3979 1744">
    <p class='ocr_par' dir='ltr' id='par_1_61' title="bbox 2406 1678 3979 1744">
     <span class='ocr_line' id='line_1_61' title="bbox 2406 1678 3979 1744; baseline 0.007 -11"><span class='ocrx_word' id='word_1_476' title='bbox 2406 1700 2434 1728; x_wconf 92' lang='grc'><strong>‹‹</strong></span> <span class='ocrx_word' id='word_1_477' title='bbox 2467 1678 2797 1735; x_wconf 83' lang='lat' dir='ltr'><strong>Conﬁtebor</strong></span> <span class='ocrx_word' id='word_1_478' title='bbox 2845 1680 3091 1737; x_wconf 90' lang='lat' dir='ltr'><strong>Domino</strong></span> <span class='ocrx_word' id='word_1_479' title='bbox 3141 1682 3317 1737; x_wconf 90' lang='lat' dir='ltr'><strong>nimis</strong></span> <span class='ocrx_word' id='word_1_480' title='bbox 3360 1684 3421 1738; x_wconf 93' lang='lat' dir='ltr'><strong>in</strong></span> <span class='ocrx_word' id='word_1_481' title='bbox 3471 1701 3569 1740; x_wconf 91' lang='lat' dir='ltr'><strong>ore</strong></span> <span class='ocrx_word' id='word_1_482' title='bbox 3611 1702 3759 1742; x_wconf 91' lang='lat' dir='ltr'><strong>meo.</strong></span> <span class='ocrx_word' id='word_1_483' title='bbox 3803 1709 3830 1736; x_wconf 84' lang='lat'>»</span> <span class='ocrx_word' id='word_1_484' title='bbox 3862 1688 3979 1744; x_wconf 89' lang='lat' dir='ltr'><strong>Hoc</strong></span> 
     </span>
    </p>
   </div>
   <div class='ocr_carea' id='block_1_62' title="bbox 2331 1769 3980 1841">
    <p class='ocr_par' dir='ltr' id='par_1_62' title="bbox 2331 1769 3980 1841">
     <span class='ocr_line' id='line_1_62' title="bbox 2331 1769 3980 1841; baseline 0.007 -19"><span class='ocrx_word' id='word_1_485' title='bbox 2331 1772 2465 1839; x_wconf 89' lang='lat' dir='ltr'><strong>post</strong></span> <span class='ocrx_word' id='word_1_486' title='bbox 2495 1769 2976 1825; x_wconf 86' lang='lat' dir='ltr'><strong>resurrectionem</strong></span> <span class='ocrx_word' id='word_1_487' title='bbox 3004 1770 3237 1841; x_wconf 87' lang='lat' dir='ltr'><strong>dicitur,</strong></span> <span class='ocrx_word' id='word_1_488' title='bbox 3282 1775 3339 1828; x_wconf 91' lang='lat' dir='ltr'><strong>et</strong></span> <span class='ocrx_word' id='word_1_489' title='bbox 3386 1772 3457 1829; x_wconf 89' lang='lat' dir='ltr'><strong>de</strong></span> <span class='ocrx_word' id='word_1_490' title='bbox 3505 1773 3699 1831; x_wconf 84' lang='lat' dir='ltr'><strong>futura</strong></span> <span class='ocrx_word' id='word_1_491' title='bbox 3730 1775 3980 1833; x_wconf 87' lang='lat' dir='ltr'><strong>Ecclesia</strong></span> 
     </span>
    </p>
   </div>
   <div class='ocr_carea' id='block_1_63' title="bbox 2334 1858 3980 1923">
    <p class='ocr_par' dir='ltr' id='par_1_63' title="bbox 2334 1858 3980 1923">
     <span class='ocr_line' id='line_1_63' title="bbox 2334 1858 3980 1923; baseline 0.004 -13"><span class='ocrx_word' id='word_1_492' title='bbox 2334 1860 2623 1912; x_wconf 85' lang='lat' dir='ltr'><strong>cantatur.</strong></span> <span class='ocrx_word' id='word_1_493' title='bbox 2656 1879 2676 1907; x_wconf 81' lang='grc' dir='ltr'><strong>ι</strong></span> <span class='ocrx_word' id='word_1_494' title='bbox 2716 1859 2781 1912; x_wconf 87' lang='lat' dir='ltr'><strong>Et</strong></span> <span class='ocrx_word' id='word_1_495' title='bbox 2811 1858 2869 1913; x_wconf 89' lang='lat' dir='ltr'><strong>in</strong></span> <span class='ocrx_word' id='word_1_496' title='bbox 2904 1859 3095 1915; x_wconf 91' lang='lat' dir='ltr'><strong>medio</strong></span> <span class='ocrx_word' id='word_1_497' title='bbox 3129 1860 3450 1917; x_wconf 89' lang='lat' dir='ltr'><strong>multorum</strong></span> <span class='ocrx_word' id='word_1_498' title='bbox 3480 1861 3725 1920; x_wconf 89' lang='lat' dir='ltr'><strong>laudabo</strong></span> <span class='ocrx_word' id='word_1_499' title='bbox 3755 1882 3913 1923; x_wconf 89' lang='lat' dir='ltr'><strong>eum.</strong></span> <span class='ocrx_word' id='word_1_500' title='bbox 3949 1888 3980 1917; x_wconf 83' lang='lat'><strong>»</strong></span> 
     </span>
    </p>
   </div>
   <div class='ocr_carea' id='block_1_64' title="bbox 2334 1944 3975 2025">
    <p class='ocr_par' dir='ltr' id='par_1_64' title="bbox 2334 1944 3975 2025">
     <span class='ocr_line' id='line_1_64' title="bbox 2334 1944 3975 2025; baseline 0.007 -26"><span class='ocrx_word' id='word_1_501' title='bbox 2334 1944 2458 1999; x_wconf 86' lang='lat' dir='ltr'><strong>Non</strong></span> <span class='ocrx_word' id='word_1_502' title='bbox 2491 1945 2647 2000; x_wconf 87' lang='lat' dir='ltr'><strong>enim</strong></span> <span class='ocrx_word' id='word_1_503' title='bbox 2676 1946 2733 2000; x_wconf 92' lang='lat' dir='ltr'><strong>in</strong></span> <span class='ocrx_word' id='word_1_504' title='bbox 2765 1948 2963 2003; x_wconf 73' lang='lat' dir='ltr'><strong>Iudaea</strong></span> <span class='ocrx_word' id='word_1_505' title='bbox 2993 1947 3207 2019; x_wconf 90' lang='lat' dir='ltr'><strong>solum,</strong></span> <span class='ocrx_word' id='word_1_506' title='bbox 3259 1952 3361 2006; x_wconf 90' lang='lat' dir='ltr'><strong>sed</strong></span> <span class='ocrx_word' id='word_1_507' title='bbox 3414 1952 3471 2006; x_wconf 91' lang='lat' dir='ltr'><strong>in</strong></span> <span class='ocrx_word' id='word_1_508' title='bbox 3522 1953 3784 2010; x_wconf 89' lang='lat' dir='ltr'><strong>universo</strong></span> <span class='ocrx_word' id='word_1_509' title='bbox 3816 1956 3975 2025; x_wconf 89' lang='lat' dir='ltr'><strong>orbe,</strong></span> 
     </span>
    </p>
   </div>
   <div class='ocr_carea' id='block_1_65' title="bbox 2333 2033 3057 2093">
    <p class='ocr_par' dir='ltr' id='par_1_65' title="bbox 2333 2033 3057 2093">
     <span class='ocr_line' id='line_1_65' title="bbox 2333 2033 3057 2093; baseline 0.007 -5"><span class='ocrx_word' id='word_1_510' title='bbox 2333 2033 2391 2088; x_wconf 92' lang='lat' dir='ltr'><strong>in</strong></span> <span class='ocrx_word' id='word_1_511' title='bbox 2426 2034 2679 2090; x_wconf 88' lang='lat' dir='ltr'><strong>Ecclesia</strong></span> <span class='ocrx_word' id='word_1_512' title='bbox 2707 2034 2959 2093; x_wconf 88' lang='lat' dir='ltr'><strong>laudabo</strong></span> <span class='ocrx_word' id='word_1_513' title='bbox 2980 2042 3057 2093; x_wconf 90' lang='lat' dir='ltr'><strong>te.</strong></span> 
     </span>
    </p>
   </div>
   <div class='ocr_carea' id='block_1_66' title="bbox 2406 2123 3975 2201">
    <p class='ocr_par' dir='ltr' id='par_1_66' title="bbox 2406 2123 3975 2201">
     <span class='ocr_line' id='line_1_66' title="bbox 2406 2123 3975 2201; baseline 0.01 -26"><span class='ocrx_word' id='word_1_514' title='bbox 2406 2144 2434 2171; x_wconf 86' lang='lat'><strong><em>«</em></strong></span> <span class='ocrx_word' id='word_1_515' title='bbox 2462 2123 2607 2186; x_wconf 89' lang='lat' dir='ltr'><strong>Quia</strong></span> <span class='ocrx_word' id='word_1_516' title='bbox 2648 2125 2835 2180; x_wconf 87' lang='lat' dir='ltr'><strong>astitit</strong></span> <span class='ocrx_word' id='word_1_517' title='bbox 2882 2142 2915 2181; x_wconf 90' lang='lat' dir='ltr'><strong>a</strong></span> <span class='ocrx_word' id='word_1_518' title='bbox 2963 2127 3178 2183; x_wconf 88' lang='lat' dir='ltr'><strong>dextris</strong></span> <span class='ocrx_word' id='word_1_519' title='bbox 3208 2131 3505 2201; x_wconf 88' lang='lat' dir='ltr'><strong>pauperis.</strong></span> <span class='ocrx_word' id='word_1_520' title='bbox 3543 2153 3563 2180; x_wconf 76' lang='grc' dir='ltr'><strong>ι</strong></span> <span class='ocrx_word' id='word_1_521' title='bbox 3599 2132 3875 2190; x_wconf 89' lang='lat' dir='ltr'><strong>Diabolus</strong></span> <span class='ocrx_word' id='word_1_522' title='bbox 3905 2133 3975 2191; x_wconf 90' lang='lat' dir='ltr'><strong>ad</strong></span> 
     </span>
    </p>
   </div>
   <div class='ocr_carea' id='block_1_67' title="bbox 2334 2211 3978 2279">
    <p class='ocr_par' dir='ltr' id='par_1_67' title="bbox 2334 2211 3978 2279">
     <span class='ocr_line' id='line_1_67' title="bbox 2334 2211 3978 2279; baseline 0.009 -14"><span class='ocrx_word' id='word_1_523' title='bbox 2334 2211 2628 2267; x_wconf 83' lang='lat' dir='ltr'><strong>dexteram</strong></span> <span class='ocrx_word' id='word_1_524' title='bbox 2676 2214 2840 2268; x_wconf 86' lang='lat' dir='ltr'><strong>Judae</strong></span> <span class='ocrx_word' id='word_1_525' title='bbox 2910 2216 3091 2271; x_wconf 87' lang='lat' dir='ltr'><strong>stetit.</strong></span> <span class='ocrx_word' id='word_1_526' title='bbox 3160 2221 3444 2275; x_wconf 65' lang='lat' dir='ltr'><strong>Caeterum</strong></span> <span class='ocrx_word' id='word_1_527' title='bbox 3511 2220 3658 2276; x_wconf 88' lang='lat' dir='ltr'><strong>mihi</strong></span> <span class='ocrx_word' id='word_1_528' title='bbox 3719 2224 3978 2279; x_wconf 76' lang='lat' dir='ltr'><strong>Dominus</strong></span> 
     </span>
    </p>
   </div>
   <div class='ocr_carea' id='block_1_68' title="bbox 2334 2300 3975 2384">
    <p class='ocr_par' dir='ltr' id='par_1_68' title="bbox 2334 2300 3975 2384">
     <span class='ocr_line' id='line_1_68' title="bbox 2334 2300 3975 2384; baseline 0.009 -30"><span class='ocrx_word' id='word_1_529' title='bbox 2334 2300 2497 2355; x_wconf 89' lang='lat' dir='ltr'><strong>stetit</strong></span> <span class='ocrx_word' id='word_1_530' title='bbox 2543 2302 2614 2356; x_wconf 91' lang='lat' dir='ltr'><strong>ad</strong></span> <span class='ocrx_word' id='word_1_531' title='bbox 2668 2303 2981 2359; x_wconf 77' lang='lat' dir='ltr'><strong>dexteram.</strong></span> <span class='ocrx_word' id='word_1_532' title='bbox 3016 2329 3043 2354; x_wconf 92' lang='grc'><strong>‹‹</strong></span> <span class='ocrx_word' id='word_1_533' title='bbox 3080 2305 3152 2360; x_wconf 87' lang='lat' dir='ltr'><strong>Ut</strong></span> <span class='ocrx_word' id='word_1_534' title='bbox 3181 2306 3399 2364; x_wconf 90' lang='lat' dir='ltr'><strong>salvam</strong></span> <span class='ocrx_word' id='word_1_535' title='bbox 3449 2309 3660 2366; x_wconf 82' lang='lat' dir='ltr'><strong>faceret</strong></span> <span class='ocrx_word' id='word_1_536' title='bbox 3705 2328 3739 2365; x_wconf 92' lang='lat' dir='ltr'><strong>a</strong></span> <span class='ocrx_word' id='word_1_537' title='bbox 3786 2329 3975 2384; x_wconf 86' lang='lat' dir='ltr'><strong>perse-</strong></span> 
     </span>
    </p>
   </div>
   <div class='ocr_carea' id='block_1_69' title="bbox 2334 2390 3979 2472">
    <p class='ocr_par' dir='ltr' id='par_1_69' title="bbox 2334 2390 3979 2472">
     <span class='ocr_line' id='line_1_69' title="bbox 2334 2390 3979 2472; baseline 0.01 -30"><span class='ocrx_word' id='word_1_538' title='bbox 2334 2390 2651 2459; x_wconf 88' lang='lat' dir='ltr'><strong>quentibus</strong></span> <span class='ocrx_word' id='word_1_539' title='bbox 2682 2391 2939 2447; x_wconf 89' lang='lat' dir='ltr'><strong>animam</strong></span> <span class='ocrx_word' id='word_1_540' title='bbox 2974 2410 3185 2450; x_wconf 88' lang='lat' dir='ltr'><strong>meam.</strong></span> <span class='ocrx_word' id='word_1_541' title='bbox 3218 2414 3243 2445; x_wconf 74' lang='grc' dir='ltr'>η</span> <span class='ocrx_word' id='word_1_542' title='bbox 3286 2399 3569 2470; x_wconf 70' lang='lat' dir='ltr'><strong>Animam,</strong></span> <span class='ocrx_word' id='word_1_543' title='bbox 3619 2399 3828 2472; x_wconf 89' lang='lat' dir='ltr'><strong>inquit,</strong></span> <span class='ocrx_word' id='word_1_544' title='bbox 3874 2404 3979 2458; x_wconf 83' lang='lat' dir='ltr'><strong>sal-</strong></span> 
     </span>
    </p>
   </div>
   <div class='ocr_carea' id='block_1_70' title="bbox 2332 2478 3978 2563">
    <p class='ocr_par' dir='ltr' id='par_1_70' title="bbox 2332 2478 3978 2563">
     <span class='ocr_line' id='line_1_70' title="bbox 2332 2478 3978 2563; baseline 0.01 -31"><span class='ocrx_word' id='word_1_545' title='bbox 2332 2478 2499 2533; x_wconf 81' lang='lat' dir='ltr'><strong>vabil.</strong></span> <span class='ocrx_word' id='word_1_546' title='bbox 2547 2483 2614 2534; x_wconf 87' lang='lat' dir='ltr'><strong>Et</strong></span> <span class='ocrx_word' id='word_1_547' title='bbox 2656 2478 2795 2534; x_wconf 89' lang='lat' dir='ltr'><strong>alibi</strong></span> <span class='ocrx_word' id='word_1_548' title='bbox 2825 2481 3009 2538; x_wconf 86' lang='lat' dir='ltr'><strong>dicit:</strong></span> <span class='ocrx_word' id='word_1_549' title='bbox 3046 2484 3231 2539; x_wconf 76' lang='lat' dir='ltr'><strong>Tristis</strong></span> <span class='ocrx_word' id='word_1_550' title='bbox 3276 2490 3354 2541; x_wconf 82' lang='lat' dir='ltr'><strong>est</strong></span> <span class='ocrx_word' id='word_1_551' title='bbox 3406 2490 3606 2544; x_wconf 83' lang='lat' dir='ltr'><strong>anima</strong></span> <span class='ocrx_word' id='word_1_552' title='bbox 3653 2505 3773 2545; x_wconf 85' lang='lat' dir='ltr'><strong>mea</strong></span> <span class='ocrx_word' id='word_1_553' title='bbox 3816 2508 3978 2563; x_wconf 83' lang='lat' dir='ltr'><strong>usque</strong></span> 
     </span>
    </p>
   </div>
   <div class='ocr_carea' id='block_1_71' title="bbox 2334 2568 3973 2647">
    <p class='ocr_par' dir='ltr' id='par_1_71' title="bbox 2334 2568 3973 2647">
     <span class='ocr_line' id='line_1_71' title="bbox 2334 2568 3973 2647; baseline 0.009 -24"><span class='ocrx_word' id='word_1_554' title='bbox 2334 2568 2414 2623; x_wconf 83' lang='lat' dir='ltr'><strong>ad</strong></span> <span class='ocrx_word' id='word_1_555' title='bbox 2462 2573 2691 2624; x_wconf 89' lang='lat' dir='ltr'><strong>mortem</strong></span> <span class='ocrx_word' id='word_1_556' title='bbox 2722 2569 2934 2641; x_wconf 81' lang='lat' dir='ltr'><strong>(Matth.</strong></span> <span class='ocrx_word' id='word_1_557' title='bbox 2971 2587 3118 2638; x_wconf 72' lang='lat' dir='ltr'><strong>xxvr,</strong></span> <span class='ocrx_word' id='word_1_558' title='bbox 3153 2574 3264 2645; x_wconf 83' lang='lat'><strong>38).</strong></span> <span class='ocrx_word' id='word_1_559' title='bbox 3307 2575 3413 2640; x_wconf 91' lang='lat' dir='ltr'><strong>Qui</strong></span> <span class='ocrx_word' id='word_1_560' title='bbox 3462 2578 3649 2634; x_wconf 86' lang='lat' dir='ltr'><strong>tristis</strong></span> <span class='ocrx_word' id='word_1_561' title='bbox 3695 2583 3802 2647; x_wconf 88' lang='lat' dir='ltr'><strong>est,</strong></span> <span class='ocrx_word' id='word_1_562' title='bbox 3845 2598 3973 2636; x_wconf 90' lang='lat' dir='ltr'><strong>sen-</strong></span> 
     </span>
    </p>
   </div>
   <div class='ocr_carea' id='block_1_72' title="bbox 2335 2656 3974 2725">
    <p class='ocr_par' dir='ltr' id='par_1_72' title="bbox 2335 2656 3974 2725">
     <span class='ocr_line' id='line_1_72' title="bbox 2335 2656 3974 2725; baseline 0.009 -14"><span class='ocrx_word' id='word_1_563' title='bbox 2335 2672 2467 2711; x_wconf 90' lang='lat' dir='ltr'><strong>sum</strong></span> <span class='ocrx_word' id='word_1_564' title='bbox 2499 2656 2722 2713; x_wconf 90' lang='lat' dir='ltr'><strong>habuit.</strong></span> <span class='ocrx_word' id='word_1_565' title='bbox 2759 2658 3123 2716; x_wconf 89' lang='lat' dir='ltr'><strong>Insensibilis</strong></span> <span class='ocrx_word' id='word_1_566' title='bbox 3154 2664 3309 2718; x_wconf 89' lang='lat' dir='ltr'><strong>enim</strong></span> <span class='ocrx_word' id='word_1_567' title='bbox 3342 2665 3539 2721; x_wconf 91' lang='lat' dir='ltr'><strong>anima</strong></span> <span class='ocrx_word' id='word_1_568' title='bbox 3570 2683 3811 2723; x_wconf 87' lang='lat' dir='ltr'><strong>sensum</strong></span> <span class='ocrx_word' id='word_1_569' title='bbox 3863 2687 3974 2725; x_wconf 92' lang='lat' dir='ltr'><strong>non</strong></span> 
     </span>
    </p>
   </div>
   <div class='ocr_carea' id='block_1_73' title="bbox 2332 2745 3973 2827">
    <p class='ocr_par' dir='ltr' id='par_1_73' title="bbox 2332 2745 3973 2827">
     <span class='ocr_line' id='line_1_73' title="bbox 2332 2745 3973 2827; baseline 0.008 -27"><span class='ocrx_word' id='word_1_570' title='bbox 2332 2745 2526 2802; x_wconf 88' lang='lat' dir='ltr'><strong>habet.</strong></span> <span class='ocrx_word' id='word_1_571' title='bbox 2606 2746 2970 2804; x_wconf 90' lang='lat' dir='ltr'><strong>Insensibilis</strong></span> <span class='ocrx_word' id='word_1_572' title='bbox 3035 2750 3231 2807; x_wconf 89' lang='lat' dir='ltr'><strong>anima</strong></span> <span class='ocrx_word' id='word_1_573' title='bbox 3296 2770 3411 2809; x_wconf 88' lang='lat' dir='ltr'><strong>non</strong></span> <span class='ocrx_word' id='word_1_574' title='bbox 3478 2754 3654 2813; x_wconf 89' lang='lat' dir='ltr'><strong>habet</strong></span> <span class='ocrx_word' id='word_1_575' title='bbox 3717 2775 3973 2827; x_wconf 87' lang='lat' dir='ltr'><strong>sensum,</strong></span> 
     </span>
    </p>
   </div>
   <div class='ocr_carea' id='block_1_74' title="bbox 2332 2836 3970 2908">
    <p class='ocr_par' dir='ltr' id='par_1_74' title="bbox 2332 2836 3970 2908">
     <span class='ocr_line' id='line_1_74' title="bbox 2332 2836 3970 2908; baseline 0.008 -18"><span class='ocrx_word' id='word_1_576' title='bbox 2332 2852 2521 2908; x_wconf 90' lang='lat' dir='ltr'><strong>neque</strong></span> <span class='ocrx_word' id='word_1_577' title='bbox 2578 2836 2855 2892; x_wconf 89' lang='lat' dir='ltr'><strong>dolorem.</strong></span> <span class='ocrx_word' id='word_1_578' title='bbox 2919 2837 3023 2893; x_wconf 90' lang='lat' dir='ltr'><strong>Ubi</strong></span> <span class='ocrx_word' id='word_1_579' title='bbox 3081 2840 3238 2895; x_wconf 89' lang='lat' dir='ltr'><strong>enim</strong></span> <span class='ocrx_word' id='word_1_580' title='bbox 3297 2842 3463 2898; x_wconf 91' lang='lat' dir='ltr'><strong>dolor</strong></span> <span class='ocrx_word' id='word_1_581' title='bbox 3518 2849 3606 2900; x_wconf 90' lang='lat' dir='ltr'><strong>est</strong></span> <span class='ocrx_word' id='word_1_582' title='bbox 3671 2850 3727 2901; x_wconf 90' lang='lat' dir='ltr'><strong>et</strong></span> <span class='ocrx_word' id='word_1_583' title='bbox 3792 2847 3970 2903; x_wconf 89' lang='lat' dir='ltr'><strong>tristi-</strong></span> 
     </span>
    </p>
   </div>
   <div class='ocr_carea' id='block_1_75' title="bbox 2331 2923 3971 3006">
    <p class='ocr_par' dir='ltr' id='par_1_75' title="bbox 2331 2923 3971 3006">
     <span class='ocr_line' id='line_1_75' title="bbox 2331 2923 3971 3006; baseline 0.008 -28"><span class='ocrx_word' id='word_1_584' title='bbox 2331 2924 2434 2992; x_wconf 89' lang='lat' dir='ltr'><strong>tia,</strong></span> <span class='ocrx_word' id='word_1_585' title='bbox 2486 2923 2566 2979; x_wconf 90' lang='lat' dir='ltr'><strong>ibi</strong></span> <span class='ocrx_word' id='word_1_586' title='bbox 2620 2942 2830 2989; x_wconf 82' lang='lat' dir='ltr'><strong>sensus</strong></span> <span class='ocrx_word' id='word_1_587' title='bbox 2872 2931 2977 2983; x_wconf 85' lang='lat' dir='ltr'><strong>est.</strong></span> <span class='ocrx_word' id='word_1_588' title='bbox 3030 2928 3089 2983; x_wconf 90' lang='lat' dir='ltr'><strong>Si</strong></span> <span class='ocrx_word' id='word_1_589' title='bbox 3117 2929 3274 3003; x_wconf 68' lang='lat' dir='ltr'><strong>&#39;ergo</strong></span> <span class='ocrx_word' id='word_1_590' title='bbox 3324 2931 3532 2987; x_wconf 90' lang='lat' dir='ltr'><strong>habuit</strong></span> <span class='ocrx_word' id='word_1_591' title='bbox 3569 2935 3889 3006; x_wconf 89' lang='lat' dir='ltr'><strong>tristitiam,</strong></span> <span class='ocrx_word' id='word_1_592' title='bbox 3924 2938 3971 2993; x_wconf 88' lang='lat' dir='ltr'><strong>si</strong></span> 
     </span>
    </p>
   </div>
   <div class='ocr_carea' id='block_1_76' title="bbox 2331 3012 3972 3089">
    <p class='ocr_par' dir='ltr' id='par_1_76' title="bbox 2331 3012 3972 3089">
     <span class='ocr_line' id='line_1_76' title="bbox 2331 3012 3972 3089; baseline 0.009 -22"><span class='ocrx_word' id='word_1_593' title='bbox 2331 3012 2539 3069; x_wconf 88' lang='lat' dir='ltr'><strong>habuit</strong></span> <span class='ocrx_word' id='word_1_594' title='bbox 2585 3014 2865 3082; x_wconf 90' lang='lat' dir='ltr'><strong>dolorem,</strong></span> <span class='ocrx_word' id='word_1_595' title='bbox 2898 3032 3035 3089; x_wconf 92' lang='lat' dir='ltr'><strong>ergo</strong></span> <span class='ocrx_word' id='word_1_596' title='bbox 3084 3017 3289 3074; x_wconf 90' lang='lat' dir='ltr'><strong>habuit</strong></span> <span class='ocrx_word' id='word_1_597' title='bbox 3333 3024 3390 3075; x_wconf 90' lang='lat' dir='ltr'><strong>et</strong></span> <span class='ocrx_word' id='word_1_598' title='bbox 3442 3038 3680 3078; x_wconf 89' lang='lat' dir='ltr'><strong>sensum</strong></span> <span class='ocrx_word' id='word_1_599' title='bbox 3731 3024 3972 3082; x_wconf 86' lang='lat' dir='ltr'><strong>doloris.</strong></span> 
     </span>
    </p>
   </div>
   <div class='ocr_carea' id='block_1_77' title="bbox 2329 3102 3973 3182">
    <p class='ocr_par' dir='ltr' id='par_1_77' title="bbox 2329 3102 3973 3182">
     <span class='ocr_line' id='line_1_77' title="bbox 2329 3102 3973 3182; baseline 0.008 -26"><span class='ocrx_word' id='word_1_600' title='bbox 2329 3102 2387 3157; x_wconf 81' lang='lat' dir='ltr'><strong>Si</strong></span> <span class='ocrx_word' id='word_1_601' title='bbox 2417 3119 2553 3175; x_wconf 88' lang='lat' dir='ltr'><strong>ergo</strong></span> <span class='ocrx_word' id='word_1_602' title='bbox 2582 3103 2870 3160; x_wconf 90' lang='lat' dir='ltr'><strong>voluerint</strong></span> <span class='ocrx_word' id='word_1_603' title='bbox 2899 3106 3067 3162; x_wconf 90' lang='lat' dir='ltr'><strong>nobis</strong></span> <span class='ocrx_word' id='word_1_604' title='bbox 3098 3107 3289 3164; x_wconf 89' lang='lat' dir='ltr'><strong>dicere</strong></span> <span class='ocrx_word' id='word_1_605' title='bbox 3319 3125 3332 3163; x_wconf 94' lang='lat'><strong>:</strong></span> <span class='ocrx_word' id='word_1_606' title='bbox 3368 3109 3675 3182; x_wconf 89' lang='lat' dir='ltr'><strong>Propterea</strong></span> <span class='ocrx_word' id='word_1_607' title='bbox 3722 3129 3834 3168; x_wconf 91' lang='lat' dir='ltr'><strong>non</strong></span> <span class='ocrx_word' id='word_1_608' title='bbox 3885 3115 3973 3169; x_wconf 91' lang='lat' dir='ltr'><strong>di-</strong></span> 
     </span>
    </p>
   </div>
   <div class='ocr_carea' id='block_1_78' title="bbox 2330 3192 3971 3265">
    <p class='ocr_par' dir='ltr' id='par_1_78' title="bbox 2330 3192 3971 3265">
     <span class='ocr_line' id='line_1_78' title="bbox 2330 3192 3971 3265; baseline 0.007 -19"><span class='ocrx_word' id='word_1_609' title='bbox 2330 3192 2519 3247; x_wconf 91' lang='lat' dir='ltr'><strong>cimus</strong></span> <span class='ocrx_word' id='word_1_610' title='bbox 2550 3209 2684 3248; x_wconf 91' lang='lat' dir='ltr'><strong>eum</strong></span> <span class='ocrx_word' id='word_1_611' title='bbox 2716 3192 2994 3250; x_wconf 88' lang='lat' dir='ltr'><strong>habuisse</strong></span> <span class='ocrx_word' id='word_1_612' title='bbox 3026 3212 3288 3265; x_wconf 87' lang='lat' dir='ltr'><strong>sensum,</strong></span> <span class='ocrx_word' id='word_1_613' title='bbox 3322 3203 3387 3252; x_wconf 90' lang='lat' dir='ltr'><strong>ut</strong></span> <span class='ocrx_word' id='word_1_614' title='bbox 3418 3214 3533 3261; x_wconf 89' lang='lat' dir='ltr'><strong>non</strong></span> <span class='ocrx_word' id='word_1_615' title='bbox 3565 3199 3828 3257; x_wconf 86' lang='lat' dir='ltr'><strong>videatur</strong></span> <span class='ocrx_word' id='word_1_616' title='bbox 3865 3201 3971 3258; x_wconf 89' lang='lat' dir='ltr'><strong>ha-</strong></span> 
     </span>
    </p>
   </div>
   <div class='ocr_carea' id='block_1_79' title="bbox 2328 3280 3973 3358">
    <p class='ocr_par' dir='ltr' id='par_1_79' title="bbox 2328 3280 3973 3358">
     <span class='ocr_line' id='line_1_79' title="bbox 2328 3280 3973 3358; baseline 0.006 -22"><span class='ocrx_word' id='word_1_617' title='bbox 2328 3280 2464 3337; x_wconf 87' lang='lat' dir='ltr'><strong>bere</strong></span> <span class='ocrx_word' id='word_1_618' title='bbox 2512 3285 2815 3354; x_wconf 89' lang='lat' dir='ltr'><strong>peccatum</strong></span> <span class='ocrx_word' id='word_1_619' title='bbox 2870 3301 2883 3340; x_wconf 92' lang='lat'><strong>:</strong></span> <span class='ocrx_word' id='word_1_620' title='bbox 2936 3301 3044 3355; x_wconf 82' lang='lat' dir='ltr'><strong>nos</strong></span> <span class='ocrx_word' id='word_1_621' title='bbox 3091 3284 3208 3341; x_wconf 90' lang='lat' dir='ltr'><strong>illis</strong></span> <span class='ocrx_word' id='word_1_622' title='bbox 3252 3288 3719 3358; x_wconf 89' lang='lat' dir='ltr'><strong>respondemus:</strong></span> <span class='ocrx_word' id='word_1_623' title='bbox 3762 3291 3973 3346; x_wconf 85' lang='lat' dir='ltr'><strong>Habuit</strong></span> 
     </span>
    </p>
   </div>
   <div class='ocr_carea' id='block_1_80' title="bbox 2252 3354 3969 3451">
    <p class='ocr_par' dir='ltr' id='par_1_80' title="bbox 2252 3354 3969 3451">
     <span class='ocr_line' id='line_1_80' title="bbox 2252 3354 3969 3451; baseline 0.008 -30"><span class='ocrx_word' id='word_1_624' title='bbox 2252 3354 2295 3421; x_wconf 88' lang='lat' dir='ltr'>C</span> <span class='ocrx_word' id='word_1_625' title='bbox 2332 3387 2545 3442; x_wconf 90' lang='lat' dir='ltr'><strong>corpus</strong></span> <span class='ocrx_word' id='word_1_626' title='bbox 2575 3371 2729 3427; x_wconf 90' lang='lat' dir='ltr'><strong>sicut</strong></span> <span class='ocrx_word' id='word_1_627' title='bbox 2756 3375 2814 3426; x_wconf 91' lang='lat' dir='ltr'><strong>et</strong></span> <span class='ocrx_word' id='word_1_628' title='bbox 2849 3389 2976 3444; x_wconf 91' lang='lat' dir='ltr'><strong>nos,</strong></span> <span class='ocrx_word' id='word_1_629' title='bbox 3028 3378 3132 3430; x_wconf 89' lang='lat' dir='ltr'><strong>aut</strong></span> <span class='ocrx_word' id='word_1_630' title='bbox 3177 3391 3293 3430; x_wconf 93' lang='lat' dir='ltr'><strong>non</strong></span> <span class='ocrx_word' id='word_1_631' title='bbox 3340 3354 3583 3432; x_wconf 81' lang='lat' dir='ltr'><strong>habuit?</strong></span> <span class='ocrx_word' id='word_1_632' title='bbox 3613 3378 3670 3434; x_wconf 89' lang='lat' dir='ltr'><strong>Si</strong></span> <span class='ocrx_word' id='word_1_633' title='bbox 3702 3378 3969 3451; x_wconf 86' lang='lat' dir='ltr'><strong>dixerint,</strong></span> 
     </span>
    </p>
   </div>
   <div class='ocr_carea' id='block_1_81' title="bbox 2335 3461 3976 3541">
    <p class='ocr_par' dir='ltr' id='par_1_81' title="bbox 2335 3461 3976 3541">
     <span class='ocr_line' id='line_1_81' title="bbox 2335 3461 3976 3541; baseline 0.007 -27"><span class='ocrx_word' id='word_1_634' title='bbox 2335 3461 2553 3515; x_wconf 87' lang='lat' dir='ltr'><strong>Habuit</strong></span> <span class='ocrx_word' id='word_1_635' title='bbox 2586 3479 2599 3516; x_wconf 89' lang='lat'><strong>:</strong></span> <span class='ocrx_word' id='word_1_636' title='bbox 2633 3462 3092 3534; x_wconf 89' lang='lat' dir='ltr'><strong>respondeamus</strong></span> <span class='ocrx_word' id='word_1_637' title='bbox 3121 3461 3237 3519; x_wconf 91' lang='lat' dir='ltr'><strong>illis</strong></span> <span class='ocrx_word' id='word_1_638' title='bbox 3272 3481 3284 3519; x_wconf 90' lang='lat'><strong>:</strong></span> <span class='ocrx_word' id='word_1_639' title='bbox 3320 3464 3464 3537; x_wconf 90' lang='lat' dir='ltr'><strong>Ergo</strong></span> <span class='ocrx_word' id='word_1_640' title='bbox 3521 3467 3723 3523; x_wconf 85' lang='lat' dir='ltr'><strong>habuit</strong></span> <span class='ocrx_word' id='word_1_641' title='bbox 3748 3472 3806 3524; x_wconf 90' lang='lat' dir='ltr'><strong>et</strong></span> <span class='ocrx_word' id='word_1_642' title='bbox 3847 3486 3976 3541; x_wconf 85' lang='lat' dir='ltr'><strong>pas-</strong></span> 
     </span>
    </p>
   </div>
   <div class='ocr_carea' id='block_1_82' title="bbox 2336 3550 3981 3631">
    <p class='ocr_par' dir='ltr' id='par_1_82' title="bbox 2336 3550 3981 3631">
     <span class='ocr_line' id='line_1_82' title="bbox 2336 3550 3981 3631; baseline 0.005 -26"><span class='ocrx_word' id='word_1_643' title='bbox 2336 3550 2531 3606; x_wconf 90' lang='lat' dir='ltr'><strong>siones</strong></span> <span class='ocrx_word' id='word_1_644' title='bbox 2562 3552 2819 3622; x_wconf 90' lang='lat' dir='ltr'><strong>corporis</strong></span> <span class='ocrx_word' id='word_1_645' title='bbox 2854 3551 3057 3607; x_wconf 89' lang='lat' dir='ltr'><strong>nostri.</strong></span> <span class='ocrx_word' id='word_1_646' title='bbox 3085 3551 3379 3626; x_wconf 89' lang='lat' dir='ltr'><strong>Intelligat</strong></span> <span class='ocrx_word' id='word_1_647' title='bbox 3400 3556 3803 3629; x_wconf 89' lang='lat' dir='ltr'><strong>unusquisque</strong></span> <span class='ocrx_word' id='word_1_648' title='bbox 3824 3559 3981 3631; x_wconf 89' lang='lat' dir='ltr'><strong>quod</strong></span> 
     </span>
    </p>
   </div>
   <div class='ocr_carea' id='block_1_83' title="bbox 2338 3639 3980 3719">
    <p class='ocr_par' dir='ltr' id='par_1_83' title="bbox 2338 3639 3980 3719">
     <span class='ocr_line' id='line_1_83' title="bbox 2338 3639 3980 3719; baseline 0.006 -25"><span class='ocrx_word' id='word_1_649' title='bbox 2338 3639 2487 3695; x_wconf 94' lang='lat' dir='ltr'><strong>dico.</strong></span> <span class='ocrx_word' id='word_1_650' title='bbox 2521 3639 2581 3695; x_wconf 91' lang='lat' dir='ltr'><strong>Si</strong></span> <span class='ocrx_word' id='word_1_651' title='bbox 2628 3644 2823 3697; x_wconf 92' lang='lat' dir='ltr'><strong>autem</strong></span> <span class='ocrx_word' id='word_1_652' title='bbox 2869 3641 3207 3714; x_wconf 90' lang='lat' dir='ltr'><strong>negaverint</strong></span> <span class='ocrx_word' id='word_1_653' title='bbox 3253 3659 3389 3698; x_wconf 88' lang='lat' dir='ltr'><strong>eum</strong></span> <span class='ocrx_word' id='word_1_654' title='bbox 3437 3642 3712 3703; x_wconf 90' lang='lat' dir='ltr'><strong>habuisse</strong></span> <span class='ocrx_word' id='word_1_655' title='bbox 3757 3648 3980 3719; x_wconf 87' lang='lat' dir='ltr'><strong>passio-</strong></span> 
     </span>
    </p>
   </div>
   <div class='ocr_carea' id='block_1_84' title="bbox 2340 3730 3985 3809">
    <p class='ocr_par' dir='ltr' id='par_1_84' title="bbox 2340 3730 3985 3809">
     <span class='ocr_line' id='line_1_84' title="bbox 2340 3730 3985 3809; baseline 0.005 -26"><span class='ocrx_word' id='word_1_656' title='bbox 2340 3744 2443 3783; x_wconf 90' lang='lat' dir='ltr'><strong>nes</strong></span> <span class='ocrx_word' id='word_1_657' title='bbox 2475 3730 2755 3800; x_wconf 85' lang='lat' dir='ltr'><strong>corporis,</strong></span> <span class='ocrx_word' id='word_1_658' title='bbox 2786 3745 2922 3802; x_wconf 84' lang='lat' dir='ltr'><strong>ergo</strong></span> <span class='ocrx_word' id='word_1_659' title='bbox 2952 3730 3205 3786; x_wconf 91' lang='lat' dir='ltr'><strong>dicimus</strong></span> <span class='ocrx_word' id='word_1_660' title='bbox 3254 3730 3392 3803; x_wconf 90' lang='lat' dir='ltr'><strong>illis,</strong></span> <span class='ocrx_word' id='word_1_661' title='bbox 3424 3735 3577 3806; x_wconf 87' lang='lat' dir='ltr'><strong>quod</strong></span> <span class='ocrx_word' id='word_1_662' title='bbox 3623 3751 3727 3790; x_wconf 91' lang='lat' dir='ltr'><strong>nec</strong></span> <span class='ocrx_word' id='word_1_663' title='bbox 3773 3751 3985 3809; x_wconf 80' lang='lat' dir='ltr'><strong>corpus</strong></span> 
     </span>
    </p>
   </div>
   <div class='ocr_carea' id='block_1_85' title="bbox 2340 3817 3989 3897">
    <p class='ocr_par' dir='ltr' id='par_1_85' title="bbox 2340 3817 3989 3897">
     <span class='ocr_line' id='line_1_85' title="bbox 2340 3817 3989 3897; baseline 0.005 -25"><span class='ocrx_word' id='word_1_664' title='bbox 2340 3817 2567 3873; x_wconf 89' lang='lat' dir='ltr'><strong>habuit.</strong></span> <span class='ocrx_word' id='word_1_665' title='bbox 2617 3818 2687 3872; x_wconf 89' lang='lat' dir='ltr'><strong>Et</strong></span> <span class='ocrx_word' id='word_1_666' title='bbox 2743 3835 2848 3875; x_wconf 89' lang='lat' dir='ltr'><strong>nos</strong></span> <span class='ocrx_word' id='word_1_667' title='bbox 2906 3817 3172 3875; x_wconf 90' lang='lat' dir='ltr'><strong>dicamus</strong></span> <span class='ocrx_word' id='word_1_668' title='bbox 3210 3819 3326 3877; x_wconf 90' lang='lat' dir='ltr'><strong>illis</strong></span> <span class='ocrx_word' id='word_1_669' title='bbox 3359 3838 3371 3874; x_wconf 92' lang='lat'><strong>:</strong></span> <span class='ocrx_word' id='word_1_670' title='bbox 3408 3821 3569 3878; x_wconf 88' lang='lat' dir='ltr'><strong>Sicut</strong></span> <span class='ocrx_word' id='word_1_671' title='bbox 3619 3839 3829 3897; x_wconf 91' lang='lat' dir='ltr'><strong>corpus</strong></span> <span class='ocrx_word' id='word_1_672' title='bbox 3885 3824 3989 3881; x_wconf 87' lang='lat' dir='ltr'><strong>ha-</strong></span> 
     </span>
    </p>
   </div>
   <div class='ocr_carea' id='block_1_86' title="bbox 2341 3905 3982 3985">
    <p class='ocr_par' dir='ltr' id='par_1_86' title="bbox 2341 3905 3982 3985">
     <span class='ocr_line' id='line_1_86' title="bbox 2341 3905 3982 3985; baseline 0.006 -25"><span class='ocrx_word' id='word_1_673' title='bbox 2341 3905 2470 3961; x_wconf 89' lang='lat' dir='ltr'><strong>buit</strong></span> <span class='ocrx_word' id='word_1_674' title='bbox 2515 3923 2741 3975; x_wconf 90' lang='lat' dir='ltr'><strong>verum,</strong></span> <span class='ocrx_word' id='word_1_675' title='bbox 2781 3908 2934 3963; x_wconf 89' lang='lat' dir='ltr'><strong>sicut</strong></span> <span class='ocrx_word' id='word_1_676' title='bbox 2964 3912 3019 3963; x_wconf 91' lang='lat' dir='ltr'><strong>et</strong></span> <span class='ocrx_word' id='word_1_677' title='bbox 3048 3925 3176 3980; x_wconf 90' lang='lat' dir='ltr'><strong>nos,</strong></span> <span class='ocrx_word' id='word_1_678' title='bbox 3209 3914 3265 3965; x_wconf 92' lang='lat' dir='ltr'><strong>et</strong></span> <span class='ocrx_word' id='word_1_679' title='bbox 3296 3926 3410 3965; x_wconf 91' lang='lat' dir='ltr'><strong>non</strong></span> <span class='ocrx_word' id='word_1_680' title='bbox 3443 3911 3649 3968; x_wconf 87' lang='lat' dir='ltr'><strong>habuit</strong></span> <span class='ocrx_word' id='word_1_681' title='bbox 3676 3918 3982 3985; x_wconf 89' lang='lat' dir='ltr'><strong>peccatum</strong></span> 
     </span>
    </p>
   </div>
   <div class='ocr_carea' id='block_1_87' title="bbox 2343 3995 3981 4074">
    <p class='ocr_par' dir='ltr' id='par_1_87' title="bbox 2343 3995 3981 4074">
     <span class='ocr_line' id='line_1_87' title="bbox 2343 3995 3981 4074; baseline 0.005 -24"><span class='ocrx_word' id='word_1_682' title='bbox 2343 3996 2626 4067; x_wconf 89' lang='lat' dir='ltr'><strong>corporis,</strong></span> <span class='ocrx_word' id='word_1_683' title='bbox 2663 3995 2744 4051; x_wconf 90' lang='lat' dir='ltr'><strong>ita</strong></span> <span class='ocrx_word' id='word_1_684' title='bbox 2783 4003 2840 4052; x_wconf 89' lang='lat' dir='ltr'><strong>et</strong></span> <span class='ocrx_word' id='word_1_685' title='bbox 2887 3997 3146 4053; x_wconf 88' lang='lat' dir='ltr'><strong>animam</strong></span> <span class='ocrx_word' id='word_1_686' title='bbox 3178 4015 3373 4055; x_wconf 90' lang='lat' dir='ltr'><strong>veram</strong></span> <span class='ocrx_word' id='word_1_687' title='bbox 3405 4000 3628 4069; x_wconf 90' lang='lat' dir='ltr'><strong>habuit,</strong></span> <span class='ocrx_word' id='word_1_688' title='bbox 3659 4006 3717 4057; x_wconf 90' lang='lat' dir='ltr'><strong>et</strong></span> <span class='ocrx_word' id='word_1_689' title='bbox 3747 4007 3981 4074; x_wconf 84' lang='lat' dir='ltr'><strong>peccata</strong></span> 
     </span>
    </p>
   </div>
   <div class='ocr_carea' id='block_1_88' title="bbox 2345 4083 3983 4162">
    <p class='ocr_par' dir='ltr' id='par_1_88' title="bbox 2345 4083 3983 4162">
     <span class='ocr_line' id='line_1_88' title="bbox 2345 4083 3983 4162; baseline 0.005 -23"><span class='ocrx_word' id='word_1_690' title='bbox 2345 4083 2551 4140; x_wconf 81' lang='lat' dir='ltr'><strong>animae</strong></span> <span class='ocrx_word' id='word_1_691' title='bbox 2583 4101 2699 4140; x_wconf 90' lang='lat' dir='ltr'><strong>non</strong></span> <span class='ocrx_word' id='word_1_692' title='bbox 2751 4084 2977 4142; x_wconf 89' lang='lat' dir='ltr'><strong>habuit.</strong></span> <span class='ocrx_word' id='word_1_693' title='bbox 3027 4087 3141 4143; x_wconf 90' lang='lat' dir='ltr'><strong>Nos</strong></span> <span class='ocrx_word' id='word_1_694' title='bbox 3181 4104 3328 4162; x_wconf 83' lang='lat' dir='ltr'><strong>ergo</strong></span> <span class='ocrx_word' id='word_1_695' title='bbox 3377 4091 3757 4147; x_wconf 81' lang='lat' dir='ltr'><strong>conﬁteamur</strong></span> <span class='ocrx_word' id='word_1_696' title='bbox 3784 4108 3983 4148; x_wconf 88' lang='lat' dir='ltr'><strong>verum</strong></span> 
     </span>
    </p>
   </div>
   <div class='ocr_carea' id='block_1_89' title="bbox 2345 4174 3987 4246">
    <p class='ocr_par' dir='ltr' id='par_1_89' title="bbox 2345 4174 3987 4246">
     <span class='ocr_line' id='line_1_89' title="bbox 2345 4174 3987 4246; baseline 0.004 -17"><span class='ocrx_word' id='word_1_697' title='bbox 2345 4190 2557 4246; x_wconf 91' lang='lat' dir='ltr'><strong>corpus</strong></span> <span class='ocrx_word' id='word_1_698' title='bbox 2587 4191 2721 4230; x_wconf 90' lang='lat' dir='ltr'><strong>eum</strong></span> <span class='ocrx_word' id='word_1_699' title='bbox 2753 4174 3033 4231; x_wconf 90' lang='lat' dir='ltr'><strong>habuisse</strong></span> <span class='ocrx_word' id='word_1_700' title='bbox 3079 4183 3136 4232; x_wconf 87' lang='lat' dir='ltr'><strong>et</strong></span> <span class='ocrx_word' id='word_1_701' title='bbox 3184 4193 3380 4233; x_wconf 89' lang='lat' dir='ltr'><strong>veram</strong></span> <span class='ocrx_word' id='word_1_702' title='bbox 3432 4179 3708 4236; x_wconf 88' lang='lat' dir='ltr'><strong>animam.</strong></span> <span class='ocrx_word' id='word_1_703' title='bbox 3741 4180 3800 4236; x_wconf 92' lang='lat' dir='ltr'><strong>Si</strong></span> <span class='ocrx_word' id='word_1_704' title='bbox 3830 4181 3987 4236; x_wconf 90' lang='lat' dir='ltr'><strong>enim</strong></span> 
     </span>
    </p>
   </div>
   <div class='ocr_carea' id='block_1_90' title="bbox 2346 4262 3988 4340">
    <p class='ocr_par' dir='ltr' id='par_1_90' title="bbox 2346 4262 3988 4340">
     <span class='ocr_line' id='line_1_90' title="bbox 2346 4262 3988 4340; baseline 0.005 -24"><span class='ocrx_word' id='word_1_705' title='bbox 2346 4279 2461 4317; x_wconf 87' lang='lat' dir='ltr'><strong>non</strong></span> <span class='ocrx_word' id='word_1_706' title='bbox 2493 4262 2752 4335; x_wconf 89' lang='lat' dir='ltr'><strong>suscepit</strong></span> <span class='ocrx_word' id='word_1_707' title='bbox 2783 4264 3064 4321; x_wconf 91' lang='lat' dir='ltr'><strong>Dominus</strong></span> <span class='ocrx_word' id='word_1_708' title='bbox 3104 4268 3313 4321; x_wconf 80' lang='lat' dir='ltr'><strong>cuncta</strong></span> <span class='ocrx_word' id='word_1_709' title='bbox 3359 4284 3484 4340; x_wconf 67' lang='lat' dir='ltr'><strong>quae</strong></span> <span class='ocrx_word' id='word_1_710' title='bbox 3532 4267 3788 4324; x_wconf 90' lang='lat' dir='ltr'><strong>hominis</strong></span> <span class='ocrx_word' id='word_1_711' title='bbox 3831 4275 3988 4337; x_wconf 88' lang='lat' dir='ltr'><strong>sunt,</strong></span> 
     </span>
    </p>
   </div>
   <div class='ocr_carea' id='block_1_91' title="bbox 2349 4350 3986 4431">
    <p class='ocr_par' dir='ltr' id='par_1_91' title="bbox 2349 4350 3986 4431">
     <span class='ocr_line' id='line_1_91' title="bbox 2349 4350 3986 4431; baseline 0.005 -24"><span class='ocrx_word' id='word_1_712' title='bbox 2349 4369 2466 4407; x_wconf 91' lang='lat' dir='ltr'><strong>non</strong></span> <span class='ocrx_word' id='word_1_713' title='bbox 2494 4350 2735 4407; x_wconf 88' lang='lat' dir='ltr'><strong>salvavit</strong></span> <span class='ocrx_word' id='word_1_714' title='bbox 2764 4352 3085 4410; x_wconf 90' lang='lat' dir='ltr'><strong>hominem.</strong></span> <span class='ocrx_word' id='word_1_715' title='bbox 3135 4354 3196 4410; x_wconf 91' lang='lat' dir='ltr'><strong>Si</strong></span> <span class='ocrx_word' id='word_1_716' title='bbox 3246 4361 3441 4413; x_wconf 89' lang='lat' dir='ltr'><strong>autem</strong></span> <span class='ocrx_word' id='word_1_717' title='bbox 3474 4358 3729 4430; x_wconf 87' lang='lat' dir='ltr'><strong>suscepit</strong></span> <span class='ocrx_word' id='word_1_718' title='bbox 3756 4374 3986 4431; x_wconf 90' lang='lat' dir='ltr'><strong>corpus,</strong></span> 
     </span>
    </p>
   </div>
   <div class='ocr_carea' id='block_1_92' title="bbox 2350 4441 3990 4520">
    <p class='ocr_par' dir='ltr' id='par_1_92' title="bbox 2350 4441 3990 4520">
     <span class='ocr_line' id='line_1_92' title="bbox 2350 4441 3990 4520; baseline 0.005 -25"><span class='ocrx_word' id='word_1_719' title='bbox 2350 4441 2609 4497; x_wconf 90' lang='lat' dir='ltr'><strong>animam</strong></span> <span class='ocrx_word' id='word_1_720' title='bbox 2642 4445 2837 4497; x_wconf 89' lang='lat' dir='ltr'><strong>autem</strong></span> <span class='ocrx_word' id='word_1_721' title='bbox 2868 4459 2982 4498; x_wconf 90' lang='lat' dir='ltr'><strong>non</strong></span> <span class='ocrx_word' id='word_1_722' title='bbox 3015 4444 3295 4517; x_wconf 89' lang='lat' dir='ltr'><strong>suscepit,</strong></span> <span class='ocrx_word' id='word_1_723' title='bbox 3318 4462 3454 4519; x_wconf 89' lang='lat' dir='ltr'><strong>ergo</strong></span> <span class='ocrx_word' id='word_1_724' title='bbox 3483 4463 3692 4520; x_wconf 88' lang='lat' dir='ltr'><strong>corpus</strong></span> <span class='ocrx_word' id='word_1_725' title='bbox 3724 4448 3990 4517; x_wconf 77' lang='lat' dir='ltr'><strong>salvavit,</strong></span> 
     </span>
    </p>
   </div>
   <div class='ocr_carea' id='block_1_93' title="bbox 2352 4530 3997 4594">
    <p class='ocr_par' dir='ltr' id='par_1_93' title="bbox 2352 4530 3997 4594">
     <span class='ocr_line' id='line_1_93' title="bbox 2352 4530 3997 4594; baseline 0.004 -9"><span class='ocrx_word' id='word_1_726' title='bbox 2352 4530 2609 4586; x_wconf 89' lang='lat' dir='ltr'><strong>animam</strong></span> <span class='ocrx_word' id='word_1_727' title='bbox 2669 4535 2864 4586; x_wconf 90' lang='lat' dir='ltr'><strong>autem</strong></span> <span class='ocrx_word' id='word_1_728' title='bbox 2915 4547 3030 4587; x_wconf 89' lang='lat' dir='ltr'><strong>non</strong></span> <span class='ocrx_word' id='word_1_729' title='bbox 3083 4532 3344 4590; x_wconf 90' lang='lat' dir='ltr'><strong>salvavit.</strong></span> <span class='ocrx_word' id='word_1_730' title='bbox 3411 4535 3526 4591; x_wconf 92' lang='lat' dir='ltr'><strong>Nos</strong></span> <span class='ocrx_word' id='word_1_731' title='bbox 3583 4541 3779 4594; x_wconf 90' lang='lat' dir='ltr'><strong>autem</strong></span> <span class='ocrx_word' id='word_1_732' title='bbox 3829 4536 3997 4593; x_wconf 90' lang='lat' dir='ltr'><strong>volu-</strong></span> 
     </span>
    </p>
   </div>
   <div class='ocr_carea' id='block_1_94' title="bbox 2351 4620 3989 4699">
    <p class='ocr_par' dir='ltr' id='par_1_94' title="bbox 2351 4620 3989 4699">
     <span class='ocr_line' id='line_1_94' title="bbox 2351 4620 3989 4699; baseline 0.004 -23"><span class='ocrx_word' id='word_1_733' title='bbox 2351 4637 2485 4676; x_wconf 87' lang='lat' dir='ltr'><strong>mus</strong></span> <span class='ocrx_word' id='word_1_734' title='bbox 2517 4620 2705 4694; x_wconf 87' lang='lat' dir='ltr'><strong>magis</strong></span> <span class='ocrx_word' id='word_1_735' title='bbox 2737 4620 2949 4676; x_wconf 88' lang='lat' dir='ltr'><strong>salvari</strong></span> <span class='ocrx_word' id='word_1_736' title='bbox 2982 4622 3240 4678; x_wconf 88' lang='lat' dir='ltr'><strong>animam</strong></span> <span class='ocrx_word' id='word_1_737' title='bbox 3275 4629 3533 4680; x_wconf 87' lang='lat' dir='ltr'><strong>nostram</strong></span> <span class='ocrx_word' id='word_1_738' title='bbox 3563 4642 3738 4699; x_wconf 89' lang='lat' dir='ltr'><strong>quam</strong></span> <span class='ocrx_word' id='word_1_739' title='bbox 3759 4643 3989 4699; x_wconf 88' lang='lat' dir='ltr'><strong>corpus.</strong></span> 
     </span>
    </p>
   </div>
   <div class='ocr_carea' id='block_1_95' title="bbox 592 4707 4000 4795">
    <p class='ocr_par' dir='ltr' id='par_1_95' title="bbox 592 4707 4000 4795">
     <span class='ocr_line' id='line_1_95' title="bbox 592 4707 4000 4795; baseline 0.003 -31"><span class='ocrx_word' id='word_1_740' title='bbox 592 4713 726 4767; x_wconf 84' lang='lat' dir='ltr'><strong>«Et</strong></span> <span class='ocrx_word' id='word_1_741' title='bbox 753 4711 1095 4783; x_wconf 77' lang='lat' dir='ltr'><strong>operiuntur</strong></span> <span class='ocrx_word' id='word_1_742' title='bbox 1143 4709 1296 4765; x_wconf 89' lang='lat' dir='ltr'><strong>sicut</strong></span> <span class='ocrx_word' id='word_1_743' title='bbox 1344 4707 1600 4780; x_wconf 90' lang='lat' dir='ltr'><strong>diploide</strong></span> <span class='ocrx_word' id='word_1_744' title='bbox 1647 4707 1987 4763; x_wconf 81' lang='lat' dir='ltr'><strong>confusione</strong></span> <span class='ocrx_word' id='word_1_745' title='bbox 2042 4724 2168 4763; x_wconf 88' lang='lat' dir='ltr'><strong>sua.</strong></span> <span class='ocrx_word' id='word_1_746' title='bbox 2209 4728 2240 4760; x_wconf 73' lang='grc' dir='ltr'>ιο</span> <span class='ocrx_word' id='word_1_747' title='bbox 2276 4710 2624 4795; x_wconf 83' lang='lat' dir='ltr'><strong>DSuscepit</strong></span> <span class='ocrx_word' id='word_1_748' title='bbox 2676 4727 2811 4783; x_wconf 86' lang='lat' dir='ltr'><strong>ergo</strong></span> <span class='ocrx_word' id='word_1_749' title='bbox 2866 4715 3035 4768; x_wconf 87' lang='lat' dir='ltr'><strong>Jesus</strong></span> <span class='ocrx_word' id='word_1_750' title='bbox 3090 4718 3148 4768; x_wconf 90' lang='lat' dir='ltr'><strong>et</strong></span> <span class='ocrx_word' id='word_1_751' title='bbox 3203 4729 3416 4786; x_wconf 91' lang='lat' dir='ltr'><strong>corpus</strong></span> <span class='ocrx_word' id='word_1_752' title='bbox 3484 4719 3541 4770; x_wconf 91' lang='lat' dir='ltr'><strong>et</strong></span> <span class='ocrx_word' id='word_1_753' title='bbox 3594 4716 3872 4784; x_wconf 87' lang='lat' dir='ltr'><strong>animam,</strong></span> <span class='ocrx_word' id='word_1_754' title='bbox 3930 4721 4000 4773; x_wconf 87' lang='lat' dir='ltr'><strong>ut</strong></span> 
     </span>
    </p>
   </div>
   <div class='ocr_carea' id='block_1_96' title="bbox 588 4794 3997 4874">
    <p class='ocr_par' dir='ltr' id='par_1_96' title="bbox 588 4794 3997 4874">
     <span class='ocr_line' id='line_1_96' title="bbox 588 4794 3997 4874; baseline 0.001 -15"><span class='ocrx_word' id='word_1_755' title='bbox 588 4794 815 4873; x_wconf 88' lang='lat' dir='ltr'><strong>Diplois</strong></span> <span class='ocrx_word' id='word_1_756' title='bbox 853 4814 1039 4871; x_wconf 84' lang='lat' dir='ltr'><strong>genus</strong></span> <span class='ocrx_word' id='word_1_757' title='bbox 1069 4801 1157 4854; x_wconf 88' lang='lat' dir='ltr'><strong>est</strong></span> <span class='ocrx_word' id='word_1_758' title='bbox 1186 4796 1635 4869; x_wconf 87' lang='lat' dir='ltr'><strong>pallii.Denique</strong></span> <span class='ocrx_word' id='word_1_759' title='bbox 1655 4800 1710 4851; x_wconf 91' lang='lat' dir='ltr'><strong>et</strong></span> <span class='ocrx_word' id='word_1_760' title='bbox 1732 4796 1791 4851; x_wconf 90' lang='lat' dir='ltr'><strong>in</strong></span> <span class='ocrx_word' id='word_1_761' title='bbox 1816 4795 2091 4852; x_wconf 76' lang='lat' dir='ltr'><strong>ilebraico</strong></span> <span class='ocrx_word' id='word_1_762' title='bbox 2111 4814 2250 4852; x_wconf 79' lang='lat' dir='ltr'><strong>MAIL</strong></span> <span class='ocrx_word' id='word_1_763' title='bbox 2278 4794 2307 4795; x_wconf 34' lang='grc' dir='ltr'><em>π</em></span> <span class='ocrx_word' id='word_1_764' title='bbox 2358 4804 2675 4871; x_wconf 91' lang='lat' dir='ltr'><strong>utrumque</strong></span> <span class='ocrx_word' id='word_1_765' title='bbox 2724 4799 2923 4871; x_wconf 87' lang='lat' dir='ltr'><strong>salvet,</strong></span> <span class='ocrx_word' id='word_1_766' title='bbox 2968 4804 3032 4855; x_wconf 93' lang='lat' dir='ltr'><strong>ut</strong></span> <span class='ocrx_word' id='word_1_767' title='bbox 3078 4801 3398 4872; x_wconf 86' lang='lat' dir='ltr'><strong>perfectum</strong></span> <span class='ocrx_word' id='word_1_768' title='bbox 3448 4803 3747 4861; x_wconf 89' lang='lat' dir='ltr'><strong>hominem</strong></span> <span class='ocrx_word' id='word_1_769' title='bbox 3793 4805 3997 4874; x_wconf 84' lang='lat' dir='ltr'><strong>salvet,</strong></span> 
     </span>
    </p>
   </div>
   <div class='ocr_carea' id='block_1_97' title="bbox 592 4876 2237 4965">
    <p class='ocr_par' dir='ltr' id='par_1_97' title="bbox 592 4876 2237 4965">
     <span class='ocr_line' id='line_1_97' title="bbox 592 4876 2237 4965; baseline -0.007 -13"><span class='ocrx_word' id='word_1_770' title='bbox 592 4876 1035 4965; x_wconf 63' lang='lat' dir='ltr'><strong>(51?D)dicitur.</strong></span> <span class='ocrx_word' id='word_1_771' title='bbox 1061 4886 1284 4959; x_wconf 89' lang='lat' dir='ltr'><strong>Diplois</strong></span> <span class='ocrx_word' id='word_1_772' title='bbox 1306 4886 1606 4957; x_wconf 89' lang='lat' dir='ltr'><strong>ideo,quia</strong></span> <span class='ocrx_word' id='word_1_773' title='bbox 1628 4885 1842 4954; x_wconf 89' lang='lat' dir='ltr'><strong>duplex</strong></span> <span class='ocrx_word' id='word_1_774' title='bbox 1862 4890 1951 4942; x_wconf 87' lang='lat' dir='ltr'><strong>est</strong></span> <span class='ocrx_word' id='word_1_775' title='bbox 1974 4885 2237 4957; x_wconf 88' lang='lat' dir='ltr'><strong>pallium.</strong></span> 
     </span>
    </p>
   </div>
   <div class='ocr_carea' id='block_1_98' title="bbox 588 4974 2237 5053">
    <p class='ocr_par' dir='ltr' id='par_1_98' title="bbox 588 4974 2237 5053">
     <span class='ocr_line' id='line_1_98' title="bbox 588 4974 2237 5053; baseline -0.006 -15"><span class='ocrx_word' id='word_1_776' title='bbox 588 4985 906 5053; x_wconf 87' lang='lat' dir='ltr'><strong>Propterea</strong></span> <span class='ocrx_word' id='word_1_777' title='bbox 962 4993 1069 5050; x_wconf 86' lang='lat' dir='ltr'><strong>ego</strong></span> <span class='ocrx_word' id='word_1_778' title='bbox 1126 4977 1255 5032; x_wconf 93' lang='lat' dir='ltr'><strong>dico</strong></span> <span class='ocrx_word' id='word_1_779' title='bbox 1311 4975 1417 5031; x_wconf 90' lang='lat' dir='ltr'><strong>tibi</strong></span> <span class='ocrx_word' id='word_1_780' title='bbox 1469 4994 1481 5031; x_wconf 87' lang='lat'><strong>:</strong></span> <span class='ocrx_word' id='word_1_781' title='bbox 1532 4975 1790 5044; x_wconf 84' lang='lat' dir='ltr'><strong>Domine,</strong></span> <span class='ocrx_word' id='word_1_782' title='bbox 1850 4974 2073 5030; x_wconf 91' lang='lat' dir='ltr'><strong>inimici</strong></span> <span class='ocrx_word' id='word_1_783' title='bbox 2123 4974 2237 5030; x_wconf 89' lang='lat' dir='ltr'><strong>mei</strong></span> 
     </span>
    </p>
   </div>
   <div class='ocr_carea' id='block_1_99' title="bbox 589 5064 2234 5140">
    <p class='ocr_par' dir='ltr' id='par_1_99' title="bbox 589 5064 2234 5140">
     <span class='ocr_line' id='line_1_99' title="bbox 589 5064 2234 5140; baseline -0.005 -13"><span class='ocrx_word' id='word_1_784' title='bbox 589 5076 731 5128; x_wconf 89' lang='lat' dir='ltr'><strong>sunt</strong></span> <span class='ocrx_word' id='word_1_785' title='bbox 785 5066 1006 5136; x_wconf 69' lang='lat' dir='ltr'><strong>Judaei;</strong></span> <span class='ocrx_word' id='word_1_786' title='bbox 1040 5066 1329 5140; x_wconf 88' lang='lat' dir='ltr'><strong>persecuti</strong></span> <span class='ocrx_word' id='word_1_787' title='bbox 1356 5068 1494 5121; x_wconf 90' lang='lat' dir='ltr'><strong>sunt</strong></span> <span class='ocrx_word' id='word_1_788' title='bbox 1523 5080 1639 5129; x_wconf 87' lang='lat' dir='ltr'><strong>me,</strong></span> <span class='ocrx_word' id='word_1_789' title='bbox 1671 5064 2083 5119; x_wconf 85' lang='lat' dir='ltr'><strong>cruciﬁxerunt</strong></span> <span class='ocrx_word' id='word_1_790' title='bbox 2121 5081 2234 5132; x_wconf 90' lang='lat' dir='ltr'><strong>me,</strong></span> 
     </span>
    </p>
   </div>
   <div class='ocr_carea' id='block_1_100' title="bbox 588 5153 2234 5225">
    <p class='ocr_par' dir='ltr' id='par_1_100' title="bbox 588 5153 2234 5225">
     <span class='ocr_line' id='line_1_100' title="bbox 588 5153 2234 5225; baseline -0.005 -9"><span class='ocrx_word' id='word_1_791' title='bbox 588 5162 852 5216; x_wconf 81' lang='lat' dir='ltr'><strong>fecerunt</strong></span> <span class='ocrx_word' id='word_1_792' title='bbox 882 5157 1027 5213; x_wconf 91' lang='lat' dir='ltr'><strong>mihi</strong></span> <span class='ocrx_word' id='word_1_793' title='bbox 1060 5155 1260 5213; x_wconf 88' lang='lat' dir='ltr'><strong>omnia</strong></span> <span class='ocrx_word' id='word_1_794' title='bbox 1309 5154 1485 5222; x_wconf 89' lang='lat' dir='ltr'><strong>mala,</strong></span> <span class='ocrx_word' id='word_1_795' title='bbox 1535 5153 2088 5225; x_wconf 85' lang='lat' dir='ltr'><strong>blasphemaverunt</strong></span> <span class='ocrx_word' id='word_1_796' title='bbox 2120 5169 2234 5208; x_wconf 91' lang='lat' dir='ltr'><strong>me.</strong></span> 
     </span>
    </p>
   </div>
   <div class='ocr_carea' id='block_1_101' title="bbox 587 5243 2235 5322">
    <p class='ocr_par' dir='ltr' id='par_1_101' title="bbox 587 5243 2235 5322">
     <span class='ocr_line' id='line_1_101' title="bbox 587 5243 2235 5322; baseline -0.007 -15"><span class='ocrx_word' id='word_1_797' title='bbox 587 5249 832 5322; x_wconf 82' lang='lat' dir='ltr'><strong>Indulge</strong></span> <span class='ocrx_word' id='word_1_798' title='bbox 861 5247 981 5303; x_wconf 89' lang='lat' dir='ltr'><strong>illis</strong></span> <span class='ocrx_word' id='word_1_799' title='bbox 1012 5263 1026 5302; x_wconf 96' lang='lat'><strong>:</strong></span> <span class='ocrx_word' id='word_1_800' title='bbox 1060 5245 1337 5319; x_wconf 88' lang='lat' dir='ltr'><strong>quoniam</strong></span> <span class='ocrx_word' id='word_1_801' title='bbox 1365 5260 1470 5317; x_wconf 88' lang='lat' dir='ltr'><strong>ego</strong></span> <span class='ocrx_word' id='word_1_802' title='bbox 1502 5243 1601 5314; x_wconf 84' lang='lat' dir='ltr'><strong>qui</strong></span> <span class='ocrx_word' id='word_1_803' title='bbox 1632 5258 1844 5313; x_wconf 87' lang='lat' dir='ltr'><strong>passus</strong></span> <span class='ocrx_word' id='word_1_804' title='bbox 1892 5259 2045 5309; x_wconf 89' lang='lat' dir='ltr'><strong>sum,</strong></span> <span class='ocrx_word' id='word_1_805' title='bbox 2096 5258 2235 5315; x_wconf 90' lang='lat' dir='ltr'><strong>rogo</strong></span> 
     </span>
    </p>
   </div>
   <div class='ocr_carea' id='block_1_102' title="bbox 586 5330 2235 5414">
    <p class='ocr_par' dir='ltr' id='par_1_102' title="bbox 586 5330 2235 5414">
     <span class='ocr_line' id='line_1_102' title="bbox 586 5330 2235 5414; baseline -0.008 -18"><span class='ocrx_word' id='word_1_806' title='bbox 586 5348 691 5414; x_wconf 86' lang='lat' dir='ltr'><strong>pro</strong></span> <span class='ocrx_word' id='word_1_807' title='bbox 720 5339 887 5412; x_wconf 90' lang='lat' dir='ltr'><strong>ipsis.</strong></span> <span class='ocrx_word' id='word_1_808' title='bbox 915 5337 987 5392; x_wconf 89' lang='lat' dir='ltr'><strong>Et</strong></span> <span class='ocrx_word' id='word_1_809' title='bbox 1016 5337 1156 5408; x_wconf 90' lang='lat' dir='ltr'><strong>quid</strong></span> <span class='ocrx_word' id='word_1_810' title='bbox 1189 5333 1364 5407; x_wconf 86' lang='lat' dir='ltr'><strong>rogo?</strong></span> <span class='ocrx_word' id='word_1_811' title='bbox 1392 5332 1753 5388; x_wconf 86' lang='lat' dir='ltr'><strong>Erubescant</strong></span> <span class='ocrx_word' id='word_1_812' title='bbox 1782 5334 1839 5385; x_wconf 87' lang='lat' dir='ltr'><strong>et</strong></span> <span class='ocrx_word' id='word_1_813' title='bbox 1866 5330 2235 5385; x_wconf 83' lang='lat' dir='ltr'><strong>confundan-</strong></span> 
     </span>
    </p>
   </div>
   <div class='ocr_carea' id='block_1_103' title="bbox 587 5420 2233 5497">
    <p class='ocr_par' dir='ltr' id='par_1_103' title="bbox 587 5420 2233 5497">
     <span class='ocr_line' id='line_1_103' title="bbox 587 5420 2233 5497; baseline -0.006 -13"><span class='ocrx_word' id='word_1_814' title='bbox 587 5434 704 5497; x_wconf 89' lang='lat' dir='ltr'><strong>tur,</strong></span> <span class='ocrx_word' id='word_1_815' title='bbox 738 5432 794 5485; x_wconf 91' lang='lat' dir='ltr'><strong>et</strong></span> <span class='ocrx_word' id='word_1_816' title='bbox 826 5427 911 5483; x_wconf 88' lang='lat' dir='ltr'><strong>sic</strong></span> <span class='ocrx_word' id='word_1_817' title='bbox 941 5424 1257 5481; x_wconf 74' lang='lat' dir='ltr'><strong>salvantur.</strong></span> <span class='ocrx_word' id='word_1_818' title='bbox 1290 5422 1669 5478; x_wconf 90' lang='lat' dir='ltr'><strong>Nudaverunt</strong></span> <span class='ocrx_word' id='word_1_819' title='bbox 1710 5436 1803 5475; x_wconf 91' lang='lat' dir='ltr'><strong>me</strong></span> <span class='ocrx_word' id='word_1_820' title='bbox 1845 5420 2046 5474; x_wconf 90' lang='lat' dir='ltr'><strong>tunica</strong></span> <span class='ocrx_word' id='word_1_821' title='bbox 2084 5435 2233 5485; x_wconf 88' lang='lat' dir='ltr'><strong>mea,</strong></span> 
     </span>
    </p>
   </div>
   <div class='ocr_carea' id='block_1_104' title="bbox 588 5507 2236 5588">
    <p class='ocr_par' dir='ltr' id='par_1_104' title="bbox 588 5507 2236 5588">
     <span class='ocr_line' id='line_1_104' title="bbox 588 5507 2236 5588; baseline -0.007 -14"><span class='ocrx_word' id='word_1_822' title='bbox 588 5522 646 5573; x_wconf 89' lang='lat' dir='ltr'><strong>et</strong></span> <span class='ocrx_word' id='word_1_823' title='bbox 675 5532 846 5573; x_wconf 86' lang='lat' dir='ltr'><strong>suam</strong></span> <span class='ocrx_word' id='word_1_824' title='bbox 876 5514 1276 5588; x_wconf 88' lang='lat' dir='ltr'><strong>perdiderunt.</strong></span> <span class='ocrx_word' id='word_1_825' title='bbox 1311 5516 1394 5566; x_wconf 89' lang='lat' dir='ltr'><strong>Da</strong></span> <span class='ocrx_word' id='word_1_826' title='bbox 1426 5510 1543 5565; x_wconf 88' lang='lat' dir='ltr'><strong>illis</strong></span> <span class='ocrx_word' id='word_1_827' title='bbox 1574 5508 1995 5575; x_wconf 85' lang='lat' dir='ltr'><strong>confusionem,</strong></span> <span class='ocrx_word' id='word_1_828' title='bbox 2020 5508 2094 5563; x_wconf 92' lang='lat' dir='ltr'><strong>da</strong></span> <span class='ocrx_word' id='word_1_829' title='bbox 2119 5507 2236 5563; x_wconf 90' lang='lat' dir='ltr'><strong>illis</strong></span> 
     </span>
    </p>
   </div>
   <div class='ocr_carea' id='block_1_105' title="bbox 591 5597 2234 5675">
    <p class='ocr_par' dir='ltr' id='par_1_105' title="bbox 591 5597 2234 5675">
     <span class='ocr_line' id='line_1_105' title="bbox 591 5597 2234 5675; baseline -0.004 -17"><span class='ocrx_word' id='word_1_830' title='bbox 591 5606 999 5675; x_wconf 83' lang='lat' dir='ltr'><strong>ignominiam,</strong></span> <span class='ocrx_word' id='word_1_831' title='bbox 1032 5607 1090 5658; x_wconf 90' lang='lat' dir='ltr'><strong>et</strong></span> <span class='ocrx_word' id='word_1_832' title='bbox 1117 5602 1372 5657; x_wconf 89' lang='lat' dir='ltr'><strong>habeant</strong></span> <span class='ocrx_word' id='word_1_833' title='bbox 1416 5597 1630 5670; x_wconf 87' lang='lat' dir='ltr'><strong>duplex</strong></span> <span class='ocrx_word' id='word_1_834' title='bbox 1672 5597 1942 5669; x_wconf 86' lang='lat' dir='ltr'><strong>pallium,</strong></span> <span class='ocrx_word' id='word_1_835' title='bbox 1972 5597 2081 5653; x_wconf 91' lang='lat' dir='ltr'><strong>hoc</strong></span> <span class='ocrx_word' id='word_1_836' title='bbox 2123 5601 2234 5667; x_wconf 88' lang='lat' dir='ltr'><strong>est,</strong></span> 
     </span>
    </p>
   </div>
   <div class='ocr_carea' id='block_1_106' title="bbox 591 5685 2233 5765">
    <p class='ocr_par' dir='ltr' id='par_1_106' title="bbox 591 5685 2233 5765">
     <span class='ocr_line' id='line_1_106' title="bbox 591 5685 2233 5765; baseline -0.004 -15"><span class='ocrx_word' id='word_1_837' title='bbox 591 5710 666 5752; x_wconf 90' lang='lat' dir='ltr'><strong>ne</strong></span> <span class='ocrx_word' id='word_1_838' title='bbox 690 5693 1023 5765; x_wconf 88' lang='lat' dir='ltr'><strong>simplicem</strong></span> <span class='ocrx_word' id='word_1_839' title='bbox 1054 5692 1307 5747; x_wconf 86' lang='lat' dir='ltr'><strong>habeant</strong></span> <span class='ocrx_word' id='word_1_840' title='bbox 1334 5688 1759 5755; x_wconf 88' lang='lat' dir='ltr'><strong>confusionem,</strong></span> <span class='ocrx_word' id='word_1_841' title='bbox 1784 5687 1885 5742; x_wconf 90' lang='lat' dir='ltr'><strong>sed</strong></span> <span class='ocrx_word' id='word_1_842' title='bbox 1916 5685 2233 5760; x_wconf 87' lang='lat' dir='ltr'><strong>duplicem,</strong></span> 
     </span>
    </p>
   </div>
   <div class='ocr_carea' id='block_1_107' title="bbox 593 5775 2236 5854">
    <p class='ocr_par' dir='ltr' id='par_1_107' title="bbox 593 5775 2236 5854">
     <span class='ocr_line' id='line_1_107' title="bbox 593 5775 2236 5854; baseline -0.004 -12"><span class='ocrx_word' id='word_1_843' title='bbox 593 5788 660 5851; x_wconf 80' lang='lat' dir='ltr'><strong>ut</strong></span> <span class='ocrx_word' id='word_1_844' title='bbox 707 5781 894 5854; x_wconf 75' lang='lat' dir='ltr'><strong>magis</strong></span> <span class='ocrx_word' id='word_1_845' title='bbox 949 5785 1127 5854; x_wconf 87' lang='lat' dir='ltr'><strong>agant</strong></span> <span class='ocrx_word' id='word_1_846' title='bbox 1183 5777 1605 5854; x_wconf 73' lang='lat' dir='ltr'><strong>pwnitentiam.</strong></span> <span class='ocrx_word' id='word_1_847' title='bbox 1653 5775 1779 5834; x_wconf 90' lang='lat' dir='ltr'><strong>Non</strong></span> <span class='ocrx_word' id='word_1_848' title='bbox 1835 5776 1978 5833; x_wconf 87' lang='lat' dir='ltr'><strong>dicit</strong></span> <span class='ocrx_word' id='word_1_849' title='bbox 2033 5781 2236 5836; x_wconf 87' lang='lat' dir='ltr'><strong>contra</strong></span> 
     </span>
    </p>
   </div>
   <div class='ocr_carea' id='block_1_108' title="bbox 2352 4887 4000 4967">
    <p class='ocr_par' dir='ltr' id='par_1_108' title="bbox 2352 4887 4000 4967">
     <span class='ocr_line' id='line_1_108' title="bbox 2352 4887 4000 4967; baseline 0.005 -24"><span class='ocrx_word' id='word_1_850' title='bbox 2352 4887 2507 4944; x_wconf 90' lang='lat' dir='ltr'><strong>sicut</strong></span> <span class='ocrx_word' id='word_1_851' title='bbox 2555 4893 2613 4943; x_wconf 90' lang='lat' dir='ltr'><strong>et</strong></span> <span class='ocrx_word' id='word_1_852' title='bbox 2663 4904 2795 4943; x_wconf 90' lang='lat' dir='ltr'><strong>eum</strong></span> <span class='ocrx_word' id='word_1_853' title='bbox 2849 4888 3126 4945; x_wconf 86' lang='lat' dir='ltr'><strong>condidit.</strong></span> <span class='ocrx_word' id='word_1_854' title='bbox 3179 4890 3239 4946; x_wconf 90' lang='lat' dir='ltr'><strong>Si</strong></span> <span class='ocrx_word' id='word_1_855' title='bbox 3287 4908 3422 4964; x_wconf 87' lang='lat' dir='ltr'><strong>ergo</strong></span> <span class='ocrx_word' id='word_1_856' title='bbox 3471 4894 3674 4949; x_wconf 86' lang='lat' dir='ltr'><strong>dicunt</strong></span> <span class='ocrx_word' id='word_1_857' title='bbox 3720 4893 3824 4963; x_wconf 87' lang='lat' dir='ltr'><strong>illi,</strong></span> <span class='ocrx_word' id='word_1_858' title='bbox 3859 4895 4000 4967; x_wconf 87' lang='lat' dir='ltr'><strong>quia</strong></span> 
     </span>
    </p>
   </div>
   <div class='ocr_carea' id='block_1_109' title="bbox 2350 4976 3993 5056">
    <p class='ocr_par' dir='ltr' id='par_1_109' title="bbox 2350 4976 3993 5056">
     <span class='ocr_line' id='line_1_109' title="bbox 2350 4976 3993 5056; baseline 0.005 -26"><span class='ocrx_word' id='word_1_859' title='bbox 2350 4976 2479 5031; x_wconf 91' lang='lat' dir='ltr'><strong>ideo</strong></span> <span class='ocrx_word' id='word_1_860' title='bbox 2510 4976 2795 5032; x_wconf 90' lang='lat' dir='ltr'><strong>Dominus</strong></span> <span class='ocrx_word' id='word_1_861' title='bbox 2827 4995 2939 5033; x_wconf 89' lang='lat' dir='ltr'><strong>non</strong></span> <span class='ocrx_word' id='word_1_862' title='bbox 2975 4980 3199 5051; x_wconf 86' lang='lat' dir='ltr'><strong>accepit</strong></span> <span class='ocrx_word' id='word_1_863' title='bbox 3218 4986 3550 5051; x_wconf 88' lang='lat' dir='ltr'><strong>sensum,ut</strong></span> <span class='ocrx_word' id='word_1_864' title='bbox 3570 5000 3683 5039; x_wconf 87' lang='lat' dir='ltr'><strong>non</strong></span> <span class='ocrx_word' id='word_1_865' title='bbox 3708 4990 3993 5056; x_wconf 88' lang='lat' dir='ltr'><strong>peccaret,</strong></span> 
     </span>
    </p>
   </div>
   <div class='ocr_carea' id='block_1_110' title="bbox 2348 5064 3994 5141">
    <p class='ocr_par' dir='ltr' id='par_1_110' title="bbox 2348 5064 3994 5141">
     <span class='ocr_line' id='line_1_110' title="bbox 2348 5064 3994 5141; baseline 0.005 -22"><span class='ocrx_word' id='word_1_866' title='bbox 2348 5069 2404 5120; x_wconf 88' lang='lat' dir='ltr'><strong>et</strong></span> <span class='ocrx_word' id='word_1_867' title='bbox 2434 5064 2541 5120; x_wconf 90' lang='lat' dir='ltr'><strong>hoc</strong></span> <span class='ocrx_word' id='word_1_868' title='bbox 2572 5069 2800 5137; x_wconf 89' lang='lat' dir='ltr'><strong>putant,</strong></span> <span class='ocrx_word' id='word_1_869' title='bbox 2844 5068 2998 5138; x_wconf 92' lang='lat' dir='ltr'><strong>quod</strong></span> <span class='ocrx_word' id='word_1_870' title='bbox 3047 5069 3384 5141; x_wconf 90' lang='lat' dir='ltr'><strong>quicunque</strong></span> <span class='ocrx_word' id='word_1_871' title='bbox 3433 5088 3673 5128; x_wconf 89' lang='lat' dir='ltr'><strong>sensum</strong></span> <span class='ocrx_word' id='word_1_872' title='bbox 3724 5072 3994 5129; x_wconf 87' lang='lat' dir='ltr'><strong>habuerit</strong></span> 
     </span>
    </p>
   </div>
   <div class='ocr_carea' id='block_1_111' title="bbox 2347 5154 3991 5231">
    <p class='ocr_par' dir='ltr' id='par_1_111' title="bbox 2347 5154 3991 5231">
     <span class='ocr_line' id='line_1_111' title="bbox 2347 5154 3991 5231; baseline 0.006 -24"><span class='ocrx_word' id='word_1_873' title='bbox 2347 5154 2695 5219; x_wconf 86' lang='lat' dir='ltr'><strong>humanum,</strong></span> <span class='ocrx_word' id='word_1_874' title='bbox 2748 5156 2975 5211; x_wconf 89' lang='lat' dir='ltr'><strong>vincere</strong></span> <span class='ocrx_word' id='word_1_875' title='bbox 3023 5172 3157 5211; x_wconf 90' lang='lat' dir='ltr'><strong>eum</strong></span> <span class='ocrx_word' id='word_1_876' title='bbox 3209 5174 3323 5212; x_wconf 92' lang='lat' dir='ltr'><strong>non</strong></span> <span class='ocrx_word' id='word_1_877' title='bbox 3373 5164 3564 5231; x_wconf 90' lang='lat' dir='ltr'><strong>potest</strong></span> <span class='ocrx_word' id='word_1_878' title='bbox 3600 5179 3612 5216; x_wconf 93' lang='lat'><strong>:</strong></span> <span class='ocrx_word' id='word_1_879' title='bbox 3648 5161 3840 5217; x_wconf 88' lang='lat' dir='ltr'><strong>dicant</strong></span> <span class='ocrx_word' id='word_1_880' title='bbox 3889 5178 3991 5217; x_wconf 91' lang='lat' dir='ltr'><strong>no-</strong></span> 
     </span>
    </p>
   </div>
   <div class='ocr_carea' id='block_1_112' title="bbox 2347 5242 3993 5317">
    <p class='ocr_par' dir='ltr' id='par_1_112' title="bbox 2347 5242 3993 5317">
     <span class='ocr_line' id='line_1_112' title="bbox 2347 5242 3993 5317; baseline 0.005 -18"><span class='ocrx_word' id='word_1_881' title='bbox 2347 5242 2436 5299; x_wconf 90' lang='lat' dir='ltr'><strong>bis</strong></span> <span class='ocrx_word' id='word_1_882' title='bbox 2489 5260 2501 5297; x_wconf 96' lang='lat'><strong>:</strong></span> <span class='ocrx_word' id='word_1_883' title='bbox 2553 5244 2808 5300; x_wconf 87' lang='lat' dir='ltr'><strong>Joannes</strong></span> <span class='ocrx_word' id='word_1_884' title='bbox 2866 5245 3126 5317; x_wconf 89' lang='lat' dir='ltr'><strong>Baptista</strong></span> <span class='ocrx_word' id='word_1_885' title='bbox 3180 5246 3387 5303; x_wconf 88' lang='lat' dir='ltr'><strong>habuit</strong></span> <span class='ocrx_word' id='word_1_886' title='bbox 3433 5266 3693 5317; x_wconf 87' lang='lat' dir='ltr'><strong>sensum,</strong></span> <span class='ocrx_word' id='word_1_887' title='bbox 3761 5268 3832 5305; x_wconf 89' lang='lat' dir='ltr'><strong>an</strong></span> <span class='ocrx_word' id='word_1_888' title='bbox 3877 5268 3993 5306; x_wconf 89' lang='lat' dir='ltr'><strong>non</strong></span> 
     </span>
    </p>
   </div>
   <div class='ocr_carea' id='block_1_113' title="bbox 2346 5332 3989 5413">
    <p class='ocr_par' dir='ltr' id='par_1_113' title="bbox 2346 5332 3989 5413">
     <span class='ocr_line' id='line_1_113' title="bbox 2346 5332 3989 5413; baseline 0.005 -26"><span class='ocrx_word' id='word_1_889' title='bbox 2346 5332 2591 5388; x_wconf 84' lang='lat' dir='ltr'><strong>habuit?</strong></span> <span class='ocrx_word' id='word_1_890' title='bbox 2619 5333 2720 5389; x_wconf 91' lang='lat' dir='ltr'><strong>Illo</strong></span> <span class='ocrx_word' id='word_1_891' title='bbox 2752 5338 3013 5405; x_wconf 76' lang='lat' dir='ltr'><strong>tempore</strong></span> <span class='ocrx_word' id='word_1_892' title='bbox 3059 5351 3175 5406; x_wconf 92' lang='lat' dir='ltr'><strong>quo</strong></span> <span class='ocrx_word' id='word_1_893' title='bbox 3224 5346 3347 5391; x_wconf 84' lang='lat' dir='ltr'><strong>erat</strong></span> <span class='ocrx_word' id='word_1_894' title='bbox 3395 5338 3454 5393; x_wconf 92' lang='lat' dir='ltr'><strong>in</strong></span> <span class='ocrx_word' id='word_1_895' title='bbox 3504 5339 3753 5407; x_wconf 87' lang='lat' dir='ltr'><strong>deserto,</strong></span> <span class='ocrx_word' id='word_1_896' title='bbox 3789 5356 3989 5413; x_wconf 89' lang='lat' dir='ltr'><strong>pecca-</strong></span> 
     </span>
    </p>
   </div>
   <div class='ocr_carea' id='block_1_114' title="bbox 2343 5421 3997 5501">
    <p class='ocr_par' dir='ltr' id='par_1_114' title="bbox 2343 5421 3997 5501">
     <span class='ocr_line' id='line_1_114' title="bbox 2343 5421 3997 5501; baseline 0.006 -26"><span class='ocrx_word' id='word_1_897' title='bbox 2343 5421 2467 5476; x_wconf 88' lang='lat' dir='ltr'><strong>vit?</strong></span> <span class='ocrx_word' id='word_1_898' title='bbox 2526 5421 2738 5493; x_wconf 89' lang='lat' dir='ltr'><strong>Utique</strong></span> <span class='ocrx_word' id='word_1_899' title='bbox 2794 5424 3016 5491; x_wconf 91' lang='lat' dir='ltr'><strong>dicunt,</strong></span> <span class='ocrx_word' id='word_1_900' title='bbox 3062 5423 3199 5495; x_wconf 86' lang='lat' dir='ltr'><strong>quia</strong></span> <span class='ocrx_word' id='word_1_901' title='bbox 3248 5443 3363 5481; x_wconf 89' lang='lat' dir='ltr'><strong>non</strong></span> <span class='ocrx_word' id='word_1_902' title='bbox 3414 5428 3686 5498; x_wconf 90' lang='lat' dir='ltr'><strong>peccavit.</strong></span> <span class='ocrx_word' id='word_1_903' title='bbox 3739 5429 3997 5501; x_wconf 89' lang='lat' dir='ltr'><strong>Denique</strong></span> 
     </span>
    </p>
   </div>
   <div class='ocr_carea' id='block_1_115' title="bbox 2344 5511 3997 5590">
    <p class='ocr_par' dir='ltr' id='par_1_115' title="bbox 2344 5511 3997 5590">
     <span class='ocr_line' id='line_1_115' title="bbox 2344 5511 3997 5590; baseline 0.005 -25"><span class='ocrx_word' id='word_1_904' title='bbox 2344 5515 2401 5566; x_wconf 91' lang='lat' dir='ltr'><strong>et</strong></span> <span class='ocrx_word' id='word_1_905' title='bbox 2430 5511 2715 5567; x_wconf 90' lang='lat' dir='ltr'><strong>Dominus</strong></span> <span class='ocrx_word' id='word_1_906' title='bbox 2742 5516 2939 5567; x_wconf 90' lang='lat' dir='ltr'><strong>noster</strong></span> <span class='ocrx_word' id='word_1_907' title='bbox 2966 5511 3108 5567; x_wconf 90' lang='lat' dir='ltr'><strong>dicit</strong></span> <span class='ocrx_word' id='word_1_908' title='bbox 3137 5530 3149 5567; x_wconf 90' lang='lat'><strong>:</strong></span> <span class='ocrx_word' id='word_1_909' title='bbox 3183 5515 3353 5569; x_wconf 85' lang='lat' dir='ltr'><strong>Amen</strong></span> <span class='ocrx_word' id='word_1_910' title='bbox 3382 5516 3500 5571; x_wconf 85' lang='lat' dir='ltr'><strong>dico</strong></span> <span class='ocrx_word' id='word_1_911' title='bbox 3532 5517 3699 5587; x_wconf 85' lang='lat' dir='ltr'><strong>vobis,</strong></span> <span class='ocrx_word' id='word_1_912' title='bbox 3729 5534 3837 5574; x_wconf 84' lang='lat' dir='ltr'><strong>non</strong></span> <span class='ocrx_word' id='word_1_913' title='bbox 3885 5520 3997 5590; x_wconf 78' lang='lat' dir='ltr'><strong>fuit</strong></span> 
     </span>
    </p>
   </div>
   <div class='ocr_carea' id='block_1_116' title="bbox 2344 5600 3990 5679">
    <p class='ocr_par' dir='ltr' id='par_1_116' title="bbox 2344 5600 3990 5679">
     <span class='ocr_line' id='line_1_116' title="bbox 2344 5600 3990 5679; baseline 0.005 -24"><span class='ocrx_word' id='word_1_914' title='bbox 2344 5602 2487 5655; x_wconf 82' lang='lat' dir='ltr'><strong>inter</strong></span> <span class='ocrx_word' id='word_1_915' title='bbox 2516 5606 2675 5655; x_wconf 85' lang='lat' dir='ltr'><strong>natos</strong></span> <span class='ocrx_word' id='word_1_916' title='bbox 2704 5600 3008 5656; x_wconf 81' lang='lat' dir='ltr'><strong>mulierum</strong></span> <span class='ocrx_word' id='word_1_917' title='bbox 3034 5604 3213 5673; x_wconf 87' lang='lat' dir='ltr'><strong>major</strong></span> <span class='ocrx_word' id='word_1_918' title='bbox 3247 5605 3454 5661; x_wconf 83' lang='lat' dir='ltr'><strong>Joanne</strong></span> <span class='ocrx_word' id='word_1_919' title='bbox 3494 5606 3743 5679; x_wconf 84' lang='lat' dir='ltr'><strong>Baptista</strong></span> <span class='ocrx_word' id='word_1_920' title='bbox 3774 5607 3990 5679; x_wconf 76' lang='lat' dir='ltr'><strong>(Matth.</strong></span> 
     </span>
    </p>
   </div>
   <div class='ocr_carea' id='block_1_117' title="bbox 2344 5690 3991 5765">
    <p class='ocr_par' dir='ltr' id='par_1_117' title="bbox 2344 5690 3991 5765">
     <span class='ocr_line' id='line_1_117' title="bbox 2344 5690 3991 5765; baseline 0.006 -22"><span class='ocrx_word' id='word_1_921' title='bbox 2344 5707 2421 5755; x_wconf 82' lang='lat' dir='ltr'><strong>xi,</strong></span> <span class='ocrx_word' id='word_1_922' title='bbox 2456 5691 2563 5761; x_wconf 91' lang='grc'>11).</span> <span class='ocrx_word' id='word_1_923' title='bbox 2599 5690 2799 5745; x_wconf 90' lang='lat' dir='ltr'><strong>Petrus</strong></span> <span class='ocrx_word' id='word_1_924' title='bbox 2829 5707 3070 5747; x_wconf 83' lang='lat' dir='ltr'><strong>sensum</strong></span> <span class='ocrx_word' id='word_1_925' title='bbox 3094 5692 3318 5762; x_wconf 89' lang='lat' dir='ltr'><strong>habuit,</strong></span> <span class='ocrx_word' id='word_1_926' title='bbox 3342 5711 3415 5751; x_wconf 91' lang='lat' dir='ltr'><strong>an</strong></span> <span class='ocrx_word' id='word_1_927' title='bbox 3439 5712 3553 5751; x_wconf 90' lang='lat' dir='ltr'><strong>non</strong></span> <span class='ocrx_word' id='word_1_928' title='bbox 3576 5695 3865 5765; x_wconf 89' lang='lat' dir='ltr'><strong>habuit,et</strong></span> <span class='ocrx_word' id='word_1_929' title='bbox 3881 5712 3991 5753; x_wconf 71' lang='lat' dir='ltr'><strong>cae-</strong></span> 
     </span>
    </p>
   </div>
   <div class='ocr_carea' id='block_1_118' title="bbox 2345 5778 3997 5860">
    <p class='ocr_par' dir='ltr' id='par_1_118' title="bbox 2345 5778 3997 5860">
     <span class='ocr_line' id='line_1_118' title="bbox 2345 5778 3997 5860; baseline 0.005 -25"><span class='ocrx_word' id='word_1_930' title='bbox 2345 5780 2453 5839; x_wconf 87' lang='lat' dir='ltr'><strong>teri</strong></span> <span class='ocrx_word' id='word_1_931' title='bbox 2509 5778 2695 5837; x_wconf 86' lang='lat' dir='ltr'><strong>sancti</strong></span> <span class='ocrx_word' id='word_1_932' title='bbox 2753 5779 3039 5854; x_wconf 88' lang='lat' dir='ltr'><strong>apostoli?</strong></span> <span class='ocrx_word' id='word_1_933' title='bbox 3104 5782 3161 5838; x_wconf 88' lang='lat' dir='ltr'><strong>Si</strong></span> <span class='ocrx_word' id='word_1_934' title='bbox 3224 5799 3360 5859; x_wconf 84' lang='lat' dir='ltr'><strong>ergo</strong></span> <span class='ocrx_word' id='word_1_935' title='bbox 3416 5785 3661 5860; x_wconf 88' lang='lat' dir='ltr'><strong>apostoli</strong></span> <span class='ocrx_word' id='word_1_936' title='bbox 3726 5785 3997 5854; x_wconf 77' lang='lat' dir='ltr'><strong>vicerunt</strong></span> 
     </span>
    </p>
   </div>
  </div>
