4256 6576
300 445 453 512 1233

1471 449 1965 514 BREVIAHIUM
2011 452 2088 512 ΙΝ
2135 452 2516 514 PSALMOS.

3555 445 3707 515 i234

298 597 539 638 sensum
570 579 931 640 humanum:
969 582 1253 639 Dominus
1283 584 1482 639 timuit
1521 586 1779 656 accipere
1810 602 1940 641 sen-
1971 586 2027 651 Α
2057 585 2198 640 tutis
2248 591 2358 640 tuae
2408 585 2634 641 emittet
2680 582 2962 640 Dominus
3029 599 3097 639 ex
3153 580 3312 639 Sion.
3352 604 3377 632 ››
3436 583 3518 638 Ex
3570 578 3705 640 Sion

299 689 532 740 sum,ne
562 673 887 728 vinceretur
917 673 987 729 ab
1041 672 1186 728 illo?
1232 674 1299 727 Et
1347 674 1489 728 dum
1537 674 1739 729 volunt
1770 673 1944 746 glori-

298 761 471 815 ﬁcare
524 762 856 830 Dominum,
926 762 1240 816 detrahunt
1313 761 1418 816 illi.
1489 763 1788 826 Quomodo
1859 763 1942 818 illi

298 848 656 903 detrahunt?
717 849 786 904 Ut
842 849 1107 905 videatur
1162 851 1366 906 timere
1424 852 1731 917 Dominus,
1787 854 1941 924 quod

298 937 544 1008 apostoli
576 955 691 992 non
724 938 1063 994 timuerunt.
1095 939 1210 994 Nos
1241 956 1374 1010 ergo
1434 941 1648 1011 gratias
1697 957 1943 1012 agamus

298 1025 683 1097 omnipotenti
717 1031 852 1092 Deo,
899 1033 955 1082 et
1005 1027 1301 1082 dicamus:
1353 1028 1416 1082 In
1462 1045 1638 1083 sensu
1687 1035 1786 1084 tuo
1826 1047 1938 1085 non

295 1114 554 1170 habuisti
581 1121 905 1187 peccatum.
934 1115 998 1170 Et
1027 1117 1183 1172 venit
1213 1116 1481 1188 princeps
1511 1117 1690 1188 hujus
1711 1118 1936 1189 mundi,

295 1209 352 1260 et
371 1204 590 1260 invenit
617 1206 674 1260 in
704 1210 758 1260 to
786 1205 928 1260 nihil
950 1207 1125 1277 (Joan.
1150 1224 1262 1276 xw,
1294 1208 1405 1276 30).
1439 1209 1523 1262 Ita
1544 1223 1679 1279 ergo
1703 1212 1939 1279 praestes

296 1294 486 1364 nobis,
539 1295 692 1350 sicut
746 1294 804 1348 in
859 1301 956 1350 tuo
1015 1311 1190 1350 sensu
1252 1295 1439 1350 vicisti
1492 1296 1816 1364 diabolum,
1875 1302 1939 1351 ut

293 1384 790 1454 quemadmodum
825 1386 1108 1454 perfectos
1140 1401 1246 1440 nos
1287 1385 1515 1454 creasti,
1568 1386 1853 1456 perfectos
1882 1390 1940 1442 et

291 1471 479 1526 salves
510 1489 638 1527 nos.
672 1473 759 1526 Tu
789 1472 944 1527 enim
977 1489 1039 1528 es
1094 1474 1346 1541 Creator,
1403 1478 1466 1528 tu
1526 1490 1588 1528 es
1634 1474 1933 1546 Magister,

290 1564 354 1615 tu
385 1577 445 1615 es
465 1560 765 1628 Dominus,
786 1566 848 1616 tu
871 1579 931 1617 es
955 1566 1009 1616 et
1027 1561 1127 1632 qui
1154 1579 1256 1634 pro
1279 1561 1448 1618 nobis
1477 1580 1687 1634 passus
1709 1579 1771 1618 es
1797 1581 1808 1618 :
1836 1564 1937 1634 qui

289 1647 435 1704 vivis
468 1652 523 1704 et
553 1666 759 1722 regnas
792 1649 850 1704 in
882 1648 1092 1705 smcula
1124 1652 1490 1706 seaculorum.
1524 1659 1730 1707 Amen.

870 1757 1197 1813 PSALMUS
1235 1758 1366 1813 CIX.

289 1846 577 1918 Psalmus‘
641 1848 754 1917 ipsi
807 1847 999 1918 David.
1055 1849 1168 1902 Iste
1226 1847 1489 1918 psalmus
1545 1863 1745 1904 vocem
1789 1848 1935 1903 vatis

362 1917 617 1990 continet
672 1918 742 1972 de
799 1917 1026 1972 Christo
1086 1917 1397 1990 loquentis.
1455 1919 1541 1974 Ait

362 1988 539 2059 pheta
569 2005 581 2044 :

365 2118 387 2148 ι
430 2095 580 2150 Dixit
613 2096 894 2152 Dominus
926 2097 1171 2152 Domino
1229 2114 1392 2153 meo:
1451 2099 1596 2154 Sede
1627 2115 1660 2154 a
1715 2099 1934 2155 dextris

292 2184 454 2240 meis.
493 2206 519 2234 ››
555 2183 728 2240 David
763 2189 852 2241 est
882 2185 981 2257 qui
1012 2185 1288 2255 loquitur,
1323 2187 1625 2258 propheta,
1679 2187 1766 2242 vir
1798 2205 1932 2243 san-

291 2277 440 2342 ctus,
474 2291 587 2330 rex.
625 2279 740 2330 Rex
772 2291 908 2346 ergo
967 2274 1103 2346 quid
1147 2275 1334 2330 dicit?
1393 2275 1510 2330 Rex
1566 2280 1623 2330 et
1654 2277 1936 2348 propheta

291 2362 430 2433 quid
463 2362 650 2418 dicit?
679 2386 704 2412 ‹‹
739 2363 893 2419 Dixit
923 2364 1203 2419 Dominus
1226 2364 1470 2419 Domino
1503 2381 1650 2420 meo.
1689 2387 1715 2413 ››
1749 2367 1932 2421 Istum

288 2451 480 2508 locum
513 2451 775 2508 Salvator
805 2453 860 2506 in
900 2452 1204 2524 Evangelio
1260 2453 1548 2526 exposuit,
1600 2454 1840 2510 dicens:
1877 2455 1937 2510 Si

290 2541 540 2596 Christus
574 2549 672 2611 est,
724 2541 935 2612 inquit,
979 2543 1128 2611 ﬁlius
1175 2543 1390 2597 David:
1439 2543 1696 2612 quomodo
1730 2545 1790 2598 in
1822 2545 1932 2614 spi-

286 2631 399 2683 ritu
430 2633 578 2684 vocat
625 2645 749 2684 cum
804 2631 1096 2684 Dominum
1151 2631 1356 2701 (Matth.
1415 2648 1551 2698 XXII,
1600 2633 1732 2698 43)?
1761 2631 1935 2687 Vides

288 2733 423 2789 ergo
481 2718 622 2790 quid
681 2718 879 2773 dicat:
940 2719 997 2774 Si
1059 2719 1216 2774 ﬁlius
1263 2724 1350 2774 est
1379 2719 1581 2791 David,
1641 2721 1932 2792 quomodo

286 2823 386 2862 vos
417 2807 646 2862 dicitis:
681 2807 951 2875 Quomodo
1003 2809 1061 2861 in
1112 2810 1313 2880 spiritu
1371 2815 1522 2864 vocat
1580 2827 1704 2864 cum
1742 2811 1934 2864 Domi-

286 2897 458 2951 num?
487 2895 653 2950 Dicat
682 2895 929 2967 aliquis:
992 2897 1139 2969 Ergo
1196 2914 1308 2952 non
1371 2902 1460 2953 est
1511 2897 1668 2953 ﬁlius
1707 2898 1934 2952 David?

288 2985 405 3039 Hoc
436 2985 666 3041 dicebat
695 2986 766 3039 de
818 2984 1148 3055 l’harismis,
1209 2986 1308 3057 qui
1371 2985 1698 3057 simplicem
1746 2986 1933 3042 ﬁlium

288 3072 466 3128 David
501 3074 926 3129 conﬁtebantur
951 3073 1265 3129 Christum.
1301 3075 1418 3147 Ego
1461 3076 1532 3129 ad
1582 3077 1845 3130 Judaeum
1878 3079 1934 3131 et

283 3161 598 3218 Photinum
656 3163 764 3217 hoc
822 3163 1015 3234 ipsum
1078 3163 1239 3218 dico:
1274 3164 1332 3219 Si
1392 3163 1548 3219 ﬁlius
1608 3170 1697 3220 est
1726 3165 1930 3233 David,

285 3251 575 3322 quomodo
610 3254 776 3305 vocat
821 3250 1008 3304 ﬁlium
1059 3267 1231 3305 suum
1292 3251 1650 3307 Dominum?
1680 3253 1786 3318 Qui
1819 3271 1927 3308 au-

1601 1936 1736 1991 ergo
1794 1924 1931 1976 Pro-
1965 1953 2013 2016 B

2051 677 2200 728 enim
2255 675 2536 744 egreditur
2593 676 2700 740 lex,
2759 680 2807 729 et
2880 673 3105 728 verbum
3191 673 3408 728 Domini
3471 689 3539 728 ex
3594 676 3700 732 Je-

2051 765 2290 818 rusalem
2323 766 2448 830 (lsa.
2483 781 2541 829 ii,
2601 767 2674 832 3).
2703 784 2730 812 ‹‹
2794 762 3099 818 Dominare
3148 762 3208 816 in
3257 761 3446 817 medio
3500 761 3697 820 inimi-

2051 870 2253 908 corum
2313 858 2569 908 tuorum.
2606 875 2634 901 »
2693 853 2818 907 Non
2877 851 3059 906 dixit:
3125 851 3389 906 Interﬁce
3429 850 3699 908 inimicos

2051 946 2202 996 tuos.
2237 942 2347 997 Sed
2371 941 2511 1012 quid
2534 941 2560 994 ‘?=
2595 965 2616 993 ε
2654 939 2966 996 Dominare
2996 940 3052 995 in
3088 940 3278 996 medio
3323 939 3699 999 inimicorum

2048 1034 2284 1086 tuorum
2321 1053 2340 1079 υ
2376 1029 2636 1086 Inimicis
2665 1029 2784 1084 tuis
2816 1030 2927 1096 fac,
2962 1033 3027 1085 ut
3083 1029 3184 1101 qui
3240 1029 3413 1085 alieni
3446 1030 3698 1102 fuerant,

2046 1119 2134 1172 tui
2165 1135 2291 1174 esse
2321 1119 2623 1190 incipiant.
2659 1141 2686 1168 ‹‹
2721 1119 3031 1174 Dominare
3081 1119 3142 1173 in
3201 1118 3392 1173 medio
3421 1117 3698 1176 inimico-

2048 1225 2177 1263 rum
2211 1213 2489 1274 tuorum;
2522 1230 2550 1256 n
2582 1207 2806 1262 inimici
2864 1207 2971 1276 tui,
3034 1207 3104 1263 de
3160 1206 3378 1278 quibus
3409 1207 3698 1281 scriptum

2045 1302 2134 1353 est
2163 1297 2222 1352 in
2254 1297 2614 1369 sexagesimo
2650 1297 2901 1368 septimo
2926 1295 3192 1368 psalmo:
3228 1299 3454 1366 Lingua
3492 1315 3701 1358 canum

2044 1391 2262 1442 tuor-um
2302 1403 2371 1442 ea:
2417 1386 2659 1441 inimicis
2715 1386 2780 1440 ab
2838 1387 2956 1458 ipso
3015 1387 3180 1457 (Psal.
3241 1404 3413 1452 LXVII,
3444 1387 3558 1457 24).
3595 1387 3697 1445 Isti

2046 1480 2186 1530 sunt
2216 1475 2462 1543 inimici,
2496 1475 2597 1545 qui
2630 1475 2688 1530 in
2722 1473 2911 1530 aliena
2965 1479 3130 1530 erant
3185 1479 3490 1547 potestate.
3530 1477 3697 1542 Nunc

2045 1581 2182 1636 ergo
2215 1565 2323 1620 hoc
2355 1568 2627 1636 precatur
2651 1563 3002 1620 Psalmista:
3038 1563 3294 1620 Inimicis
3343 1565 3463 1621 tuis
3501 1565 3697 1622 domi-

2047 1669 2206 1725 nare,
2240 1654 2481 1725 dignare
2512 1669 2641 1709 esse
2673 1653 2954 1708 Dominus
3010 1652 3383 1710 inimicorum
3431 1659 3692 1716 tuorum.

2119 1764 2146 1793 «
2207 1743 2421 1798 Tecum
2482 1742 2836 1814 principium
2891 1742 2952 1797 in
3013 1741 3104 1797 die
3160 1742 3394 1798 virtutis
3450 1748 3586 1816 tua},
3630 1745 3692 1802 in

2046 1831 2458 1903 splendoribus
2514 1835 2939 1887 sanctorum.»
2995 1830 3335 1888 Versiculus
3381 1833 3692 1894 obscurus.

2045 1920 2362 1977 Videamus
2384 1921 2538 1976 diem
2569 1920 2801 1977 virtutis
2823 1920 3090 1977 Domini:
3128 1924 3192 1975 ut
3219 1936 3356 1976 eum
3387 1921 3696 1982 scierimus
3733 1907 3738 1914 ’

2046 2009 2223 2080 diem,
2256 2015 2396 2066 tunc
2428 2011 2684 2066 sciamus
2733 2011 2887 2081 quod
2947 2009 3023 2065 sit
3077 2008 3456 2082 principium,
3501 2015 3558 2067 et
3585 2010 3695 2070 hoc

2044 2099 2399 2172 principium
2422 2099 2715 2169 quomodo
2742 2100 2876 2155 cum
2901 2115 2966 2154 eo
2990 2097 3081 2164 sit,
3117 2101 3176 2153 et
3208 2114 3342 2153 cum
3382 2114 3449 2152 eo
3478 2099 3688 2158 fuerit:

2045 2189 2337 2259 quomodo
2362 2188 2466 2243 hoc
2489 2187 2682 2260 ipsum
2709 2187 3064 2258 principium
3087 2186 3147 2241 in
3168 2187 3261 2242 die
3283 2185 3518 2243 virtutis
3539 2189 3689 2260 ejus,

2043 2277 2102 2332 in
2123 2276 2534 2350 splendoribus
2557 2280 2893 2332 sanctorum
2915 2280 3021 2332 est.
3047 2276 3163 2331 Hoc
3184 2292 3318 2349 ergo
3337 2275 3691 2349 principium

2046 2367 2200 2438 quod
2227 2369 2317 2420 est
2343 2382 2477 2421 cum
2512 2366 2753 2420 Domino
2785 2366 2844 2419 in
2875 2365 2970 2421 die
2995 2364 3230 2420 virtutis
3259 2366 3409 2436 ejus,
3443 2366 3571 2423 ideo
3604 2371 3695 2424 est

2044 2473 2180 2511 cum
2200 2454 2467 2522 Domino,
2492 2458 2556 2509 ut
2576 2453 2924 2526 splendeant
2943 2454 3152 2509 sancti.
3181 2475 3209 2503 «
3233 2455 3450 2510 Tecum
3482 2454 3696 2526 princi-

2043 2545 2206 2617 pium
2231 2544 2287 2598 in
2311 2544 2403 2599 die
2423 2543 2656 2598 virtutis
2685 2547 2815 2598 tum.
2869 2545 2932 2598 In
2949 2543 3230 2614 principio
3282 2551 3403 2599 erat
3439 2544 3690 2615 Verbum,

2043 2638 2094 2689 et
2121 2635 2348 2690 Verbum
2366 2641 2484 2688 crat
2503 2632 2649 2704 apud
2670 2633 2857 2699 Deum,
2878 2640 2931 2687 et
2951 2637 3098 2688 Deus
3115 2637 3237 2687 erat
3265 2631 3489 2688 Verbum
3509 2633 3689 2703 (Joan.

2046 2741 2085 2792 1,
2119 2724 2192 2793 1).
2210 2726 2321 2777 lloc
2335 2726 2458 2777 erat
2478 2721 2536 2776 in
2561 2721 2847 2793 principio
2871 2721 3026 2792 apud
3047 2721 3253 2776 Deum.
3287 2720 3456 2776 Pater
3475 2721 3689 2791 princiv

2046 2813 2230 2884 pium,
2247 2812 2345 2866 sed
2361 2817 2418 2866 et
2434 2810 2612 2865 Filius
2630 2809 3005 2882 principium.
3026 2808 3384 2881 Principium
3397 2809 3554 2868 enim
3571 2826 3687 2866 non

2044 2901 2218 2956 habet
2233 2899 2611 2972 principium.
2627 2899 2684 2954 Si
2701 2898 2857 2954 enim
2872 2896 3296 2953 habueritillud
3309 2897 3685 2970 principium,

2034 2991 2160 3060 jam
2190 2989 2381 3060 ipsum
2414 2987 2627 3044 desinit
2659 3005 2787 3044 esse
2818 2987 3190 3060 principium.
3225 2985 3517 3057 Quidquid
3547 3003 3686 3060 ergo

2043 3079 2378 3134 dederimus
2410 3078 2587 3148 Patri,
2619 3077 2729 3132 hoc
2759 3077 2972 3132 damus
3001 3079 3058 3131 et
3085 3075 3250 3132 Filio.
3281 3074 3340 3130 Si
3391 3074 3548 3130 enim
3569 3079 3685 3132 Pa.

2043 3172 2128 3223 ter
2158 3169 2215 3222 in
2243 3167 2403 3235 Filio,
2437 3172 2494 3222 et
2552 3165 2733 3221 Filius
2789 3166 2847 3221 in
2907 3168 3090 3235 Patre,
3143 3167 3202 3220 et
3257 3163 3454 3220 omnia
3491 3164 3685 3221 Patris

2041 3253 2170 3311 Filii
2201 3260 2358 3325 sunt,
2391 3260 2449 3311 et
2495 3254 2692 3309 omnia
2739 3253 2867 3308 Filii
2921 3253 3107 3309 Patris
3158 3256 3316 3321 sunt,
3367 3257 3425 3308 et
3461 3252 3687 3325 princi-

278 3320 396 3394 tem
455 3338 769 3394 Dominum
828 3338 1010 3393 Deum
1072 3340 1401 3410 conﬁtetur,
1460 3345 1515 3395 et
1571 3341 1671 3395 Dei
1712 3341 1922 3397 Filium
1957 3320 1998 3386 α
2038 3345 2200 3414 pium
2235 3320 2425 3400 Patris
2456 3342 2809 3415 principium
2841 3340 2969 3397 Filii
2995 3344 3104 3396 est.
3138 3320 3482 3412 Ergoquod-
3519 3341 3682 3410 dicit,

277 3428 456 3498 (verbi
501 3428 687 3500 gratia
737 3427 1112 3493 Manichaius,
1166 3427 1264 3499 qui
1318 3432 1490 3500 negat
1530 3428 1697 3484 illum
1733 3430 1920 3484 ﬁlium

280 3515 498 3588 David),
534 3517 686 3587 apud
737 3515 904 3570 illum
959 3517 1140 3586 probo
1189 3517 1342 3587 quod
1395 3516 1550 3572 ﬁlius
1596 3518 1771 3572 David
1810 3523 1916 3573 est.

273 3604 450 3659 Nobis
481 3619 616 3676 ergo
649 3603 746 3675 qui
776 3603 955 3658 Filius
992 3604 1084 3660 Dei
1116 3609 1227 3671 est,
1260 3605 1385 3676 ipse
1415 3611 1504 3660 est
1532 3610 1589 3660 et
1618 3605 1775 3662 ﬁlius
1806 3607 1916 3663 Da-

271 3692 386 3758 vid,
420 3691 546 3747 Non
606 3691 754 3748 alius
794 3691 972 3748 Filius
1027 3693 1148 3759 Dei,
1211 3697 1266 3748 et
1324 3693 1474 3750 alius
1529 3695 1680 3751 ﬁlius
1714 3696 1914 3751 David.

271 3781 394 3836 Non
429 3781 574 3837 facio
607 3783 752 3838 duas
783 3799 1062 3853 personas
1122 3783 1180 3837 in
1239 3783 1354 3838 Dco
1409 3789 1466 3838 et
1510 3783 1782 3853 homine;
1816 3787 1917 3841 sed

271 3869 397 3942 ipse
426 3870 524 3943 qui
559 3871 738 3926 Filius
769 3871 892 3937 Dei,
947 3871 1072 3943 ipse
1121 3876 1208 3928 cst
1259 3876 1313 3928 et
1338 3873 1495 3928 ﬁlius
1529 3873 1724 3930 David.
1764 3898 1784 3922 α
1820 3875 1917 3930 Di-

270 3959 356 4014 xit
385 3960 667 4016 Dominus
691 3961 936 4016 Domino
969 3977 1135 4017 meo:
1169 3963 1313 4017 Sede
1343 3980 1376 4017 a
1429 3963 1644 4018 dextris
1687 3964 1852 4020 meis.
1889 3987 1915 4014 »
1945 3958 1950 3964 ’

275 4053 336 4106 In
391 4053 627 4108 Hebraeo
687 4053 942 4123 primum
1005 4070 1216 4108 nomen
1275 4054 1474 4124 (mm),
1531 4053 1784 4122 Domini,
1825 4054 1916 4110 his

273 4140 481 4196 litteris
508 4141 820 4197 scribitur:
855 4141 1070 4212 quibus
1101 4142 1171 4196 de
1201 4142 1316 4197 Dco
1349 4146 1577 4196 tantum
1618 4143 1913 4198 scribitur.

270 4230 606 4295 Secundum
633 4245 765 4283 vero
798 4245 1010 4284 nomen
1048 4229 1274 4284 Domini
1334 4232 1510 4300 (’J‘m)
1565 4230 1658 4285 his
1706 4230 1914 4286 litteris

269 4317 563 4384 scribitur,
589 4316 806 4388 quibus
835 4317 1023 4372 solent
1045 4317 1309 4374 homines
1341 4319 1656 4374 Dominum
1679 4337 1912 4376 vocare:

269 4407 560 4480 quomodo
596 4410 652 4460 et
677 4406 1066 4476 aquibusdam
1091 4411 1329 4461 vocatur
1358 4408 1631 4462 dominus
1663 4426 1696 4462 a
1727 4425 1910 4477 servo,

266 4500 507 4568 etreges
537 4499 817 4551 vocantur
846 4493 1089 4549 domini.
1123 4494 1265 4550 Vide
1323 4512 1458 4566 ergo
1517 4496 1657 4568 quid
1717 4497 1908 4552 dicat:

267 4608 294 4634 «
329 4584 484 4640 Dixit
513 4584 796 4641 Dominus
829 4584 1070 4639 Domino
1104 4601 1250 4639 meo.
1289 4606 1316 4632 »
1351 4584 1494 4638 Huic
1520 4584 1782 4654 Domino,
1814 4585 1907 4640 cui

2032 3433 2139 3488 hoc
2169 3436 2294 3487 est:
2331 3437 2404 3487 Eo
2437 3436 2697 3502 tempore
2749 3446 2865 3502 quo
2925 3429 3242 3501 patiebaris
3299 3433 3357 3484 et
3403 3428 3679 3486 dicebas:

2028 3523 2212 3587 Pater,
2273 3522 2332 3574 in
2376 3536 2568 3575 manus
2624 3525 2745 3574 tuas
2786 3518 3100 3574 commendo
3172 3519 3439 3590 spiritum
3498 3533 3684 3574 meum

2030 3611 2180 3680 (Luc.
2212 3627 2376 3676 xxiii,
2408 3609 2519 3679 46),
2580 3609 2748 3679 quasi
2796 3609 2867 3663 de
2917 3606 3174 3664 hominis
3216 3606 3550 3678 loquebaris
3592 3607 3682 3662 at-

2029 3699 2201 3765 fectu,
2236 3716 2351 3754 non
2381 3698 2548 3770 quasi
2579 3697 2890 3753 imbecillis
2940 3696 3211 3769 rogabas.
3271 3697 3490 3753 Tecum
3521 3696 3680 3752 enim

2027 3791 2152 3843 erat
2181 3787 2562 3859 principium,
2621 3789 2813 3841 tecum
2871 3786 3029 3842 enim
3086 3788 3209 3842 erat
3245 3784 3540 3857 divinitas,
3570 3786 3673 3850 sed

2028 3880 2331 3949 propterea
2360 3874 2769 3947 deprecabaris
2801 3874 3109 3946 auxilium,
3143 3877 3210 3930 ut
3249 3877 3485 3946 accepto
3517 3873 3679 3931 auxi-

2025 3965 2123 4031 lio,
2182 3965 2350 4021 dares
2407 3964 2627 4019 sanctis
2685 3964 2824 4031 tuis,
2856 3968 2921 4018 ut
2978 3963 3057 4017 illi
3123 3963 3516 4034 splenderent.
3557 3963 3677 4018 Hoc

2027 4055 2179 4126 quod
2213 4053 2459 4108 dicitur:
2523 4051 2827 4123 Accipiens
2884 4053 3074 4122 dares,
3134 4049 3279 4106 nulli
3328 4049 3675 4106 scandalum

2025 4142 2236 4210 faciat;
2272 4141 2596 4197 secundum
2630 4139 2926 4195 hominem
2956 4139 3237 4210 loquitur.
3272 4139 3330 4195 Si
3363 4139 3518 4195 enim
3569 4139 3674 4196 ho-

2025 4230 2200 4285 minis
2231 4247 2443 4302 corpus
2471 4228 2816 4301 assumpsit,
2849 4244 3086 4284 necesse
3115 4231 3205 4284 est
3237 4233 3300 4284 ut
3329 4233 3387 4284 et
3415 4227 3673 4293 hominis

2020 4320 2194 4374 verba
2226 4319 2534 4391 suscipiat.
2568 4318 2756 4374 Homo
2788 4322 2878 4373 est
2908 4316 3197 4384 Christus,
3229 4321 3287 4373 et
3313 4333 3445 4372 vere
3497 4315 3672 4372 homo

2021 4411 2148 4464 est:
2187 4408 2514 4464 secundum
2547 4406 3013 4479 assumptionem
3046 4404 3239 4461 carnis
3286 4403 3560 4460 dicimus.
3611 4403 3672 4460 Si

2020 4514 2154 4569 ergo
2185 4497 2360 4552 homo
2387 4501 2475 4552 est
2503 4497 2829 4551 secundum
2867 4511 3099 4567 corpus,
3147 4493 3307 4549 vides
3351 4508 3585 4564 corpus,
3617 4494 3676 4549 et

2022 4603 2134 4641 non
2168 4584 2604 4649 scandalizaris,
2661 4588 2715 4638 et
2775 4583 3010 4639 miraris
3068 4582 3117 4637 si
3175 4581 3431 4638 hominis
3477 4581 3670 4638 verbis

267 4673 602 4747 praecipitur
638 4677 703 4727 ut
733 4673 950 4740 sedeat,
983 4673 1140 4728 Deus
1197 4689 1312 4728 non
1372 4672 1552 4740 sedet,
1587 4673 1911 4745 assumptio
1942 4687 1989 4750 D
2022 4674 2328 4746 loquitur?
2361 4674 2418 4729 Si
2454 4677 2648 4729 autem
2681 4677 2734 4728 te
2765 4671 3124 4727 scandalizat
3148 4671 3340 4726 vilitas
3388 4669 3672 4744 corporis,

265 4761 525 4834 corporis
548 4761 726 4817 sedet.
761 4762 904 4817 Huic
938 4778 1074 4835 ergo
1106 4762 1438 4833 praecipitur
1477 4767 1541 4815 ut
1584 4763 1781 4816 sedeat
1812 4762 1912 4834 qui

266 4851 439 4907 homo
472 4854 580 4916 est,
612 4849 713 4921 qui
744 4855 1084 4922 assumptus
1116 4855 1222 4906 est.
1289 4852 1401 4905 [loc
1433 4851 1708 4906 adversus
1748 4851 1911 4905 Aria-

265 4958 373 4998 nos
403 4939 679 5005 dicimus,
713 4943 770 4994 et
799 4940 1080 4996 adversus
1139 4956 1235 4994 eos
1297 4940 1397 5010 qui
1455 4940 1694 4995 dicunt:
1729 4940 1914 5011 Major

262 5035 352 5086 est
375 5029 542 5084 Pater
565 5028 663 5100 qui
681 5028 852 5098 jubet
881 5033 946 5083 ut
968 5029 1184 5091 sedeat,
1209 5045 1384 5099 quam
1411 5027 1507 5083 ille
1534 5029 1622 5083 cui
1644 5030 1909 5100 jubetur.

262 5117 472 5173 Omnia
509 5115 823 5188 Evangelia
871 5121 1190 5189 personant
1237 5117 1307 5171 de
1353 5132 1600 5188 persona
1630 5118 1910 5184 hominis,

259 5213 317 5263 et
344 5224 501 5263 nunc
533 5223 649 5261 non
683 5222 919 5261 necesse
976 5211 1066 5262 est
1121 5205 1497 5278 approbatio:
1545 5206 1684 5278 quia
1715 5207 1910 5262 omnia

259 5312 624 5368 quaecunque
646 5294 782 5349 vilia
804 5295 1096 5365 videntur,
1119 5296 1444 5351 referentur
1473 5295 1544 5349 ad
1584 5296 1906 5363 hominem,

261 5386 594 5441 referuntur
621 5385 691 5440 ad
725 5401 979 5440 carnem.
1014 5386 1181 5441 Nunc
1212 5385 1282 5442 de
1322 5383 1548 5440 Psalmo
1602 5385 1904 5440 dicamus:

262 5498 290 5524 ‹‹
323 5474 559 5547 Virgam
582 5473 814 5529 virtutis
848 5477 961 5528 tua-3
1001 5473 1228 5530 emittet
1266 5474 1548 5530 Dominus
1586 5490 1654 5528 ex
1685 5474 1842 5528 Sion.
1879 5498 1900 5525 »

262 5563 502 5634 Virgam
536 5563 596 5616 in
628 5563 863 5617 Hebraeo
884 5578 997 5616 non
1024 5566 1142 5615 tam
1165 5562 1360 5628 habet,
1391 5579 1562 5632 quam
1585 5566 1905 5634 sceptrum,

264 5651 374 5708 hoc
431 5654 520 5706 est
573 5651 804 5724 insigne
859 5650 1028 5721 regiae
1073 5651 1398 5722 potestatis.
1437 5675 1458 5702 α
1510 5652 1748 5723 Virgam
1797 5650 1907 5705 vir-

2023 4767 2080 4817 et
2111 4779 2270 4829 crux,
2296 4766 2352 4817 et
2383 4761 2632 4834 injuriae,
2659 4766 2719 4817 et
2748 4760 2948 4834 alapae,
2982 4765 3040 4816 et
3088 4759 3336 4835 ﬂagella,
3386 4763 3444 4816 et
3478 4759 3672 4816 omnis

2024 4851 2240 4922 injuria
2273 4851 2463 4905 crucis
2491 4869 2502 4906 :
2537 4851 2586 4907 si
2621 4857 2674 4905 te
2706 4849 2813 4906 hoc
2843 4850 3220 4918 scandalizat,
3278 4853 3560 4905 revertere
3597 4848 3670 4904 ad

2022 4940 2399 5012 principium,
2458 4945 2516 4995 et
2573 4957 2686 4996 non
2746 4939 3262 4996 scandalizaberis.
3330 4937 3482 4996 Dicit
3508 4937 3666 4992 enim

2021 5029 2191 5084 Pater
2222 5030 2292 5084 ad
2329 5028 2563 5084 Filium.
2599 5053 2626 5079 ‹‹
2662 5031 2742 5085 Ex
2791 5033 2954 5086 utero
3015 5033 3150 5085 ante
3206 5027 3535 5083 Luciferum
3565 5040 3666 5097 ge-

2022 5117 2122 5171 nui
2148 5121 2224 5172 te.
2249 5139 2276 5168 »
2305 5118 2534 5173 Miraris
2565 5119 2613 5174 si
2647 5121 2928 5175 Dominus
2960 5121 3158 5172 noster
3187 5119 3362 5187 atque
3400 5112 3666 5169 Salvator

2019 5206 2115 5276 qui
2146 5223 2276 5261 vere
2306 5207 2603 5264 hominem
2635 5206 2976 5278 assumpsit,
3031 5204 3292 5277 loquitur
3339 5202 3664 5259 secundum

2019 5296 2351 5352 hominem‘:
2385 5313 2519 5351 cum
2550 5297 2675 5368 ipse
2717 5296 2870 5351 Deus
2907 5296 3096 5361 Pater,
3127 5293 3228 5365 qui
3278 5308 3394 5347 non
3427 5306 3664 5357 assum-

2018 5385 2135 5455 psit
2166 5385 2485 5452 hominem,
2519 5384 2784 5456 loquitur
2836 5384 3003 5456 quasi
3058 5382 3271 5439 homo:
3308 5404 3337 5430 «
3386 5381 3466 5435 Ex
3497 5383 3664 5434 utero

2018 5479 2152 5530 ante
2185 5475 2515 5530 Luciferum
2546 5474 2717 5545 genui
2777 5477 2852 5528 te.
2884 5495 2910 5521 ››
2970 5473 3095 5528 Non
3152 5471 3338 5527 habeo
3390 5472 3666 5530 uterum:

2017 5564 2117 5618 sed
2144 5581 2257 5619 non
2291 5579 2533 5634 possum
2567 5579 2658 5617 me
2715 5562 2884 5617 aliter
2937 5561 3195 5616 indicare
3244 5563 3496 5626 Patrem,
3547 5557 3662 5612 nisi

2017 5650 2270 5707 hominis
2293 5652 2482 5707 verbis
2505 5651 2732 5706 locutus
2783 5651 2962 5706 fuero.
2993 5669 3015 5698 ε
3048 5650 3128 5704 Ex
3175 5653 3337 5704 utero
3371 5650 3504 5703 ante
3551 5646 3662 5702 Lu-

343 5758 357 5792 ¹
385 5755 594 5814 Confer
620 5772 820 5814 verum
853 5756 1267 5829 Hieronymum
1298 5759 1464 5816 initio
1495 5758 1628 5815 libri
1668 5776 1742 5830 1v,
1774 5774 1908 5830 pag,
1943 5759 2064 5826 181,
2091 5759 2414 5830 Comment,
2446 5758 2503 5813 in
2533 5757 2735 5814 Matth.

1944 6521 2343 6531 ..Μ
