4256 6578
571 449 732 515 1235

571 581 820 640 οἱΐθιιιιιιι
852 581 1026 656 genui
1059 588 1134 639 te.
1172 604 1198 632 »

567 674 673 730 tia.
707 696 736 723 υ
770 673 851 729 Ex
897 677 1082 729 utero.
1124 692 1150 723 α
1206 672 1381 739 Audi,
1441 673 1725 729 Eunomi:
1786 673 1944 742 audi,
2005 673 2121 729 Ari.
2164 675 2222 729 Si

573 768 843 821 creatura
871 769 960 820 est
991 763 1296 830 Dominus,
1328 762 1377 818 si
1408 762 1666 830 factura;
1699 763 1983 834 numquid
2018 764 2224 819 artifex

575 857 816 928 generat
843 869 991 925 opus
1022 868 1195 907 suum
1217 851 1246 906 ?
1277 851 1575 924 Numquid
1607 851 1811 907 artifex
1843 851 2030 907 {ilium
2060 855 2224 908 vocat

573 959 725 1016 opus
754 957 929 997 suum
950 940 978 996 εἰ
1007 940 1225 996 Artifex
1272 940 1672 1011 carpentarius
1730 940 1861 995 fecit
1893 957 2220 1005 scamnum.

576 1030 868 1104 numquid
899 1030 970 1085 de
999 1033 1163 1085 utero
1192 1028 1351 1084 illius
1381 1029 1724 1100 generavit?
1768 1029 2052 1100 numquid
2083 1030 2226 1084 dicit

576 1121 665 1177 ei:
702 1121 783 1177 De
804 1124 968 1176 utero
1001 1135 1129 1174 meo
1159 1117 1332 1192 genui
1365 1122 1442 1182 te,
1497 1134 1529 1172 ο
1573 1133 1882 1173 scamnum
1904 1117 1932 1172 ?
1962 1118 2086 1174 Non
2118 1118 2226 1172 uti-

579 1226 694 1282 que
723 1209 834 1266 hoc
864 1209 1023 1264 dicit.
1054 1207 1162 1262 Sed
1196 1207 1337 1278 quid
1396 1206 1579 1263 dicit?
1611 1207 1725 1279 Ego
1782 1211 1838 1262 te
1889 1207 1994 1262 feci
2046 1224 2222 1263 manu

576 1315 728 1355 mea.
765 1298 1005 1362 Quando
1035 1301 1230 1352 autem
1266 1301 1467 1352 uterus
1505 1296 1738 1362 dicitur,
1791 1296 1948 1351 [ilius
2000 1295 2224 1369 signifi-

576 1393 760 1455 catur,
793 1392 852 1444 et
878 1386 1035 1443 titius
1066 1403 1180 1442 non
1239 1386 1572 1457 adoptatus.
1634 1385 1929 1441 Vocantur
1958 1385 2114 1441 enim
2169 1389 2227 1440 et

577 1478 682 1534 filii
714 1476 996 1550 adoptati.
1030 1477 1297 1546 Quotquot
1344 1477 1495 1530 enim
1538 1479 1857 1546 receperunt
1904 1491 2049 1541 eum,
2080 1475 2228 1529 dedit

580 1569 663 1624 eis
689 1571 1008 1639 potestatem
1036 1565 1182 1634 ﬁlios
1216 1565 1312 1618 Dei
1339 1564 1466 1634 fieri
1493 1564 1674 1634 (Joan.
1711 1581 1748 1632 ι,
1799 1564 1906 1633 12).
1956 1562 2038 1617 Ibi
2069 1563 2229 1618 dedit

577 1656 663 1714 eis
691 1659 1060 1728 potestatem.
1095 1653 1198 1709 Hic
1254 1668 1388 1708 vero
1441 1652 1511 1708 de
1566 1656 1731 1708 utero
1785 1651 2103 1724 generavit,
2157 1652 2228 1707 de

577 1763 688 1804 sua
719 1748 949 1812 natura,
981 1743 1053 1798 de
1081 1742 1208 1798 suis
1235 1741 1580 1810 visceribus,
1613 1742 1684 1796 de
1715 1758 1822 1796 sua
1873 1741 2224 1796 substantia.

579 1857 608 1885 «
641 1839 723 1889 Ex
752 1838 936 1899 utero,
972 1854 1000 1883 »
1031 1832 1143 1886 hoc
1174 1835 1282 1902 est,
1315 1831 1386 1884 de
1415 1829 1689 1886 medullis
1729 1829 2056 1902 divinitatis
2086 1847 2223 1886 sum.

578 1924 793 1980 Totum
826 1920 1113 1993 quidquid
1148 1924 1316 1976 Pater
1345 1922 1436 1974 est
1466 1918 1523 1973 in
1546 1917 1868 1985 divinitate,
1893 1918 2053 1973 dedit
2088 1918 2226 1974 Filio

580 2027 757 2085 quem
789 2009 1105 2083 generavit.
1149 2029 1170 2056 α
1203 2012 1276 2063 Ex
1313 2013 1476 2064 utero
1516 2010 1648 2063 ante
1692 2007 2024 2063 Luciferum
2056 2007 2232 2079 genui

581 2104 662 2159 te.
696 2123 724 2149 »
788 2121 816 2154 α
869 2103 1020 2154 Ante
1078 2097 1430 2154 Luciferum.
1498 2119 1519 2145 ιι
1582 2096 1699 2152 Ηοο
1757 2096 1992 2153 schema
2039 2097 2233 2153 Graeco

582 2191 800 2248 dicitur
820 2184 1145 2263 συνεκδοχή,
1179 2187 1334 2259 quod
1367 2185 1570 2242 dicunt
1601 2185 1973 2258 grammatici
2005 2203 2039 2241 a
2068 2191 2233 2258 parte

581 2283 797 2337 totum.
829 2278 1072 2343 Quando
1121 2292 1258 2349 ergo
1307 2274 1540 2340 dicitur,
1575 2297 1602 2324 ‹‹
1636 2279 1770 2330 ante
1812 2275 2166 2343 Luciferum,
2203 2298 2230 2324 ››

581 2385 764 2425 unam
793 2372 1121 2424 creaturam
1154 2365 1439 2430 nominat,
1471 2369 1528 2418 et
1586 2380 1789 2419 omnes
1820 2363 2043 2419 indicat
2073 2381 2230 2420 crea-

580 2462 767 2516 turas.
799 2455 1042 2522 Quando
1073 2453 1215 2510 dicit
1245 2476 1273 2503 «
1333 2456 1467 2508 ante
1525 2451 1882 2521 Luciferum,
1917 2475 1944 2502 »
2010 2469 2116 2508 nos
2147 2453 2230 2508 sic

582 2547 1005 2618 intelligamus,
1039 2543 1207 2616 quasi
1241 2540 1478 2614 dixerit,
1504 2545 1638 2597 ante
1688 2540 1913 2611 lunam,
1965 2546 2098 2598 ante
2138 2558 2232 2597 so-

582 2635 720 2704 lem,
781 2637 916 2690 ante
973 2649 1206 2689 omnem
1265 2635 1612 2687 creaturam.
1679 2653 1700 2679 α
1765 2631 1844 2685 Ex
1901 2635 2064 2687 utero
2100 2636 2235 2688 ante

584 2725 917 2783 Luciferum
949 2721 1126 2797 genui
1155 2726 1231 2778 te.
1266 2743 1292 2770 »
1327 2744 1352 2771 α
1413 2725 1561 2776 Ante
1622 2719 1972 2776 Luciferum.
2009 2744 2030 2772 ι»
2086 2725 2235 2777 Ante

583 2815 766 2872 istum
800 2811 1128 2868 Luciferum
1160 2810 1260 2883 qui
1288 2809 1520 2866 videtur
1571 2809 1630 2864 in
1685 2809 1927 2877 mundo,
1959 2825 2093 2865 vera
2131 2809 2230 2865 lux

583 2903 782 2978 genita
809 2905 918 2958 est.
952 2901 1116 2957 Unde
1145 2899 1289 2956 dicit
1316 2899 1374 2954 in
1398 2898 1514 2954 alio
1545 2898 1670 2954 loco
1703 2898 1966 2970 psalmus
1992 2916 2004 2953 :
2049 2901 2112 2954 In
2141 2901 2227 2954 lu-

582 2993 734 3048 mine
763 2999 853 3046 tuo
881 2989 1184 3045 videbimus
1226 2989 1410 3043 lumen
1443 2985 1621 3058 (Psal.
1671 3003 1841 3051 xxxv,
1893 2988 2003 3056 10),
2035 2989 2233 3042 Sermo

586 3085 678 3138 est
706 3079 778 3135 ad
811 3079 1081 3133 Patrem:
1115 3076 1159 3132 Ο
1192 3077 1382 3141 Pater,
1444 3075 1502 3130 in
1559 3073 1783 3130 lumine
1841 3074 1968 3130 Filii
2014 3075 2234 3132 videbi-

586 3184 722 3224 mus
774 3165 975 3221 lumen
1031 3163 1292 3236 Spritum
1353 3166 1646 3219 sanctum.
1684 3185 1712 3211 ‹‹
1772 3163 1851 3218 Ex
1907 3168 2069 3220 utero
2099 3169 2234 3220 ante

587 3256 919 3313 Luciferum
952 3253 1126 3328 genui
1158 3258 1233 3310 te.
1262 3276 1288 3302 »

2065 447 2486 516 APPENDIX.

1230 605 1259 633 ‹‹
1290 583 1372 638 Ex
1401 587 1586 652 utero,
1623 605 1650 633 »
1677 583 1749 639 de
1779 599 1907 640 mea
1944 585 2223 640 substan-
2255 585 2310 652 Α
2337 583 2562 641 Dicitur
2590 585 2648 641 in
2681 585 3001 660 principio:
3029 609 3057 638 «
3077 585 3231 643 Dixit
3251 583 3537 642 Dominus
3559 583 3805 643 Domino
3828 601 3976 655 meo,

3825 452 3978 516 1236

2337 675 2483 730 Sede
2518 693 2551 730 a
2599 675 2817 730 dextris
2875 676 3041 742 meis,
3078 698 3105 724 ››
3167 681 3224 731 et
3281 692 3435 731 nunc
3475 673 3690 731 dicitur
3717 676 3789 731 ad
3823 691 3974 748 eum,

2333 785 2360 811 «
2396 763 2679 818 Dominus
2710 783 2744 819 a
2800 763 3017 820 dextris
3073 764 3213 820 tuis.
3253 786 3276 812 η
3309 763 3368 819 Si
3397 764 3522 836 ipse
3553 764 3623 819 ad
3655 765 3762 820 dex
3795 770 3977 822 teram

2333 852 2522 906 Patris
2543 853 2724 920 sedet,
2751 853 3043 924 quomodo
3077 869 3311 908 rursum
3352 853 3519 909 Pater
3558 853 3720 909 sedet
3743 854 3814 909 ad
3839 854 3978 909 dex-

2332 944 2518 995 teram
2540 939 2666 994 Filii
2689 945 2714 994 ?
2745 942 2986 1005 Quando
3010 941 3166 996 enim
3191 941 3402 996 dicitur
3425 957 3436 994 :
3473 964 3499 990 ‹‹
3528 941 3677 996 Dixit
3697 941 3979 998 Dominus

2337 1027 2582 1084 Domino
2614 1045 2765 1095 meo,
2814 1030 2959 1084 Sede
3007 1047 3041 1084 a
3098 1029 3314 1085 dextris
3363 1029 3532 1094 meis,
3565 1051 3594 1080 »
3632 1030 3979 1086 manifestis-

2335 1115 2483 1172 sime
2506 1117 2740 1183 dicitur,
2765 1119 2918 1190 quod
2942 1119 3013 1173 ad
3032 1119 3327 1174 dexteram
3367 1119 3548 1174 Patris
3589 1120 3752 1174 sedet
3783 1119 3976 1175 Filius.

2337 1206 2580 1270 Quando
2611 1211 2804 1261 autem
2840 1207 3073 1273 dicitur,
3106 1231 3132 1256 ‹‹
3167 1207 3451 1263 Dominus
3483 1226 3515 1264 a
3545 1209 3760 1264 dextris
3787 1208 3922 1275 tuis,
3949 1230 3976 1258 »

2337 1293 2445 1350 hoc
2495 1295 2728 1362 dicitur,
2761 1297 2914 1367 quod
2951 1296 3019 1350 ad
3054 1296 3346 1352 dexteram
3383 1297 3509 1352 Filii
3541 1297 3736 1353 sedeat
3794 1298 3978 1354 Pater.

2337 1381 2454 1438 Hoc
2478 1387 2663 1438 totum
2689 1388 2994 1456 propterea
3021 1384 3253 1451 dicitur,
3291 1391 3355 1440 ut
3403 1386 3641 1457 aequalis
3685 1387 3763 1444 sit
3806 1387 3982 1444 Filius

2338 1471 2513 1526 Patri.
2550 1472 2731 1528 Multa
2763 1477 3057 1544 suntquae
3099 1473 3392 1530 dicantur.
3452 1475 3741 1531 Peccatori
3791 1479 3980 1532 autem

2337 1559 2608 1617 diabolus
2657 1566 2775 1617 stat
2826 1579 2859 1618 a
2906 1563 3146 1618 dextris.
3197 1563 3479 1619 Caeterum
3529 1563 3630 1620 illa
3669 1565 3983 1637 disputatio

2339 1649 2456 1705 alia
2479 1655 2585 1706 est.
2619 1651 2961 1724 Quicunque
2990 1658 3258 1724 peccator
3303 1657 3415 1720 est,
3464 1653 3732 1710 diabolus
3779 1655 3829 1710 ei
3871 1660 3986 1710 stat

2339 1739 2409 1794 ad
2443 1739 2762 1795 dexteram.
2795 1742 2900 1797 Sed
2935 1742 3090 1796 dicet
3119 1741 3373 1813 aliquis:
3420 1742 3717 1806 Quomodo
3762 1748 3818 1799 et
3846 1743 3983 1800 Jesu

2340 1826 2458 1882 tilio
2478 1827 2722 1884 Josedec
2753 1828 2810 1884 in
2848 1830 3130 1886 Zacharia
3183 1831 3400 1886 dicitur
3456 1836 3609 1887 stare
3653 1831 3918 1888 diabolus
3953 1849 3986 1888 a

2339 1915 2560 1972 dextris
2591 1919 2720 1989 ejus
2753 1919 2940 1989 (Zach.
2980 1937 3064 1987 ιιι,
3101 1920 3180 1990 1);
3210 1923 3268 1975 et
3297 1920 3566 1976 diabolus
3592 1921 3751 1977 stetit
3780 1938 3814 1977 a
3843 1922 3985 1977 dex-

2342 2005 2449 2061 tris
2480 2005 2842 2062 Salvatoris?
2872 2008 3096 2064 Videtis
3145 2009 3284 2080 quia
3331 2010 3572 2082 quaestio
3615 2015 3719 2065 est.
3772 2011 3882 2067 Sed
3919 2027 3984 2067 eo

2342 2099 2606 2167 tempore
2635 2097 2872 2168 quando
2905 2098 3099 2153 stabat
3129 2096 3399 2153 diabolus
3433 2099 3504 2154 ad
3537 2099 3829 2154 dexteram
3859 2098 3982 2155 Sal-

2341 2183 2594 2239 vatoris:
2645 2188 2817 2251 Jesus,
2868 2185 3084 2257 inquit,
3133 2186 3363 2243 habebat
3413 2190 3741 2244 vestimenta
3773 2189 3986 2244 sordida

2344 2273 2503 2343 (Ibid.
2539 2275 2615 2342 3).
2675 2278 2889 2330 Nostra
2945 2280 3182 2347 peccata
3240 2277 3528 2348 portabat,
3588 2277 3806 2334 nostris
3835 2277 3987 2333 vitiis

2343 2361 2671 2418 involutus:
2698 2369 3002 2436 propterea
3027 2365 3294 2420 diabolus
3312 2366 3503 2422 stabat
3530 2384 3564 2422 a
3594 2367 3812 2422 dextris
3841 2368 3984 2438 ejus.

2345 2475 2372 2501 «
2405 2452 2698 2524 Contregit
2728 2453 2785 2507 in
2845 2453 2938 2509 die
2997 2454 3094 2508 iraa
3153 2471 3271 2508 sua:
3326 2471 3508 2528 reges.
3547 2478 3574 2504 ››
3633 2456 3764 2511 Haec
3797 2455 3989 2512 omnia

2343 2540 2558 2596 tradita
2575 2546 2714 2596 sunt
2734 2541 2896 2598 mihi.
2926 2543 2987 2598 In
3014 2551 3335 2609 momento,
3366 2543 3577 2616 inquit,
3612 2544 3764 2600 hora:
3796 2555 3996 2600 mons-‘

2343 2630 2516 2685 travit
2545 2630 2595 2685 ei
2631 2630 2903 2687 universa
2935 2648 3112 2704 regna
3162 2640 3343 2689 terrae.
3397 2634 3591 2703 Regna
3634 2633 3837 2689 mundi
3868 2633 3989 2689 dia-

2344 2718 2514 2774 holus
2547 2724 2856 2775 monstrat.
2895 2724 2962 2776 Et
3017 2721 3155 2792 quid
3215 2722 3404 2777 dicit?
3458 2723 3582 2779 Haec
3636 2725 3826 2778 omnia
3852 2723 3989 2778 mihi

2343 2807 2546 2862 tradita
2573 2817 2717 2864 sunt.
2747 2808 2807 2864 Si
2832 2809 3028 2866 cadens
3076 2810 3393 2866 adoraveris
3447 2827 3633 2867 coram
3679 2828 3785 2881 me,
3829 2819 3988 2866 erunt

2346 2899 2441 2950 tua
2465 2899 2650 2952 omnia
2681 2898 2888 2968 (Matth.
2924 2916 2997 2962 IV,
3031 2900 3086 2968 8,
3115 2900 3193 2967 9).
3225 2900 3286 2955 In
3319 2899 3412 2955 die
3442 2916 3578 2974 ergo
3612 2899 3766 2969 belli,
3799 2901 3857 2954 in
3887 2899 3977 2956 die

2345 2985 2683 3041 certaminis
2713 2987 2772 3041 in
2805 2987 2897 3042 die
2926 2987 3022 3042 ira:
3055 3005 3192 3058 suae,
3225 2989 3551 3062 confringet
3580 3005 3761 3062 reges.

2417 3096 2443 3122 ‹‹
2475 3074 2775 3130 Judicabit
2804 3076 2862 3130 in
2893 3075 3252 3132 nationibus.
3287 3099 3313 3126 n
3348 3076 3547 3134 Videte
3590 3077 3943 3134 ditl‘erentias
3973 3082 3986 3119 ε

2345 3179 2510 3235 reges
2541 3164 3009 3237 confringantur,
3036 3165 3328 3236 judicabit
3362 3165 3688 3222 nationes.«
3722 3165 3990 3239 Implebit

2346 3254 2568 3309 ruinas.
2610 3276 2629 3301 ι
2669 3253 2951 3309 Dominus
2982 3261 3181 3311 noster
3223 3255 3484 3312 ascendit
3537 3254 3596 3310 in
3654 3271 3902 3323 crucem,
3935 3259 3991 3310 et

657 3369 684 3396 ‹‹
716 3323 1278 3412 αυωιιόωιυω,
1303 3348 1359 3398 et
1380 3358 1496 3398 non
1520 3341 1825 3413 paenitebit
1847 3358 2003 3398 eum.
2038 3365 2065 3392 »
2089 3367 2117 3393 «
2141 3344 2241 3399 Ju-
2271 3323 2314 3391 C
2356 3341 2550 3397 multa;
2575 3342 2753 3398 ruinae
2778 3343 2941 3398 factr'e
2987 3349 3145 3400 sunt.
3187 3346 3295 3400 Iste
3321 3348 3530 3417 positus
3575 3348 3652 3400 est
3682 3347 3737 3400 in
3768 3347 3991 3399 ruinam

587 3434 737 3491 ravit
792 3433 1095 3490 Dominus.
1131 3454 1159 3481 »
1190 3432 1308 3488 Hoc
1354 3430 1509 3502 quod
1559 3429 1721 3502 dicit,
1755 3431 2008 3502 juravit:
2035 3449 2150 3488 non
2182 3434 2232 3489 ei

585 3524 687 3598 qui
718 3534 852 3581 ante
879 3522 1213 3579 Luciferum
1244 3521 1477 3594 genitus
1505 3523 1615 3589 est,
1651 3520 1751 3576 sed
1784 3520 1835 3576 ei
1861 3522 2102 3592 juravit,
2133 3522 2235 3594 qui

585 3617 720 3686 post
752 3612 1084 3668 Luciferum
1113 3615 1287 3667 natus
1317 3626 1385 3666 ex
1431 3608 1669 3681 Virgine
1722 3614 1828 3665 est.
1868 3632 1896 3659 »
1927 3612 2014 3666 Tu
2047 3627 2110 3667 es
2141 3629 2236 3668 sa-

585 3702 791 3758 cerdos
821 3701 880 3756 in
913 3705 1196 3756 aeternum
1248 3698 1574 3754 secundum
1625 3697 1887 3754 ordinem
1933 3699 2235 3756 Melchise-

587 3792 714 3848 dec.
745 3808 773 3841 ιι
819 3789 1192 3860 Supertluum
1223 3791 1313 3843 est
1368 3803 1474 3842 nos
1504 3787 1576 3842 de
1633 3786 1746 3842 isto
1772 3787 2059 3844 versiculo
2091 3788 2238 3845 velle

586 3877 982 3951 interpretari,
1017 3893 1149 3933 cum
1183 3879 1420 3932 sanctus
1477 3875 1789 3948 Apostolus
1850 3878 1919 3931 ad
1975 3878 2238 3934 Hebraeos

587 3966 933 4042 plenissime
989 3963 1392 4038 disputaverit.
1456 3965 1583 4037 Ipse
1642 3963 1798 4020 enim
1856 3964 1976 4021 ait:
2028 3970 2134 4022 Iste
2163 3975 2244 4023 est

586 4056 957 4123 Melchisedec,
987 4057 1116 4112 sine
1140 4063 1316 4127 patre,
1339 4056 1458 4110 sine
1485 4061 1678 4124 matre,
1729 4056 1852 4110 sine
1881 4058 2240 4123 generatione

585 4146 771 4217 (Hebr.
803 4163 905 4215 vn,
955 4145 1032 4214 3).
1082 4144 1149 4199 Et
1189 4143 1610 4216 interpretatur
1658 4143 1736 4198 ibi
1767 4142 2236 4215 diligentissime,

587 4250 769 4306 quare
789 4233 916 4289 sine
940 4236 1126 4305 patre,
1158 4231 1284 4288 sine
1318 4238 1523 4298 matre,
1569 4231 1698 4286 sine
1747 4233 2141 4302 generatione.
2176 4237 2240 4288 Et

587 4323 660 4380 ab
691 4321 968 4378 omnibus
991 4321 1403 4378 ecclesiasticis
1432 4320 1654 4375 dictum
1681 4324 1788 4390 est,
1813 4320 2090 4392 quoniam
2115 4322 2242 4378 sine

585 4417 750 4486 patre
779 4409 995 4468 dicitur
1037 4410 1364 4466 secundum
1396 4425 1629 4464 carnem
1658 4424 1670 4464 :
1707 4409 1833 4464 sine
1882 4414 2067 4466 matre
2097 4411 2239 4466 dici-

585 4505 683 4557 tur
712 4501 1039 4557 secundum
1071 4499 1276 4555 Deum.
1314 4499 1429 4554 Hoc
1476 4497 1666 4553 solum
1707 4514 1844 4570 ergo
1897 4498 2239 4570 interprete-

590 4605 757 4645 mur:
794 4611 823 4638 ‹‹
854 4590 942 4644 Tu
967 4604 1029 4644 es
1061 4587 1334 4644 sacerdos
1364 4586 1421 4642 in
1461 4592 1740 4642 internum
1791 4588 2116 4643 secundum
2146 4606 2238 4644 or-

586 4677 784 4732 dinem
842 4675 1243 4732 Melchisedec.
1295 4675 1411 4731 Hoc
1461 4675 1652 4732 solum
1704 4676 1997 4745 dicamus,
2057 4693 2237 4748 quare
2271 4695 2336 4760 Β.

588 4764 799 4822 dixerit
833 4788 855 4815 ι
889 4765 1214 4820 secundum
1246 4765 1531 4820 ordinem.
1568 4787 1595 4814 »
1635 4786 1662 4818 α
1709 4766 2042 4822 Secundum
2083 4768 2238 4822 ordi-

507 4847 514 4856 “
587 4869 746 4922 nem,
779 4875 808 4904 α
841 4869 1212 4925 nequaquam
1245 4854 1516 4909 sacerdos
1547 4854 1662 4910 eris
1712 4855 2035 4910 secundum
2069 4855 2235 4911 victi-

586 4960 716 5001 mas
739 4943 1053 5010 Judaicas;
1089 4943 1190 4998 sed
1223 4943 1338 4998 eris
1369 4943 1640 4999 sacerdos
1667 4966 1694 4992 ‹‹
1728 4944 2054 4999 secundum
2088 4944 2235 4999 ordi-

585 5049 720 5090 nem
753 5031 1157 5089 Melchisedec.
1213 5054 1240 5081 »
1291 5032 1590 5095 Quomodo
1639 5032 1796 5088 enim
1831 5030 2234 5098 Melchisedeo,

587 5137 685 5178 rex
715 5121 931 5192 Salem,
963 5121 1176 5177 obtulit
1209 5136 1418 5194 panem
1451 5126 1509 5175 et
1542 5120 1737 5176 vinum
1771 5121 1931 5190 (Gen.
1965 5139 2080 5188 xxv,
2125 5122 2234 5188 18),

587 5210 672 5266 sic
702 5215 760 5266 et
789 5215 852 5266 tu
883 5210 1089 5266 offeres
1119 5226 1332 5282 corpus
1363 5215 1530 5265 tuum
1557 5213 1613 5264 et
1638 5209 2010 5280 sanguinem,
2035 5227 2235 5265 verum

586 5316 798 5374 panem
856 5305 915 5355 et
969 5316 1167 5356 verum
1229 5300 1451 5355 vinum.
1513 5299 1626 5354 Iste
1685 5297 2068 5354 Melchisedec
2126 5301 2237 5355 ista

587 5389 865 5462 mysteria
920 5399 1049 5461 Quae
1098 5388 1405 5458 habemus,
1439 5387 1601 5442 dedit
1629 5386 1820 5443 nobis.
1859 5391 1988 5458 Ipse
2017 5391 2106 5442 est
2138 5387 2234 5458 qui

583 5478 766 5535 dixit:
805 5478 910 5546 Qui
937 5478 1358 5533 manducauerit
1415 5493 1637 5531 carnem
1692 5492 1892 5541 meam,
1943 5478 1995 5530 et
2043 5476 2236 5532 biberit

585 5569 916 5634 sanguinem
947 5584 1129 5622 meum
1148 5569 1328 5638 (Joan.
1346 5583 1422 5636 γι,
1441 5567 1554 5633 55).
1575 5563 1955 5620 «Secundum
1972 5563 2235 5621 ordinem

587 5652 987 5722 Melchisedec,
1025 5675 1052 5707 α
1082 5654 1325 5711 tradidit
1357 5653 2004 5710 nobis‘sacramentum
2036 5670 2232 5709 suum.

667 5760 688 5788 α
721 5741 1004 5800 Dominus
1035 5761 1068 5799 ε.
1098 5743 1315 5799 dextris
1371 5741 1508 5799 tuis.
1543 5763 1571 5793 »
1606 5741 1747 5800 Rern
1809 5759 2014 5798 novam
2047 5743 2232 5800 video.

2343 3435 2393 3486 et
2422 3434 2871 3488 resurrectionem
2893 3432 3222 3501 multorum,
3255 3442 3310 3489 et
3361 3434 3421 3489 in
3467 3436 3686 3504 signum
3727 3435 3817 3488 cui
3862 3450 3988 3490 con-

2351 3520 2826 3592 tradicetur(Luc.
2863 3539 2928 3588 ιι,
2988 3524 3099 3594 34).
3135 3547 3158 3569 ιι
3223 3522 3496 3595 Implebit
3552 3522 3770 3578 ruinas.
3805 3545 3826 3574 ι
3867 3522 3990 3580 Νοιι

2346 3610 2735 3681 credentium,
2768 3610 2868 3682 qui
2925 3627 3040 3668 non
3100 3611 3473 3668 crediderunt
3532 3604 3989 3684 exploratoribus

2347 3697 2647 3770 apostolis.
2683 3703 2752 3754 Et
2785 3700 3014 3772 Moyses
3071 3701 3226 3756 enim
3290 3701 3452 3756 misit
3498 3700 3884 3773 exploratores
3929 3701 3988 3756 in

2349 3788 2636 3843 mundum
2668 3789 2851 3860 (Num.
2884 3806 3008 3860 xm,
3042 3791 3072 3843 4
3101 3793 3291 3862 seqq.),
3324 3795 3381 3845 et
3409 3790 3546 3862 quia
3599 3806 3712 3845 non
3749 3789 3991 3846 credidit

2346 3875 2601 3949 pOpulus
2659 3877 3145 3949 exploratoribus,
3207 3883 3510 3951 propterea
3565 3878 3891 3934 ceciderunt
3928 3878 3986 3933 in

2349 3966 2596 4021 deserto.
2647 3965 2839 4038 Usque
2862 3966 3036 4022 hodie
3056 3983 3297 4039 corpora
3345 3984 3458 4024 non
3507 3967 3860 4024 credentium
3890 3983 3988 4022 ca-

2348 4056 2499 4110 dunt
2520 4054 2575 4108 in
2591 4055 2818 4111 deserto
2834 4055 3006 4111 istius
3019 4055 3238 4111 saeculi.
3257 4079 3281 4106 ι(
3297 4055 3986 4128 Conquassabitcap‘itain

2349 4147 2503 4199 terra
2529 4143 2870 4200 multorum.
2897 4144 3169 4218 Implebit
3191 4145 3460 4213 ruinas,»
3479 4163 3592 4201 non
3609 4145 3986 4200 credentium.

2349 4257 2376 4282 «
2411 4233 2840 4305 Conquassabit
2892 4234 3103 4306 capita,
3163 4251 3365 4290 eorum
3425 4235 3525 4306 qui
3583 4233 3745 4290 dubii
3804 4239 3987 4301 sunt;

2348 4337 2550 4378 eorum
2574 4323 2675 4393 qui
2702 4340 2815 4379 non
2842 4323 3058 4379 habent
3080 4325 3390 4395 perfectam
3414 4325 3607 4379 ﬁdem.
3630 4347 3650 4372 ε
3701 4323 3990 4394 Conquas-

2349 4410 2503 4466 sabit
2534 4411 2724 4482 capita
2754 4411 2813 4466 in
2843 4417 2999 4467 terra
3029 4411 3370 4483 multorum,
3397 4435 3424 4461 ››
3476 4429 3588 4468 non
3612 4411 3986 4468 omnium.‘Si

2349 4498 2504 4554 enim
2562 4499 2826 4565 dixisset,
2888 4500 3155 4556 omnium
3213 4500 3412 4557 nullus
3469 4501 3540 4556 de
3603 4499 3769 4556 nobis
3826 4515 3986 4571 spem

2348 4587 2608 4644 haberet.
2642 4589 2951 4648 Multorum.
3011 4589 3246 4655 dicitur,
3305 4593 3372 4644 ut
3423 4588 3518 4644 alii
3566 4588 3985 4661 relinquantur.

2426 4700 2446 4725 σι
2483 4682 2561 4733 De
2591 4681 2848 4733 torrente
2877 4677 2936 4732 in
2967 4678 3060 4733 via
3109 4679 3275 4733 bibit.
3310 4700 3335 4726 υ
3389 4679 3530 4742 Quis
3579 4677 3724 4734 bibit
3768 4678 3838 4732 de
3869 4683 3988 4732 tor-

2351 4771 2512 4822 rente
2541 4766 2600 4821 in
2631 4766 2769 4822 via?
2793 4768 2906 4822 Iste
2935 4767 3028 4822 cui
3059 4767 3280 4823 dictum
3312 4771 3435 4824 est:
3477 4789 3503 4820 ι
3533 4767 3686 4823 Dixit
3709 4766 3989 4823 Dominus

2349 4855 2594 4911 Domino
2629 4872 2795 4910 meo:
2825 4857 2970 4911 Sede
3002 4873 3033 4910 a
3063 4856 3283 4912 dextris
3314 4858 3479 4913 meis.
3517 4881 3538 4909 υ
3594 4857 3706 4913 Iste
3754 4855 3853 4928 qui
3881 4872 3988 4910 au-

2347 4943 2491 4998 divit
2516 4959 2528 4998 :
2559 4967 2579 4991 ε
2604 4943 2689 4998 Tu
2714 4959 2775 4998 es
2802 4946 3076 5000 sacerdos
3115 4944 3174 5000 in
3210 4951 3489 5002 internum
3542 4946 3862 5002 secundum
3891 4960 3989 4999 or-

2347 5032 2543 5086 dinem
2563 5031 2964 5088 Melchisedec.
2993 5055 3020 5082 ››
3053 5033 3165 5090 Iste
3203 5035 3302 5106 qui
3335 5034 3621 5108 confregit
3668 5035 3726 5090 in
3773 5033 3864 5090 die
3893 5032 3988 5088 iraa

2347 5137 2466 5176 suae
2499 5136 2663 5191 reges
2693 5139 2705 5189 ;
2740 5120 3006 5192 implebit
3038 5122 3278 5189 ruinas;
3340 5123 3757 5195 conquassabit
3802 5120 3990 5194 capita

2347 5209 2403 5264 in
2439 5213 2592 5265 terra
2648 5209 2988 5266 multorum.
3051 5211 3163 5266 Iste
3221 5212 3363 5283 quid
3420 5212 3555 5268 facit
3611 5211 3810 5267 aliud?
3842 5231 3870 5261 ‹‹
3910 5210 3991 5266 De

2348 5303 2600 5355 torrente
2635 5299 2692 5355 in
2725 5301 2815 5354 via
2875 5299 3042 5368 bibit,
3083 5324 3103 5348 ι
3139 5300 3459 5358 Videamus
3519 5306 3652 5358 ante
3708 5301 3882 5368 viam,
3926 5305 3990 5354 ut

2347 5395 2550 5461 postea
2579 5390 2880 5445 videamus
2913 5388 2972 5444 in
3017 5390 3108 5444 via
3154 5393 3494 5448 torrentem.
3554 5391 3660 5446 Via
3713 5388 3990 5446 saeculum

2347 5477 2506 5533 istud
2541 5477 2778 5544 dicitur,
2813 5493 2914 5548 per
2947 5495 3124 5549 quam
3179 5479 3517 5535 ambulavit.
3541 5479 3797 5552 Denique
3846 5477 3988 5533 scri-

2346 5571 2512 5638 ptum
2547 5572 2638 5622 est
2665 5567 2724 5620 in
2747 5565 3059 5639 Evangelio
3091 5569 3250 5624 :Esto
3280 5571 3618 5626 consentiens
3674 5567 3988 5624 adversario

2345 5662 2434 5710 tuo
2465 5655 2595 5710 dum
2623 5671 2678 5710 es
2710 5657 2767 5710 in
2797 5656 2891 5709 via
2923 5657 3126 5726 (Matth.
3157 5674 3211 5727 v,
3243 5659 3355 5730 25),
3389 5658 3497 5715 hoc
3523 5664 3632 5726 est,
3677 5659 3817 5714 dum
3858 5672 3990 5711 am-

2343 5743 2512 5800 bulas
2543 5743 2601 5800 in
2635 5745 2744 5800 isto
2777 5743 3009 5818 saaculo,
3038 5752 3094 5802 et
3126 5762 3228 5819 per
3277 5748 3432 5803 viam
3491 5748 3654 5805 vadis
3714 5747 3783 5803 ad
3824 5763 3986 5812 cum,
