4256 6596
323 452 474 522 H31

1495 459 1984 524 BREVIARIUM
2033 460 2110 522 ΙΝ
2152 457 2534 522 PSALMOS.

3567 445 3724 514 1238

323 593 424 664 qui
448 608 586 650 vera
614 596 704 650 est
730 591 843 650 via.
876 592 1034 650 Unde
1077 592 1290 650 dicitur
1319 601 1376 650 et
1407 596 1462 651 in
1513 597 1830 652 centesimo
1860 597 1960 652 de-
1993 596 2042 661 A
2076 596 2476 668 confragosus.
2510 594 2726 650 Gedron
2777 591 2979 665 lingua
3018 590 3254 648 Hebraea
3300 588 3722 663 interpretatur

325 684 481 740 cimo
511 687 712 741 octavo
762 683 988 756 psalmo
1019 687 1175 754 (vers.
1215 685 1262 756 1)
1297 701 1310 740 :
1346 687 1502 742 Beati
1531 689 1876 744 immaculati
1906 690 1965 744 in

327 775 445 830 via.
477 773 636 828 Beati
680 777 817 828 sunt
846 773 944 844 qui
976 774 1034 829 in
1089 773 1203 830 ista
1232 775 1428 830 saeculi
1482 776 1574 831 via
1604 777 1966 833 immaculati

328 866 492 928 sunt,
523 866 581 918 et
611 863 669 917 in
709 862 821 918 isto
854 864 1091 919 mundo.
1125 865 1273 936 Ergo
1321 865 1590 920 sacerdos
1641 867 1966 922 secundum

327 951 595 1007 ordinem
634 950 1014 1008 Melchisedec
1046 968 1059 1006 :
1093 952 1370 1023 quoniam
1423 953 1582 1009 venit
1628 955 1686 1008 in
1741 955 1833 1011 via
1863 972 1966 1011 sae-

326 1037 466 1102 culi,
507 1043 566 1094 et
618 1038 940 1095 ambulavit
987 1040 1043 1094 in
1075 1040 1169 1094 via
1217 1044 1434 1107 nostra,
1471 1041 1615 1096 bibit
1660 1046 1717 1097 et
1744 1042 1869 1113 ipse
1899 1043 1970 1098 de

323 1130 602 1196 torrente,
637 1129 737 1200 qui
790 1134 914 1183 erat
961 1127 1019 1182 in
1072 1127 1302 1184 saeculo.
1337 1130 1589 1185 Torrens
1639 1147 1752 1186 non
1794 1131 1970 1186 habet

327 1232 511 1288 aquas
535 1215 851 1284 naturales,
876 1233 990 1272 non
1023 1217 1197 1273 habet
1222 1235 1404 1289 aquas
1434 1236 1560 1290 quae
1592 1236 1824 1292 semper
1845 1237 1969 1292 per-

330 1303 519 1360 ﬂuunt
552 1321 564 1360 :
599 1305 699 1359 sed
731 1304 904 1360 habet
933 1322 1117 1377 aquas
1146 1307 1216 1362 de
1246 1309 1715 1378 tempestatibus,
1744 1310 1813 1364 de
1845 1309 1971 1376 plu-

325 1392 458 1463 viis,
499 1393 570 1448 de
614 1393 869 1461 turbine,
901 1395 973 1450 de
1022 1395 1313 1466 procellis.
1365 1399 1616 1453 Torrens
1661 1414 1969 1468 nunquam

324 1485 414 1537 est
443 1481 502 1535 in
535 1482 857 1549 montibus,
893 1484 995 1540 sed
1025 1500 1256 1556 semper
1282 1484 1342 1540 in
1373 1485 1642 1556 vallibus,
1674 1485 1733 1541 in
1770 1486 1969 1558 praeci-

325 1568 548 1642 pitibus
576 1569 742 1626 locis.
767 1571 1002 1628 Alienas
1035 1589 1218 1644 aquas
1248 1575 1518 1647 concipit,
1546 1580 1602 1632 et
1623 1576 1892 1647 parturit,
1915 1579 1973 1632 et

327 1663 563 1715 tumens
592 1660 767 1717 vadit.
798 1683 823 1710 «
857 1661 936 1716 De
967 1666 1223 1718 torrente
1254 1664 1310 1718 in
1336 1663 1429 1720 via
1459 1665 1624 1720 bibit.
1659 1686 1686 1715 »
1720 1666 1972 1721 Torrens

327 1763 636 1820 nunquam
667 1749 842 1804 habet
875 1751 1157 1807 mundam
1189 1769 1424 1824 aquam,
1457 1755 1556 1809 sed
1590 1769 1821 1825 semper
1851 1758 1972 1810 tur-

330 1835 556 1892 bidam.
600 1837 718 1893 Hoc
765 1837 999 1908 dicitur,
1032 1841 1310 1912 quoniam
1361 1841 1558 1898 saeculi
1590 1843 1761 1898 istius
1806 1860 1970 1914 aqum

330 1941 562 2030 semper
609 1927 854 2025 turbidas
905 1933 1060 1999 sunt,
1094 1945 1325 2003 semper
1372 1930 1553 2004 plenaa
1601 1937 1966 2004 tempestate.
2004 1965 2051 2030 Β

325 2011 519 2069 Vultis
551 2015 699 2071 scire
729 2018 1020 2088 quomodo
1049 2019 1121 2074 de
1161 2024 1418 2076 torrente
1447 2021 1681 2077 turbido
1712 2020 1973 2076 biberit?

327 2101 400 2157 Et
429 2101 555 2174 ipse
584 2103 727 2160 dicit
758 2122 771 2160 :
809 2107 995 2162 Tristis
1029 2111 1104 2163 est
1132 2110 1322 2164 anima
1367 2127 1489 2166 mea
1520 2125 1688 2182 usque
1726 2110 1796 2166 ad
1823 2127 1970 2166 mor-

329 2193 441 2246 tem
471 2190 682 2261 (Matth.
725 2211 874 2264 xxvr,
910 2197 1021 2267 38).
1054 2197 1124 2252 Et
1169 2197 1383 2252 dicitur
1427 2198 1486 2253 in
1520 2199 1825 2272 Evangelio
1859 2215 1872 2254 :
1909 2202 1972 2254 Et

331 2282 512 2352 cwpit,
560 2281 772 2354 inquit,
805 2287 1122 2342 contristari
1166 2289 1216 2342 et
1253 2289 1575 2344 conturbari
1624 2289 1808 2359 (Marc.
1853 2306 1968 2353 XIV,

329 2368 442 2437 33).
477 2369 632 2426 Bibit
659 2387 795 2443 ergo
837 2372 1011 2430 etiam
1045 2375 1328 2431 Dominus
1377 2381 1575 2433 noster
1604 2377 1675 2433 de
1715 2381 1971 2434 torrente

330 2457 502 2513 istius
534 2459 730 2515 saeculi
775 2478 960 2532 aquas
1005 2463 1293 2530 turbidas,
1324 2482 1509 2536 aquas
1539 2465 1753 2535 tristes,
1787 2483 1972 2540 aquas

327 2562 456 2616 quae
490 2563 603 2602 non
634 2547 853 2605 habent
882 2550 1162 2608 latitiam.
1195 2552 1352 2608 Tulit
1376 2554 1638 2620 calicem,
1671 2559 1729 2611 et
1759 2555 1972 2625 imple-

326 2633 412 2688 vit
454 2635 526 2690 de
556 2639 814 2692 torrente
844 2639 1070 2707 mundi,
1104 2645 1163 2697 et
1193 2642 1471 2712 quoniam
1521 2644 1766 2698 turbida)
1811 2651 1974 2700 erant

327 2738 514 2794 aquae,
551 2723 693 2780 dicit
726 2742 739 2780 :
774 2732 964 2795 Pater,
997 2730 1050 2784 si
1094 2731 1358 2800 possibile
1392 2735 1490 2797 est,
1545 2737 1795 2790 transeat
1821 2735 1974 2789 calix

332 2813 439 2868 iste
467 2830 499 2868 a
529 2829 616 2870 me
653 2815 812 2886 (Ibid.
845 2817 958 2878 36).
992 2818 1149 2874 Bibit
1195 2836 1332 2893 ergo
1361 2821 1432 2876 de
1482 2825 1737 2878 torrente
1767 2823 1971 2878 mundi

326 2900 534 2958 istius:
559 2903 659 2958 sed
681 2921 797 2960 non
831 2905 978 2962 bibit
999 2909 1168 2979 quasi
1201 2909 1260 2964 in
1291 2910 1464 2966 domo
1496 2927 1622 2981 sua,
1655 2912 1756 2966 sed
1780 2911 1838 2967 in
1858 2911 1972 2982 via,

329 2990 401 3044 ad
432 2989 548 3046 alia
573 2990 658 3047 ire
708 2993 1010 3052 festinans.
1049 3018 1070 3045 α
1109 2996 1257 3052 Bibit
1305 2998 1377 3054 de
1406 3002 1671 3072 torrentg
1699 2999 1758 3055 in
1802 3000 1914 3055 via.
1948 3023 1975 3049 »

330 3081 643 3151 Pr0pterea
672 3080 821 3138 bibit
850 3084 922 3139 de
969 3089 1244 3152 torrente,
1279 3087 1417 3158 quia
1447 3087 1507 3142 in
1537 3088 1631 3144 via
1660 3093 1802 3144 erat.
1837 3111 1864 3139 ‹‹
1898 3090 1978 3145 De

335 3172 591 3224 torrente
608 3169 774 3227 bibit.
802 3191 828 3223 ι)
855 3171 912 3226 Si
933 3173 1215 3230 Dominus
1237 3175 1472 3232 bibitde
1495 3181 1750 3233 torrente
1772 3178 1978 3234 mundi

2078 686 2325 742 tenebrae.
2381 683 2604 740 Videtis
2651 683 2829 756 igitur
2877 681 3155 753 quoniam
3205 684 3493 737 torrentes
3544 678 3719 736 istius

2080 775 2275 832 saeculi
2308 775 2365 830 in
2387 773 2641 829 tenebris
2659 777 2814 828 sunt.
2837 771 3115 828 Dominus
3132 787 3267 844 ergo
3291 787 3423 826 cum
3446 769 3718 840 traditur,

2081 883 2194 921 non
2223 863 2474 920 traditur
2502 879 2735 918 rursum
2765 862 2821 916 in
2856 865 3052 917 monte
3072 859 3297 930 Oliveti,
3323 876 3435 916 non
3469 859 3724 914 traditur

2078 955 2139 1008 in
2188 952 2452 1025 templo:
2497 951 2596 1007 sed
2647 950 2900 1006 traditur
2943 950 3004 1005 in
3055 952 3334 1018 torrente,
3363 952 3420 1004 et
3465 951 3722 1004 torrente

2079 1043 2475 1106 tenebrarum,
2508 1040 2616 1096 hoc
2647 1044 2738 1096 est
2766 1040 3008 1095 Cedron.
3033 1039 3248 1095 Omnes
3275 1037 3432 1094 enim
3463 1035 3563 1110 qui
3588 1035 3724 1093 odio

2078 1131 2297 1186 habent
2327 1129 2538 1194 lucem,
2571 1133 2772 1186 amant
2801 1129 3089 1184 tenebras.
3117 1148 3146 1176 «
3177 1133 3257 1183 De
3277 1131 3532 1184 torrente
3552 1125 3612 1182 in
3635 1125 3728 1181 via

2080 1221 2244 1276 bibit.
2284 1243 2304 1270 ιι
2351 1221 2496 1287 Quia
2543 1236 2677 1292 ergo
2728 1219 2874 1275 bibit
2905 1219 3190 1275 Dominus
3240 1220 3311 1274 de
3358 1222 3633 1287 torrente,
3667 1220 3726 1274 et

2077 1311 2337 1382 gustavit
2384 1313 2652 1380 mortem,
2681 1311 2986 1380 propterea
3029 1306 3304 1364 exaltavit
3349 1297 3484 1363 eum
3523 1307 3716 1375 Pater,

2079 1403 2137 1454 et
2165 1399 2324 1454 dedit
2368 1398 2420 1453 ei
2468 1414 2681 1454 nomen
2731 1399 2886 1470 quod
2935 1401 3025 1454 est
3055 1412 3234 1468 super
3280 1413 3451 1452 omne
3480 1411 3719 1451 nomen.

2080 1487 2298 1543 Deinde
2328 1505 2483 1543 nunc
2515 1487 2728 1542 dicitur
2760 1505 2772 1542 :
2813 1506 2835 1534 α
2867 1487 2948 1542 De
2976 1489 3230 1542 torrente
3272 1485 3331 1540 in
3362 1484 3458 1539 via
3486 1483 3654 1539 bibit.
3689 1504 3722 1532 »

2080 1577 2151 1632 Et
2178 1575 2312 1647 quia
2360 1575 2507 1632 bibit
2536 1576 2605 1630 de
2651 1579 2906 1631 torrente
2935 1575 2994 1630 in
3024 1573 3136 1643 via,
3171 1596 3200 1624 «
3233 1575 3538 1646 propterea
3566 1571 3725 1629 exal-

2080 1665 2236 1721 vavit
2283 1669 2472 1736 caput.
2509 1689 2530 1717 ι
2570 1669 2636 1720 Et
2681 1664 2820 1736 quid
2852 1663 3035 1720 dicit?
3066 1664 3204 1720 Cum
3241 1664 3515 1719 exaltatus
3543 1664 3722 1734 fuero,

2081 1757 2268 1811 omnia
2297 1755 2513 1811 traham
2550 1755 2620 1809 ad
2648 1771 2734 1810 me
2763 1758 2952 1822 (Joan.
2979 1771 3081 1820 xu,
3114 1751 3226 1823 32).
3261 1751 3361 1808 Ille
3385 1755 3474 1807 est
3505 1750 3726 1806 exalta-

2081 1852 2199 1911 tus,
2232 1849 2289 1901 et
2316 1861 2422 1900 nos
2470 1843 2762 1900 exaltavit.
2799 1844 2974 1899 Istius
3022 1847 3197 1915 caput
3243 1844 3559 1897 exaltatum
3590 1847 3679 1897 est
3711 1856 3726 1896 :

2082 1937 2354 1990 caeterum
2386 1932 2656 1988 draconis
2686 1933 2877 2005 capita
2897 1931 3328 2003 conquassavit,
3352 1934 3409 1986 et
3437 1930 3733 1986 confracta

2083 2027 2223 2079 sunt
2253 2022 2313 2076 in
2365 2021 2542 2078 mari.
2578 2043 2606 2072 «
2640 2025 2952 2094 Propterea
2995 2019 3266 2076 exaltavit
3314 2023 3509 2092 caput.
3543 2038 3570 2071 η
3604 2018 3732 2076 Non

2082 2111 2226 2167 dixit
2259 2128 2271 2165 :
2306 2114 2618 2182 Propterea
2648 2109 2965 2166 exaltatum
2987 2113 3078 2166 est
3107 2112 3282 2180 caput
3310 2109 3460 2179 ejus,
3484 2108 3592 2164 hoc
3612 2111 3730 2175 est,

2081 2200 2154 2254 ab
2206 2199 2318 2254 alio
2368 2197 2654 2254 exaltatus
2684 2214 2699 2253 :
2731 2198 2832 2254 sed
2882 2197 2983 2270 qui
3033 2212 3095 2253 se
3135 2195 3563 2264 humiliaverat,
3596 2195 3722 2268 ipse

2081 2287 2374 2344 exaltavit.
2408 2289 2536 2360 Ipse
2567 2287 2722 2343 enim
2755 2287 2897 2343 dicit
2924 2287 2983 2342 in
3017 2285 3324 2358 Evangelio
3356 2301 3370 2342 :
3406 2287 3729 2341 Potestatem

2080 2378 2248 2433 habeo
2294 2377 2541 2433 animam
2588 2392 2767 2433 meam
2814 2376 3073 2448 ponendi,
3104 2379 3157 2431 el
3201 2378 3515 2448 potestatem
3554 2373 3720 2430 habeo

2083 2466 2395 2524 resumendi
2440 2481 2564 2521 eam
2593 2468 2780 2534 (Joan.
2813 2483 2868 2532 x,
2904 2465 3014 2536 18).
3055 2486 3083 2513 ‹‹
3119 2466 3424 2536 Propterea
3451 2460 3724 2518 exaltavit

2081 2559 2277 2627 caput.
2308 2574 2334 2606 ιο
2369 2554 2640 2626 Seipsum
2672 2553 2964 2618 exaltavit,
2986 2553 3083 2624 qui
3116 2555 3291 2623 caput
3320 2555 3409 2608 est
3429 2551 3720 2607 omnium.

2081 2648 2200 2699 Aut
2245 2648 2399 2699 certe
2449 2644 2604 2715 quod
2659 2642 2848 2698 dicit:
2903 2662 2932 2692 ‹‹
2962 2640 3248 2698 Exaltavit
3293 2645 3489 2712 caput,
3522 2661 3552 2689 »
3602 2656 3720 2697 non

2081 2731 2340 2803 seipsum
2372 2730 2663 2787 exaltavit.
2724 2750 2751 2782 α
2793 2730 3100 2801 Propterea
3145 2727 3417 2784 exaltavit
3461 2731 3658 2800 caput.
3693 2749 3718 2777 ι

2081 2821 2322 2892 Semper
2372 2821 2528 2876 enim
2578 2819 2676 2875 ille
2724 2818 2879 2875 altus
2914 2818 3042 2874 fuit.
3085 2818 3195 2874 Sed
3244 2817 3480 2889 quando
3533 2815 3721 2872 dicit:

2090 2932 2110 2959 α
2149 2908 2427 2965 Exaltavit
2455 2903 2651 2981 caput,
2688 2930 2714 2957 η
2747 2911 3016 2964 nostrum
3067 2904 3340 2963 exaltavit
3369 2907 3545 2977 caput
3576 2921 3589 2960 :
3622 2903 3727 2977 qui

2086 2998 2242 3054 curvi
2274 3015 2387 3054 non
2439 3002 2776 3070 poteramus
2826 2996 3086 3070 aspicere
3115 2995 3187 3051 ad
3236 2993 3469 3061 cretum,
3501 2993 3604 3049 sed
3655 2992 3729 3048 ad

2090 3093 2322 3145 terram.
2355 3087 2545 3142 Vultis
2576 3087 2725 3143 scire
2757 3086 3038 3159 quoniam
3059 3085 3186 3158 ipse
3209 3083 3482 3141 exaltavit
3509 3082 3732 3156 caput?

2087 3177 2157 3233 Et
2183 3175 2342 3232 illam
2397 3176 2704 3232 mulierem
2745 3191 2924 3248 quam
2958 3174 3240 3248 ligaverat
3283 3170 3573 3240 diabolus,
3606 3171 3734 3244 ipse

335 3254 530 3326 istius,
563 3263 782 3328 quanto
811 3261 1000 3333 magis
1031 3262 1268 3318 sancti?
1296 3263 1487 3320 Vultis
1526 3265 1674 3320 scire
1700 3267 1976 3336 quoniam
2025 3333 2050 3336 μ
2089 3265 2362 3321 liberavit
2406 3265 2558 3336 (Luc.
2609 3282 2734 3334 xm,
2769 3265 2856 3329 12,
2889 3265 2998 3335 16).
3043 3261 3330 3318 Exaltavit
3357 3265 3536 3334 caput
3576 3261 3729 3331 ejus,

337 3345 524 3400 sancti
555 3345 628 3401 de
669 3352 925 3404 torrente
973 3350 1201 3406 bibunt.
1249 3351 1400 3407 Dicit
1441 3357 1500 3408 et
1546 3353 1606 3410 in
1639 3333 1751 3410 alio
1804 3353 1929 3410 loco
1963 3371 1975 3409 :
2009 3333 2052 3399 Ο
2092 3370 2220 3424 quae
2251 3333 2483 3424 semper
2509 3333 2811 3408 incurvata
2860 3333 2974 3407 fuit
3003 3367 3016 3406 :
3050 3355 3107 3406 et
3155 3349 3418 3406 adoravit
3440 3365 3597 3405 eum.
3625 3349 3732 3406 Cui

341 3435 654 3490 Torrentem
705 3440 1057 3507 pertranszvil
1106 3441 1296 3495 anima
1341 3451 1532 3497 nostra
1577 3443 1748 3514 (Psal.
1782 3460 1978 3512 cxxm,
2090 3442 2166 3497 sit
2198 3441 2382 3512 gloria
2411 3441 2470 3496 in
2502 3441 2716 3497 sacula
2742 3440 3112 3498 “seculorum.
3143 3442 3352 3494 Amen.

334 3523 411 3592 5).
454 3543 481 3576 α
511 3523 592 3579 De
640 3528 896 3582 torrente
943 3527 1002 3582 in
1055 3528 1150 3584 via
1194 3529 1361 3585 bibit.
1397 3551 1426 3580 »
1457 3531 1719 3587 Diximus
1767 3533 1837 3588 de
1867 3537 1980 3588 tor-
2597 3547 2924 3604 PSALMUS
2962 3546 3068 3602 CX.

335 3615 518 3708 Venire,
550 3613 816 3708 ἀίξῖιῆῐῐιυε
843 3616 1025 3708 Piliam
1076 3622 1134 3673 et
1179 3617 1604 3708 ῐθεῐίφοῐιίυωο
1639 3621 1978 3677 Torrentem
2091 3638 2350 3694 Alleluia.
2384 3636 2653 3693 Psalmus
2684 3637 2815 3708 iste,
2849 3637 3077 3708 primus
3107 3634 3431 3708 secundum
3464 3633 3729 3690 ordinem

332 3701 715 3772 pertransivit
761 3704 960 3760 anima
1005 3710 1224 3762 nostra.
1257 3707 1449 3763 Vultis
1497 3708 1646 3764 scire
1695 3715 1752 3765 et
1798 3709 1980 3766 alium

335 3791 705 3846 torrentem?
735 3791 890 3848 Elias
923 3798 1162 3852 sanctus
1203 3796 1488 3868 propheta
1518 3799 1753 3869 quando
1787 3815 1983 3871 perse-

335 3879 628 3948 quebatur
656 3897 792 3936 eum
841 3883 1089 3951 Jezabel,
1123 3886 1358 3957 quando
1407 3887 1629 3959 accepit
1679 3887 1898 3954 cibum,
1931 3892 1988 3943 et

346 3967 736 4041 quadraginta
763 3971 972 4028 diebus
1011 3973 1303 4030 transiens
1334 3975 1584 4046 perrexit
1613 3976 1670 4030 in
1703 3992 1984 4043 eremum,

345 4055 496 4127 Erat,
530 4056 742 4130 inquit,
777 4061 835 4114 in
868 4061 1100 4129 deserto,
1133 4072 1186 4118 et
1228 4063 1443 4118 bibebat
1470 4064 1537 4118 de
1586 4068 1822 4120 torrente
1853 4065 1988 4120 Cho-

348 4147 448 4202 bar
499 4149 596 4218 (III
625 4150 748 4220 Reg.
799 4166 937 4216 xvu,
985 4152 1062 4221 6).
1112 4151 1326 4208 Verum
1359 4153 1660 4209 audientes
1707 4159 1991 4210 torrentes

347 4233 519 4289 istius
549 4236 764 4300 saeculi,
789 4237 969 4293 nolite
1008 4239 1339 4311 desperare.
1367 4241 1723 4313 Frequenter
1747 4241 1840 4298 hic
1871 4247 1989 4298 tor-

351 4338 487 4378 rens
536 4323 733 4378 deﬁcit
769 4325 931 4394 (Ibid.
963 4327 1040 4397 7).
1071 4327 1314 4384 Videtur
1357 4329 1594 4400 quidem
1643 4335 1988 4399 tumescere,

351 4411 582 4467 videtur
611 4411 825 4469 habere
871 4431 1058 4485 aquas
1105 4415 1344 4483 multas,
1380 4419 1480 4474 sed
1530 4419 1642 4474 cito
1691 4421 1907 4489 deﬁcit,
1942 4420 1993 4476 si

351 4500 667 4558 sustineas.
699 4503 768 4558 Et
799 4501 952 4559 Elias
982 4503 1132 4560 bibit
1161 4505 1398 4576 quidem
1423 4506 1480 4560 in
1504 4507 1733 4563 deserto
1755 4525 1994 4580 aquam,

351 4607 418 4647 eo
447 4595 710 4664 tempore
740 4610 854 4664 quo
885 4597 1008 4650 erat
1037 4594 1095 4649 in
1128 4593 1384 4663 tristitia,
1417 4612 1532 4667 quo
1563 4602 1686 4652 erat
1717 4597 1776 4652 in
1809 4613 1995 4670 angu-

2163 3709 2442 3766 scribitur
2461 3709 2786 3765 litterarum
2802 3705 2830 3764 'z
2850 3705 2998 3763 licet
3017 3705 3186 3763 multi
3211 3706 3556 3778 vicesimum
3585 3721 3732 3778 quo-

2165 3798 2278 3853 que
2328 3785 2603 3852 quartum
2637 3780 2954 3853 psalmum,
2986 3784 3045 3835 et
3093 3777 3458 3853 tricesimum
3503 3777 3732 3853 sextum

2139 3917 2145 3931 ‘
2165 3849 2453 3931 script-um
2487 3849 2693 3931 putent
2721 3852 3076 3931 innilebrmio,
3103 3849 3428 3931 secundum
3469 3849 3736 3931 ordinem

2165 3919 2526 3980 litterarum}
2552 3924 2650 3980 sed
2679 3925 2737 3979 in
2762 3923 2900 3989 illis,
2922 3921 3008 3978 vel
3043 3923 3258 3976 desunt
3279 3920 3484 3992 aliqua
3507 3919 3738 3986 litteras,

2167 3995 2257 4051 vel
2288 4000 2624 4067 supersunt,
2653 3999 2713 4067 et
2761 4008 3185 4067 nonnunquam
3239 3990 3391 4067 quia
3413 4006 3551 4067 cum
3583 4006 3742 4067 unus

2168 4061 2380 4122 versus"
2401 4066 2590 4121 brevis
2616 4066 2712 4135 sit,
2736 4064 2886 4120 alius
2916 4061 3146 4135 infinita
3165 4061 3744 4135 lon’gitudine‘major

2170 4141 2278 4215 est.
2312 4138 2392 4192 Ex
2421 4153 2536 4207 quo
2568 4131 2942 4215 putonagis
2975 4131 3376 4215 observatione
3404 4132 3522 4215 hoc
3543 4131 3744 4215 legen-

2121 4276 2123 4278 η
2171 4208 2344 4273 tium,
2379 4204 2784 4279 quam—studio
2816 4204 3117 4278 scriptoris
3147 4205 3439 4279 effectum.
3470 4204 3743 4279 Denique

2173 4284 2229 4336 et
2276 4274 2658 4352 Septuaginta
2707 4274 3078 4352 interpretes,
3119 4275 3260 4352 quia
3300 4274 3522 4352 aliquis
3550 4275 3610 4352 i_n
3645 4274 3745 4330 'eis

2175 4346 2910 4422 scrupulus'nascebatur,
2958 4348 3020 4404 in
3064 4346 3447 4404 translatione
3475 4346 3745 4402 Hebraeae

2176 4421 2400 4479 litteras
2433 4439 2648 4495 ponere
2677 4421 3010 4478 noluerunt.

2177 4533 2204 4560 «
2238 4511 2566 4568 Conﬁtebor
2610 4510 2736 4577 tibi,
2773 4510 3036 4576 Domine,
3067 4509 3125 4563 in
3175 4511 3296 4564 toto
3326 4507 3498 4564 corde
3529 4521 3681 4563 meo.
3716 4529 3740 4560 ι

2105 4598 2166 4655 Si
2197 4617 2312 4655 non
2343 4598 2553 4655 fuisset
2577 4598 2833 4671 simplex
2863 4596 3063 4664 David,
3094 4601 3153 4652 et
3187 4595 3494 4653 habuisset
3521 4594 3748 4665 dolum,

354 4679 485 4736 stia.
521 4681 832 4738 Dimiserat
857 4683 1146 4752 Judzeam,
1177 4688 1233 4739 et
1281 4689 1608 4756 perrexerat
1636 4685 1695 4740 in
1737 4691 1994 4742 montem
2025 4703 2072 4768 D
2105 4705 2220 4744 non
2270 4687 2509 4744 dixisset
2544 4704 2558 4744 :
2596 4710 2617 4736 ι
2652 4687 2982 4744 Confitebor
3025 4685 3156 4756 tibi,
3206 4685 3469 4754 Domine,
3519 4684 3579 4741 in
3627 4688 3748 4742 toto

355 4768 540 4826 Sina:
573 4771 1034 4842 persequebatur
1085 4773 1240 4829 enim
1289 4790 1423 4830 eum
1471 4774 1725 4842 Jezabel,
1756 4779 1814 4830 et
1859 4791 1995 4846 pro-

355 4862 554 4932 pterea
600 4857 837 4916 bibebat
882 4861 954 4916 de
999 4865 1256 4918 torrente
1298 4862 1547 4919 Chobar.
1595 4863 1808 4919 Verum
1859 4863 1999 4936 quia

356 4948 740 5019 perseveravit
764 4965 949 5022 usque
980 4950 1038 5005 in
1071 4951 1268 5019 finem,
1296 4957 1602 5023 prapterea
1619 4951 1827 5008 defecit
1846 4969 2000 5024 aqua

356 5035 652 5091 torrentis.
687 5040 756 5091 Et
802 5037 1017 5093 dicitur
1048 5039 1119 5094 ad
1173 5055 1307 5094 eum
1341 5056 1374 5095 a
1424 5041 1688 5107 Domino,
1721 5042 1999 5112 quoniam

355 5125 648 5181 defecerat
672 5142 827 5198 aqua
876 5128 1152 5184 torrentis
1185 5145 1196 5183 :
1240 5129 1396 5195 Vade,
1431 5129 1645 5202 inquit,
1678 5131 1747 5185 ad
1776 5131 2002 5186 riduam

357 5216 419 5268 in
462 5215 693 5286 Sarepta
750 5215 1120 5287 Sidoniorum,
1168 5223 1278 5273 etc.
1327 5218 1485 5289 (Ibid.
1538 5221 1614 5290 9).
1667 5220 1806 5275 Ecce
1855 5219 2002 5275 bibit

359 5306 416 5359 et
444 5303 599 5360 Elias
629 5304 700 5361 de
745 5307 1015 5362 torrente.
1048 5307 1156 5363 Sed
1208 5307 1332 5380 ipse
1361 5307 1648 5364 Dominus
1677 5314 1851 5380 atque
1880 5308 2004 5364 Sal-

357 5395 522 5448 vator
577 5393 726 5450 bibit
779 5399 836 5450 et
888 5394 1128 5452 calicem
1182 5397 1254 5454 de
1309 5401 1564 5453 torrente
1621 5398 1864 5454 Cedron.
1910 5397 2002 5452 Sic

359 5481 517 5537 enim
566 5482 869 5554 Scriptura
915 5484 1108 5552 refert,
1143 5487 1378 5556 quando
1423 5491 1708 5542 venerunt
1735 5491 1794 5542 et
1837 5503 2002 5542 com-

360 5570 798 5642 prehenderunt
842 5589 998 5629 eum.
1032 5573 1353 5644 Venerunt,
1401 5576 1612 5648 inquit,
1643 5581 1700 5631 et
1747 5592 2003 5647 compre-

361 5659 692 5716 henderunt
732 5678 866 5718 eum
914 5663 973 5716 in
1027 5666 1306 5731 torrente,
1341 5669 1448 5722 etc.
1501 5667 1681 5737 (Joan.
1731 5681 1890 5733 xvm,
1929 5667 1999 5730 1).

361 5747 587 5832 Videtis
634 5765 812 5822 quam
862 5748 1106 5808 humilis
1156 5750 1232 5808 sit
1279 5751 1440 5810 locus
1490 5755 1784 5826 torrentis,
1825 5771 2003 5826 quam

2107 4777 2278 4833 corde
2327 4792 2477 4832 meo.
2509 4798 2537 4826 »
2569 4777 2693 4832 Non
2743 4774 2915 4832 labiis
2944 4778 3198 4846 tantum,
3231 4775 3332 4831 sed
3379 4777 3503 4831 toto
3552 4775 3748 4832 corde.

2113 4888 2140 4915 ‹‹
2173 4867 2236 4920 In
2286 4864 2528 4921 consilio
2555 4866 2855 4936 justorum
2900 4869 2958 4921 et
3004 4863 3454 4938 congregatione
3488 4881 3503 4920 :
3536 4878 3752 4935 magna

2110 4971 2286 5026 Opera
2336 4953 2585 5010 Domini.
2621 4979 2642 5007 κ
2677 4955 2988 5012 Rectorum
3035 4954 3176 5010 dicit
3220 4967 3424 5008 eorum
3471 4951 3570 5022 qui
3620 4954 3754 5006 ante

2112 5048 2448 5117 peccatores
2492 5048 2677 5110 erant,
2711 5061 2867 5100 nunc
2914 5059 3047 5099 vero
3087 5041 3259 5114 justi.
3291 5040 3416 5095 Non
3469 5042 3560 5095 est
3594 5038 3753 5095 enim

2111 5133 2332 5188 mirari.
2366 5131 2589 5189 Videtis
2636 5133 3004 5205 elephantem
3035 5135 3093 5185 et
3133 5127 3448 5196 camelum,
3481 5125 3758 5184 similiter

2111 5227 2169 5277 et
2198 5237 2465 5277 muscam
2514 5226 2573 5278 et
2618 5220 2885 5290 culicem,
2919 5218 3186 5274 eamdem
3229 5215 3616 5272 mobilitatem
3647 5215 3754 5273 ha-

2116 5311 2274 5377 bere,
2307 5314 2364 5366 et
2392 5310 2690 5382 spiritum,
2723 5313 2779 5365 et
2808 5307 3090 5364 membra.

2186 5422 2214 5449 ‹‹
2249 5401 2456 5456 Escam
2506 5399 2671 5455 dedit
2715 5396 3061 5453 timentibus
3090 5411 3176 5452 sc.
3221 5416 3244 5445 ι
3280 5393 3344 5450 In
3389 5395 3540 5452 fame
3599 5393 3758 5468 pavit

2112 5486 2300 5543 Etiam
2350 5488 2446 5558 (III
2494 5487 2621 5557 Reg.
2657 5503 2794 5556 xvn,
2844 5487 2948 5554 6);
2997 5484 3057 5540 in
3111 5484 3360 5549 deserto,
3393 5479 3609 5555 populo
3649 5482 3756 5540 Ju-

2113 5579 2372 5632 daeorum
2398 5591 2617 5630 manna
2645 5572 2796 5647 pluit
2824 5572 3014 5644 (Exod.
3038 5589 3153 5637 xw,
3178 5572 3289 5642 13),
3310 5575 3368 5628 et
3393 5568 3753 5643 completum

2111 5670 2200 5719 est
2229 5664 2385 5736 quod
2429 5661 2642 5718 dicitur
2674 5679 2686 5717 :
2722 5685 2749 5710 «
2784 5662 2987 5717 Escam
3039 5658 3200 5715 dedit
3229 5658 3572 5716 timentibus
3603 5675 3686 5716 se.
3722 5681 3745 5712 ι

2111 5753 2230 5810 Ηοο
2252 5752 2576 5811 secundum
2603 5752 2878 5810 litteram.
2898 5751 3107 5808 Escam
3137 5753 3332 5807 autem
3357 5749 3519 5808 dedit
3539 5763 3751 5826 panem

3045 6547 3068 6556 ρ
3101 6545 3232 6558 *η
3261 6548 3269 6558 Ι
3318 6547 3327 6558 I
3353 6539 3708 6554 ﬁm_._._..
