4256 6572
501 441 683 506 1239-

1994 446 2418 509 APPENDIX.

3757 440 3921 507 £240

499 575 602 650 qui
632 576 705 632 de
733 573 877 633 cmlo
923 575 1225 634 descendit
1256 578 1431 650 (Joan.
1459 596 1537 647 γι,
1567 578 1659 651 51)
1694 596 1707 635 :
1741 594 1857 651 quo
1903 580 1953 636 si
1988 579 2148 653 digni
2179 582 2235 649 Α
2264 579 2364 636 Dei
2397 579 2505 636 feci
2534 579 2854 651 voluntate,
2887 578 3105 653 dignus
3134 593 3269 634 sum
3307 580 3374 633 ut
3402 577 3540 633 ﬁam
3573 581 3738 650 pater
3771 595 3913 635 san-

500 682 732 737 sumus,
760 666 1079 738 pascimur.
1110 667 1322 733 Quanti
1346 667 1503 724 enim
1528 673 1812 741 martyres
1844 669 1997 725 fame
2026 685 2154 725 cor-

501 754 658 828 rupti
690 758 853 826 sunt,
884 759 943 811 et
974 773 1133 812 nunc
1162 762 1302 813 sunt
1330 773 1465 813 cum
1496 757 1742 814 Domino
1762 759 1790 812 ?

574 866 603 896 ιι
636 844 919 901 Sanctum
968 848 1025 900 et
1054 844 1314 901 terribile
1363 862 1577 902 nomen
1620 847 1770 918 ejus.
1810 869 1831 895 ιι
1866 848 2150 915 Sanctum,

501 933 727 1001 sancti;
756 932 1027 1000 terribile,
1059 933 1485 1006 peccatoribus.
1522 956 1542 983 ι
1580 934 1821 990 Initium
1854 934 2152 1007 sapientiae

499 1022 680 1080 timor
708 1022 961 1080 Domini.
987 1044 1016 1072 »
1046 1022 1156 1088 Qui
1184 1040 1299 1079 non
1327 1022 1537 1079 timent
1555 1023 1893 1091 Dominum,
1921 1041 2039 1080 non
2063 1028 2155 1080 est

499 1111 562 1169 in
593 1111 678 1168 eis
730 1110 1037 1184 sapientia.
1068 1114 1186 1167 Aut
1233 1112 1336 1183 qui
1366 1129 1482 1169 non
1534 1111 1751 1169 habent
1779 1112 2150 1184 sapientiam,

500 1217 617 1259 non
650 1200 873 1258 habent
898 1200 1192 1257 timorem.

552 1311 599 1345 ,ει
633 1288 916 1348 Laudatio
938 1289 1067 1361 eius
1092 1295 1293 1346 manet
1313 1290 1374 1345 in
1402 1289 1684 1346 saeculum
1706 1289 1926 1347 seaculi.
1945 1310 1972 1343 ι
1997 1290 2150 1355 Quo-

499 1376 658 1439 niam
689 1377 750 1433 in
799 1376 972 1435 titulo
1020 1376 1272 1434 Alleluia
1320 1384 1710 1451 praenotatum
1745 1384 1854 1447 est,
1880 1381 2042 1451 juste
2092 1378 2147 1433 in

497 1466 834 1525 laudatione
864 1466 995 1524 ﬁnit
1034 1467 1324 1541 psalmus.
1354 1468 1658 1542 Siquidem
1691 1468 1945 1525 Alleluia
1973 1469 2151 1524 inter-

498 1560 784 1628 pretatur,
818 1556 1039 1614 laudate
1066 1559 1381 1615 Dominum.

1074 1664 1397 1722 PSALMUS
1436 1665 1573 1720 CXI.

500 1752 915 1825 AlleluiaﬁJste
968 1752 1235 1825 psalmus
1265 1758 1539 1824 provocat
1589 1770 1696 1808 nos
1727 1769 1830 1825 per
1878 1740 2148 1825 timorem

644 1824 745 1883 Dei
776 1823 834 1880 in
864 1823 1094 1881 aeternas
1123 1823 1339 1881 domus
1369 1823 1743 1881 habitatione
1762 1824 2013 1879 fundari.

2264 672 2511 724 ctorum.
2545 670 2803 725 Breviter
2832 668 3109 737 dicimus,
3132 683 3204 723 ne
3235 666 3468 739 longius
3487 666 3755 723 trahatur
3778 684 3904 724 ora-

2263 756 2364 813 tio.
2412 781 2439 807 ‹‹
2470 758 2777 815 Generatio
2828 761 3119 812 rectorum
3168 756 3562 831 benedicetur.
3597 778 3626 805 ››
3674 756 3909 813 Praestet

2263 846 2571 914 Dominus,
2605 852 2670 902 ut
2699 850 2756 902 et
2813 861 2915 902 vos
2944 845 3045 917 qui
3079 861 3173 900 me
3218 845 3456 913 auditis,
3489 845 3785 918 generatio
3813 862 3903 901 re-

2262 939 2489 991 ctorum
2521 935 2668 991 sitis.
3576 930 3579 933 ’

2334 1045 2363 1073 α
2396 1024 2593 1081 Gloria
2624 1029 2681 1080 et
2730 1024 2942 1080 divitiae
2995 1025 3054 1080 in
3084 1025 3259 1080 domo
3307 1024 3455 1095 ejus.
3494 1044 3521 1072 ››
3552 1045 3580 1073 ‹‹
3613 1023 3807 1080 Gloria
3851 1029 3907 1081 et

2263 1112 2499 1168 divitiae.
2532 1134 2561 1163 »ι
2595 1117 2881 1169 Putamus
2910 1112 3156 1186 gloriam
3179 1117 3238 1168 et
3267 1110 3500 1167 divitias
3527 1111 3722 1167 smeuli
3755 1112 3909 1169 diei?

2263 1203 2394 1258 Ideo
2424 1202 2557 1274 quis
2588 1202 2727 1258 facit
2756 1203 3119 1258 voluntatem
3155 1202 3253 1257 Dei
3284 1207 3341 1257 et
3370 1201 3650 1258 mandata
3678 1202 3907 1273 ejus,ut

2261 1290 2497 1347 divitias
2548 1292 2756 1347 mundi
2811 1292 2987 1347 istius
3035 1295 3430 1362 consequatur
3453 1291 3482 1345 ?
3512 1290 3579 1345 Et
3610 1290 3762 1347 certe
3792 1308 3902 1347 non

2262 1379 2401 1435 facit
2432 1381 2710 1436 mandata
2744 1382 2839 1437 Dei
2889 1380 3002 1436 nisi
3034 1381 3269 1436 divitias
3308 1379 3513 1434 mundi
3546 1383 3903 1452 contempse-

2260 1467 2353 1523 rit.
2391 1490 2419 1519 «
2452 1468 2648 1524 Gloria
2678 1472 2735 1524 et
2780 1468 2993 1524 divitia:
3024 1469 3084 1524 in
3116 1470 3290 1525 domo
3321 1469 3470 1540 ejus.
3510 1491 3531 1517 ι
3564 1467 3756 1524 Gloria
3786 1483 3901 1524 cre-

2261 1557 2525 1613 dentium
2556 1562 2667 1622 est,
2698 1557 2851 1613 sicut
2880 1558 3022 1613 dicit
3057 1558 3373 1629 Apostolus
3405 1574 3418 1611 :
3453 1557 3640 1612 Nonne
3670 1573 3760 1613 eos
3786 1556 3902 1626 glo-

2259 1647 2349 1701 ria
2391 1662 2516 1701 mea
2556 1647 2692 1702 estis
2745 1650 2795 1701 et
2846 1647 3056 1702 divitia:
3086 1648 3129 1718 (Ι
3164 1648 3333 1703 Thess.
3369 1663 3429 1716 ιι,
3482 1645 3618 1718 i9)?
3662 1644 3899 1713 Divitiae,

2260 1735 2331 1790 de
2361 1734 2575 1806 quibus
2620 1735 2765 1790 dicit
2801 1734 2928 1807 ipse
2978 1735 3293 1808 Apostolus
3325 1753 3337 1790 :
3372 1735 3521 1803 Quod
3551 1734 3742 1791 divites
3766 1736 3908 1809 facti

2257 1824 2381 1878 silis
2411 1825 2470 1878 in
2518 1825 2671 1880 omni
2716 1826 2943 1880 scientia
2974 1832 3028 1880 et
3062 1825 3283 1895 juslilia
3327 1824 3372 1894 (I
3424 1824 3549 1879 Cor.
3586 1841 3626 1891 ι,
3656 1823 3730 1894 5).
3768 1846 3796 1873 ‹‹
3827 1824 3898 1878 Et

574 1933 604 1963 «
634 1912 848 1970 Beatus
877 1911 966 1967 vir
994 1910 1096 1983 qui
1140 1911 1311 1969 timet
1355 1912 1695 1969 Dominum.
1731 1935 1759 1963 »
1794 1913 2149 1984 Frequenter
2180 1956 2228 2021 Β
2250 1912 2492 1982 justitia
2521 1914 2650 1984 ejus
2680 1916 2879 1968 manet
2905 1913 2964 1968 in
2999 1912 3274 1969 saeculum
3306 1912 3522 1968 szeculi.
3557 1936 3580 1965 ι

574 1999 619 2021 ..Ξ
685 2000 952 2021 ..--,...2-..-
996 2000 1176 2021 ,μμέμ
1239 2019 1347 2021 num
1388 2001 1437 2021 2-,
1500 2018 1737 2021 _A-_____._
1800 2002 1935 2021 2η-ι3
1974 2001 2121 2021 !_1-__
2401 2002 2666 2021 I.‘__-n,1,s__
2714 2006 2788 2021 ,ξι
2826 2001 2877 2021 Ξᾼ
2937 2002 3191 2021 ι-μ-λιμᾼ-
3223 2001 3414 2021 I____-n4
3451 2001 3580 2021 ___|!

502 1999 644 2071 dixi,
678 2000 959 2073 quoniam
990 2000 1189 2057 omnia
1229 2019 1356 2074 quae
1387 2001 1446 2057 in
1499 2018 1747 2074 persona
1794 2002 1939 2072 justi
1972 2001 2149 2057 inter-

503 2093 830 2163 pretantur,
858 2089 1194 2147 ret'eruntur
1220 2091 1293 2147 ad
1319 2090 1641 2147 Christum.
1668 2090 1725 2146 Si
1757 2090 1916 2146 enim
1942 2090 2155 2159 sancti,

502 2182 680 2252 typus
711 2183 768 2236 et
795 2179 986 2252 ﬁgura
1016 2179 1337 2237 Salvatoris
1385 2185 1526 2236 sunt
1557 2196 1570 2235 :
1606 2179 1655 2236 si
1689 2178 1823 2251 quis
1854 2195 1986 2235 vere
2013 2196 2155 2235 san-

506 2270 637 2327 ctus
674 2273 787 2338 est,
814 2268 973 2323 verbi
1030 2284 1211 2325 causa
1242 2284 1255 2322 :
1289 2268 1450 2325 Isaac
1481 2273 1653 2341 typus
1705 2268 1937 2324 Domini
1963 2266 2154 2323 Salva-

506 2355 653 2413 teris
680 2360 791 2424 est,
814 2355 1055 2429 Joseph,
1080 2356 1377 2427 Salomon,
1409 2357 1614 2424 David,
1637 2360 1694 2414 et
1723 2357 1912 2413 cmteri
1942 2357 2153 2412 sancti.

509 2445 659 2516 Ergo
691 2448 748 2501 et
800 2445 911 2502 iste
961 2445 1168 2503 beatus
1197 2445 1285 2501 vir
1326 2446 1425 2518 qui
1457 2463 1615 2502 nunc
1662 2444 2033 2514 describitur,
2067 2462 2155 2501 re-

512 2532 700 2595 fertur
726 2532 965 2605 quidem
1015 2534 1086 2589 ad
1121 2533 1311 2590 virum
1352 2535 1607 2606 justum.
1640 2535 1708 2590 Et
1758 2550 1887 2590 vere
1917 2535 1989 2590 de
2033 2534 2155 2591 viro

503 2621 671 2692 jluw
718 2622 935 2681 dicitur
965 2639 979 2678 :
1013 2623 1115 2679 sed
1168 2624 1281 2680 isto
1329 2623 1416 2679 vir
1453 2625 1678 2695 justus,
1711 2628 1884 2697 typus
1932 2628 2022 2679 est
2050 2623 2156 2678 viri

500 2710 673 2782 justi.
707 2732 737 2761 α
766 2712 979 2768 Beatus
1006 2711 1096 2768 vir
1141 2712 1241 2784 qui
1286 2711 1455 2769 timet
1488 2712 1818 2769 Dominum.
1854 2734 1881 2762 »
1914 2711 2155 2768 Interim

509 2798 847 2860 dimisimus
878 2799 1198 2873 psalmum,
1230 2816 1387 2857 nunc
1427 2801 1696 2858 dicamus
1725 2802 1796 2857 de
1824 2800 1945 2857 viro
1967 2800 2151 2872 justo.

510 2909 540 2938 «
571 2889 784 2947 Beatus
825 2888 913 2945 vir
939 2890 1043 2961 qui
1074 2890 1241 2947 timet
1286 2890 1623 2948 Dominum.
1663 2913 1684 2939 ι»
1726 2890 1991 2947 Psalmus
2021 2906 2152 2946 cen-

511 2976 765 3039 inimus
794 2977 1147 3037 undecimus
1189 2978 1591 3050 alphabeticus
1621 2984 1729 3035 est.
1763 2978 2068 3050 Siquidem
2100 2981 2157 3032 et

506 3064 864 3127 centesimus
884 3064 1170 3137 decimus,
1190 3071 1248 3123 et
1277 3067 1402 3139 ipse
1432 3068 1542 3123 sub
1565 3066 1873 3139 alphabeto
1902 3072 2011 3123 est.
2033 3066 2154 3123 Pri-

509 3168 643 3211 mus
693 3152 1015 3213 versiculus
1060 3170 1128 3211 ex
1176 3154 1344 3227 aleph
1394 3156 1717 3212 scribitur:
1752 3180 1778 3207 (ι
1815 3160 2028 3212 Beatus
2068 3155 2156 3212 vir

505 3238 610 3311 qui
654 3241 826 3299 timet
875 3242 1210 3301 Dominum.
1246 3266 1275 3295 »
1327 3245 1657 3312 Secundus,
1689 3263 1758 3302 ex
1806 3246 1942 3302 betb
1976 3262 1989 3300 :
2026 3268 2053 3296 ‹‹
2088 3247 2150 3300 In

2336 2024 2364 2049 ‹‹
2401 2002 2675 2057 Exortum
2707 2006 2795 2057 est
2825 2001 2886 2056 in
2933 2002 3194 2057 tenebris
3223 2001 3421 2058 lumen
3451 2000 3624 2057 rectis
3654 2001 3846 2057 corde.
3874 2023 3901 2050 »

2263 2090 2382 2146 Nos
2411 2090 2706 2161 quondam
2737 2091 3082 2146 errabamus
3129 2090 3187 2145 in
3220 2089 3476 2146 tenebris
3509 2105 3523 2143 :
3557 2089 3905 2146 sedebamus

2264 2178 2324 2234 in
2357 2178 2615 2234 tenebris
2645 2184 2703 2235 et
2731 2180 2942 2235 umbra
2979 2179 3185 2235 mortis
3220 2198 3232 2235 :
3268 2179 3367 2235 sed
3399 2179 3498 2234 lux
3526 2182 3653 2235 orta
3681 2182 3770 2233 est
3798 2196 3901 2235 no-

2264 2266 2377 2332 bis,
2412 2268 2735 2322 secundum
2770 2268 2982 2323 Isaiam
3015 2272 3160 2340 (cap.
3187 2285 3275 2337 1.x,
3307 2269 3362 2339 '2)
3396 2284 3408 2323 :
3449 2291 3468 2317 α
3503 2267 3826 2323 Misericors
3848 2273 3906 2324 et

2265 2355 2575 2411 miseratur
2604 2360 2661 2411 et
2701 2358 2925 2428 justus.
2957 2377 2985 2409 ι
3022 2380 3049 2406 ‹‹
3086 2357 3413 2414 Misericors
3452 2359 3507 2412 et
3528 2357 3748 2427 justus.
3784 2379 3805 2410 ι
3844 2357 3903 2413 Si

2265 2449 2534 2516 peccator
2554 2462 2637 2513 es,
2664 2444 2781 2501 noli
2805 2447 3114 2518 desperare
3142 2449 3370 2501 veniam
3402 2461 3417 2502 :
3440 2444 3769 2502 misericors
3794 2449 3900 2502 est.

2266 2533 2323 2589 Si
2354 2550 2491 2591 vero
2536 2535 2826 2606 superbus
2867 2551 2950 2603 es,
2982 2539 3040 2591 et
3067 2534 3314 2590 confidis
3342 2534 3443 2589 tibi
3493 2534 3564 2590 de
3592 2533 3904 2591 clementia

2266 2624 2388 2690 Dei,
2424 2623 2541 2679 noli
2596 2640 2723 2679 esse
2774 2623 3096 2695 negligens,
3130 2628 3187 2679 et
3226 2625 3427 2695 justus
3472 2627 3581 2680 est.
3621 2644 3642 2673 ι
3677 2623 3900 2679 Miseri-

2264 2730 2394 2769 cors
2425 2717 2479 2768 et
2517 2713 2827 2769 miserator
2872 2718 2930 2768 et
2953 2713 3172 2783 justus.
3206 2733 3234 2762 ››
3283 2712 3488 2768 Videte
3517 2711 3655 2784 quid
3710 2711 3905 2769 fecerit

2265 2802 2578 2875 prudentia
2598 2801 2921 2857 Psalmistze
2957 2818 2970 2855 :
2997 2802 3239 2859 Justitia
3258 2800 3506 2874 simplex
3526 2804 3616 2857 est
3638 2818 3651 2869 ;
3675 2801 3903 2857 miseri-

2264 2891 2463 2948 cordia
2488 2891 2704 2964 duplex
2729 2895 2836 2946 est.
2877 2912 2903 2943 α
2934 2891 3265 2947 Misericors
3296 2896 3353 2946 et
3391 2892 3697 2947 miserator
3725 2895 3783 2945 et
3804 2890 3905 2961 ju-

2265 2986 2412 3037 stus.
2448 3000 2476 3030 η
2506 2980 2655 3045 Quia
2683 2980 3015 3036 misericors
3044 2984 3133 3036 est
3176 2980 3461 3035 Dominus
3490 2983 3547 3034 et
3576 2978 3901 3045 miserator,

2264 3075 2321 3125 et
2347 3069 2656 3139 virjustus
2688 3067 2952 3124 imitetur
2999 3068 3313 3124 Dominum
3347 3060 3544 3135 suum,
3577 3068 3654 3123 sit
3681 3071 3738 3123 et
3777 3068 3902 3140 ipse

2265 3158 2619 3214 misericors.
3594 3150 3603 3159 “

2339 3269 2367 3297 ‹‹
2396 3247 2699 3303 Iucundus
2731 3247 2906 3303 homo
2938 3246 3039 3319 qui
3073 3247 3385 3302 miseretur
3413 3250 3471 3301 et
3497 3247 3900 3303 commodat.»

504 3329 800 3395 mandatis
824 3332 960 3403 ejus
1008 3332 1203 3403 cupiet
1233 3333 1432 3391 nimis.
1469 3356 1497 3384 ››
1538 3335 1791 3401 Tertius,
1823 3351 1892 3390 ex
1920 3334 2097 3407 gimel
2133 3353 2147 3392 :
2181 3322 2225 3389 C
2263 3335 2432 3391 Putat
2460 3335 2674 3407 aliquis
2707 3336 2862 3408 quod
2896 3336 2966 3391 de
3013 3352 3155 3390 auro
3186 3335 3341 3390 dicat
3371 3338 3429 3390 et
3457 3339 3714 3407 argento,
3746 3339 3804 3389 et
3833 3334 3903 3390 de

504 3439 533 3465 ‹‹
569 3417 778 3475 Potens
828 3419 887 3475 in
916 3424 1072 3479 terra
1119 3422 1229 3479 erit
1273 3440 1475 3480 semen
1507 3424 1656 3495 ejus,
1692 3446 1720 3473 »
1758 3429 1817 3481 et
1860 3439 2047 3497 usque
2077 3424 2150 3479 ad

501 3506 845 3565 vicesimam
864 3512 1186 3568 secundam
1207 3510 1465 3569 litteram
1492 3513 1656 3569 thau.
1676 3512 1951 3585 Singulos
1975 3513 2154 3585 igitur

500 3595 841 3667 versiculos,
871 3599 1085 3656 vestris
1137 3600 1500 3658 orationibus
1529 3602 1914 3659 disseramus.
1948 3625 1975 3651 «
2009 3602 2151 3657 Bea-

500 3687 599 3741 tus
627 3684 715 3740 vir
743 3686 844 3757 qui
895 3686 1069 3743 timet
1099 3690 1413 3746 Dominum
1441 3709 1454 3759 ;
1491 3713 1520 3740 n
1552 3690 1908 3763 principium
1941 3689 2151 3762 psalmi

501 3776 631 3839 est;
662 3774 927 3830 nondum
975 3775 1118 3830 dicit
1149 3793 1162 3832 :
1197 3778 1409 3835 Beatus
1457 3779 1546 3833 vir
1584 3778 1685 3851 qui
1734 3778 1924 3851 diligit
1955 3780 2151 3834 Domi-

499 3876 665 3916 num.
698 3860 971 3918 Virorum
1003 3865 1161 3919 enim
1193 3865 1604 3939 incipientium
1637 3872 1728 3923 est
1746 3867 1953 3923 timere
1979 3911 1992 3936 ,
2029 3884 2152 3939 per-

501 3948 783 4011 fectorum
815 3968 949 4010 vero
981 3953 1246 4027 diligere.
1281 3956 1581 4028 Siquidem
1614 3958 1871 4029 perfecta
1893 3956 2149 4024 dilectio,

499 4038 654 4101 foras
685 4040 868 4103 mittit
898 4041 1169 4101 timorem
1201 4047 1247 4117 (I
1273 4048 1432 4102 Joan.
1466 4063 1540 4117 ιν,
1566 4047 1675 4118 18).
1709 4050 1856 4119 Ergo
1887 4047 1958 4103 de
1990 4048 2150 4120 prin-

496 4128 650 4202 cipio
679 4130 842 4197 dicit,
873 4131 982 4189 hoc
1012 4139 1121 4201 est,
1155 4135 1473 4208 incipiente
1522 4137 1645 4192 viro
1676 4142 1898 4194 sancto.
1933 4138 2150 4194 Videa-

501 4234 637 4279 mus
665 4235 803 4292 ergo
834 4222 1099 4281 ordinem
1136 4226 1354 4281 Psalmi
1383 4243 1401 4279 :
1434 4248 1462 4275 «
1492 4231 1704 4282 Beatus
1734 4226 1821 4281 vir
1850 4226 1950 4298 qui
1984 4227 2153 4284 timet

499 4307 836 4369 Dominum.
865 4332 893 4360 »
924 4311 1030 4376 Qui
1050 4312 1216 4369 timet
1231 4314 1573 4380 Dominum,
1597 4315 1736 4388 quid
1770 4315 1956 4370 facit?
1976 4316 2153 4372 Audit

500 4398 676 4453 verba
703 4398 823 4467 Dei,
847 4400 1056 4458 doctus
1102 4402 1161 4457 in
1192 4403 1316 4475 lege
1344 4404 1480 4459 est?
1510 4404 1632 4460 Non
1667 4404 1776 4459 hoc
1806 4403 1967 4460 dicit.
2000 4406 2147 4471 Quid

499 4484 687 4545 dicit?
721 4509 749 4538 α
773 4488 836 4549 In
858 4491 1156 4551 mandatis
1176 4494 1306 4564 ejus
1336 4493 1533 4564 cupiet
1563 4492 1759 4549 nimis.
1790 4516 1811 4541 ι
1846 4494 1953 4557 Qui
1986 4495 2152 4550 timet

499 4573 816 4637 Dominum
842 4595 856 4634 :
889 4580 991 4650 qui
1022 4581 1230 4637 beatus
1250 4591 1338 4637 est
1362 4598 1375 4636 :
1398 4582 1673 4638 mandata
1694 4581 1881 4654 ipsius
1903 4582 2153 4639 libenter

2262 3425 2547 3497 pecunia?
2574 3425 2731 3481 Justi
2762 3425 3054 3480 intantum
3086 3440 3202 3479 non
3225 3424 3556 3480 habuerunt
3585 3423 3737 3494 quod
3769 3421 3900 3479 aliis

2261 3515 2723 3579 commodarent,
2757 3519 2822 3569 ut
2869 3513 2981 3586 ipsi
3027 3513 3224 3568 cibum
3258 3514 3331 3568 ab
3375 3511 3505 3567 aliis
3551 3512 3896 3583 acciperent.

2263 3602 2409 3674 Ergo
2442 3603 2490 3659 si
2523 3606 2638 3658 non
2671 3603 2928 3659 habuero
2955 3603 3110 3675 quod
3157 3603 3313 3673 dem,
3339 3602 3465 3673 jam
3498 3618 3612 3657 non
3645 3617 3776 3656 sum
3796 3601 3904 3671 ju-
3932 3632 3937 3633 ν

2261 3697 2390 3748 stus
2414 3693 2442 3747 ‘I
2468 3692 2527 3747 Si
2550 3709 2665 3747 non
2699 3694 2882 3748 facem
2903 3691 3356 3764 eleemosynam,
3381 3692 3437 3746 in
3464 3692 3757 3761 justorum
3788 3706 3898 3745 nu-

2262 3797 2421 3836 mero
2466 3797 2581 3835 non
2631 3780 2890 3836 habebor
2918 3781 2946 3834 ‘?
2999 3780 3210 3845 Quanti
3261 3784 3599 3836 sanctorum
3645 3779 3903 3833 iecerunt

2261 3868 2712 3940 eleemosynam,
2746 3869 2847 3925 sed
2879 3869 2938 3923 in
2989 3868 3295 3924 sanctitate
3343 3868 3623 3923 ruerunt!
3658 3867 3899 3923 Perlecti

2262 3975 2376 4014 non
2410 3959 2670 4013 fecerunt
2689 3957 3112 4029 eleemosynas,
3137 3956 3276 4029 quia
3297 3974 3412 4014 non
3441 3956 3731 4012 habebant
3750 3956 3903 4011 unde

2260 4047 2534 4104 facerent.
2568 4046 2978 4117 Eleemosyuas
3010 4064 3124 4102 non
3153 4048 3359 4115 facere,
3386 4046 3605 4102 crimen
3635 4045 3902 4101 habentis

2260 4141 2367 4192 est.
2400 4138 2684 4192 Caeterum
2716 4136 2816 4207 qui
2843 4152 2957 4191 non
2991 4133 3166 4191 habet
3195 4126 3353 4191 unde
3384 4135 3556 4192 faciat
3580 4133 3899 4205 eleemosy-
3940 4124 3950 4132 ’

2261 4242 2421 4290 nam,
2480 4225 2627 4282 liber
2683 4233 2789 4281 est.
2853 4225 3384 4296 Quantumcunque
3440 4225 3581 4279 dare
3634 4223 3897 4288 voluerit,

2258 4318 2487 4371 tantum
2537 4313 2699 4369 dedit
2730 4330 2743 4369 :
2777 4313 2918 4384 quia
2958 4318 3089 4369 voto
3113 4312 3290 4369 dedit.
3337 4314 3554 4370 Tamen
3603 4313 3817 4369 habent
3845 4317 3902 4368 et

2258 4403 2444 4459 sancti
2478 4404 2632 4458 unde
2683 4402 2898 4459 faciant
2923 4401 3343 4474 eleemosynas,
3375 4402 3527 4459 Dicit
3564 4407 3623 4457 et
3650 4406 3895 4457 Petrus:

2260 4494 2560 4562 Argentum
2590 4498 2639 4548 el
2668 4509 2871 4548 aurum
2916 4508 3027 4548 non
3066 4492 3233 4548 habeo
3264 4510 3282 4546 :
3314 4492 3454 4563 quod
3479 4499 3663 4547 autem
3706 4491 3893 4560 habeo,

2261 4582 2357 4637 hoc
2384 4583 2453 4637 do
2503 4582 2625 4637 tibi.
2661 4586 2727 4637 In
2775 4583 2998 4637 nomine
3043 4582 3274 4636 Domini
3316 4582 3466 4648 Iesu,
3517 4595 3677 4649 surge
3703 4586 3754 4634 et
3780 4592 3898 4633 am-

500 4662 657 4758 fac-it.
691 4666 818 4758 «uin
869 4669 1162 4758 mandatis
1216 4671 1346 4741 ejus
1396 4671 1594 4743 cupiet
1643 4671 1841 4727 nimis.
1881 4695 1900 4721 ιι
1948 4673 2151 4729 Videte
2180 4694 2226 4758 Β
2261 4673 2388 4728 bula
2419 4673 2554 4742 (Act.
2594 4688 2676 4740 ιιι,
2706 4673 2784 4741 6).
2818 4671 2965 4734 Quid
3000 4674 3090 4725 est
3135 4670 3350 4740 majus,
3384 4669 3692 4741 pecuniam
3740 4667 3895 4758 dare,

500 4751 643 4823 quid
692 4752 851 4815 dicat
883 4772 896 4810 ε
931 4756 1055 4813 Non
1107 4758 1271 4824 dixit,
1315 4762 1590 4816 mandata
1617 4762 1746 4831 ejus
1795 4762 1952 4818 facit.
1984 4762 2146 4818 Multi
2180 4751 2220 4758 ”
2258 4778 2327 4816 an
2361 4761 2612 4817 debilem
2655 4776 2866 4815 sanum
2916 4760 3106 4814 facere
3129 4758 3156 4813 ?
3180 4782 3207 4809 α
3235 4758 3546 4813 Jucundus
3595 4759 3768 4817 homo
3798 4756 3897 4827 qui

501 4841 659 4903 enim
691 4844 749 4898 et
776 4843 986 4907 timore
1032 4846 1275 4917 faciunt,
1310 4840 1367 4905 et
1396 4850 1724 4907 mercedem
1757 4868 1870 4907 non
1903 4852 2140 4907 habent.

503 4930 609 4997 Qui
641 4931 799 4995 enim
829 4934 1158 5007 gehennam
1193 4938 1377 5009 timet,
1401 4943 1459 4995 et
1488 4944 1792 5011 propterea
1823 4958 1939 4996 non
1970 4941 2144 4997 forni-

503 5025 687 5092 catur,
722 5039 836 5079 non
876 5023 1053 5082 habet
1082 5030 1302 5083 tantam
1354 5028 1705 5095 inercedem,
1739 5034 2021 5100 quantam
2052 5028 2148 5083 ille

503 5109 873 5184 qui‘propter
900 5112 1270 5173 dilectionem
1301 5117 1397 5172 Dei
1420 5117 1576 5172 facit.
1610 5121 1672 5173 In
1697 5118 1990 5173 mandatis
2019 5118 2148 5190 ejus

501 5198 817 5267 Yelstbhoc
865 5209 973 5272 est,
1006 5204 1130 5260 vult
1177 5206 1375 5271 nimis,
1408 5206 1515 5261 hoc
1547 5210 1656 5268 est,
1692 5206 1967 5262 mandata
2018 5208 2147 5277 ejus

503 5287 691 5346 facere
745 5292 1055 5348 desiderat.
1099 5295 1398 5358 Quomodo
1448 5294 1684 5365 aliquis,
1716 5295 1763 5351 si
1816 5294 1872 5349 in
1906 5296 2146 5352 testibus

502 5377 600 5447 sit,
647 5380 817 5439 sitit:
853 5381 933 5439 ita
981 5383 1074 5438 ille
1123 5385 1417 5441 desiderat
1465 5386 1763 5449 mandata,
1795 5385 2045 5439 Domini.
2084 5386 2143 5440 in

502 5469 794 5532 mandatis
824 5470 1052 5528 Domini
1086 5474 1236 5529 volet
1269 5474 1464 5529 nimis.
1498 5474 1682 5530 Anxie
1717 5474 1988 5530 mandata
2016 5474 2143 5544 ejus

501 5573 616 5615 non
664 5560 822 5628 facit,
854 5563 952 5619 sed
1004 5563 1127 5620 vult
1160 5581 1172 5620 :
1208 5569 1265 5619 et
1300 5564 1433 5620 'vult
1484 5582 1599 5621 non
1651 5564 2007 5629 transitorie,
2039 5566 2139 5619 sed

499 5646 691 5703 nimis.
726 5649 957 5707 Tertius
986 5653 1307 5709 versiculus
1338 5659 1423 5709 est
1453 5670 1464 5708 :

572 5755 602 5785 ‹‹
634 5734 841 5795 Potens
870 5739 931 5796 in
964 5745 1118 5799 terra
1142 5743 1251 5800 erit
1265 5758 1469 5800 semen
1493 5744 1642 5815 ejus.
1668 5764 1695 5795 ››
1721 5744 1828 5811 Qui
1861 5744 2141 5803 mandata

2255 4850 2563 4906 miseretur
2592 4853 2647 4905 et
2696 4848 3047 4903 commodat.
3086 4869 3112 4896 ››
3144 4849 3278 4913 Quae
3309 4850 3447 4902 sunt
3493 4846 3619 4902 ista:
3648 4844 3898 4902 eleemo-

2260 4956 2438 5009 synze,
2470 4937 2611 5009 quid
2645 4938 2722 4993 sit
2751 4938 2859 4993 hoc
2887 4936 3039 5008 quod
3073 4936 3406 4992 commodat
3433 4935 3521 4991 vir
3542 4934 3788 5007 justus?
3808 4949 3896 4990 se—

2259 5028 2488 5083 cumlus
2536 5025 2861 5083 versiculus
2910 5026 3184 5083 ostendit.
3224 5046 3245 5073 ι
3281 5023 3553 5096 Disponit
3600 5038 3895 5079 sermones

2259 5134 2397 5173 suos
2431 5117 2485 5171 in
2530 5115 2775 5187 judicio.
2812 5137 2841 5166 »
2872 5116 2995 5171 Non
3031 5114 3178 5170 dixit
3207 5130 3221 5167 :
3256 5130 3466 5169 aurum
3498 5129 3695 5179 suum,
3724 5115 3784 5170 et
3809 5129 3895 5167 ar-

2256 5210 2520 5278 gentum,
2555 5210 2612 5261 et
2660 5206 2964 5278 pecuniam
3013 5202 3275 5275 disponit
3333 5203 3392 5257 in
3435 5202 3659 5273 judicio
3709 5220 3721 5257 :
3771 5202 3893 5268 sed,
3966 5218 3975 5223 ’

2260 5318 2287 5345 α
2321 5313 2621 5352 sermones
2653 5313 2792 5351 suos
2822 5293 3083 5365 disponit
3130 5293 3191 5347 in
3217 5291 3461 5363 judicio.
3499 5316 3527 5341 ››
3558 5293 3644 5347 Ita
3670 5295 3757 5348 est
3787 5290 3901 5345 mi-~

2257 5386 2590 5449 sericordia,
2624 5384 2671 5440 si
2704 5386 2789 5439 vir
2819 5386 3058 5439 sanctus
3085 5382 3290 5437 doceat
3323 5380 3470 5437 alios
3490 5382 3591 5453 qui
3614 5397 3728 5437 non
3760 5383 3897 5436 sunt

2256 5474 2463 5530 sancti.
2499 5498 2523 5523 ‹‹
2560 5474 2830 5546 Disponit
2862 5488 3161 5528 sermones
3210 5489 3348 5525 suos
3381 5470 3437 5525 in
3463 5471 3705 5541 judicio.
3743 5493 3763 5520 ι
3803 5470 3893 5524 In.

2253 5562 2581 5619 telleximus
2613 5580 2748 5635 ergo
2771 5579 2898 5634 quae
2932 5565 3073 5615 sunt
3090 5560 3351 5632 pecunia)
3367 5577 3493 5633 qua)
3522 5559 3894 5616 commoden-

2252 5658 2367 5709 tur.
2402 5652 2617 5709 Verum
2670 5653 2778 5708 hoc
2828 5650 2983 5722 quod
3034 5650 3195 5720 dicit,
3231 5650 3551 5722 «disponit
3596 5664 3895 5707 sermones

2251 5759 2391 5800 suos
2423 5742 2481 5799 in
2500 5741 2745 5814 judicio,
2775 5764 2800 5790 »
2828 5740 2934 5796 hoc
2956 5743 3047 5797 est
3071 5738 3227 5811 quod
3251 5738 3466 5795 dicitur
3486 5738 3546 5795 in
3563 5736 3891 5811 Evangelia,
