4256 6592
273 441 422 515 12ιι

1419 452 1939 517 ιΒΠΕἮΑΒΙΠΜ
1981 453 2062 515 ΙΝ
2109 451 2489 515 PSALMOS.

3520 450 3544 511 l
3558 450 3676 514 242

269 593 342 636 ne
415 577 721 636 mittamus
795 580 1143 654 margaritas
1209 588 1443 640 nostras
1503 590 1638 642 ante
1705 603 1909 658 porcos
1939 589 2075 654 Aet
2128 587 2539 658 confundantur
2591 585 2748 657 (Ibid.
2811 585 2896 654 II).
2958 584 3021 639 Et
3070 583 3228 639 alibi.
3288 583 3560 640 Videbunt
3615 587 3677 640 in

271 668 475 737 (Matth.
503 686 604 736 νυ,
649 670 724 740 6).
771 674 889 725 Hoc
919 676 1026 738 est,
1082 676 1145 726 ut
1193 673 1338 728 sciat
1386 674 1794 747 unusquisque
1824 676 1916 729 cui

269 756 498 827 tribuit,
532 758 672 829 quid
703 759 890 829 possit
911 760 1191 832 accipere,
1213 761 1352 832 quid
1379 779 1492 817 non
1524 763 1728 834 possit.
1756 763 1918 819 Unde

267 844 357 900 vir
385 849 623 923 sanctus
655 847 797 902 dicit
847 865 859 903 :
909 853 978 904 In
1025 849 1181 904 corde
1227 866 1344 906 meo
1395 851 1656 907 abscondi
1697 853 1919 923 eloquia

269 941 387 1001 tua,
437 941 495 990 ut
538 919 642 991 non
692 953 901 1007 peccem
948 939 1052 994 tibi
1100 939 1499 1010 (Psal.cxv1u,
1536 942 1642 1009 11).
1677 919 1810 997 Non
1849 958 1918 996 ea

269 1023 402 1078 dedi
433 1023 649 1094 quibus
679 1023 869 1082 libuit.
901 1027 1026 1082 Non
1058 1032 1327 1085 sanctum
1379 1033 1547 1084 tuum
1598 1029 1730 1084 misi
1763 1029 1917 1084 cani-

267 1111 400 1176 bus,
431 1115 490 1167 et
517 1114 864 1186 margaritas
894 1114 1025 1169 dedi
1060 1115 1272 1186 porcis.
1303 1116 1532 1171 Grande
1562 1116 1740 1187 igitur
1768 1116 1914 1188 peri-

268 1200 467 1259 culum
499 1205 588 1256 est
617 1202 893 1268 doctoris,
915 1204 1089 1259 verba
1119 1203 1349 1260 Domini
1381 1205 1572 1276 porcis
1593 1205 1909 1260 effundere.

159 1337 169 1345 .
265 1288 448 1350 Multa
478 1295 618 1345 sunt
648 1307 774 1361 quae
803 1291 1075 1347 dicantur
1104 1293 1173 1347 de
1205 1292 1452 1363 psalmo.
1490 1294 1599 1349 Sed
1632 1294 1911 1364 quoniam

264 1376 630 1440 excludimur
659 1378 822 1446 hora,
856 1380 1272 1436 benedicamus
1303 1381 1762 1452 omnipotentem
1805 1386 1912 1437 Do-

265 1465 515 1534 minum,
549 1471 606 1522 et
653 1467 753 1540 qui
806 1469 981 1525 habet
1032 1469 1178 1525 tales
1211 1470 1515 1542 pecunias,
1549 1470 1768 1526 tribuat
1798 1487 1910 1526 non

263 1546 639 1612 habentibus.
673 1556 778 1620 Qui
813 1573 944 1612 vero
977 1575 1089 1613 non
1139 1557 1332 1626 habet,
1369 1558 1616 1614 libenter
1644 1559 1910 1631 accipiat.

263 1642 504 1699 Praestet
528 1648 722 1700 autem
759 1646 1038 1701 Dominus
1067 1650 1124 1701 ct
1155 1647 1321 1713 mihi,
1355 1652 1420 1702 ut
1450 1652 1505 1703 et
1532 1665 1637 1721 ego
1668 1649 1781 1704 ista
1809 1648 1912 1702 ha-

262 1731 432 1786 beam
468 1731 728 1800 divitias;
763 1738 826 1788 ut
847 1739 902 1788 et
928 1752 1039 1790 non
1072 1735 1423 1792 habentibus
1447 1737 1600 1805 dem,
1625 1741 1680 1791 et
1703 1737 1915 1792 haben-

177 1818 180 1820 ’
263 1819 423 1876 tibus
442 1821 674 1876 divitias
700 1823 1088 1889 cumulem,ut
1111 1825 1528 1880 beatitudinem
1555 1826 1813 1894 istam,et
1833 1825 1914 1880 di-

263 1925 400 1964 cens
425 1909 670 1966 habeam
693 1915 749 1966 et
770 1911 1252 1969 audiens.Beatus
1268 1919 1356 1968 est
1378 1913 1531 1969 enim
1547 1914 1645 1986 qui
1668 1915 1722 1968 in
1743 1931 1912 1970 aures

269 1996 527 2068 loquitur
548 1999 1013 2066 audientis.Quid
1033 2002 1186 2056 enim
1212 2003 1353 2056 mihi
1383 2004 1620 2074 prodest
1650 2002 1829 2074 loqui,
1864 2003 1913 2058 si

264 2085 415 2141 alius
439 2089 612 2143 verba
635 2105 765 2144 mea
785 2107 900 2152 non
925 2090 1255 2163 suspiciat?
1287 2092 1432 2155 Quid
1466 2092 1704 2162 prodest
1726 2091 1913 2146 mitte-

263 2191 324 2229 re
346 2175 570 2247 vinum,
588 2178 636 2232 si
658 2178 856 2234 statim
882 2180 1034 2250 quod
1062 2180 1709 2247 mittitur,ell'undatur?
1739 2179 1912 2235 Vides

261 2255 446 2331 quod~
467 2263 526 2317 in
577 2265 886 2337 Evangelio
917 2283 1069 2338 aqua
1097 2266 1196 2320 illa
1225 2266 1284 2321 in
1319 2256 1585 2338 hydriam
1635 2268 1909 2333 mittitur,

261 2354 318 2404 et
348 2350 407 2405 in
438 2351 638 2407 vinum
667 2354 932 2422 vertitur,
978 2360 1034 2410 et
1075 2361 1341 2410 servatur
1386 2373 1456 2411 ne
1500 2362 1698 2428 pereat
1729 2357 1908 2427 (Joan.

261 2454 325 2509 II,
375 2441 550 2511 6-10).
601 2443 901 2509 Miseretur,
933 2443 989 2498 id
1042 2449 1130 2498 est
1181 2445 1239 2498 in
1284 2447 1474 2512 corde,
1527 2450 1584 2501 et
1627 2445 1811 2500 credit
1849 2446 1906 2499 in

261 2546 452 2600 opere.
488 2531 713 2585 Bonum
737 2535 825 2585 est
855 2533 1108 2587 tribuere
1140 2533 1532 2589 substantiam
1565 2538 1852 2589 terrenam
1893 2554 1906 2590 :

261 2617 364 2673 sed
397 2616 608 2671 melius
639 2623 729 2673 est
765 2618 822 2673 in
857 2621 1320 2677 annuntiandam
1355 2622 1906 2694 misericordiam,id

261 2709 370 2775 est,
404 2710 469 2760 ut
497 2706 697 2761 tradas
726 2707 784 2761 in
827 2707 1198 2777 oblivionem,
1246 2711 1344 2782 qui
1395 2711 1499 2765 tibi
1552 2711 1704 2767 male
1755 2712 1906 2782 fecit,

260 2795 370 2850 hoc
402 2798 508 2866 est,
542 2800 604 2849 ut
634 2795 941 2869 indulgeas
982 2799 1081 2870 qui
1130 2799 1190 2853 in
1239 2803 1294 2854 te
1342 2801 1617 2872 peccavit.
1653 2825 1672 2850 α
1711 2801 1908 2873 Dispo-

261 2884 381 2939 suit
411 2901 710 2939 sermones
761 2903 899 2942 suos
945 2889 1002 2941 in
1039 2888 1284 2958 judicio,
1343 2912 1361 2938 υ
1421 2889 1528 2944 hoc
1577 2894 1684 2955 est,
1724 2890 1910 2960 judex

261 2973 668 3044 suimetipsius
698 2976 976 3031 est.Dicit
1004 2979 1156 3048 apud
1191 2978 1906 3050 semetipsuszominus

259 3060 444 3116 dixit:
477 3062 534 3115 Si
569 3062 842 3130 dimittis,
874 3065 1202 3121 dimittetur
1232 3066 1337 3122 tibi
1375 3085 1387 3122 :
1422 3067 1470 3122 si
1511 3069 1637 3138 das,
1671 3069 1908 3123 dabitur

255 3150 364 3204 tibi
394 3151 603 3218 (Matth.
636 3169 714 3221 v1,
750 3154 858 3221 15).
893 3154 1037 3218 Quia
1068 3153 1163 3208 ille
1193 3155 1293 3225 qui
1323 3155 1407 3210 sic
1437 3172 1499 3210 se
1534 3156 1765 3225 judicat
1813 3156 1906 3211 hic

255 3236 316 3292 in
349 3240 641 3309 praesenti,
680 3245 826 3296 Deus
856 3241 1023 3295 illum
1058 3248 1295 3297 coronat
1339 3244 1396 3297 in
1448 3248 1663 3298 tuturo.
1700 3266 1727 3293 ‹‹
1761 3245 1906 3308 Quia

2024 691 2183 747 quem
2211 680 2649 746 compunxerunt
2679 673 2929 746 (Zaehar.
2963 687 3064 740 XII,
3103 673 3210 739 10),
3244 672 3301 727 id
3334 677 3440 739 est,
3491 673 3675 728 visuri

2025 763 2378 820 eruntillam
2412 765 2656 818 formam
2689 762 2838 818 servi
2869 767 2927 816 et
2959 759 3238 828 hominis,
3264 777 3442 831 quam
3477 760 3674 832 digna-

2025 857 2122 908 tus
2154 859 2243 908 est
2273 853 2568 924 suscipere
2599 853 2669 906 de
2701 856 2900 906 nostra
2926 849 3321 915 humanitate;
3355 849 3456 904 sed
3506 848 3671 904 illam

2024 941 2270 1014 gloriam
2304 958 2481 1012 quam
2513 941 2697 995 sancti
2729 939 3050 1008 habebunt,
3083 954 3188 994 nec
3237 937 3538 993 habebunt
3569 954 3674 992 nec

2023 1029 2322 1096 videbunt,
2356 1032 2413 1084 et
2441 1033 2729 1099 quantum
2761 1027 3060 1095 videbunt,
3085 1028 3158 1082 ad
3180 1025 3415 1082 illorum
3443 1041 3674 1098 poenam

2023 1117 2323 1172 videbunt.
2356 1141 2382 1167 ‹‹
2418 1118 2484 1171 Et
2515 1118 2816 1172 irascetur.
2853 1141 2874 1167 ι
2911 1116 3030 1172 Hoc
3061 1119 3170 1183 est,
3201 1115 3671 1189 contrafseipsos;

2023 1221 2088 1260 eo
2121 1206 2270 1277 quod
2308 1223 2422 1260 non
2454 1206 2715 1260 fecerunt
2762 1204 2930 1260 bona.
2982 1205 3123 1260 Sera
3174 1203 3516 1275 pmnitentia
3564 1203 3676 1259 erit

2023 1293 2128 1348 illi.
2157 1294 2377 1350 Dicturi
2408 1297 2580 1350 erunt
2629 1311 2640 1348 :
2690 1294 2790 1349 Isti
2813 1291 3205 1364 sunt,quosin
3239 1291 3672 1364 despectionem

2022 1382 2339 1438 habuimus
2373 1401 2385 1437 :
2418 1399 2548 1438 ecce
2580 1383 2730 1438 inter
2759 1382 2919 1454 ipsos
2952 1382 3048 1437 Dei
3082 1397 3278 1436 servos
3328 1385 3469 1435 sunt
3501 1397 3671 1451 repug-

2023 1471 2148 1525 tati.
2195 1471 2351 1526 Nihil
2397 1471 2740 1542 profuerunt
2799 1471 2967 1525 nobis
3014 1469 3395 1525 abundantiae
3443 1467 3670 1523 divitia-

2023 1575 2154 1613 rum
2189 1575 2200 1613 :
2233 1559 2327 1614 Sol
2375 1577 2492 1614 non
2540 1565 2703 1614 ortus
2767 1563 2856 1614 est
2901 1560 3088 1613 nobis.
3146 1581 3166 1606 ι
3215 1557 3500 1613 Dentibus
3546 1556 3668 1611 suis

2023 1647 2232 1703 fremet
2262 1652 2318 1702 et
2348 1648 2619 1704 tabescet.
2657 1671 2683 1697 ››
2724 1649 2824 1703 Per
2873 1647 3181 1702 stridorem
3232 1647 3517 1711 dentium,
3570 1645 3668 1699 fri-

2023 1752 2132 1807 gus
2180 1735 2544 1808 intelligitur,
2600 1740 2664 1791 ut
2709 1736 2856 1792 illud
2892 1753 2904 1791 :
2939 1737 3020 1791 Ibi
3049 1737 3159 1790 erit
3185 1736 3343 1807 ﬂetus
3381 1743 3432 1789 et
3467 1735 3672 1790 stridor

2023 1825 2269 1879 dentium
2315 1825 2519 1896 (Matth.
2563 1843 2692 1892 xxv,
2741 1827 2850 1893 30).
2887 1824 3033 1888 Quia
3075 1829 3132 1879 et
3180 1823 3364 1895 frigus
3411 1828 3470 1878 et
3516 1822 3673 1878 calor

2023 1913 2131 1967 erit
2160 1913 2260 1980 ibi,
2294 1919 2350 1969 et
2380 1913 2540 1969 nulla
2572 1914 2822 1985 requies.
2845 1936 2864 1962 α
2901 1911 3265 1969 Desiderium
3298 1915 3671 1984 peccatorum

2023 2001 2251 2072 peribit,
2279 2023 2304 2051 η
2333 2002 2441 2058 hoc
2472 2007 2578 2070 est,
2613 2001 2812 2058 omnia
2840 2003 2994 2058 bona
3024 2019 3150 2073 quas
3181 2001 3276 2056 hic
3310 2001 3367 2054 in
3401 2001 3670 2072 praesenti

2022 2089 2372 2146 habuerunt.
2409 2091 2722 2162 Diligenter
2747 2091 2925 2162 igitur
2950 2090 3260 2146 audiamus
3292 2089 3468 2145 verba
3513 2089 3616 2144 Dei
3649 2106 3662 2143 :

2021 2179 2114 2234 cui
2148 2180 2220 2234 sit
2249 2179 2433 2249 gloria
2461 2179 2518 2235 in
2552 2179 2764 2236 saecula
2793 2177 3162 2236 szeculorum.
3197 2184 3405 2234 Amen.

2600 2304 2925 2359 PSALMUS
2965 2304 3129 2359 CXII.

2017 2377 2273 2449 Alleluia.
2299 2393 2422 2463 late
2456 2392 2719 2463 psalmus
2751 2393 2918 2447 docet
2949 2408 3077 2460 nos,
3107 2395 3192 2458 ut,
3216 2390 3482 2463 deposita
3507 2393 3667 2463 vetes

2090 2463 2136 2545 ri
2173 2462 2415 2545 malitia,
2437 2462 2730 2545 tanquam
2762 2465 2933 2545 modo
2963 2463 3145 2545 geniti
3189 2463 3441 2518 infantes
3473 2462 3531 2516 in
3563 2462 3664 2517 Dei

2091 2534 2366 2590 laudibus
2395 2534 2731 2607 gloriemur.
2764 2536 2862 2590 Ait
2889 2534 3045 2590 enim
3081 2551 3093 2587 ε

2094 2645 2120 2672 ‹‹
2153 2623 2429 2691 Laudate,
2459 2624 2643 2693 pueri,
2677 2621 3016 2688 Dominum,
3048 2621 3280 2677 laudate
3310 2639 3522 2677 nomen
3559 2623 3665 2677 Do-

2018 2710 2184 2766 mini.
2217 2731 2243 2761 »
2279 2710 2380 2766 Hic
2411 2711 2573 2782 pueri
2605 2714 2994 2782 provocantur
3023 2711 3094 2766 ad
3127 2709 3360 2766 laudem
3394 2709 3501 2765 :de
3535 2710 3662 2781 qui-

2017 2799 2128 2854 bus
2159 2800 2215 2854 in
2247 2800 2400 2855 Isaia
2433 2799 2696 2854 Salvator
2725 2799 2808 2855 ait
2851 2815 2865 2853 :
2914 2801 3042 2854 Ecce
3089 2815 3183 2869 ego
3225 2801 3274 2853 et
3315 2799 3483 2869 pueri
3530 2814 3663 2868 quos

2014 2890 2156 2944 mihi
2179 2889 2324 2944 dedit
2344 2889 2607 2944 Dominus
2639 2890 2763 2960 (lsa.
2796 2904 2920 2956 vm,
2950 2887 3061 2959 18).
3096 2887 3172 2943 Ex
3200 2904 3298 2942 ore
3326 2886 3542 2958 quippe
3571 2887 3660 2942 in-

2015 2977 2264 3032 fantium
2295 2982 2353 3032 et
2381 2977 2744 3044 laetantium,
2777 2977 2907 3033 laus
2937 2977 2996 3032 in
3036 2978 3217 3033 Deum
3267 2973 3439 3046 plena
3488 2975 3658 3046 perfi-

2016 3067 2168 3122 citur
2197 3069 2366 3135 (Psal.
2396 3085 2518 3134 vm,
2552 3068 2627 3139 3).

2089 3179 2116 3207 ‹‹
2166 3156 2254 3212 Sit
2306 3173 2518 3212 nomen
2568 3156 2800 3212 Domini
2831 3154 3225 3212 benedictum.
3265 3177 3284 3203 υ
3321 3153 3424 3209 Cui
3469 3153 3661 3210 omnis

2013 3249 2276 3300 creatura
2306 3245 2620 3301 benedicit.
2680 3245 2942 3301 Forsitan
2984 3259 3098 3298 non
3146 3243 3256 3298 fuit
3285 3246 3456 3298 antea
3486 3242 3662 3298 bene-

255 3325 316 3381 in
369 3331 649 3382 aeternum
700 3345 813 3383 non
863 3330 1402 3386 commovebitur.»
1438 3333 1552 3387 Iste
1598 3331 1732 3386 talis
1784 3349 1899 3387 non
1932 3321 1974 3387 C
2011 3331 2275 3388 dictum?
2315 3333 2448 3388 Fuit
2505 3348 2753 3404 semper,
2796 3331 2894 3386 sed
2954 3335 3151 3386 tamen
3209 3334 3378 3386 antea
3433 3331 3493 3385 in
3543 3347 3662 3386 una

255 3416 718 3472 commovebitur
745 3435 757 3472 :
793 3418 933 3490 quia
962 3435 1136 3491 supra
1170 3423 1393 3490 petram
1422 3420 1698 3475 fundatus
1729 3424 1835 3476 est.

329 3528 356 3554 ‹‹
391 3505 454 3560 In
488 3505 771 3561 memoria
816 3511 1030 3562 aeterna
1076 3508 1187 3563 erit
1233 3509 1446 3578 justus.
1485 3531 1512 3557 ››
1559 3508 1653 3564 [lle
1695 3509 1900 3578 justus

257 3610 490 3666 semper
518 3593 578 3649 in
609 3596 891 3651 memoria
925 3597 1016 3652 Dei
1050 3602 1160 3652 est.
1196 3618 1223 3646 ‹‹
1258 3598 1343 3653 Ab
1374 3597 1576 3652 auditu
1609 3598 1764 3654 malo
1784 3615 1901 3654 non

253 3683 504 3738 timebit.
537 3706 565 3734 »
600 3685 684 3740 Ab
736 3685 858 3756 illo,
908 3685 1207 3757 discedite,
1269 3704 1301 3742 o
1358 3687 1648 3743 maledicti
1693 3688 1898 3758 (Matth.

251 3789 380 3840 xxv,
416 3774 506 3842 41)
526 3773 536 3827 l

324 3861 663 3917 «Paratum
713 3880 811 3918 cor
857 3864 984 3934 eius
1030 3881 1262 3936 sperare
1309 3866 1369 3920 in
1420 3865 1687 3922 Domino.
1725 3889 1751 3915 ››
1784 3871 1901 3923 Hoc

250 3953 362 4017 est,
394 3967 501 4006 sua
533 3967 666 4022 spes
699 3968 930 4024 semper
959 3953 1015 4006 in
1050 3954 1166 4009 Deo
1216 3959 1423 4026 parata
1466 3960 1574 4011 est.
1615 3979 1635 4004 ι
1680 3957 1899 4011 Conﬁr-

249 4043 476 4094 matum
507 4043 596 4095 est
625 4057 723 4095 cor
752 4043 898 4112 ejus.
936 4065 963 4089 ››
994 4043 1205 4097 Anima
1234 4043 1392 4098 illius
1442 4044 1501 4097 in
1527 4045 1657 4098 fide.
1695 4067 1723 4092 «
1774 4045 1898 4100 Non

251 4128 734 4184 commovebitur.
780 4150 809 4179 »
861 4131 942 4184 De
987 4130 1112 4201 ipsa
1165 4131 1274 4186 ﬁde
1321 4133 1393 4187 ad
1443 4131 1896 4189 infidelitatem:

249 4215 390 4285 quia
438 4233 620 4286 super
674 4221 899 4288 petram
959 4218 1238 4274 fundatus
1286 4224 1393 4286 est,
1449 4221 1506 4274 id
1564 4225 1671 4285 est,
1724 4237 1900 4294 super

248 4301 603 4359 Christum.«
640 4305 831 4360 Donec
860 4305 1146 4376 despiciat
1172 4307 1442 4365 inimicos
1473 4326 1664 4364 suos.»
1697 4310 1752 4364 ld
1787 4315 1894 4377 est,

246 4392 389 4448 vitia
418 4397 474 4448 et
503 4396 756 4464 peccata,
792 4409 996 4450 omnes
1027 4395 1390 4465 beereses,vel
1423 4401 1768 4468 potestatem
1793 4399 1898 4455 ini-

249 4480 536 4538 micorum
568 4481 834 4554 despicit.

327 4594 354 4621 ‹‹
389 4570 864 4643 Dispersit,dedit
895 4571 1517 4644 pauperibus,justitia
1538 4575 1666 4646 ejus
1699 4582 1896 4632 manet

2011 3425 2184 3492 gente
2210 3421 2542 3477 Iudaeorum
2573 3419 2979 3476 tantummodo
3021 3417 3104 3472 illi
3155 3417 3573 3474 benedicebant
3603 3421 3661 3474 et

2011 3508 2325 3564 credebant
2357 3526 2369 3563 :
2405 3508 2506 3564 sed
2539 3507 2711 3564 modo
2742 3507 2800 3562 in
2833 3507 3108 3563 omnibus
3147 3506 3420 3578 gentibus
3450 3509 3506 3561 et
3534 3521 3656 3562 cre-

2011 3598 2187 3666 ditur,
2241 3601 2295 3653 et
2347 3596 2730 3653 benedicitur.
2766 3618 2793 3645 ‹‹
2827 3597 2904 3651 Ex
2934 3595 3041 3652 hoc
3074 3612 3229 3650 nunc
3277 3600 3331 3650 et
3379 3611 3567 3668 usque
3597 3596 3656 3650 in

2010 3686 2308 3743 saeculum.
2345 3709 2373 3737 α
2404 3687 2484 3742 Ex
2511 3686 2640 3753 hcc,
2677 3685 2730 3740 id
2765 3690 2872 3756 est,
2917 3702 3032 3757 quo
3081 3685 3422 3756 inceperunt
3459 3684 3658 3740 homi-

2010 3793 2134 3847 nes,
2165 3780 2220 3832 et
2250 3776 2484 3831 credere
2513 3779 2571 3831 et
2599 3775 2859 3830 laudare.
2884 3775 2954 3830 Et
2975 3773 3272 3844 n.unc,hoc
3301 3777 3393 3829 est
3423 3773 3482 3828 in
3512 3790 3654 3845 pra-:-

2011 3866 2159 3922 senti
2193 3882 2204 3919 :
2233 3888 2259 3915 ‹‹
2286 3866 2355 3920 Et
2385 3882 2569 3936 usque
2600 3864 2657 3919 in
2690 3864 3041 3932 saeculum,»
3079 3863 3187 3920 boc
3217 3868 3326 3932 est,
3360 3863 3488 3920 sine
3521 3863 3653 3919 fine.

2010 3954 2154 4010 Nam
2187 3959 2245 4011 et
2274 3959 2443 4010 antea
2475 3971 2707 4025 semper
2737 3953 2846 4008 fuit
2867 3953 3260 4008 benedictum.

2081 4066 2108 4092 «
2141 4045 2185 4097 A
2231 4043 2372 4098 solis
2424 4047 2552 4098 ortu
2598 4058 2786 4113 usque
2834 4042 2904 4096 ad
2954 4055 3246 4097 occasum.
3284 4061 3311 4088 »
3345 4039 3405 4094 Id
3437 4042 3545 4107 est,
3581 4040 3654 4094 ab

2007 4131 2174 4186 initio
2205 4131 2526 4187 nativitatis
2557 4134 2768 4184 nostrae
2801 4145 2987 4201 usque
3017 4129 3088 4184 ad
3122 4131 3390 4185 mortem.
3423 4149 3452 4177 «
3503 4129 3650 4183 Lau-

2007 4219 2199 4276 dabile
2232 4236 2441 4274 nomen
2473 4217 2721 4274 Domini.
2760 4244 2779 4266 n
2815 4218 2887 4273 Ut
2915 4234 3094 4289 supra
3123 4217 3260 4272 dixi.

2085 4329 2106 4356 α
2141 4308 2414 4364 Excelsus
2449 4310 2728 4364 Dominus
2757 4324 2932 4379 super
2961 4323 3166 4363 omnes
3194 4309 3654 4379 gentes.»Num-

2007 4397 2146 4469 quid
2179 4402 2347 4453 antea
2381 4414 2492 4453 non
2523 4399 2648 4453 erat
2677 4395 2980 4454 excelsus?
3011 4395 3146 4452 Erat.
3184 4399 3242 4450 in
3273 4394 3494 4459 Judiea,
3528 4409 3652 4448 mo-

2006 4487 2079 4542 do
2109 4503 2285 4559 super
2313 4503 2516 4542 omnes
2546 4490 2769 4557 gentes.
2801 4485 2950 4540 Dicit
2972 4502 3072 4556 per
3093 4483 3433 4556 prophetam
3461 4500 3473 4537 :
3498 4483 3647 4545 Quo-

2006 4575 2162 4630 niam
2208 4575 2390 4629 voluit
2438 4573 2744 4645 reprobare
2789 4573 3042 4640 Judaaos,
3075 4577 3132 4628 et
3168 4571 3380 4645 eligere
3427 4575 3648 4645 gentes.
3697 4589 3700 4594 '

251 4659 308 4715 in
360 4659 639 4715 saeculum
689 4660 906 4716 saeculi.
940 4683 968 4711 »
1006 4663 1301 4731 Dispersit,
1349 4663 1458 4718 hoc
1505 4667 1614 4730 est,
1645 4665 1898 4734 partitus
1926 4685 1972 4749 Β
2005 4686 2032 4712 ‹‹
2068 4665 2138 4719 Et
2169 4681 2344 4736 super
2374 4662 2549 4718 cmlos
2579 4661 2764 4734 gloria
2793 4662 2991 4732 ejus.»
3024 4661 3141 4717 Hoc
3173 4665 3282 4730 est,
3313 4677 3487 4733 super
3507 4665 3649 4716 San-

249 4754 358 4805 est.
390 4747 514 4804 Non
546 4748 692 4804 dixit
723 4766 736 4804 :
770 4751 982 4805 Totum
1027 4751 1102 4805 da
1140 4750 1241 4806 uni
1290 4750 1534 4824 homini,
1567 4754 1667 4808 sed
1711 4753 1850 4810 dicit
1880 4771 1895 4811 :

255 4839 394 4896 Vade
443 4847 492 4893 et
535 4838 706 4894 vende
751 4841 946 4895 omnia
991 4857 1108 4912 quae
1157 4841 1343 4908 habes,
1374 4845 1425 4896 et
1453 4842 1524 4896 (la
1562 4845 1898 4914 pauperibus

249 4928 447 4998 (Mare.
481 4944 536 4998 x,
570 4929 661 4998 21,
691 4936 745 4983 et
775 4930 900 4984 Luc.
951 4947 1112 5000 xvm,
1165 4931 1272 4998 18).
1330 4931 1477 4997 Quia
1534 4949 1634 5003 per
1682 4932 1896 4988 multos

245 5016 348 5072 illa
373 5016 623 5088 partitus
654 5021 763 5083 est,
795 5017 885 5073 vel
913 5019 1187 5090 dispersit
1215 5035 1227 5073 :
1260 5020 1398 5091 quia
1425 5020 1558 5090 plus
1596 5026 1686 5077 est
1714 5023 1896 5077 oratio

248 5106 571 5162 multorum
620 5123 800 5178 quam
850 5108 1029 5164 unius
1073 5108 1349 5164 hominis.
1401 5132 1428 5158 ‹‹
1476 5109 1714 5166 Justitia
1768 5113 1895 5181 ejus

247 5199 448 5252 manet
477 5196 534 5251 in
567 5195 844 5252 saeculum
885 5197 1103 5269 saeculi,
1140 5221 1166 5245 ››
1199 5197 1306 5252 hoc
1354 5201 1442 5253 est
1489 5215 1683 5270 opera,
1733 5199 1893 5255 illius

247 5285 770 5358 ipsapermanent.
805 5309 833 5334 «
865 5287 1056 5343 Cornu
1103 5288 1232 5358 ejus
1279 5287 1630 5343 exaltabitur
1661 5289 1718 5344 in
1765 5288 1893 5360 glo-

245 5374 350 5429 ria.
387 5397 415 5422 ››
447 5375 564 5431 Hoc
595 5378 703 5443 est,
735 5392 982 5447 regnum
1013 5377 1201 5448 ipsius
1233 5361 1576 5432 excitabitur
1610 5380 1665 5432 in
1691 5380 1889 5447 gloria,

243 5463 351 5520 hoc
382 5467 490 5532 est,
524 5481 657 5521 cum
689 5465 806 5522 Deo
836 5464 963 5520 erit.

272 5604 278 5611 .
312 5554 566 5610 Peccator
594 5554 812 5613 videbit.
833 5555 1136 5619 Quomodo
1167 5555 1404 5626 videbit,
1436 5555 1574 5627 quia
1606 5556 1893 5628 Propheta

241 5640 429 5700 dicit:
473 5642 712 5700 Tollatur
757 5644 962 5715 impius
1008 5659 1076 5698 ne
1121 5643 1300 5701 videat
1346 5647 1582 5716 gloriam
1619 5646 1715 5700 Dei
1764 5645 1887 5714 (Isa.

239 5746 392 5798 XXVI,
431 5731 524 5806 .10,
555 5747 660 5791 see.
695 5732 874 5804 LXX).
923 5733 1140 5789 Tamen
1185 5734 1570 5807 subsequitur
1602 5751 1615 5789 :
1652 5733 1891 5789 Videant

2007 4756 2129 4810 ctos
2161 4770 2268 4808 sua
2297 4751 2498 4825 gloria.

2079 4866 2106 4890 «
2141 4841 2280 4906 Quis
2310 4841 2465 4897 sicut
2513 4840 2797 4896 Dominus
2847 4840 3002 4896 Deus
3053 4840 3285 4897 noster?
3315 4862 3342 4890 »
3372 4841 3450 4895 Ac
3479 4840 3532 4896 si
3561 4838 3648 4893 di-

2007 4934 2099 4986 cat
2131 4947 2142 4986 :
2180 4929 2387 4986 Nullus
2418 4929 2572 4986 talis.
2607 4929 2679 4984 Ut
2710 4929 2853 4984 illud
2889 4947 2901 4985 :
2937 4932 3069 4998 Quis
3095 4931 3300 4985 similis
3331 4931 3473 4983 inter
3501 4926 3651 4996 ﬁlios

2010 5022 2108 5076 Dei
2137 5021 2305 5091 (Psal.
2340 5037 2607 5084 Lxxxvm,
2651 5019 2746 5090 7)?
2793 5021 2862 5075 Et
2908 5019 3045 5074 alibi
3095 5018 3237 5073 dicit
3267 5035 3278 5070 :
3314 5018 3429 5071 Non
3461 5024 3540 5070 est
3567 5017 3647 5068 si-

2003 5109 2154 5165 milis
2185 5110 2288 5164 tibi
2318 5110 2375 5165 in
2402 5109 2536 5176 diis,
2571 5111 2795 5165 Domine
2824 5109 2995 5177 (Psal.
3041 5123 3237 5174 Lxxxv,
3268 5104 3343 5175 5).
3377 5127 3405 5154 «
3452 5102 3556 5169 Qui
3588 5103 3647 5158 in

2004 5197 2138 5254 altis
2180 5197 2426 5264 habitat,
2478 5202 2536 5254 et
2584 5197 2829 5253 humilia
2877 5194 3112 5266 respicit
3164 5193 3222 5248 in
3282 5192 3422 5248 ccelo
3477 5196 3533 5247 et
3588 5191 3649 5246 in

2005 5291 2177 5343 terra.
2217 5313 2236 5336 ιι
2282 5309 2303 5334 ‹‹
2340 5289 2399 5342 In
2433 5287 2590 5352 altis,
2627 5308 2654 5336 »
2689 5285 2796 5341 hoc
2827 5288 2915 5340 est
2963 5284 3020 5339 in
3067 5281 3306 5338 sanctis.
3350 5280 3646 5352 Numquid

2002 5381 2058 5432 et
2089 5377 2146 5432 in
2177 5376 2504 5432 humilibus
2535 5392 2646 5430 non
2679 5372 2896 5429 habitat
2917 5375 2942 5427 ‘?
2975 5373 3210 5443 Habitat,
3242 5370 3380 5443 quia
3425 5370 3485 5425 in
3537 5370 3646 5424 hu-

2002 5466 2244 5522 milibus
2274 5465 2510 5537 respicit
2563 5479 2576 5519 :
2627 5467 2690 5517 ut
2717 5462 2859 5517 illud
2896 5478 2907 5515 :
2941 5463 3116 5532 Super
3146 5478 3308 5531 quem
3339 5461 3646 5532 respiciam,

2003 5557 2112 5610 nisi
2168 5572 2332 5626 super
2387 5553 2653 5608 humilem
2695 5561 2744 5606 et
2799 5554 3118 5607 trementem
3172 5565 3448 5606 sermones
3503 5565 3647 5606 meos

2001 5643 2126 5713 (Isa.
2179 5661 2324 5714 LXVI,
2383 5641 2475 5711 2)?
2527 5641 2768 5704 Quando
2817 5646 2956 5695 sunt
3002 5639 3101 5695 alti
3143 5638 3366 5695 sancti?
3404 5638 3646 5700 Quando

2002 5731 2474 5806 contemplantur
2504 5731 2574 5787 de
2602 5729 3033 5787 coelestibus.Et
3062 5734 3201 5785 tunc
3222 5731 3360 5788 sunt
3389 5725 3644 5784 humiles
