4244 6582
576 421 730 484 1243

2062 426 2487 493 APPENDIX.

3828 424 3985 491 1244

573 558 634 615 in
663 563 816 615 terra
849 574 861 613 :
895 557 1130 630 quando
1161 577 1223 617 se
1253 558 1568 619 humiliant
1598 561 1654 618 in
1687 563 1890 629 activa,
1918 563 2218 620 elevantur
2244 563 2300 630 Α
2327 563 2504 620 tualis
2534 563 2745 620 domus
2773 564 2954 621 Jacob
2985 563 3211 621 liberati
3240 579 3450 620 sumus
3481 560 3554 619 ab
3585 560 3704 621 illis
3735 563 3986 620 inﬁdeli-

576 648 635 703 in
679 648 1146 720 contemplativa.
1199 653 1265 704 Et
1313 649 1396 704 illi
1453 652 1554 722 qui
1612 652 1706 707 hic
1765 653 1821 708 in
1883 659 2038 708 terra
2085 657 2225 708 sunt

577 738 852 806 humiles,
885 740 1038 811 apud
1070 738 1250 794 Deum
1293 744 1433 795 sunt
1481 741 1601 796 alti.
1653 745 1839 808 Quare
1887 761 2002 798 non
2057 744 2222 811 dixit,

577 828 640 886 in
707 828 991 884 humilem
1055 827 1280 883 habitat
1340 847 1352 894 ς
1405 831 1503 885 sed
1563 831 1728 898 dixit,
1787 835 2029 900 respicit.
2095 833 2224 888 Ideo

579 920 718 990 quia
768 919 868 976 ubi
922 918 1178 990 respicit,
1212 919 1290 975 ibi
1325 919 1568 984 habitat,
1624 925 1682 976 et
1728 921 1824 975 ubi
1866 920 2110 989 habitat,
2145 921 2224 976 ibi

581 1010 838 1082 respicit.

654 1121 683 1149 α
715 1098 1017 1154 Suscitans
1068 1116 1102 1153 a
1147 1103 1301 1154 terra
1345 1099 1598 1172 inOpem.
1636 1122 1662 1148 »
1696 1101 1766 1155 Et
1795 1101 1866 1156 de
1908 1099 2118 1171 capite,
2171 1102 2230 1154 et

579 1189 654 1246 de
673 1187 953 1244 membris
973 1187 1336 1260 intelligitur.
1371 1189 1673 1253 Suseilans,
1702 1189 1810 1246 hoc
1840 1195 1948 1254 est,
1983 1188 2225 1244 suscita-

577 1277 662 1332 vit
693 1281 843 1332 Deus
873 1279 1043 1332 Pater
1070 1276 1390 1343 Christum,
1422 1278 1522 1349 qui
1552 1278 1720 1349 inops
1771 1282 1828 1334 et
1874 1295 2095 1350 pauper
2124 1295 2226 1350 pro

581 1365 754 1421 nobis
807 1365 993 1420 tactus
1025 1369 1131 1420 est.
1165 1366 1234 1421 Et
1265 1383 1371 1422 nos
1403 1367 1624 1438 inopes,
1656 1367 1712 1421 id
1752 1371 1859 1435 est,
1893 1367 2016 1422 sine
2067 1371 2227 1438 patre

577 1453 832 1520 diabolo,
867 1454 991 1510 sine
1027 1458 1212 1511 matre
1242 1455 1588 1527 gentilitate,
1622 1457 1978 1512 suscitamur
2007 1473 2041 1510 a
2071 1455 2229 1530 Chri-

579 1548 690 1600 sto.
727 1567 755 1594 «
787 1544 856 1600 Et
903 1544 973 1598 de
1014 1547 1266 1600 stercore
1314 1544 1545 1616 erigens
1591 1561 1928 1617 pauperem.
1986 1567 2012 1594 ››
2065 1545 2226 1609 Quod

580 1633 746 1697 dixit,
778 1636 948 1699 terra,
978 1631 1088 1688 hoc
1117 1637 1206 1688 est
1230 1637 1489 1690 stercus:
1524 1639 1582 1690 et
1607 1635 1761 1704 quod
1791 1634 1956 1704 dixit,
1989 1636 2227 1706 inopem,

580 1721 691 1778 hoc
731 1725 841 1786 est,
874 1726 930 1776 et
964 1737 1298 1794 pauperem.
1333 1723 1477 1788 Quia
1522 1724 1592 1778 de
1636 1727 1790 1779 terra
1832 1728 1888 1778 et
1927 1724 2231 1795 putredine

583 1814 955 1882 peccatorum
988 1814 1320 1866 nostrorum
1350 1811 1530 1867 erexit
1559 1829 1664 1869 nos
1718 1829 1730 1867 :
1771 1816 1836 1868 ut
1865 1811 2008 1868 illud
2045 1829 2058 1866 :
2094 1812 2232 1880 Quid

585 1900 858 1971 superbis,
884 1899 1068 1971 pulvis
1095 1909 1151 1956 et
1179 1908 1328 1956 terra
1357 1901 1542 1971 (Eccti.
1576 1919 1634 1969 Χ,
1662 1902 1739 1973 9).

659 2012 687 2038 ‹‹
724 1987 798 2044 Ut
825 1987 1065 2045 collocet
1088 2005 1221 2044 eum
1255 2006 1388 2045 cum
1421 1990 1803 2062 principibus,
1835 2008 1968 2047 cum
2015 1991 2227 2063 princi-

586 2078 762 2150 pibus
810 2078 1008 2149 populi
1043 2079 1154 2134 sui.
1187 2099 1213 2130 1»
1243 2078 1553 2136 Collocavit
1607 2080 1766 2142 Deus
1812 2081 1978 2136 Pater
2016 2080 2227 2137 Filium

584 2183 760 2223 suum
793 2167 850 2221 in
883 2167 1218 2224 ccelestibus
1248 2167 1310 2224 in
1339 2169 1576 2224 dextera
1600 2170 1802 2224 sua.Et
1830 2169 2231 2225 dominabitur

583 2271 762 2321 super
790 2255 1103 2328 principes,
1136 2256 1194 2312 id
1224 2260 1334 2327 est,
1366 2273 1544 2329 super
1572 2273 1776 2313 novem
1797 2258 2032 2314 ordines
2053 2276 2228 2331 ange-

578 2344 795 2411 lorum,
819 2345 1142 2400 secundum
1173 2344 1318 2400 illud
1353 2363 1366 2401 :
1402 2345 1673 2418 Princeps
1706 2347 2038 2413 militiae,vel
2070 2349 2228 2418 prin-

585 2449 722 2506 ceps
749 2432 1031 2488 virtutum
1063 2450 1168 2506 ego
1201 2450 1355 2489 sum.
1393 2435 1463 2490 Et
1499 2434 1740 2506 insuper
1769 2440 2022 2506 sanctos,
2038 2442 2094 2492 et
2124 2455 2232 2493 sua

586 2523 852 2579 membra
882 2521 1182 2579 collocavit
1209 2539 1344 2579 cum
1375 2523 1520 2596 ipsis
1552 2541 1756 2581 novem
1788 2524 2092 2582 ordinibus
2123 2543 2231 2582 au-

584 2611 868 2686 gelorum.

655 2724 685 2752 ‹‹
718 2701 824 2768 Qui
858 2702 1121 2759 habitare
1172 2703 1308 2758 facit
1353 2703 1610 2760 sterilem
1659 2704 1718 2760 in
1757 2704 1950 2771 domo,
1986 2708 2232 2760 matrem

591 2791 846 2848 ﬁliorum
888 2791 1205 2848 laetantem.
1258 2813 1287 2842 »ι
1340 2791 1588 2863 Sterilis,
1617 2792 1727 2848 hoc
1757 2797 1864 2863 est,
1898 2796 2101 2849 sancta
2132 2788 2232 2848 Ec-

589 2879 786 2937 clesia.
821 2880 984 2937 Unde
1014 2880 1070 2936 in
1106 2881 1396 2953 Propheta
1423 2881 1601 2938 dicit:
1637 2883 1868 2946 Laetare.
1889 2883 2234 2948 sterilis,etc.

593 2970 726 3041 (Isa.
757 2987 872 3036 xxv,
907 2970 977 3040 1).
1007 2969 1290 3027 Primitus
1319 2970 1538 3026 sterilis
1571 2971 1681 3026 fuit
1729 2976 1931 3027 sancta
1959 2971 2233 3038 Ecclesia,

596 3057 736 3129 quia
766 3074 881 3112 non
913 3058 1230 3130 generabat
1271 3057 1444 3124 ﬁlios,
1493 3059 1606 3114 nisi
1655 3076 1901 3130 paucos;
1934 3060 2239 3132 Synagoga

592 3144 800 3201 habuit
826 3145 1015 3201 virum
1047 3146 1256 3214 Deum,
1288 3147 1389 3202 sed
1422 3151 1618 3204 tamen
1657 3165 1875 3220 paucos
1920 3148 2236 3220 generavit.

589 3235 800 3290 Postea
843 3234 1114 3303 Ecclesia,
1168 3251 1292 3307 quis
1340 3239 1474 3292 ante
1522 3235 1739 3292 sterilis
1786 3237 1991 3308 fuerat,
2025 3237 2083 3292 in
2117 3253 2235 3292 uno

587 3324 683 3380 die
709 3322 798 3380 vel
830 3324 1080 3392 duobus,
1112 3325 1363 3398 grandes
1395 3331 1600 3398 partus
1649 3325 1817 3397 fudit,
1864 3327 2096 3398 quando
2135 3342 2232 3399 ge-

591 3413 815 3470 neravit
849 3421 979 3471 octo
1028 3413 1215 3471 millia
1262 3416 1398 3488 (Act.
1452 3434 1511 3486 ιι,
1562 3417 1658 3482 41ς
1695 3433 1770 3487 ιν,
1803 3416 1879 3484 4).
1915 3417 1982 3470 Et
2009 3416 2068 3471 in
2101 3415 2236 3472 Pro-

592 3503 954 3576 pheta.dicit
1005 3521 1018 3560 :
1073 3506 1180 3573 Qui
1223 3510 1349 3561 sunt
1395 3507 1510 3572 isti,
1561 3509 1656 3560 aut
1705 3507 1828 3576 quis
1871 3506 2061 3576 genuit
2110 3505 2238 3560 itlos

589 3592 732 3648 mihi
762 3593 888 3663 (Isa.
920 3611 1072 3657 χιιι,
1102 3594 1236 3665 21)?
1265 3597 1370 3650 Fac
1395 3594 1541 3650 mihi
1562 3595 1806 3666 spatium
1851 3603 1902 3650 et
1947 3595 2108 3650 urbes
2145 3594 2239 3649 ubi

593 3681 855 3738 habitem.
905 3684 970 3738 Et
1011 3684 1276 3739 Dominus
1321 3683 1466 3739 dixit
1511 3700 1531 3738 :
1577 3684 1686 3752 Ego
1727 3685 1930 3753 faciam
1960 3684 2116 3755 (Ibid.
2147 3685 2237 3747 20,

593 3770 705 3840 22).
765 3771 826 3824 In
880 3785 1098 3826 omnem
1150 3774 1361 3828 terram
1405 3773 1576 3828 exivit
1629 3788 1793 3828 sonus
1849 3788 2034 3827 eorum
2062 3772 2237 3839 (Psal.

595 3874 757 3924 xviii,
786 3857 864 3928 5),
895 3858 1005 3914 hoc
1053 3863 1160 3929 est,
1213 3859 1273 3914 in
1328 3864 1450 3916 toto
1500 3861 1740 3915 mundo.
1782 3881 1804 3911 ε
1839 3859 1946 3923 Qui
1979 3859 2242 3916 habitare

597 3947 736 4003 facit
779 3947 1037 4004 sterilem
1070 3949 1127 4003 in
1160 3949 1354 4018 domo,
1396 3970 1424 3999 »
1482 3948 1590 4005 hoc
1619 3954 1728 4010 est.
1758 3950 1814 4004 in
1851 3947 2123 4005 Ecclesia.
2173 3949 2243 4003 Et

593 4035 724 4109 ipsa
752 4040 842 4092 est
869 4035 1106 4106 sterilis,
1135 4041 1192 4092 et
1219 4037 1350 4110 ipsa
1378 4042 1468 4094 est
1498 4043 1699 4109 mater,
1714 4043 1772 4095 et
1800 4039 1910 4110 ipsi
1943 4041 2084 4094 sunt
2113 4037 2244 4117 ﬁlii;

597 4129 655 4180 et
684 4124 743 4180 in
777 4126 1093 4198 semetipsa
1126 4126 1369 4183 habitat.
1418 4131 1536 4184 Hoc
1583 4133 1693 4196 est,
1726 4127 1924 4184 unitas
1952 4125 2239 4192 Ecclesia,

595 4228 714 4268 una
745 4228 835 4269 res
865 4219 974 4283 est,
1005 4219 1062 4270 et
1090 4215 1280 4271 multa
1307 4216 1573 4272 membra
1619 4233 1631 4271 :
1683 4217 1783 4272 sed
1809 4233 1999 4272 unum
2030 4232 2242 4287 corpus

597 4300 770 4357 multi
804 4306 1034 4370 sunt,ut
1069 4303 1279 4360 Paulus
1309 4303 1448 4360 dicit
1478 4305 1650 4376 (Rom.
1683 4305 1864 4375 xn,li),
1897 4309 1953 4360 et
1981 4303 2060 4360 ibi
2093 4303 2246 4359 laeta-

594 4390 755 4447 bitur
783 4391 842 4448 in
869 4392 1208 4464 semetipsa,
1240 4392 1351 4448 hoc
1380 4397 1488 4459 est,
1520 4393 1578 4448 in
1606 4393 1850 4449 unitate.

1141 4514 1465 4571 PSALMUS
1505 4515 1700 4572 CXIII.

598 4601 1004 4675 Alteluia.ilste
1047 4603 1313 4675 psalmus
1367 4619 1567 4659 vocem
1612 4603 1874 4660 continet
1920 4603 2242 4675 Prophetas,

669 4674 1150 4745 ostendentisut
1197 4691 1324 4745 quae
1371 4675 1430 4730 in
1480 4693 1546 4731 eo
1597 4675 1873 4732 historice
1915 4674 2249 4745 narrantur,
2283 4675 2328 4740 D

680 4743 1064 4815 spiritualiter
1091 4743 1246 4801 dicta
1274 4746 1696 4820 intelligantur.

679 4855 706 4881 ‹‹
743 4833 804 4888 In
837 4832 996 4889 exitu
1045 4833 1222 4890 Israel
1271 4835 1342 4890 de
1385 4837 1651 4908 Egypto,
1693 4836 1906 4892 domus
1952 4836 2131 4891 Jacob
2183 4836 2253 4891 de

607 4919 824 4994 populo
851 4921 1121 4979 barbaro.
1156 4923 1270 4980 Iste
1296 4925 1560 4996 psalmus
1591 4926 1915 4981 secundum
1948 4923 2252 4980 historiam

604 5013 1288 5084 commemorat,quando
1310 5013 1416 5069 ﬁlii
1436 5013 1614 5071 Israel
1635 5013 1901 5070 exierunt
1921 5013 1991 5069 de
2012 5014 2254 5086 {Egypto

604 5101 795 5169 (Exod.
856 5118 975 5170 xm,
1041 5103 1149 5170 17).
1213 5103 1323 5159 Sed
1371 5103 1502 5175 plus
1551 5103 1802 5174 pertinet
1856 5103 1928 5158 ad
1988 5119 2250 5170 sensum,

605 5191 840 5262 quando
870 5206 977 5246 nos
1007 5190 1234 5247 liberati
1269 5191 1491 5249 fuimus
1521 5193 1592 5248 de
1621 5191 1887 5264 Egypto,
1920 5190 2027 5246 hoc
2057 5196 2146 5246 est
2183 5191 2254 5247 de

602 5281 860 5337 tenebris
875 5280 1216 5353 ignorantiae
1241 5287 1606 5354 peccatorum
1630 5285 1965 5338 nostrorum
1989 5296 2087 5350 per
2105 5280 2252 5351 bap-

602 5369 870 5426 tismum.
906 5391 934 5419 n
962 5374 1183 5426 Domus
1211 5371 1389 5426 Jacob
1422 5370 1492 5426 de
1521 5369 1735 5443 p0pulo
1768 5369 2071 5425 barbaro.»
2089 5368 2251 5423 Libe-

603 5461 713 5516 rati
742 5459 979 5515 luerunt
1009 5457 1093 5514 illi
1125 5457 1430 5516 Israelitici
1478 5460 1548 5515 de
1596 5459 1810 5532 populo
1838 5458 2110 5529 barbaro,
2145 5457 2252 5514 hoc

601 5551 711 5613 est,
740 5549 811 5604 de
840 5546 958 5604 illis
987 5548 1260 5620 gentibus
1307 5565 1432 5620 quae
1482 5547 1540 5603 in
1591 5549 1833 5622 {Egypto
1884 5547 2250 5603 habitabant.

603 5637 670 5688 Et
699 5636 771 5690 ad
804 5652 1064 5693 sensum.
1083 5639 1347 5694 «Domus
1375 5638 1578 5703 Jacob,
1609 5659 1636 5686 n
1672 5637 2146 5712 supplantatores
2168 5636 2250 5692 vi-

605 5721 815 5780 tiorum
848 5724 1201 5800 intelligunt.
1238 5727 1481 5784 Liberati
1514 5730 1655 5784 sunt
1694 5726 1812 5795 isti,
1842 5730 1900 5783 et
1931 5743 2038 5784 nos
2075 5726 2252 5804 sp1ri~

2333 652 2463 722 bus,
2517 655 2614 725 qui
2666 655 2722 709 in
2777 653 3119 710 inﬁdelitate
3166 657 3636 724 permanserunt.
3693 676 3714 702 α
3769 654 3983 712 Domus

2331 742 2572 798 Jacob.»
2608 744 2886 800 Primitus
2918 743 3026 798 fuit
3053 747 3290 798 vocatus
3319 743 3520 810 Jacob,
3556 743 3980 814 postealsrael.

2335 830 2496 887 Unde
2552 833 2699 887 dixit
2754 851 2767 888 :
2835 833 2952 887 Vidi
3007 833 3296 888 Dominum
3349 833 3494 900 facie
3539 831 3610 886 ad
3657 831 3884 906 faciem,
3936 836 3986 889 et

2331 920 2491 975 salva
2519 924 2669 991 facta
2700 926 2776 976 est
2806 923 2999 976 anima
3045 937 3167 976 mea
3216 920 3365 991 (Gen.
3414 937 3590 991 xxxn,
3624 921 3738 987 30).
3774 921 3839 975 Et
3880 922 3981 978 Do-

2336 1009 2534 1064 minus
2581 1010 2726 1065 dixit
2780 1011 2850 1066 ad
2901 1010 3067 1066 illum
3112 1012 3276 1066 :Jam
3322 1025 3433 1065 non
3481 1009 3758 1065 vocaberis
3801 1011 3981 1081 Iacob,

2333 1098 2425 1153 sed
2452 1100 2625 1154 Israel
2657 1102 2767 1155 erit
2795 1115 2994 1155 nomen
3025 1103 3184 1154 tuum
3214 1097 3373 1168 (Ibid.
3400 1100 3512 1166 28).
3545 1099 3615 1153 Et
3644 1115 3750 1154 nos
3783 1099 3981 1170 primi-

2334 1191 2432 1242 tus
2474 1188 2754 1243 debemus
2784 1204 2913 1243 esse
2941 1189 3141 1253 Jacob,
3193 1187 3302 1243 hoc
3349 1191 3455 1257 est,
3507 1187 3984 1260 supplantatores

2334 1277 2609 1332 vitiorum
2644 1295 2656 1332 :
2691 1282 2755 1332 ut
2783 1282 2984 1349 postea
3013 1276 3312 1349 possimus
3357 1292 3486 1332 esse
3539 1276 3738 1342 Israel,
3769 1275 3825 1332 id
3870 1281 3979 1346 est,

2336 1366 2548 1422 anima:
2573 1366 2835 1422 videntes
2867 1371 3069 1430 Deum,
3095 1368 3153 1421 et
3172 1364 3357 1421 oculis
3377 1365 3570 1421 cordis
3601 1366 3982 1436 contemplari

2340 1455 2518 1510 Deum
2555 1471 2568 1510 :
2601 1455 2928 1510 secundum
2959 1454 3101 1510 illud
3136 1471 3150 1510 :
3185 1456 3342 1509 Beati
3379 1454 3580 1510 mundo
3627 1455 3805 1520 corde,
3856 1470 3986 1526 quo-

2337 1545 2493 1598 niam
2524 1545 2630 1615 ipsi
2657 1545 2827 1600 Deum
2857 1543 3114 1598 videbunt
3145 1543 3352 1614 (Matth.
3385 1561 3440 1609 v,
3472 1543 3548 1613 8).

2410 1682 2437 1707 «
2474 1661 2645 1714 Facta
2672 1664 2761 1714 est
2783 1659 2986 1714 Judzea
3026 1657 3410 1715 sanctificatio
3453 1659 3602 1728 ejus.
3637 1681 3664 1706 ››
3698 1659 3759 1713 In
3783 1659 3990 1714 Judaea

2342 1747 2615 1820 primitus
2647 1747 2756 1802 fuit
2786 1748 3172 1804 sanctiﬁcatio
3195 1747 3440 1803 Dei.Sed
3473 1746 3695 1817 Judaa,
3722 1749 3987 1817 con/essio

2340 1837 2774 1908 interpretatur,
2806 1836 2863 1890 id
2896 1839 3002 1900 est,
3036 1835 3094 1890 in
3127 1835 3244 1892 illis
3292 1835 3392 1906 qui
3431 1834 3781 1890 conﬁtentur
3811 1837 3987 1893 ﬁdem

2260 1932 2308 1996 Β
2340 1925 2662 1989 Trinitatis,
2696 1931 2754 1980 et
2784 1925 3023 1981 veniunt
3052 1925 3123 1980 ad
3151 1925 3538 1997 baptismum,
3569 1925 3668 1979 ubi
3699 1930 3789 1980 est
3817 1942 3988 1981 sanc-

2340 2013 2582 2070 tiﬁcatio
2614 2014 2736 2070 Dei.
2776 2013 3006 2069 «Israel
3056 2017 3314 2085 potestas
3367 2014 3517 2084 ejus.
3554 2035 3574 2062 -
3609 2014 3678 2068 Et
3728 2017 3990 2087 potestas

2342 2102 2437 2157 Dei
2487 2108 2596 2168 est,
2647 2107 2712 2157 ut
2763 2101 2936 2159 Israel
2985 2117 3113 2157 esse
3160 2117 3510 2167 mereamur,
3545 2101 3602 2156 id
3634 2105 3742 2167 est,
3776 2102 3988 2157 anima

2340 2190 2606 2246 videntes
2635 2191 2817 2246 Deum
2847 2206 3142 2246 vocemur.
3178 2189 3319 2245 Irael
3351 2189 3615 2262 regnavit
3643 2189 3701 2244 in
3733 2205 3820 2244 ea.

2413 2330 2440 2355 ‹‹
2473 2310 2625 2362 Mare
2657 2306 2800 2362 vidit
2830 2310 2886 2362 et
2915 2306 3083 2379 fugit.
3115 2327 3141 2358 ιν
3177 2328 3205 2355 ‹‹
3252 2305 3409 2360 Mare
3458 2304 3602 2360 vidit
3649 2309 3705 2359 et
3753 2305 3924 2378 fugit,
3959 2327 3988 2354 »

2341 2397 2574 2468 quando
2620 2395 2847 2468 Moyses
2895 2412 3029 2451 cum
3080 2395 3292 2468 populo
3324 2411 3431 2450 suo
3461 2393 3616 2450 venit
3646 2395 3839 2466 (Exod.
3872 2411 3989 2467 xxv,

2339 2486 2452 2556 21).
2487 2489 2552 2540 Et
2581 2485 2872 2557 quomodo
2903 2484 3086 2540 vidit?
3135 2485 3197 2539 Id
3247 2488 3357 2552 est,
3405 2481 3690 2539 intellexit
3718 2483 3991 2540 volunta-

2341 2577 2459 2630 tem
2490 2573 2796 2639 Creatoris,
2838 2577 2896 2628 et
2923 2573 3160 2628 donavit
3190 2571 3382 2628 locum
3413 2570 3497 2626 illi
3528 2569 3764 2644 populo.
3791 2571 3992 2638 Aliter,

2345 2664 2668 2719 secundum
2701 2678 2939 2718 sensum
2973 2677 2988 2717 :
3023 2661 3202 2727 Mare,
3234 2661 3553 2734 gentilitas,
3584 2660 3731 2716 vidit
3759 2665 3994 2717 sanctos

2345 2752 2770 2824 praedicatores,
2803 2749 3273 2824 upplantatores
3327 2749 3624 2817 vitiorum,
3667 2753 3724 2802 et
3779 2749 3988 2804 animae

2343 2841 2605 2896 videntes
2655 2840 2838 2896 Deum
2892 2840 3188 2912 fugerunt,
3247 2838 3304 2893 id
3359 2842 3468 2903 est,
3500 2854 3614 2893 non
3647 2841 3988 2910 potuerunt,

2346 2929 2614 2985 resistere
2645 2927 2948 3000 apostolis,
2981 2927 3119 2999 quia
3148 2927 3303 2982 Deus
3332 2927 3392 2981 in
3424 2925 3540 2981 illis
3568 2931 3752 2981 erat.«
3783 2925 3994 2982 Jorda-

2347 3017 2441 3074 nis
2472 3033 2787 3073 conversus
2836 3021 2924 3072 est
2971 3021 3312 3072 retrorsum.
3351 3038 3378 3065 ››
3409 3015 3724 3072 Jordanem
3755 3031 3995 3071 conver-

2347 3124 2480 3163 sum
2511 3124 2638 3163 esse
2669 3111 2987 3162 retrorsum
3032 3122 3148 3161 non
3198 3105 3412 3177 legitur
3441 3106 3499 3160 in
3531 3103 3777 3160 historia
3815 3105 3997 3172 (Iosue

2347 3194 2669 3265 111,16),nisi
2694 3195 2927 3266 quando
2949 3211 3083 3251 cum
3114 3211 3248 3250 arca
3277 3193 3336 3248 in
3367 3195 3562 3266 ipsum
3595 3191 3992 3248 intraverunt:

2265 3305 2309 3369 ο
2347 3284 2518 3356 quasi
2559 3289 2876 3340 retrorsum
2926 3283 3288 3340 ambulasset
3334 3281 3435 3338 illa
3480 3298 3653 3354 aqua,
3704 3280 3786 3336 sic
3837 3281 3999 3337 stetit

2347 3373 2515 3446 quasi
2547 3390 2773 3440 murus,
2796 3377 2853 3428 et
2880 3371 2981 3428 illa
3011 3372 3125 3428 alia
3153 3389 3304 3444 aqua
3335 3369 3762 3443 perambulavit
3781 3370 3841 3425 in
3865 3387 3990 3426 ma-

2349 3478 2428 3517 re.
2457 3461 2602 3525 Quid
2635 3477 2770 3534 ergo
2802 3459 3148 3534 intelligitur
3177 3477 3280 3532 per
3307 3459 3454 3516 hoc?
3494 3457 3765 3515 Jordanis
3815 3459 3994 3514 inter-

2349 3556 2628 3622 pretatur,
2678 3574 2704 3600 «
2753 3550 3020 3606 descensio
3076 3566 3284 3606 eorum.
3344 3572 3373 3600 »
3428 3547 3518 3603 Illi
3568 3547 3996 3622 intelliguntur,

2350 3639 2451 3712 qui
2480 3639 2722 3696 veniunt
2750 3640 2821 3694 ad
2855 3639 3237 3711 baptismum.
3269 3638 3511 3706 Quando
3541 3637 3812 3693 viderunt
3840 3653 3997 3692 mar-

2350 3734 2506 3803 tyres
2539 3729 2654 3801 pati
2687 3729 3121 3800 persecutiones
3169 3727 3407 3794 multas,
3457 3727 3719 3784 conversi
3766 3729 3909 3782 sunt
3938 3725 4000 3780 in

2352 3835 2533 3884 mare,
2588 3816 2697 3872 hoc
2754 3822 2863 3885 est,
2911 3817 2973 3872 in
3022 3816 3344 3889 gentilitate
3377 3819 3751 3888 negaverunt.
3785 3815 3997 3871 Postea

2351 3905 2635 3964 Dominus
2665 3922 2766 3976 per
2795 3922 2936 3961 suos
2966 3905 3372 3976 praadicatores
3397 3903 3619 3961 vocavit
3637 3903 3768 3959 illos
3803 3921 3816 3958 :
3853 3902 3994 3958 Con-

2350 3996 2640 4052 vertimini
2665 3995 2745 4050 ad
2766 4011 2870 4061 me,
2903 3999 2957 4050 et
2983 4011 3085 4067 ego
3115 4002 3360 4050 revertar
3387 3993 3458 4050 ad
3483 4010 3574 4050 vos
3603 3993 3789 4065 (Zach.
3827 4011 3862 4062 ι,
3919 3993 4002 4063 3).

2353 4085 2422 4140 Et
2437 4084 2696 4139 conversi
2730 4083 2965 4139 fuerunt
2993 4088 3194 4156 postea
3226 4083 3394 4139 multi
3418 4084 3488 4139 ad
3517 4079 3828 4139 Deum.llla
3846 4097 4004 4153 aqua

2354 4172 2782 4246 perambulavit
2831 4172 2888 4227 in
2945 4189 3124 4241 mare,
3157 4172 3213 4228 id
3247 4176 3357 4239 est,
3387 4174 3528 4227 sunt
3573 4169 3859 4240 inﬁdeles,
3894 4169 3996 4241 qui

2355 4260 2909 4334 perambulaverunt
2938 4262 2996 4316 in
3029 4276 3210 4329 mare,
3245 4260 3303 4315 id
3336 4264 3445 4330 est,
3496 4260 3555 4316 in
3606 4275 3763 4315 mare
3807 4257 4004 4330 perdi-

2354 4349 2552 4406 tionis.

2431 4479 2458 4510 u
2487 4457 2713 4514 Montes
2743 4457 3182 4513 exsultaverunt
3210 4461 3275 4513 ut
3301 4457 3532 4524 arietes,
3563 4459 3620 4512 et
3646 4454 3822 4512 colles
3849 4454 4008 4512 sicut

2357 4547 2494 4620 agni
2527 4546 2744 4602 ovium.
2782 4568 2808 4594 »
2841 4545 3291 4602 Exsultaverunt
3338 4545 3524 4603 sancti
3574 4544 4005 4619 praedicatores,

2361 4636 2595 4708 quando
2625 4635 2896 4690 viderunt
2936 4632 3069 4691 illos
3099 4648 3430 4706 conversos,
3479 4635 3578 4708 qui
3630 4637 3801 4690 antea
3845 4631 4005 4688 blas-

2360 4724 2558 4798 phemi
2588 4726 2841 4780 fuerunt.
2877 4746 2905 4773 «
2935 4722 3382 4780 Exsultaverunt
3410 4728 3475 4779 ut
3503 4722 3774 4789 arietes,»
3806 4720 3863 4776 id
3894 4724 4006 4786 est,

2363 4812 2660 4886 principes
2689 4828 2956 4884 gregum,
2987 4812 3088 4884 qui
3118 4829 3404 4886 generans
3433 4812 3604 4881 ﬁlios,
3637 4812 3696 4867 id
3729 4814 3838 4875 est,
3865 4826 4004 4865 san-

2363 4901 2439 4956 cti
2489 4900 2758 4973 apostoli.
2792 4899 2955 4955 Unde
2986 4918 3139 4956 unus
3168 4901 3240 4957 de
3269 4900 3384 4958 illis
3414 4902 3557 4957 dicit
3582 4918 3595 4956 :
3621 4902 3728 4956 Per
3754 4903 4008 4969 Evange-

2364 4992 2502 5045 Iium
2533 5006 2626 5061 ego
2656 5005 2746 5045 vos
2777 4992 2949 5059 genui
2978 4992 3021 5062 (I
3051 4994 3173 5048 Cor.
3206 5009 3282 5059 1v,
3318 4992 3426 5063 15).
3459 4989 3564 5046 Vel
3595 4987 4005 5063 praedicatores

2361 5077 2584 5135 altioris
2615 5077 2804 5134 meriti
2838 5078 3265 5152 intelliguntur,
3297 5079 3398 5152 qui
3430 5079 3602 5135 modo
3631 5080 3910 5150 generant
3935 5075 4010 5130 fl-

2361 5167 2472 5224 lios
2503 5185 2605 5241 per
2634 5167 3108 5240 praedicationem
3137 5185 3360 5225 eorum.
3386 5169 3548 5225 Unde
3574 5167 3790 5224 Paulus
3819 5165 4005 5221 dixit:

2361 5259 2553 5316 Filioti
2581 5259 2711 5325 mei,
2743 5274 2874 5331 quos
2907 5260 3102 5314 iterum
3136 5258 3582 5332 parturio,donec
3613 5257 3858 5315 Christus
3887 5257 4009 5327 for-

2360 5356 2543 5404 metur
2570 5349 2629 5403 in
2658 5347 2806 5404 vobis
2837 5347 3038 5419 (Galat.
3073 5363 3148 5413 1v,
3183 5348 3293 5420 19).

2435 5477 2462 5506 ‹‹
2496 5454 2644 5521 Quid
2677 5459 2766 5510 est
2793 5453 2924 5521 tibi,
2957 5470 3137 5525 mare,
3160 5455 3317 5527 quod
3348 5454 3580 5528 fugisti;
3613 5457 3672 5510 et
3694 5458 3782 5525 tu,
3809 5451 3990 5510 Jorda

2363 5544 2551 5610 danis,
2586 5561 2766 5616 quare
2798 5558 3117 5599 conversus
3164 5559 3226 5600 es
3275 5543 3638 5602 retrorsum?
3665 5565 3695 5595 «
3728 5540 4016 5616 Propheta

2362 5653 2464 5708 per
2505 5634 2886 5706 semetipsum
2923 5632 3265 5707 interrogat,
3313 5640 3369 5691 et
3420 5635 3546 5708 ipse
3589 5631 3914 5706 respondit,
3945 5646 4016 5686 ac

2362 5725 2410 5783 si
2442 5725 2599 5782 dicat
2631 5741 2645 5782 :
2677 5723 2824 5792 Quid
2870 5721 2977 5790 tibi
3028 5723 3157 5799 fuit,
3189 5724 3509 5798 gentilitas,
3559 5723 3713 5801 quod
3761 5719 4020 5796 fugisti?
