4244 6628
325 463 478 529 1945

1499 467 1998 536 BREVIARIUM
2041 467 2120 533 IN
2163 467 2552 536 PSALMOS.

3571 475 3726 540 1246

395 625 424 653 ‹‹
455 602 525 658 Et
548 603 634 670 tu,
667 603 958 676 Jordanis,
993 629 1022 657 «
1055 607 1164 664 hoc
1195 611 1284 663 est
1337 611 1394 664 et
1442 622 1563 672 vos,
1620 605 1958 671 Christiani,
1989 607 2041 672 Α
2070 615 2226 668 esset
2257 611 2390 667 talis
2419 611 2672 667 error.Et
2699 609 3150 667 dicuntillizNon
3179 611 3490 668 adoramus
3507 623 3718 669 aurum

328 695 468 769 quid
500 695 611 752 fuit
639 698 792 768 quod
827 698 1087 755 conversi
1113 699 1308 755 fuistis
1338 700 1698 754 retrorsum?
1728 701 1914 765 Quare
1942 699 1970 752 ?

327 785 572 843 Vidistis
601 793 835 844 sanctos
863 789 1288 860 praedicatores,
1324 789 1378 845 id
1414 793 1522 856 est,
1575 794 1802 845 montes
1835 805 1848 843 :
1884 789 1967 844 vi-

327 875 500 933 distis
532 877 758 948 arietes,
793 878 904 934 hoc
934 883 1022 934 est
1078 878 1551 951 supplantatores
1579 879 1876 946 vitiorum,
1910 884 1967 934 et

328 966 559 1022 animas
588 966 913 1024 videntium
944 971 1126 1025 Deum
1160 973 1412 1039 Patrem,
1447 969 1575 1025 ideo
1606 970 1843 1040 fugistis
1869 970 1898 1024 ?

401 1081 429 1109 «
462 1060 708 1127 Montes,
745 1059 1082 1116 exsultastis
1112 1065 1176 1116 ut
1219 1059 1452 1126 arietes,
1511 1064 1567 1114 et
1605 1058 1782 1114 colles
1815 1059 1969 1114 sicut

323 1149 457 1223 agni
490 1149 707 1205 ovium.
744 1173 766 1201 ι
805 1150 1088 1221 Repetitio
1112 1153 1218 1206 est.

398 1261 426 1288 ‹‹
459 1242 505 1292 Α
536 1238 682 1294 facie
701 1238 931 1294 Domini
963 1242 1119 1295 mota
1151 1242 1240 1294 est
1269 1242 1441 1306 terra,
1476 1256 1509 1293 a
1565 1239 1710 1294 facie
1742 1238 1837 1294 Dei
1866 1238 1962 1293 Ja-

341 1327 468 1385 cob.
505 1349 533 1377 »
555 1327 832 1399 Exposuit
861 1327 972 1384 hoc
1007 1328 1290 1400 Propheta
1319 1327 1431 1383 alio
1463 1327 1586 1383 loco
1618 1345 1750 1384 cum
1781 1327 1962 1383 dixit:

341 1416 502 1486 Vidit,
534 1418 585 1470 el
613 1420 879 1472 commota
899 1419 975 1472 est
1005 1425 1156 1473 terra
1186 1417 1356 1482 (Psal.
1414 1433 1562 1482 xcvr,
1595 1418 1669 1487 4).
1727 1417 1798 1472 Et
1837 1421 1968 1489 post

324 1504 631 1577 paululum
664 1505 747 1560 ait
776 1523 794 1559 :
820 1527 848 1555 ‹‹
877 1507 923 1560 Α
949 1505 1093 1562 facie
1122 1505 1354 1562 Domini
1387 1510 1444 1561 et
1491 1505 1734 1577 reliqua.
1765 1528 1792 1554 ‹‹
1817 1509 1968 1562 Mota

322 1596 411 1650 est
446 1597 625 1660 terra,
660 1615 686 1642 »
715 1594 823 1649 hoc
852 1597 962 1661 est,
993 1611 1027 1649 a
1056 1593 1368 1666 praesentia
1396 1593 1518 1664 Dei,
1553 1593 1690 1665 quia
1721 1598 1872 1649 Deus
1905 1594 1965 1649 in

324 1681 451 1739 suis
479 1682 963 1754 praedicatoribus
993 1687 1134 1739 erat.
1168 1686 1320 1739 Mota
1351 1683 1459 1738 fuit
1488 1682 1823 1755 gentilitas:
1864 1706 1884 1731 α
1919 1684 1965 1738 Α

324 1771 470 1828 facie
498 1770 598 1828 Dei
627 1772 830 1842 Jacob,
861 1795 890 1822 «
925 1772 982 1827 id
1013 1776 1122 1839 est,
1176 1790 1210 1828 a
1239 1773 1546 1843 praesentia
1599 1771 1760 1828 illius
1789 1787 1961 1844 quem

321 1861 588 1917 adoravit
609 1861 811 1916 Jacob.

400 1971 421 2042 ε
458 1949 576 2042 Qui
585 1950 880 2042 convertit
934 1954 1177 2042 petram,
1218 1951 1276 2006 in
1333 1955 1547 2042 stagna
1594 1966 1904 2042 aquarum.
1941 1972 1960 1998 ι
1994 1977 2043 2042 Β

323 2038 511 2104 Petra,
540 2037 829 2105 Christus,
859 2043 917 2095 et
963 2040 1288 2096 secundum
1342 2039 1672 2109 historiam,
1703 2041 1774 2095 de
1805 2044 1967 2112 petra

322 2125 586 2182 exierunt
614 2127 858 2183 flumina
887 2128 1077 2199 (Exod.
1121 2147 1256 2200 xvn,
1283 2129 1359 2201 6).
1424 2131 1746 2200 Antequam
1805 2129 1966 2184 Chri-

323 2218 452 2271 stus
481 2217 704 2272 veniret
733 2216 791 2272 in
823 2234 1202 2288 carnem,non
1237 2221 1549 2290 eruperant
1579 2218 1771 2274 adhuc
1792 2222 1966 2274 tanta?

324 2321 508 2377 aquae,
541 2305 652 2361 hoc
685 2310 792 2376 est,
824 2309 988 2362 tanta
1017 2307 1284 2363 doctrina
1314 2325 1326 2362 :
1357 2309 1564 2363 Postea
1601 2307 1865 2364 exierunt
1894 2309 1966 2364 de

321 2393 552 2450 Christo
585 2399 836 2468 quatuor
865 2396 1132 2468 flumina,
1167 2402 1423 2470 quatuor
1451 2397 1780 2470 Evangelia,
1812 2395 1965 2453 etir-

321 2482 661 2555 rigaverunt
692 2488 878 2540 totum
910 2486 1223 2541 mundum.
1262 2508 1290 2536 ‹‹
1320 2489 1390 2541 Et
1443 2501 1648 2558 rupem
1681 2486 1741 2542 in
1772 2486 1966 2541 fontes

327 2588 637 2644 aquarum.
677 2592 699 2622 α
724 2573 1009 2646 Repetitio
1041 2580 1152 2632 est.
1187 2576 1382 2647 Rupes
1413 2579 1570 2640 sunt,
1622 2575 1722 2648 qui
1777 2578 1832 2629 et
1863 2590 1965 2646 pe—

325 2663 436 2716 tra.
471 2661 658 2728 Petra,
690 2663 905 2718 dicitur
934 2663 1117 2736 rupis.
1187 2683 1208 2711 ι
1273 2665 1342 2720 Et
1399 2680 1600 2736 rupem
1661 2663 1718 2718 in
1779 2663 1966 2719 fontes

324 2766 632 2822 aquarum.
669 2773 697 2801 »
729 2751 1063 2809 Doctrinam
1099 2754 1286 2810 multa
1313 2754 1383 2810 de
1411 2753 1823 2810 Christo.Mare
1853 2753 1968 2808 Ru-

320 2839 515 2910 brum,
549 2841 705 2911 quod
737 2840 865 2898 ideo
896 2841 1112 2898 dicitur
1145 2859 1157 2898 :
1190 2843 1332 2915 quia
1362 2843 1515 2899 sicut
1571 2841 1812 2914 sanguis
1843 2845 1968 2897 erat

324 2927 424 2984 illa
456 2946 608 3001 aqua
640 2929 840 3000 maris,
866 2948 993 3003 quae
1026 2932 1319 3005 figurabat
1347 2932 1735 3003 baptismum.

400 3039 428 3066 «
461 3022 586 3074 Non
620 3019 811 3087 nobis,
843 3021 1105 3088 Domine,
1168 3039 1282 3078 non
1341 3021 1510 3078 nobis
1545 3039 1558 3088 ;
1593 3021 1692 3076 sed
1743 3020 1966 3077 nomini

329 3109 429 3161 tuo
453 3107 526 3163 da
555 3107 826 3176 gloriam.
860 3132 890 3158 »
924 3110 1135 3166 Dicunt
1163 3109 1246 3165 illi
1278 3111 1413 3168 boni
1443 3110 1630 3166 Judaai
1664 3111 1827 3168 :Non
1859 3127 1967 3165 no-

328 3199 516 3251 strum
548 3197 825 3252 meritum
857 3213 965 3254 nos
993 3197 1279 3264 liberavit,
1313 3201 1413 3256 sed
1446 3203 1548 3254 tua
1579 3201 1875 3270 potestas:
1901 3202 1966 3252 ut

327 3299 540 3340 nomen
570 3287 739 3339 tuum
770 3285 1130 3358 glorificetur
1156 3286 1213 3342 in
1248 3288 1524 3343 omnibus
1553 3285 1965 3358 gentibus.Vel

325 3371 733 3445 praedicatores
792 3374 935 3429 Novi
985 3375 1340 3431 Testamenii
1412 3374 1684 3431 similiter
1738 3375 1963 3430 dicunt.

329 3461 572 3525 Quando
604 3461 826 3518 faciunt
851 3462 1117 3531 virtutes,
1151 3469 1302 3519 Deus
1346 3480 1448 3535 per
1501 3461 1635 3520 illos
1695 3463 1830 3518 facit
1863 3480 1875 3518 :
1906 3467 1972 3518 ut

326 3566 539 3608 nomen
569 3549 707 3608 illus
738 3551 1116 3624 glorificetur,
1147 3557 1206 3610 et
1232 3553 1508 3610 laudetur
1536 3569 1639 3626 per
1667 3553 1886 3626 ipsum.

397 3643 582 3711 Super
613 3641 1015 3698 misericordia
1039 3646 1233 3710 tua,et
1289 3643 1528 3698 veritate
1584 3646 1704 3698 tua.
1763 3663 1791 3692 »ι
1845 3642 1970 3698 Tua

327 3728 750 3797 misericordia,
783 3735 840 3787 et
868 3735 970 3787 tua
997 3732 1209 3788 veritas
1243 3732 1352 3788 hoc
1381 3732 1539 3788 facit.
1567 3755 1595 3783 «
1623 3731 1706 3788 Ne
1736 3732 1969 3804 quando

332 3817 530 3873 dicant
553 3822 778 3891 gentes,
810 3820 915 3878 Ubi
946 3824 1038 3877 est
1059 3821 1212 3878 Deus
1242 3838 1443 3878 eorum
1481 3824 1502 3877 Ρ
1534 3842 1562 3872 »
1596 3825 1837 3894 Propter
1860 3821 1970 3876 hoc

327 3906 465 3963 facit
495 3907 649 3964 Deus
680 3908 796 3965 ista
827 3909 1140 3978 mirabilia,
1199 3916 1266 3966 ut
1320 3928 1434 3967 non
1496 3911 1692 3967 dicant
1746 3914 1967 3983 gentes,

326 3997 480 4067 quod
514 4014 629 4052 non
662 3999 952 4069 potuisset
979 3999 1136 4056 Deus
1166 4000 1300 4057 illos
1331 3999 1686 4056 salvare.Vel
1716 3999 1888 4056 modo
1910 3998 1969 4054 in

327 4083 484 4141 Novo
512 4085 886 4142 Testamento
917 4087 1194 4143 similiter
1222 4087 1360 4143 facit
1388 4089 1447 4144 in
1478 4088 1696 4144 sanctis
1727 4088 1872 4143 suis.

405 4193 428 4221 α
460 4173 616 4228 Deus
645 4177 842 4230 autem
875 4179 1076 4231 noster
1102 4176 1162 4231 in
1185 4177 1349 4232 c0310:
1378 4176 1575 4232 omnia
1606 4179 1969 4248 quacunque

327 4259 531 4325 voluit,
554 4261 705 4317 fecit.
739 4280 766 4312 ι
806 4261 960 4318 Deus
989 4261 1048 4319 in
1082 4265 1224 4321 ccelo
1273 4282 1532 4321 sursum.
1565 4265 1781 4320 Dicunt
1827 4282 1967 4321 san-

325 4348 403 4404 cti
431 4349 502 4404 ad
535 4348 665 4405 illos
697 4349 1089 4423 inﬁdeles,qui
1122 4353 1279 4410 idola
1303 4355 1572 4410 adorant:
1601 4354 1718 4409 Vos
1745 4359 1970 4410 vestros

324 4439 466 4494 deos
495 4455 675 4494 manu
707 4439 973 4512 tangitis,
1023 4445 1080 4497 et
1108 4442 1294 4499 oculis
1324 4443 1682 4499 animalibus
1711 4443 1971 4512 cernitis,

327 4527 430 4584 sed
456 4534 651 4584 noster
681 4533 832 4584 Deus
860 4528 918 4585 in
952 4529 1094 4586 cmlo
1124 4533 1214 4586 est
1270 4548 1530 4587 sursum.
1590 4531 1653 4586 In
1716 4531 1858 4588 ccelo
1915 4535 1971 4588 et

328 4615 389 4672 in
421 4621 596 4684 terra,
633 4639 661 4668 «
691 4618 892 4675 omnia
923 4636 1290 4693 quaecunque
1317 4619 1683 4688 voluit,fecit.
1716 4641 1744 4670 η
1779 4621 1841 4676 In
1876 4620 1969 4676 his

326 4704 428 4776 qui
454 4704 744 4762 cmiestem
774 4705 960 4762 vitam
982 4712 1184 4780 agunt,
1216 4712 1274 4764 et
1301 4708 1492 4764 adhuc
1541 4712 1772 4764 terrena
1799 4725 1969 4765 carne
2001 4711 2046 4776 D

326 4791 700 4866 clauduntur,
734 4794 1000 4867 implevit
1026 4796 1357 4853 voluntates
1383 4814 1543 4853 suas.

398 4905 426 4932 «
458 4881 782 4940 Simulacra
811 4885 1073 4957 gentium
1124 4891 1432 4959 argentum
1465 4889 1522 4941 et
1541 4903 1771 4957 aurum,
1795 4903 1968 4959 opera

323 4986 608 5027 manuum
641 4971 1009 5029 hominum.»
1041 4974 1402 5031 Ideodicitur
1418 4974 1968 5047 simulacrum,quia

324 5059 396 5117 ad
429 5058 878 5117 similitudinem
910 5061 1160 5135 alicujus
1190 5063 1449 5119 hominis
1479 5063 1715 5128 mortui,
1749 5065 1964 5120 factum

323 5148 420 5205 sit.
455 5171 482 5198 «
515 5154 844 5222 Argentum
862 5154 919 5207 et
946 5169 1180 5208 aurum.
1220 5174 1247 5201 ››
1271 5154 1460 5218 Quare
1476 5169 1592 5210 non
1623 5153 1787 5219 dixit,
1815 5151 1961 5225 lapi-

321 5238 452 5306 dea,
483 5241 584 5294 aut
614 5255 761 5296 aerea
791 5239 892 5296 sed
927 5238 1147 5313 fictilia,
1211 5245 1314 5296 aut
1340 5240 1536 5312 lignea
1572 5259 1584 5306 ;
1619 5241 1719 5297 sed
1751 5257 1964 5313 argen-

329 5328 422 5382 tea
437 5331 496 5383 et
525 5343 701 5384 aurea
730 5328 759 5382 ?
786 5327 934 5392 Quia
971 5329 1323 5402 praevidebat
1375 5329 1631 5401 Spiritus
1675 5333 1913 5386 sanctus
1949 5348 1960 5384 :

322 5415 604 5489 quoniam
623 5432 758 5474 cum
780 5415 986 5474 exinde
1007 5416 1701 5491 increpatiessent,quale
1722 5434 1962 5490 respon-

323 5521 459 5561 sum
493 5506 718 5562 darent.
749 5506 882 5563 Ideo
910 5507 1109 5578 posuit
1133 5525 1344 5565 aurum
1375 5511 1433 5564 et
1463 5510 1793 5580 argentum,
1827 5506 1963 5576 quia

325 5592 584 5650 dicerent
613 5594 697 5650 illi
727 5613 739 5662 ;
773 5594 899 5651 Non
931 5594 1130 5662 adoro,
1163 5613 1269 5654 nec
1298 5597 1558 5671 ligneum
1615 5596 1821 5666 Deum,
1857 5611 1960 5650 nec

317 5679 754 5760 lapideum,nec
785 5699 1022 5750 aereum;
1056 5685 1156 5740 sed
1185 5685 1369 5742 Deum
1402 5701 1642 5741 aureum
1677 5687 1734 5740 et
1757 5699 1960 5756 argen-

315 5771 669 5840 teum,Dicis
686 5771 853 5831 illi:si
871 5777 1142 5832 aurumet
1167 5779 1475 5847 argentum
1508 5775 1958 5844 adorasses‘,non

2079 717 2183 757 nec
2195 699 2632 772 argentum.llle
2645 699 3092 772 responditzNon
3109 717 3320 756 aurum
3340 704 3396 756 et
3408 705 3718 773 argentum

2078 794 2177 850 sed
2209 793 2392 848 Deum
2425 807 2618 846 meum
2653 791 2849 846 adoro.
2883 790 3016 853 Quae
3049 793 3138 846 est
3167 788 3282 845 ista
3314 790 3595 862 imago,et
3622 791 3723 848 illa

2078 886 2336 954 potestas
2368 897 2493 952 quae
2524 880 2583 936 in
2616 880 2741 950 ipsa
2773 882 2860 935 est
2887 879 2915 933 ‘I
2945 879 3100 934 Dicis
3141 878 3242 933 illi:
3306 879 3581 936 Diabolus
3638 881 3718 936 ibi

2077 976 2165 1028 est
2197 971 2296 1026 llle
2327 970 2466 1025 dicit
2499 987 2511 1024 :
2543 969 2728 1025 Absit.
2770 973 2894 1024 Non
2936 968 3064 1024 volo
3121 967 3418 1024 diabolum
3452 969 3717 1025 adorare.

2075 1060 2375 1128 Quomodo
2409 1075 2522 1114 non
2565 1059 2772 1113 adoras
2793 1057 3114 1121 diabolum,
3139 1057 3238 1129 qui
3271 1057 3328 1112 in
3353 1057 3464 1114 alio
3488 1057 3720 1130 psalmo

2073 1148 2323 1219 legimus
2357 1167 2370 1214 ;
2407 1148 2598 1204 Omnes
2629 1147 2710 1202 dii
2737 1148 2983 1214 gentium
3012 1146 3280 1202 daemonia
3310 1146 3720 1218 (Psal.xcv,5)?

2074 1237 2228 1294 Dicit
2259 1237 2354 1292 ille
2392 1237 2544 1293 :Neo
2573 1236 2681 1292 hoc
2712 1237 2907 1292 adoro.
2938 1236 3084 1302 Quid
3119 1252 3256 1307 ergo
3307 1236 3516 1292 adoras
3552 1235 3564 1290 !
3599 1239 3716 1307 Ego

2074 1326 2278 1395 solem,
2311 1327 2537 1392 lunam,
2577 1325 2776 1382 stellas
2807 1327 3004 1381 adoro.
3038 1326 3134 1381 Isti
3181 1328 3322 1379 sunt
3352 1326 3465 1380 mei
3495 1323 3598 1390 dii,
3630 1323 3716 1379 illi

2074 1433 2168 1472 me
2189 1415 2432 1472 salvant.
2467 1416 2622 1472 Dicis
2651 1415 2734 1470 illi
2769 1415 2858 1471 :Si
2893 1413 2979 1470 sol
3012 1419 3102 1470 est
3133 1417 3272 1470 tuus
3324 1414 3500 1480 Deus,
3534 1430 3715 1484 quare

2074 1523 2188 1562 non
2222 1523 2453 1577 semper
2480 1506 2586 1562 tibi
2619 1505 2966 1562 lucet?Diois
2997 1505 3069 1560 ad
3103 1503 3483 1574 alterum,qui
3507 1503 3713 1557 lunam

2074 1597 2296 1664 adorat,
2348 1595 2435 1651 vel
2495 1595 2592 1651 isti
2654 1594 2754 1666 qui
2812 1593 2994 1650 solem
3054 1594 3258 1649 adorat
3292 1610 3304 1648 :
3339 1591 3436 1649 Sol
3491 1593 3716 1668 integer

2073 1689 2181 1741 est.
2216 1686 2302 1740 Tu
2337 1683 2536 1740 lunam
2567 1684 2796 1753 adoras,
2830 1700 3008 1755 quare
3056 1682 3265 1738 crescit
3318 1687 3376 1738 et
3433 1679 3716 1736 decrescit

2072 1777 2213 1830 tuus
2243 1773 2418 1840 Deus,
2451 1779 2510 1829 et
2537 1775 2608 1828 de
2640 1777 2806 1829 nocte
2836 1772 2992 1828 lucet
3019 1773 3048 1827 ?
3074 1772 3262 1836 Quare
3311 1787 3427 1826 non
3481 1785 3715 1841 semper

2071 1863 2206 1920 tibit
2236 1862 2390 1920 lucet
2416 1863 2445 1919 ?
2476 1864 2544 1919 Et
2583 1863 2641 1918 in
2670 1879 2829 1918 mare
2860 1862 3094 1933 quando
3125 1858 3714 1933 mergeris,tualuna,

2073 1957 2129 2009 et
2157 1956 2268 2008 tuae
2298 1952 2476 2010 stella:
2503 1970 2606 2008 cur
2629 1957 2686 2008 te
2717 1969 2831 2008 non
2863 1951 3134 2015 liberant,
3169 1953 3225 2005 et
3254 1965 3431 2021 super
3485 1947 3591 2003 tibi
3620 1946 3712 2002 lu-

2077 2058 2200 2097 cem
2227 2043 2370 2098 dant
2393 2042 2421 2098 ?
2451 2043 2638 2107 Quare
2661 2041 3086 2112 addit:«0pera
3099 2055 3383 2095 manuum
3406 2037 3714 2093 hominum

2077 2135 2383 2203 argentum
2414 2135 2471 2186 et
2500 2147 2710 2186 aurum
2738 2129 2768 2184 ?
2798 2150 2824 2180 η
2863 2130 2944 2185 De
2971 2133 3127 2185 terra
3177 2127 3408 2183 fodiunt
3438 2125 3584 2181 illud
3616 2125 3718 2181 ho-

2075 2219 2349 2282 mines.et
2377 2219 2578 2275 colunt
2607 2218 2776 2284 illud,
2808 2223 2865 2273 et
2894 2217 3235 2285 colorant,et
3258 2215 3342 2271 sic
3373 2214 3568 2272 evenit
3582 2212 3714 2284 pul-

2075 2308 2280 2364 chrum
2294 2309 2459 2381 .Ergo
2473 2309 2675 2364 detuis
2689 2308 2962 2364 manibus
2979 2306 3125 2362 facis
3141 2307 3321 2362 Deum
3343 2309 3513 2360 tuum
3537 2317 3715 2376 quem

2076 2398 2304 2454 adoras.
2353 2399 2472 2454 Ista
2527 2399 2598 2453 ad
2649 2398 3062 2454 revincendum
3121 2395 3309 2452 malos
3366 2394 3521 2450 dicta
3578 2395 3718 2448 sunt

2149 2548 2176 2573 «
2213 2525 2423 2581 Oculos
2452 2525 2690 2591 habent,
2722 2527 2780 2580 et
2808 2540 2922 2580 non
2954 2523 3232 2578 videbunt
3263 2538 3276 2576 ε
3309 2536 3481 2577 aures
3500 2519 3720 2576 habent

2075 2619 2132 2670 et
2159 2631 2275 2670 non
2308 2613 2551 2670 audient
2584 2630 2598 2670 :
2627 2630 2798 2669 nares
2827 2612 3064 2677 habent,
3109 2615 3168 2666 et
3219 2626 3334 2666 non
3389 2609 3721 2664 odorabunt

2076 2705 2285 2760 Manus
2331 2704 2570 2769 habent,
2604 2707 2661 2758 et
2688 2719 2802 2758 non
2857 2700 3180 2773 palpabunt
3210 2717 3222 2754 :
3258 2699 3434 2771 pedes
3480 2697 3718 2761 habent,

2075 2797 2134 2849 et
2157 2809 2272 2848 non
2304 2791 2718 2848 ambulabunt:
2754 2807 2869 2846 non
2888 2789 3230 2845 clamabunt
3257 2787 3317 2842 in
3343 2789 3582 2859 gutture
3607 2802 3715 2842 suo

2075 2883 2272 2954 Neque
2303 2881 2460 2937 enim
2491 2884 2583 2936 est
2629 2879 2875 2952 spiritus
2933 2879 2990 2934 in
3023 2895 3122 2934 ore
3173 2877 3461 2948 ipsorum.
3493 2897 3522 2926 »
3559 2874 3714 2930 Dicis

2073 2971 2157 3026 illi
2192 2987 2205 3026 :
2239 2970 2341 3026 Vel
2372 2971 2422 3026 si
2455 2969 2700 3026 bestiam
2737 2969 3063 3037 adorasses,
3102 2966 3240 3022 licet
3294 2964 3517 3020 malum
3569 2967 3717 3028 erat,

2077 3061 2178 3117 sed
2210 3064 2406 3116 tamen
2440 3059 2528 3115 vel
2561 3057 2762 3114 oculos
2791 3056 2992 3124 habet,
3023 3054 3110 3111 vel
3143 3056 3320 3126 pedes
3350 3071 3364 3108 :
3398 3053 3501 3108 sed
3559 3052 3714 3108 istud

2077 3150 2232 3222 quod
2266 3149 2499 3214 adoras,
2531 3164 2637 3204 nec
2659 3146 2835 3212 videt,
2870 3162 2975 3201 nec
3025 3144 3206 3200 audit.
3269 3144 3456 3208 Quare
3513 3141 3714 3198 addit:

2077 3261 2106 3288 ‹‹
2137 3239 2262 3294 Non
2295 3237 2637 3293 clamabunt
2682 3237 2741 3291 in
2798 3238 3033 3307 gutture
3090 3250 3196 3290 suo
3226 3233 3255 3288 ?
3287 3254 3315 3282 »
3347 3231 3493 3298 Quia
3520 3230 3719 3294 bestias

1998 3342 2042 3408 ρ
2080 3327 2340 3382 clamant
2367 3341 2523 3395 voce,
2558 3325 2656 3381 sed
2693 3324 2972 3379 contusus
3000 3325 3089 3378 est
3118 3321 3338 3377 clamor
3364 3319 3719 3376 eorum.Non

2079 3413 2381 3486 intelligis,
2416 3429 2604 3484 neque
2635 3414 2799 3483 potes
2857 3427 2960 3482 per
3016 3409 3263 3475 litteras,
3317 3407 3403 3464 vel
3465 3407 3720 3479 syllabas

2077 3502 2592 3574 comprehendere,
2623 3499 2917 3572 quomodo
2944 3513 3143 3554 vocem
3174 3497 3433 3552 hominis
3459 3511 3721 3566 compre-

2077 3592 2308 3651 hendis.

2151 3732 2179 3759 «
2214 3707 2450 3765 Similes
2479 3706 2597 3763 illis
2628 3707 2776 3761 ﬁant
2804 3705 2903 3777 qui
2937 3703 3162 3760 faciunt
3186 3718 3275 3768 ea,
3304 3704 3359 3757 et
3389 3714 3596 3757 omnes
3618 3699 3719 3772 qui

2079 3798 2383 3855 conﬁdunt
2412 3796 2471 3852 in
2503 3796 2606 3852 eis.
2644 3818 2672 3845 ‹‹
2702 3794 2948 3861 Similes,
3003 3793 3112 3849 hoc
3158 3794 3267 3856 est,
3299 3791 3347 3846 si
3378 3788 3579 3846 oculos
3609 3804 3723 3846 non

2079 3888 2376 3952 emendat,
2409 3885 2549 3958 quia
2576 3885 2723 3940 vidit
2747 3884 2888 3940 illud
2925 3899 3158 3946 aurum,
3191 3879 3350 3936 illam
3383 3878 3726 3951 imaginem.

2082 3977 2193 4048 Sed
2221 3979 2277 4032 et
2307 3975 2363 4029 in
2398 3974 2596 4030 anima
2621 3972 2835 4030 similis
2851 3969 3271 4036 efficitur,dum
3302 3983 3419 4022 non
3449 3967 3730 4022 emendat

2079 4065 2218 4136 quia
2247 4080 2350 4120 nec
2406 4064 2581 4127 videt,
2616 4078 2719 4118 nec
2759 4059 3050 4131 intelligit,
3085 4073 3190 4112 nec
3219 4054 3519 4120 discernit,
3575 4054 3720 4109 dum

2079 4152 2212 4223 plus
2242 4149 2422 4206 errori
2457 4149 2662 4218 credit,
2698 4149 2832 4203 Ideo
2862 4145 3077 4202 similis
3107 4143 3375 4200 dicitur.«
3409 4142 3479 4197 Et
3513 4157 3720 4197 omnes

2080 4239 2180 4312 qui
2211 4239 2514 4295 confidunt
2542 4238 2601 4293 in
2631 4238 2737 4293 eis.
2771 4259 2792 4286 ιο
2830 4237 2954 4292 Non
2985 4234 3179 4290 solum
3209 4231 3309 4304 qui
3343 4230 3587 4294 faciunt,
3611 4229 3714 4285 sed

2078 4327 2250 4384 etiam
2285 4327 2384 4400 qui
2416 4327 2742 4383 confidunt.
2777 4347 2804 4375 «
2837 4325 3060 4380 Domus
3117 4319 3294 4378 Israel
3352 4317 3605 4390 speravit
3655 4317 3715 4372 in

2077 4416 2384 4473 Domino.«
2419 4417 2641 4472 Domus
2675 4413 2872 4480 Israel,
2897 4434 2925 4462 »
2959 4409 3264 4467 duodecim
3297 4407 3487 4462 tribus
3517 4403 3716 4460 Israel.

2080 4509 2293 4571 Aaron,
2328 4505 2518 4560 tribus
2545 4503 2676 4559 Levi
2711 4520 2823 4558 non
2871 4498 3177 4574 speravit?
3205 4497 3328 4553 Non
3379 4493 3633 4566 speravit
3661 4492 3720 4547 in

2078 4593 2225 4650 tales
2249 4595 2389 4649 deos
2411 4593 2798 4661 mortuos,sed
2833 4590 2891 4644 in
2909 4587 3206 4645 Domino.«
3245 4586 3461 4640 Domus
3485 4579 3720 4651 Israel,»

2078 4682 2406 4738 animarum
2441 4682 2650 4736 domus
2679 4678 3001 4734 videntium
3035 4681 3212 4730 Deum
3238 4672 3296 4728 in
3320 4670 3568 4727 Domino
3591 4685 3719 4742 spe-

2077 4774 2226 4826 rant.
2259 4771 2328 4825 Et
2370 4771 2578 4835 Aaron,
2613 4784 2783 4823 mons
2815 4763 3164 4832 fotitudinis,
3201 4762 3256 4817 id
3291 4765 3380 4816 est
3409 4758 3509 4831 qui
3543 4758 3721 4814 fortes

2078 4863 2134 4916 et
2164 4858 2261 4915 alti
2296 4860 2436 4913 sunt
2464 4857 2521 4913 in
2549 4855 2755 4912 merito
2785 4855 2842 4910 in
2875 4853 3118 4911 Domino
3151 4852 3408 4923 sperant.
3459 4871 3486 4898 ‹‹
3540 4846 3718 4914 Adiu-

2077 4951 2171 5006 tor
2198 4951 2256 5003 et
2288 4950 2580 5020 protector
2605 4961 2807 5000 eorum
2861 4947 2968 4999 est.
3002 4966 3030 4993 »
3067 4943 3164 4997 Illz’
3217 4939 3301 4995 dii
3326 4953 3439 4991 non
3466 4936 3717 5006 prosunt,

2077 5037 2400 5093 secundum
2433 5033 2695 5091 Jeremiaa
2727 5034 2951 5090 dictum
3009 5033 3230 5103 (larem,
3263 5043 3361 5095 vn,
3391 5026 3448 5092 8)
3483 5038 3494 5077 :
3526 5020 3722 5076 homi-

2074 5141 2206 5182 nem
2241 5141 2356 5181 non
2388 5125 2644 5181 liberant
2675 5124 2745 5178 de
2777 5121 2952 5185 bello,
2987 5133 3181 5190 regem
3205 5131 3319 5170 non
3352 5109 3728 5168 constituunt

2073 5215 2173 5272 sed
2205 5215 2315 5270 iste
2345 5213 2477 5270 illos
2504 5212 2849 5275 defendit,et
2883 5201 3489 5280 protegit,secundum
3520 5196 3727 5254 Danie~

2073 5302 2147 5359 lis
2177 5303 2423 5369 dictum,
2459 5318 2592 5358 vere
2617 5301 2742 5372 ipse
2773 5301 2862 5353 est
2891 5296 3044 5351 Deus
3089 5308 3313 5357 eorum,
3346 5293 3403 5345 et
3434 5288 3559 5360 ipse
3587 5303 3716 5342 mu-

2072 5397 2159 5449 tat
2186 5395 2471 5464 tempora,
2495 5394 2552 5445 et
2601 5391 2830 5444 amovet
2860 5401 3046 5455 reges,
3098 5387 3155 5438 et
3209 5379 3517 5436 constituit
3553 5375 3716 5446 (Dan.

2073 5499 2132 5549 Il,
2162 5481 2227 5535 21
2261 5487 2314 5536 el
2338 5477 2532 5550 seqq.).

2143 5600 2420 5652 «Domus
2481 5593 2663 5648 Aaron
2722 5588 2974 5662 speravit
3029 5588 3088 5642 in
3150 5583 3436 5640 Domino:
3470 5579 3706 5652 adjutor

2066 5699 2271 5740 eorum
2303 5687 2362 5740 et
2390 5684 2677 5755 protector
2723 5695 2924 5736 eorum
2974 5681 3082 5733 est.
3130 5673 3238 5740 Qui
3269 5673 3478 5728 timent
3508 5667 3698 5726 Domi-

2069 5789 2234 5846 num,
2259 5772 2639 5845 speraverunt
2668 5769 2726 5825 in
2760 5765 3022 5825 Domino.
3061 5789 3082 5817 ι
3119 5762 3388 5840 Exceptis
3416 5760 3567 5832 istis,
3598 5759 3702 5816 dov
