4244 6572
520 408 677 481 1247

2020 409 2440 487 ΔΡΡΕΝΜΧ·

3766 405 3923 474 1248

521 562 655 609 mus
684 543 885 614 Israel,
916 550 973 603 et
1017 549 1231 615 Aaron,
1264 564 1469 606 omnes
1518 547 1619 621 qui
1652 547 1819 605 illum
1869 549 2080 605 timent
2107 555 2165 606 et
2190 548 2245 615 Α
2275 551 2416 624 quia
2462 568 2570 607 nos
2617 548 2885 608 homines
2930 566 3161 622 sumus,
3193 550 3252 607 et
3300 544 3381 605 dii
3428 561 3548 605 non
3596 559 3923 618 possumus

523 638 742 703 amant,
775 636 1029 709 protegit
1059 637 1191 695 illos
1221 645 1273 693 et
1303 638 1579 695 defendit.

596 747 625 775 α
660 725 946 782 Dominus
978 743 1202 782 memor
1250 727 1359 784 fuit
1389 728 1589 795 nostri,
1623 733 1681 783 et
1721 728 2015 784 benedixit
2063 745 2166 783 no-

523 812 637 879 bis.
675 839 696 867 ι
733 818 953 872 Memor
997 816 1126 886 fuit,
1159 816 1437 888 quoniam
1488 816 1754 873 liberavit
1784 816 1933 873 ﬁlios
1966 818 2165 875 Israel.

522 905 594 959 Et
626 921 753 973 nos,
805 904 1085 979 quoniam
1136 908 1287 978 quod
1349 906 1634 979 promisit,
1668 906 1930 979 implevit
1975 925 2165 980 opere.

525 993 681 1050 Misit
714 993 927 1050 Filium
958 1012 1155 1061 suum,
1181 995 1280 1067 qui
1312 1012 1544 1052 carnem
1578 996 1857 1069 suscepit,
1882 1001 1939 1052 et
1969 1013 2076 1053 nos
2098 996 2169 1051 li-

524 1082 770 1143 beravit.
807 1088 925 1145 Hoc
954 1083 1104 1150 dico,
1137 1088 1318 1141 Deum
1353 1102 1693 1141 memorare.
1730 1107 1757 1135 ‹‹
1780 1086 1850 1141 Et
1877 1083 2173 1143 benedixit

526 1172 719 1239 nobis,
756 1194 776 1223 ι
814 1172 921 1229 hoc
950 1178 1057 1240 est,
1090 1175 1248 1229 omni
1280 1175 1684 1232 benedictione
1715 1174 2026 1248 spirituali.

603 1284 625 1311 ι
663 1261 963 1318 Benedixit
984 1262 1184 1318 domui
1202 1263 1399 1335 Israel,
1422 1264 1718 1320 benedixit
1734 1265 1933 1320 domui
1958 1268 2167 1322 Aaron.

528 1349 831 1413 Benedixit
861 1366 1063 1407 omnes
1105 1351 1378 1408 timentes
1410 1353 1745 1423 Dominum,
1778 1352 2009 1425 pusillis
2038 1370 2173 1413 cum

526 1438 868 1509 majoribus.
904 1460 932 1489 »
965 1440 1026 1496 Id
1059 1444 1167 1509 est,
1202 1441 1435 1499 altiores
1465 1442 1693 1507 merito,
1727 1446 1783 1497 et
1812 1441 2135 1499 inferiores.

604 1549 631 1576 ‹‹
662 1527 914 1598 adjiciat
961 1529 1241 1586 Dominus
1272 1546 1449 1602 super
1478 1547 1600 1587 vos.
1636 1552 1664 1581 »
1696 1531 1855 1587 Alios
1905 1532 2174 1601 praedica-

526 1620 705 1672 tores.
741 1616 1019 1674 Primitus
1049 1618 1218 1690 pauci
1251 1619 1507 1687 fuerunt,
1540 1624 1742 1692 postea
1785 1619 1954 1675 multi
1986 1619 2173 1675 effecti

531 1710 673 1771 sunt
704 1705 762 1760 in
797 1708 1019 1763 mundo
1052 1708 1479 1779 praedicatores.

605 1818 631 1844 «
667 1795 964 1852 Benedicti
1010 1812 1112 1852 vos
1161 1813 1194 1851 a
1240 1796 1509 1865 Domino,
1542 1798 1641 1870 qui
1690 1797 1828 1854 fecit
1868 1798 2075 1854 coelum
2120 1803 2178 1855 et

532 1888 838 1987 terram.“»
886 1884 1182 1982 Benedicti,
1215 1884 1324 1940 hoc
1373 1890 1481 1954 est,
1508 1904 1609 1943 vos
1657 1887 1841 1943 sancti
1890 1887 2177 1943 benedicti
2207 1921 2255 1987 Β

533 1972 677 2039 estis
706 1989 739 2027 a
768 1972 1036 2031 Domino.
1116 2030 1123 2035 ,

608 2083 637 2111 α
667 2059 890 2118 Caelum
924 2061 1051 2117 cmli
1072 2062 1343 2131 Domino,
1380 2068 1595 2121 terram
1626 2070 1820 2122 autem
1853 2066 2011 2121 dedit
2041 2064 2177 2121 filiis

534 2150 863 2211 hominum.
902 2176 924 2203 ι
965 2175 992 2203 ‹‹
1027 2151 1245 2209 Caelum
1286 2154 1431 2222 coli,
1467 2178 1493 2203 ››
1528 2156 1681 2211 sicut
1710 2155 1853 2212 dicit
1882 2155 2175 2211 canticum

534 2238 766 2315 psalmi,
789 2245 847 2295 et
869 2240 1134 2313 psalmus
1156 2243 1386 2301 cantici.
1410 2244 1569 2300 [stud
1601 2243 1812 2301 coelum
1840 2245 2173 2315 subjectum

531 2333 620 2386 est
649 2327 731 2382 illi
772 2329 914 2385 cmlo
946 2331 1251 2403 superiori,
1277 2332 1375 2389 ubi
1408 2337 1497 2390 est
1519 2334 1974 2399 ﬁrmamentum,
1999 2338 2056 2390 et
2085 2334 2175 2389 in-

534 2417 607 2471 de
638 2415 815 2472 habet
861 2417 1081 2473 lumen.
1133 2420 1201 2474 Et
1229 2424 1382 2476 terra
1413 2422 1622 2477 iterum
1674 2423 1936 2494 subjecta
1984 2426 2074 2478 est
2103 2423 2174 2477 ad

533 2503 675 2560 illud
699 2505 910 2561 castum
944 2523 1175 2563 aereum
1214 2527 1227 2565 :
1263 2510 1467 2566 exinde
1493 2511 1667 2567 habet
1688 2511 1942 2585 pluviam
1961 2514 2018 2567 et
2048 2527 2172 2567 om-

536 2609 668 2649 nem
701 2595 1129 2651 necessitatem.
1171 2598 1506 2655 Secundum
1553 2617 1815 2669 sensum,
1849 2600 2058 2656 caelum
2091 2598 2175 2654 al-

532 2681 673 2752 tius,
708 2684 893 2739 sancti
924 2684 1195 2756 apostoli,
1218 2686 1317 2758 qui
1348 2689 1418 2743 ab
1450 2688 1577 2761 ipso
1608 2689 1836 2745 Christo
1868 2690 2179 2746 audierunt

534 2772 1028 2844 praedicationem,
1073 2779 1130 2829 et
1167 2774 1653 2834 illuminationem
1686 2777 1943 2850 Spiritus
1989 2778 2174 2834 sancti

536 2866 903 2932 acceperunt,
931 2865 988 2918 et
1008 2863 1215 2919 exinde
1240 2864 1698 2922 fueruntedocti.
1720 2867 1937 2921 Caelum
1963 2866 2176 2922 iterum

536 2963 907 3006 successores
927 2951 1347 3023 apostolorum,
1363 2955 1671 3025 quibusilli
1690 2957 2176 3028 praedicaverunt,

535 3042 596 3093 et
632 3037 918 3095 Dominus
966 3038 1095 3096 illos
1143 3040 1202 3095 in
1260 3042 1459 3098 anima
1514 3042 1748 3098 illorum
1800 3044 2173 3099 illuminavit.

537 3147 566 3176 ‹‹
597 3127 837 3182 Terram
888 3133 1084 3185 autem
1131 3129 1294 3185 dedit
1337 3129 1473 3186 filiis
1522 3132 1846 3188 hominum.
1883 3157 1905 3184 ι
1943 3132 2011 3188 Ηί
2040 3137 2180 3188 sunt

536 3213 621 3270 illi
654 3214 1038 3288 simpliciores
1056 3220 1155 3291 qui
1176 3224 1406 3276 tantum
1425 3221 1885 3279 incarnationem
1908 3224 2174 3297 credunt,

538 3304 640 3376 qui
670 3304 761 3362 lac
790 3306 991 3376 edunt,
1011 3312 1069 3363 et
1098 3310 1443 3367 nutriuntur
1470 3330 1575 3385 per
1603 3315 2093 3387 praedicationem,
2122 3294 2181 3373 et
2210 3294 2255 3361 (ἶ

539 3394 652 3466 ipsi
682 3396 781 3468 qui
813 3399 1027 3453 terreni
1053 3404 1238 3468 erant,
1272 3401 1399 3456 coeli
1430 3403 1784 3461 efficiuntur.

614 3506 643 3537 α
670 3485 796 3541 Non
827 3487 1039 3543 mortui
1090 3488 1415 3547 laudabunt
1460 3496 1517 3547 te
1546 3492 1810 3551 Domine.
1848 3520 1868 3547 ι
1908 3496 2023 3552 Hoc
2070 3500 2179 3569 est,

539 3579 892 3659 peccatores.
925 3577 1198 3635 Peccator
1225 3579 1382 3636 enim
1435 3598 1567 3638 cum
1600 3583 1821 3640 venerit
1850 3585 1910 3641 in
1942 3587 2181 3657 profun-

540 3665 684 3723 dum
715 3665 1029 3735 malorum,
1057 3670 1379 3726 contemnit
1406 3673 1590 3742 (Prov.
1622 3690 1782 3744 xvm,
1814 3674 1891 3746 3).
1925 3697 1952 3725 «
1987 3676 2184 3747 Neque

540 3769 747 3813 omnes
778 3755 881 3826 qui
905 3756 1270 3815 descendunt
1300 3759 1356 3815 in
1383 3760 1698 3817 infernum.
1736 3785 1764 3812 ››
1798 3763 1915 3819 Hoc
1947 3768 2054 3835 est,
2086 3764 2186 3821 ha-

542 3840 821 3901 bitatores
852 3844 1085 3902 inferni.
1116 3868 1144 3897 «
1172 3848 1280 3903 Sed
1327 3865 1434 3905 nos
1464 3850 1563 3922 qui
1588 3851 1858 3917 vivimus,
1890 3853 2183 3909 benedici-

542 3947 677 3989 mus
713 3933 1045 3992 Dominum.
1082 3958 1111 3985 »
1143 3937 1258 3993 Nos
1306 3937 1509 3994 ﬁdeles
1536 3939 1634 4009 qui
1668 3940 1941 4009 vivimus,
1972 3928 2029 3997 id
2076 3947 2185 4009 est,

541 4021 642 4094 qui
696 4022 871 4081 ﬁdem
918 4028 977 4080 et
1024 4014 1198 4098 opera
1239 4027 1475 4099 habent,
1528 4028 1639 4099 ipsi
1688 4030 1930 4086 laudant
1976 4031 2183 4089 Deum.

542 4132 573 4161 «ι
606 4112 684 4169 Ex
715 4110 823 4168 hoc
854 4129 1009 4169 nunc
1037 4118 1095 4169 et
1122 4132 1311 4188 usque
1339 4117 1400 4172 in
1433 4118 1734 4174 saeculum.
1767 4140 1795 4168 η
1831 4141 1859 4168 ‹‹
1892 4120 1969 4175 Ex
2001 4120 2127 4187 hoc,
2155 4142 2183 4172 ››

543 4204 748 4267 id-est,
804 4219 921 4274 quo
971 4203 1289 4276 incipimus
1346 4205 1691 4280 intelligere.
1752 4211 1932 4273 Nunc,
1992 4210 2185 4266 modo.

546 4313 575 4343 ιι
605 4295 801 4364 Usque
830 4292 891 4349 in
925 4295 1226 4366 saeculum,
1264 4318 1287 4345 ι»
1323 4296 1449 4352 sine
1478 4296 1615 4351 ﬁne.

1085 4419 1417 4477 PSALMUS
1456 4420 1643 4476 CXIV.

540 4508 948 4582 Alleluia._Iste
990 4508 1255 4582 psalmus
1304 4526 1503 4566 vocem
1535 4512 1795 4567 continet
1844 4511 2030 4569 fidelis
2063 4514 2188 4569 ani-

614 4595 720 4634 mae
752 4597 786 4656 a_
815 4580 931 4637 Deo
974 4580 1418 4656 peregrinantis,
1452 4600 1578 4653 quas
1628 4587 1761 4654 post
1791 4582 1997 4656 longos
2028 4585 2186 4642 labo-

613 4668 706 4706 res
736 4653 809 4707 ab
839 4669 906 4707 eo
937 4653 1275 4725 suscipitur.

621 4760 647 4792 ιι
677 4738 877 4806 Dilexi,
910 4741 1190 4813 quoniam
1220 4741 1485 4799 exaudiet
1515 4744 1799 4800 Dominus
1827 4761 2026 4800 vocem
2058 4762 2186 4802 ora-

541 4827 721 4885 tionis
751 4846 910 4886 meaa.
935 4852 963 4881 ››
997 4830 1123 4887 Non
1153 4830 1300 4887 dixit
1323 4850 1336 4891 :
1360 4830 1604 4905 diligam
1635 4850 1648 4886 :
1682 4834 1805 4901 sed,
1836 4833 2031 4890 dilexi.
2057 4833 2183 4891 Non

540 4918 810 4992 promisit
839 4936 903 4976 se
933 4919 1139 4989 facere,
1173 4924 1273 4977 sed
1330 4925 1581 4977 testatur
1610 4938 1673 4977 se
1721 4923 1946 4979 fecisse.
1981 4925 2183 4980 Dilexi.

538 5011 727 5075 Quare
766 5009 951 5066 dilexi
971 5014 998 5065 γ
1026 5010 1311 5078 Quoniam
1360 5011 1630 5068 exaudiet
1659 5012 1939 5067 Dominus
1987 5029 2185 5069 vocem

536 5099 820 5156 orationis
868 5114 1032 5157 mete.
1066 5121 1094 5150 ››
1145 5101 1349 5168 Dilewi,
1404 5101 1685 5157 transacti
1735 5101 2018 5172 temporis
2047 5106 2180 5157 est:

535 5191 795 5249 exaudiet
820 5197 1036 5260 autem,
1069 5192 1274 5250 futuri.
1305 5193 1431 5248 Non
1475 5192 1632 5247 enim
1674 5189 1821 5245 dixit
1852 5208 1865 5246 :
1901 5191 2182 5261 quoniam

536 5281 707 5338 dilexi
754 5284 911 5354 quod
958 5282 1254 5338 exaudivit
1306 5298 1396 5337 me
1437 5279 1759 5350 Dominus;
1812 5278 1935 5346 sed,
1986 5278 2178 5351 dilexi,

536 5372 689 5445 quod
722 5371 987 5428 exaudiet
1021 5388 1114 5427 me
1144 5370 1448 5428 Dominus.

606 5486 633 5511 ‹‹
668 5461 814 5525 Quia
839 5460 1143 5517 inclinavit
1171 5477 1372 5517 aurem
1426 5477 1593 5516 suam
1626 5458 1793 5515 mihi.
1832 5481 1859 5507 ››
1890 5458 2176 5525 Quoniam

536 5568 643 5608 nos
673 5551 831 5622 parvi
864 5567 1072 5607 sumus
1102 5554 1161 5606 et
1188 5548 1465 5621 humiles,
1494 5554 1551 5605 et
1573 5566 1691 5607 non
1723 5565 2039 5622 possumus
2071 5565 2178 5604 nos

535 5640 843 5695 extendere
872 5644 931 5696 et
959 5639 1211 5697 exaltare
1239 5656 1251 5693 :
1286 5644 1595 5713 propterea
1624 5636 1908 5695 Dominus
1930 5636 2177 5695 inclina-

532 5726 617 5784 vit
638 5742 836 5782 aurem
868 5745 1060 5798 suam,
1083 5734 1140 5785 ct
1159 5730 1437 5803 dignatur
1466 5727 1738 5786 exaudire
1769 5745 1895 5786 nos.
1919 5726 2179 5803 Denique

2274 642 2397 696 ﬁeri
2435 659 2447 696 :
2481 642 2635 699 Deus
2677 642 2869 712 homo.
2900 642 3092 709 factus
3135 644 3242 707 est,
3275 642 3331 694 et
3375 634 3678 693 inclinavit
3706 650 3792 701 se,
3826 649 3923 691 se-

2274 733 2531 787 cundum
2573 731 2715 786 illud
2747 731 2902 803 quod
2936 730 3219 800 scriptum
3247 731 3372 783 est:
3407 727 3470 781 Et
3494 725 3795 780 inclinavit
3814 740 3920 779 cce-

2278 821 2375 887 los,
2407 825 2457 876 et
2497 821 2771 876 descendit
2819 820 2887 890 (II
2920 821 3047 889 Reg.
3093 835 3233 884 xm,
3286 818 3395 885 10).
3449 834 3477 864 «
3509 814 3581 869 Et
3621 811 3679 867 in
3712 812 3919 868 diebus

2279 909 2425 965 meis
2476 909 2754 966 invocabo
2792 913 2868 964 te.
2927 930 2954 956 ››
3010 906 3114 963 Hic
3172 905 3456 978 quaeritur
3510 902 3803 975 quomodo
3862 900 3922 967 in

2279 998 2487 1053 diebus
2515 998 2760 1064 invocet,
2780 1001 2837 1052 et
2867 1014 2982 1052 non
3018 995 3244 1051 invocet
3265 994 3321 1049 in
3354 991 3648 1049 noctibus.
3673 991 3745 1045 Et
3773 1005 3918 1061 quo-

2281 1087 2452 1143 modo
2481 1087 2620 1143 dicit
2662 1087 2719 1141 in
2771 1086 2884 1142 alio
2915 1085 3039 1141 loco
3074 1102 3087 1142 :
3119 1084 3305 1143 Media
3337 1090 3490 1138 nocte
3537 1081 3827 1151 surgebam
3851 1078 3924 1136 ad

2279 1177 2649 1247 conﬁtendum
2695 1176 2796 1232 tibi
2836 1176 3007 1247 (Psal.
3057 1190 3254 1239 cxvm,
3302 1173 3417 1243 62),
3448 1187 3585 1226 cum
3636 1167 3825 1225 sancti
3861 1168 3922 1224 in

2282 1271 2451 1322 nocte
2481 1264 2613 1337 plus
2656 1263 2884 1322 soleant
2927 1280 3111 1320 orare.
3145 1264 3213 1317 Et
3260 1261 3319 1316 in
3369 1259 3481 1315 alio
3530 1258 3656 1314 loco
3710 1256 3924 1313 dicitur

2284 1356 2343 1410 ln
2388 1357 2635 1411 noctibus
2691 1355 2935 1409 attollite
2979 1368 3177 1409 manu:
3222 1360 3426 1407 vestras
3482 1350 3544 1404 in
3601 1350 3822 1414 sancta,
3872 1348 3925 1402 et

2283 1444 2578 1500 benedicite
2636 1444 2928 1501 Dominum
2982 1442 3150 1514 (Psal.
3211 1457 3440 1505 cxxxm,
3494 1439 3572 1509 2).
3622 1434 3922 1499 Quomodo

2283 1533 2443 1600 dicit,
2476 1556 2505 1583 «
2536 1538 2592 1588 et
2625 1532 2685 1588 in
2737 1532 2946 1588 diebus
2989 1531 3137 1587 meis
3166 1527 3491 1586 invocabo?
3526 1549 3549 1576 ι
3587 1526 3711 1582 Non
3754 1522 3923 1595 dixit,

2285 1623 2584 1691 invocavi;
2637 1622 2757 1690 sed,
2794 1622 3074 1692 invocabo,
3110 1620 3169 1675 in
3221 1620 3436 1675 futuro.
3474 1620 3620 1672 Dum
3663 1613 3820 1670 enim
3864 1611 3926 1669 in

2285 1711 2393 1767 hoc
2431 1713 2651 1767 mundo
2682 1727 2910 1777 sumus,
2934 1710 2994 1765 in
3025 1713 3191 1765 nocte
3221 1708 3582 1763 invocamus.
3626 1703 3690 1759 In
3725 1702 3923 1757 futuro

2285 1800 2345 1855 in
2378 1801 2471 1856 die
2500 1800 2841 1856 invocamus
2872 1799 3188 1855 Dominum
3222 1813 3234 1851 :
3270 1799 3574 1869 propterea
3602 1791 3768 1859 dixit,
3799 1813 3827 1841 ‹‹
3863 1790 3924 1846 in

2286 1888 2491 1946 diebus
2534 1888 2758 1944 meis.»
2790 1886 3200 1944 Peccatoribus
3249 1884 3408 1942 enim
3453 1899 3566 1939 nox
3612 1885 3743 1937 est:
3780 1877 3923 1935 mihi

2287 1981 2484 2034 autem
2515 1978 2661 2034 dies.

2360 2088 2387 2116 «
2417 2066 2939 2123 Circumdederunt
2958 2082 3052 2123 me
3072 2064 3303 2122 dolores
3333 2062 3559 2119 mortis.
3584 2083 3614 2112 ››
3643 2059 3926 2115 Videntur

2289 2155 2435 2210 mihi
2458 2156 2688 2212 dolores
2712 2156 2916 2212 mortis
2938 2154 3321 2228 cogitationes
3341 2168 3471 2209 esse
3489 2151 3673 2217 foedae,
3692 2147 3927 2221 quando

2285 2243 2483 2301 anima
2512 2244 2746 2317 cogitat,
2779 2248 2836 2300 et
2867 2260 3102 2317 peccare
3132 2243 3446 2309 desiderat,
3481 2238 3759 2312 quoniam
3792 2252 3923 2308 par-

2285 2334 2427 2389 turit
2457 2339 2715 2405 peccata,
2738 2333 2930 2390 vicina
2956 2338 3046 2390 est
3061 2331 3254 2389 morti.
3281 2354 3310 2384 α
3334 2332 3402 2387 Et
3431 2327 3690 2402 pericula
3716 2324 3925 2382 inferni

2286 2422 2635 2479 invenerunt
2674 2440 2789 2479 me.
2824 2445 2850 2473 ››
2886 2424 2930 2479 Ο
2980 2439 3087 2480 nos
3142 2422 3425 2487 infelices,
3470 2424 3527 2475 et
3575 2416 3838 2484 miseros,
3872 2416 3931 2470 et

2286 2510 2571 2585 lugendos
2604 2528 2618 2567 2
2652 2513 2792 2584 quia
2835 2529 3066 2584 semper
3095 2528 3202 2567 nos
3251 2512 3556 2583 peccatum
3589 2505 3829 2578 quierit!
3867 2501 3927 2559 Si

2287 2605 2482 2657 autem
2500 2618 2733 2674 semper
2752 2618 2858 2658 nos
2883 2605 3149 2673 quaerunt
3166 2603 3421 2672 peccata,
3448 2614 3557 2653 nos
3582 2593 3928 2652 festinemus

2289 2695 2353 2746 ut
2382 2708 2495 2747 non
2529 2707 2635 2746 nos
2655 2690 2972 2747 inveniant.
2995 2690 3124 2745 Haec
3142 2695 3337 2746 autem
3361 2684 3641 2743 distantia
3666 2688 3755 2740 est
3775 2683 3926 2738 inter

2286 2779 2511 2837 dolores
2544 2780 2768 2848 mortis,
2802 2785 2859 2837 et
2890 2779 3148 2851 pericula
3175 2777 3410 2834 inferni.
3443 2798 3474 2826 cr
3504 2773 3737 2831 Dolores
3768 2788 3924 2828 mor-

2286 2869 2382 2935 ῑίεν
2414 2890 2442 2918 ι)
2479 2869 2642 2926 mala:
2672 2869 3051 2942 cogitationes
3082 2871 3255 2924 sunt:
3291 2889 3318 2915 ‹‹
3351 2863 3612 2922 Pericula
3639 2860 3870 2929 inferni,
3897 2881 3925 2909 υ

2286 2974 2461 3029 opera
2509 2957 2666 3013 mala
2706 2962 2868 3013 sunt.
2907 2956 2975 3012 Ut
3004 2961 3094 3013 est
3140 2959 3338 3011 autem
3383 2954 3573 3009 dicam
3613 2950 3815 3007 :aliud
3861 2948 3921 3002 in

2286 3046 2530 3114 theoria,
2557 3046 2717 3102 aliud
2750 3047 2807 3101 in
2830 3062 3022 3119 opere,
3046 3046 3154 3101 hoc
3169 3049 3255 3101 est
3273 3044 3332 3099 in
3364 3042 3636 3117 practice.
3657 3038 3743 3096 Ibi
3767 3036 3925 3094 enim

2286 3135 2453 3193 dolor
2481 3143 2538 3192 et
2566 3135 2875 3208 parturitio
2909 3152 2921 3191 :
2956 3135 3049 3191 hic
3079 3138 3275 3191 autem
3306 3131 3630 3206 periculum
3662 3133 3751 3187 est
3779 3127 3923 3183 vici-

2289 3242 2429 3281 num
2463 3225 2656 3281 morti.

2364 3338 2392 3366 «
2425 3313 2887 3371 Tribulationem
2917 3319 2976 3370 et
2996 3313 3255 3371 dolorem
3281 3312 3540 3369 inveni.»
3564 3310 3779 3366 Novam
3803 3321 3927 3363 rem

2292 3406 2451 3461 dicit.
2492 3405 2615 3461 Non
2647 3404 2807 3469 dicit,
2834 3403 3113 3475 Requiem
3151 3402 3384 3458 inveni:
3411 3417 3527 3457 non
3567 3397 3729 3467 dicit,
3757 3396 3930 3453 Satu-

2248 3510 2253 3521 '
2292 3495 2525 3551 ritatem
2548 3492 2760 3550 inveni.
2784 3492 2845 3549 Si
2875 3497 3071 3549 autem
3091 3491 3352 3559 dixisset,
3378 3489 3599 3548 invenit
3620 3504 3711 3543 me
3742 3485 3928 3542 tribu-

2292 3582 2453 3651 latio,
2503 3582 2724 3639 invenit
2772 3599 2867 3637 me
2913 3580 3097 3649 dolor,
3147 3596 3263 3636 non
3304 3582 3429 3636 erat
3472 3575 3736 3650 quaestio.
3767 3574 3932 3630 Nunc

2294 3677 2490 3729 autem
2518 3671 2659 3744 quid
2693 3670 2881 3727 dicit?
2920 3692 2947 3721 «
2979 3667 3439 3726 Tribulationem
3469 3672 3527 3722 et
3554 3665 3813 3723 dolorem
3842 3663 3933 3718 in-

2293 3761 2461 3829 veni;
2497 3784 2524 3810 »
2557 3759 2725 3833 quasi
2755 3775 3017 3829 quaerens
3053 3758 3136 3814 sic
3168 3756 3408 3813 invenit.
3430 3754 3555 3812 Non
3581 3754 3739 3811 enim
3770 3753 3927 3809 inve.

2295 3849 2455 3906 nitur
2507 3848 2619 3905 nisi
2676 3848 2830 3920 quod
2890 3846 3190 3918 quaeritur.
3245 3845 3495 3901 Sanctus
3554 3858 3668 3898 non
3728 3840 3932 3914 quaerit

2296 3940 2580 4010 requiem,
2630 3936 2732 3992 sed
2782 3934 3235 3991 tribulationem.
3276 3934 3436 3990 Novit
3480 3932 3628 3989 enim
3676 3931 3936 4003 quoniam

2296 4029 2580 4085 tribulatio
2633 4026 2968 4098 patientiam
3032 4030 3298 4096 aperatur
3358 4040 3376 4078 :
3434 4022 3702 4093 patientia
3744 4021 3938 4078 autem

2293 4119 2688 4191 probationem,
2736 4115 2985 4187 probatio
3032 4129 3157 4170 vero
3202 4128 3352 4185 spem
3378 4130 3398 4165 :
3436 4127 3555 4183 spes
3603 4112 3788 4167 autem
3830 4122 3938 4165 non

2296 4206 2583 4281 confundit
2627 4206 2799 4276 (Rom.
2833 4222 2890 4271 v,
2917 4203 3061 4274 3~5).
3105 4201 3242 4258 Tale
3290 4200 3432 4273 quid
3480 4203 3537 4256 et
3583 4199 3643 4255 in
3688 4196 3941 4257 Jeremia

2298 4297 2532 4354 dicitur.
2568 4293 3020 4359 Tribulationem,
3053 4290 3265 4363 inquit,
3296 4292 3348 4345 et
3382 4289 3668 4346 miseriam
3698 4286 3944 4349 invocari

2299 4385 2524 4457 (Jerem.
2587 4400 2664 4448 v1,
2739 4382 2850 4453 24).
2911 4378 3220 4447 Quoniam,
3298 4378 3513 4451 inquit,
3571 4392 3768 4434 amaro
3840 4378 3943 4449 tuo

2298 4474 2470 4530 verbo
2519 4471 2740 4539 ridebo,
2774 4470 2883 4526 hoc
2930 4473 3042 4539 est,
3072 4468 3134 4524 in
3163 4469 3274 4525 hoc
3322 4466 3553 4537 saeculo,
3586 4463 3725 4537 quid
3775 4461 3941 4519 aliud

2299 4563 2427 4620 volo
2477 4562 2590 4618 nisi
2645 4558 3110 4624 tribulationem,
3141 4562 3207 4613 ut
3250 4557 3311 4612 in
3364 4558 3623 4613 futurum
3676 4551 3943 4624 requiem

2215 4662 2264 4728 ι)
2295 4653 2540 4710 habeam
2575 4654 2634 4706 et
2662 4647 3046 4705 felicitatem?
3079 4648 3146 4703 Et
3179 4650 3504 4719 propterea,
3535 4641 3751 4717 inquit,
3784 4656 3939 4697 nunc

2298 4740 2751 4799 amaritudinem
2782 4736 3064 4808 sustineo,
3094 4741 3160 4793 ut
3189 4738 3391 4809 postea
3422 4733 3683 4790 dulciora
3711 4745 3940 4805 promes

2296 4848 2444 4888 rear.
2489 4831 2558 4886 Et
2613 4826 2867 4902 populus
2921 4825 3152 4883 Domini
3208 4825 3281 4881 de
3333 4824 3577 4898 (Egypto
3633 4818 3939 4895 egrediens

2297 4921 2453 4977 venit
2480 4906 2541 4975 in
2591 4915 2971 4988 Mara(Exod.
3021 4933 3114 4983 xv,
3168 4915 3283 4985 23),
3323 4913 3479 4987 quod
3528 4911 3942 4983 interpretatur

2295 5008 2629 5077 amaritudo,
2663 5011 2721 5064 et
2750 5006 2820 5061 de
2859 5006 3019 5061 Mara
3047 5004 3106 5060 in
3135 5004 3293 5070 Sina,
3325 5002 3481 5075 quod
3525 5001 3942 5074 interpretatur

2293 5102 2540 5156 tentatio.
2574 5098 2641 5153 Et
2684 5096 2897 5153 iterum
2941 5093 3226 5152 Jeremias
3260 5109 3274 5148 :
3307 5092 3465 5148 Solus
3503 5089 3781 5156 sedebam,
3811 5102 3943 5160 quos

2292 5191 2446 5245 niam
2474 5185 2846 5244 amaritudine
2874 5184 3110 5257 repletus
3137 5197 3291 5239 eram
3321 5182 3542 5255 (Jerem.
3574 5196 3667 5248 xv,
3702 5178 3812 5250 17).

2364 5301 2393 5330 ‹‹
2424 5277 2468 5335 Ο
2491 5276 2757 5343 Domine,
2774 5275 2958 5331 libera
2971 5271 3229 5330 animam
3246 5286 3459 5327 meam.
3477 5291 3506 5320 »
3522 5266 3940 5341 Proprietatem

2290 5368 2583 5425 Hebraicis
2612 5365 2825 5439 linguai
2856 5364 3091 5420 Graecus
3111 5364 3167 5417 et
3199 5360 3441 5427 Latinus
3473 5356 3796 5432 exprimere
3817 5371 3936 5412 non

2290 5461 2557 5531 possunt.
2582 5460 2691 5511 Pro
2720 5471 2750 5512 o
2782 5454 2840 5510 in
2883 5452 3120 5508 Hebraeo
3150 5451 3326 5507 habet
3367 5466 3521 5507 nam
3551 5448 3733 5521 (nm).
3764 5450 3936 5501 Anna

2288 5551 2485 5604 autem
2541 5545 2956 5618 interpretatur
3007 5557 3157 5613 rogo,
3207 5546 3267 5597 et
3320 5540 3595 5613 deprecor.
3648 5537 3720 5593 Et
3776 5534 3931 5609 quod

2289 5636 2447 5707 dicit,
2479 5637 2590 5693 hoc
2636 5638 2728 5692 est
2761 5650 2772 5689 :
2803 5632 3107 5705 Deprecor,
3140 5630 3406 5704 Domine,
3433 5628 3618 5685 libera
3664 5624 3922 5683 animam

2286 5743 2498 5785 meam.
2531 5726 2657 5784 Non
2689 5726 2780 5782 est
2807 5721 2966 5781 enim
2997 5721 3282 5795 vocantis,
3313 5721 3414 5779 sed
3445 5714 3814 5793 deprecantis
3842 5711 3957 5771 αι’-ι.
