4244 6604
270 516 421 576 ηδε)

279 756 308 790 α
333 736 659 793 Misericors
679 733 960 791 Dominus
990 737 1047 789 et
1066 735 1288 806 justus,
1311 739 1368 790 et
1395 739 1544 790 Deus
1576 739 1773 791 noster
1804 735 1913 791 mi-

272 824 575 881 serebitur.
612 848 640 875 ››
689 823 855 896 Erige
902 839 1093 889 aures,
1145 827 1429 895 peccator.
1463 823 1789 880 Misericors
1828 827 1918 880 est

275 916 580 982 Dominus,
611 915 710 971 sed
742 913 862 970 noli
892 930 1021 970 esse
1050 911 1353 985 negligens
1384 931 1397 968 :
1441 913 1706 984 sequitur
1735 913 1914 981 enim,

276 1027 304 1055 «
336 1010 392 1060 et
414 1006 632 1075 justus.
659 1025 687 1053 »
714 1004 775 1057 Si
798 1002 1047 1058 multum
1077 1006 1345 1073 peccator
1374 1017 1435 1056 es
1465 1018 1479 1056 :
1511 1001 1670 1067 audi,
1694 1001 1918 1056 miseri~

277 1110 402 1149 cors
433 1097 522 1148 est
567 1092 845 1148 Dominus
881 1109 892 1146 :
947 1090 995 1147 si
1036 1089 1337 1161 negligens
1388 1105 1451 1145 es
1486 1108 1497 1145 :
1550 1088 1709 1155 audi,
1740 1090 1916 1160 etju-

277 1187 402 1239 stus
432 1186 542 1239 est.
574 1182 688 1239 Sed
717 1181 950 1236 videtur
978 1180 1145 1251 quasi
1178 1177 1402 1251 aequale
1430 1195 1580 1246 esse,
1627 1202 1654 1228 «
1690 1178 1918 1234 miseri-

279 1287 403 1329 cors
455 1271 740 1327 Dominus
793 1274 851 1325 et
895 1270 1118 1340 justus.
1152 1291 1180 1319 »
1231 1267 1403 1323 Verbi
1460 1268 1668 1340 gratia,
1714 1269 1912 1323 decem

279 1361 542 1434 partibus
585 1365 676 1415 est
714 1358 1070 1424 misericors,
1102 1362 1160 1413 et
1188 1358 1386 1413 decem
1417 1357 1681 1429 partibus
1712 1361 1801 1412 est
1822 1358 1918 1427 ju-

280 1455 428 1518 stus,
461 1453 519 1505 et
548 1448 658 1504 hoc
688 1451 924 1520 propter
954 1446 1339 1519 simpliciores
1369 1446 1449 1501 ita
1478 1445 1704 1517 loquor.
1761 1444 1921 1501 Dicat

282 1538 494 1611 aliquis
523 1557 536 1594 :
570 1537 625 1593 Si
658 1540 979 1610 pensentur
1008 1540 1244 1608 peccata
1274 1551 1423 1600 mea,
1458 1550 1650 1590 nonne
1680 1550 1918 1607 possum

280 1631 441 1684 tanta
461 1627 675 1683 habere
695 1627 868 1691 bona,
882 1628 1101 1696 quanta
1121 1625 1304 1679 habeo
1327 1623 1481 1679 mala
1496 1624 1524 1677 ‘l
1546 1624 1711 1679 Nunc
1728 1627 1923 1678 autem

283 1715 513 1784 dicitur,
529 1716 683 1787 quod
707 1712 1041 1769 misericors
1062 1717 1150 1768 est
1169 1717 1225 1768 et
1236 1713 1573 1783 justus.Est
1594 1712 1927 1767 misericors

283 1806 344 1860 in
394 1803 815 1878 peccatoribus,
868 1803 1070 1874 justus
1121 1801 1181 1857 in
1234 1801 1423 1857 bonis.
1485 1800 1779 1872 Incipiunt
1836 1816 1928 1856 me

285 1911 523 1969 gravare
553 1897 788 1966 peccata
816 1907 964 1959 mea,
989 1895 1046 1948 et
1074 1889 1252 1946 vincit
1280 1890 1340 1945 in
1373 1906 1481 1947 sua
1507 1888 1926 1945 misericordia.

287 1984 598 2056 Propterea
628 1980 807 2037 semel
831 1982 1033 2051 justus
1065 1979 1283 2052 posuit,
1306 1985 1364 2035 et
1391 1979 1666 2047 secundo,
1702 1978 1927 2033 miseri-

290 2089 440 2128 cors.
493 2072 716 2127 Poterat
774 2074 830 2126 et
884 2070 956 2125 de
1005 2068 1292 2141 praeterito
1338 2069 1549 2124 dicere.
1602 2091 1629 2118 ‹‹
1666 2069 1735 2122 Et
1782 2072 1933 2122 Deus

291 2166 509 2228 noster,
540 2160 755 2232 inquit,
786 2159 1114 2226 miseretur,
1152 2182 1172 2209 ιι
1227 2162 1293 2213 ut
1335 2173 1566 2229 semper
1593 2173 1727 2213 eum
1760 2156 1933 2211 mise-

294 2250 581 2306 ricordem
612 2248 903 2305 ostendat.

366 2405 395 2434 κ
427 2381 771 2439 Custodiens
818 2379 1092 2453 parvulos
1142 2380 1441 2435 Dominus.
1476 2401 1504 2431 »
1555 2380 1613 2436 Si
1652 2380 1784 2451 quis
1815 2395 1936 2434 ma-

296 2488 449 2543 gnus
497 2476 605 2543 est,
637 2475 693 2526 et
732 2486 793 2525 se
822 2468 1054 2537 exaltat,
1090 2473 1147 2524 et
1174 2470 1462 2540 superbus
1494 2473 1601 2537 est,
1634 2468 1791 2535 hunc
1822 2484 1939 2523 non

296 2560 555 2618 custodit
579 2558 880 2615 Dominus.
905 2557 964 2613 Si
988 2558 1120 2629 quis
1146 2574 1209 2613 se
1239 2574 1520 2629 magnum
1552 2561 1738 2631 putat,
1762 2557 1941 2627 hujus

296 2667 413 2707 non
445 2648 758 2704 miseretur
786 2646 1110 2714 Dominus;
1156 2647 1258 2702 sed
1291 2646 1341 2701 si
1372 2647 1503 2719 quis
1542 2662 1605 2703 se
1643 2645 1939 2712 humiliat,

297 2739 479 2810 hujus
511 2736 843 2802 miseretur,
876 2740 932 2791 et
960 2734 1217 2791 custodit
1244 2751 1380 2790 eum
1418 2735 1718 2790 Dominus.
1752 2732 1942 2805 Siqui-

298 2830 433 2884 dem
474 2825 615 2881 dicit
646 2843 658 2880 :
705 2826 835 2880 Ecce
862 2840 955 2896 ego
983 2831 1036 2879 et
1056 2824 1220 2895 pueri
1246 2840 1381 2897 quos
1408 2824 1552 2879 mihi
1577 2823 1725 2879 dedit
1755 2824 1944 2879 Domi-

298 2933 403 2972 nus
434 2915 560 2988 (lsa.
592 2931 717 2982 vm,
752 2913 860 2985 18).
894 2914 960 2968 Et
991 2912 1202 2968 iterum
1237 2929 1250 2968 :
1304 2936 1331 2963 «
1364 2911 1721 2968 Humiliatus
1770 2928 1943 2978 sum;

302 3009 360 3060 et
388 3002 633 3060 salvavit
662 3018 776 3057 me.
811 3023 839 3051 »
871 3000 1190 3072 Dupliciter
1217 3000 1600 3074 intelligimus
1633 3020 1647 3057 :
1690 3022 1718 3057 «
1753 2999 1948 3056 Humi-

302 3092 482 3149 liatus
514 3108 668 3157 sum,
702 3095 759 3147 et
788 3089 1030 3146 salvavit
1066 3105 1179 3146 me.
1217 3111 1244 3139 »
1294 3090 1423 3146 Sive
1463 3090 1714 3161 peccavi,
1747 3093 1805 3145 et
1832 3087 1945 3143 sal-

304 3181 462 3237 vavit
491 3174 606 3249 me,
638 3178 780 3247 sive,
814 3194 949 3233 cum
981 3194 1169 3234 essem
1203 3179 1512 3250 superbus,
1540 3182 1597 3233 et
1624 3175 1953 3233 humiliavit

307 3286 423 3337 me,
453 3271 511 3323 et
539 3265 784 3322 salvavit
810 3282 920 3321 me.

1438 512 1935 576 BHEVIABIUM
1981 510 2061 575 ΙΝ
2104 515 2486 577 PSALMOS.

271 647 477 704 fectus.
510 646 574 703 In
618 644 842 719 ingenti
889 643 1045 701 enim
1094 643 1353 717 periculo
1399 645 1751 701 constitutus
1792 652 1903 703 est.
1938 650 1990 715 Α
2020 652 2234 718 catum,
2287 649 2556 704 dicamus

3511 518 3667 586 {250

2603 666 2615 705 :
2676 649 3092 723 «Convertere,
3145 653 3345 710 anima
3401 670 3557 724 mea,
3604 655 3663 711 in

2025 735 2285 807 requiem
2318 741 2502 792 tuam.
2540 760 2568 788 »

2097 847 2123 876 «
2158 826 2304 891 Quia
2333 826 2546 898 eripuit
2577 827 2837 884 animam
2869 846 3059 886 meam
3090 832 3161 887 de
3202 837 3407 890 morte.
3446 856 3474 884 »
3525 833 3668 890 Nec-

2025 914 2166 969 dum
2199 915 2374 970 rediit
2399 914 2459 970 in
2492 917 2855 987 paradisum,
2880 923 2937 975 et
2958 919 3083 989 jam
3115 937 3176 977 se
3206 922 3262 976 in
3297 922 3668 979 securitatem

2026 1004 2248 1058 redisse
2294 1003 2455 1059 dicit.
2489 1004 2664 1074 Dixit,
2728 1025 2749 1054 α
2784 1008 3145 1076 Convertere,
3187 1010 3383 1065 anima
3429 1028 3578 1080 mea,
3611 1014 3670 1067 in

2025 1091 2285 1162 requiem
2317 1096 2502 1160 tuam,
2524 1114 2552 1142 ι)
2588 1099 2647 1149 et
2676 1096 2843 1166 quasi
2869 1112 3110 1153 securus
3136 1097 3294 1168 dicit,
3329 1121 3358 1150 «
3391 1101 3535 1165 Quia
3565 1101 3673 1156 eri-

2026 1180 2155 1251 puit
2186 1180 2442 1236 animam
2477 1197 2667 1237 meam
2701 1183 2770 1238 de
2802 1190 3007 1241 morte.
3044 1208 3071 1235 ν
3122 1187 3422 1249 Quomodo
3463 1188 3678 1261 eripuit

2028 1269 2287 1324 animam
2319 1285 2509 1324 meam
2540 1271 2611 1325 de
2642 1274 2827 1326 morte
2847 1272 2875 1326 ‘l
2905 1272 3014 1327 Pro
3047 1290 3139 1329 me
3169 1290 3380 1346 passus
3410 1280 3501 1332 est
3522 1277 3676 1333 Deus

2028 1373 2216 1426 meus,
2249 1374 2352 1429 pro
2384 1374 2476 1413 me
2507 1360 2818 1415 cruciﬁxus
2848 1365 2935 1416 est
2968 1362 3119 1417 Deus
3169 1378 3356 1431 meus,
3390 1370 3447 1418 et
3499 1365 3627 1421 dico
3662 1384 3675 1422 :

2034 1446 2133 1501 Ubi
2161 1449 2259 1514 est,
2289 1462 2456 1517 mors,
2480 1448 2719 1503 victoria
2748 1452 2842 1503 tua
2862 1466 2882 1510 ;
2913 1449 3010 1503 ubi
3038 1458 3136 1517 est,
3163 1452 3396 1522 inferne,
3418 1452 3679 1509 stimulus

2033 1541 2157 1590 tuus
2188 1535 2338 1607 (Osee
2364 1552 2488 1601 xm,
2526 1538 2624 1604 1/1;
2658 1540 2687 1593 1
2719 1536 2838 1593 Cor.
2862 1555 2956 1605 xv,
2981 1538 3122 1609 55)?
3159 1558 3181 1587 κ
3212 1539 3422 1596 Oculos
3453 1548 3615 1597 meos
3645 1559 3680 1598 a

2031 1622 2327 1693 lacrymis.
2354 1646 2382 1673 ››
2405 1625 2651 1693 Ploravi,
2673 1630 2741 1682 ut
2759 1627 2978 1682 rideam
3006 1646 3019 1683 :
3051 1626 3191 1699 luxi,
3215 1633 3279 1683 ut
3300 1629 3357 1684 in
3380 1630 3681 1702 sempiter-

2036 1729 2178 1768 num
2230 1713 2538 1786 gaudeam.
2590 1714 2697 1780 Qui
2745 1714 2803 1769 in
2856 1716 3124 1787 praesenti
3186 1734 3301 1773 non
3359 1717 3568 1790 plorat,
3619 1719 3680 1774 in

2038 1802 2234 1858 futuro
2254 1801 2693 1875 lacrymabitur.
2717 1805 2876 1859 Beati
2903 1808 3052 1860 enim
3072 1808 3169 1877 qui
3189 1806 3394 1877 lugent,
3415 1809 3545 1879 quia
3574 1808 3684 1879 ipsi

2036 1891 2460 1947 consolabuntur
2506 1891 2709 1963 (Matth.
2742 1910 2796 1959 v,
2826 1894 2903 1964 5).
2934 1894 3266 1952 Econtrario
3306 1900 3501 1951 autem
3541 1897 3681 1952 dici-

2038 1983 2180 2035 tur:
2235 1981 2325 2037 Vze
2369 1981 2518 2037 vobis
2569 1983 2665 2051 qui
2712 1983 2917 2048 ridetis,
2949 1985 3210 2054 quoniam
3251 1986 3502 2056 lugebitis
3530 1986 3683 2058 (Luc.

2042 2085 2118 2136 v1,
2142 2069 2233 2140 25)
2260 2069 2273 2123 l
2307 2092 2334 2119 «
2364 2069 2543 2125 Pedes
2566 2087 2727 2126 meos
2758 2088 2791 2125 a
2819 2071 3008 2143 lapsu.
3035 2094 3062 2121 ››
3094 2072 3241 2136 Quia
3262 2090 3377 2129 non
3400 2078 3690 2130 steterunt

2043 2157 2218 2228 pedes
2250 2158 2362 2212 mei
2396 2174 2573 2230 super
2600 2163 2847 2229 petram,
2880 2164 3185 2233 propterea
3206 2177 3345 2234 pene
3390 2165 3525 2218 moti
3558 2173 3689 2219 sunt

2043 2245 2203 2317 pedes
2258 2248 2388 2317 mei,
2442 2263 2581 2318 pene
2651 2250 2812 2319 effusi
2872 2253 2999 2304 sunt
3060 2266 3276 2321 gressus
3337 2254 3450 2307 mei
3513 2250 3705 2321 (Psall

2048 2350 2221 2400 Lxxu,
2252 2334 2332 2405 2.)
2364 2334 2615 2391 Liberati
2649 2341 2788 2392 sunt
2818 2338 2991 2409 pedes
3024 2338 3137 2394 mei
3167 2356 3201 2394 a
3232 2339 3420 2412 lapsu.
3454 2341 3690 2407 Quare?

2048 2422 2194 2485 Quia
2242 2440 2517 2479 conversa
2565 2430 2654 2479 est
2698 2426 2895 2481 anima
2940 2444 3071 2483 mea
3107 2429 3166 2483 in
3206 2430 3467 2502 requiem
3497 2447 3688 2486 suam.

2121 2534 2149 2562 ‹‹
2184 2511 2425 2567 Placebo
2459 2529 2652 2569 coram
2685 2515 2925 2570 Domino
2964 2517 3025 2571 in
3065 2518 3297 2589 regione
3342 2519 3627 2575 vivorum.
3658 2540 3687 2574 ιι

2048 2601 2280 2667 Videor,
2302 2600 2517 2672 inquit,
2542 2601 2882 2658 hominibus
2915 2622 3043 2660 esse
3064 2607 3288 2675 justus,
3312 2624 3491 2679 quare
3517 2624 3695 2680 opera

2050 2691 2205 2746 bona
2236 2706 2346 2744 non
2379 2688 2614 2745 habeo?
2661 2691 2874 2747 Videor
2902 2692 3242 2750 hominibus
3271 2710 3399 2751 esse
3430 2701 3690 2764 sanctus,

2052 2794 2232 2851 quare
2261 2778 2436 2834 verba
2464 2780 2615 2834 bona
2653 2795 2768 2834 non
2811 2780 3045 2837 habeo?
3092 2782 3222 2838 Hac
3270 2784 3450 2839 David
3504 2785 3645 2840 dicit
3678 2804 3691 2842 :

2052 2867 2164 2923 hoc
2187 2868 2371 2923 sancti
2395 2867 2618 2936 dicunt,
2643 2868 2751 2923 hoc
2773 2869 3019 2941 apostoli
3040 2869 3398 2942 loquuntur:
3429 2879 3697 2945 peccator

2055 2956 2209 3011 enim
2233 2956 2353 3011 haec
2374 2973 2488 3011 non
2516 2955 2794 3029 loquitur.
2817 2958 2965 3022 Quid
2992 2957 3252 3031 loquitur
3271 2960 3472 3032 justus
3492 2963 3520 3018 ‘l
3549 2964 3697 3030 Quia

2054 3045 2229 3101 verba
2259 3049 2316 3101 et
2347 3059 2521 3115 opera
2551 3046 2702 3101 bona
2733 3062 2847 3102 non
2878 3047 3082 3115 habeo,
3114 3054 3172 3103 et
3211 3053 3451 3106 sanctus
3479 3050 3696 3120 videor,

2058 3138 2116 3191 et
2144 3133 2352 3190 laudor
2380 3134 2454 3189 ab
2485 3133 2845 3191 hominibus.
2869 3136 2987 3208 Ego
3021 3143 3215 3193 autem
3243 3139 3373 3194 novi
3401 3139 3699 3197 conscien-

2059 3223 2203 3278 tiam
2228 3238 2439 3278 meam.
2463 3222 2593 3278 Scio
2614 3222 2890 3294 qualibus
2914 3225 3363 3296 cogitationibus
3387 3244 3487 3285 cor
3506 3242 3702 3286 meum

2064 3310 2306 3365 ﬂuctuat
2338 3327 2350 3365 :
2403 3310 2524 3366 scio
2574 3315 2804 3382 quantae
2848 3311 2992 3366 mihi
3032 3312 3307 3371 libidines
3337 3316 3597 3388 veniunt,
3631 3319 3707 3373 Et

383 3426 410 3453 ‹‹
443 3403 806 3472 Convertere,
834 3398 1049 3455 'anima
1096 3415 1246 3468 mea,
1287 3399 1347 3453 in
1396 3398 1653 3470 requiem
1704 3403 1889 3454 tuam.
1923 3419 1952 3447 »
1985 3383 2027 3452 C
2064 3398 2220 3454 uideo
2270 3400 2441 3453 aliam
2491 3398 2663 3469 legem
2704 3405 3103 3470 repugnantem
3138 3405 3316 3458 menti
3342 3418 3502 3471 meae,
3534 3383 3591 3460 et
3613 3421 3704 3461 ca-

314 3491 557 3560 Quando
587 3488 822 3555 dicitur,
857 3510 884 3538 ‹‹
917 3487 1260 3543 Convertere
1287 3487 1346 3541 in
1378 3487 1636 3558 requiem
1681 3492 1841 3542 tuam
1877 3505 1889 3541 :
1929 3507 1951 3535 ι

315 3597 451 3654 ergo
501 3577 708 3634 habuit
753 3581 887 3633 ante
934 3570 1194 3648 requiem
1242 3592 1419 3648 quam
1472 3576 1740 3649 perdidit.
1777 3576 1959 3632 Nemo

317 3670 474 3728 enim
523 3667 895 3735 convertitur,
928 3664 1040 3721 nisi
1089 3664 1189 3737 qui
1237 3664 1427 3737 pergit
1468 3664 1607 3719 illuc
1652 3663 1751 3719 ubi
1793 3662 1957 3735 prius

319 3764 460 3817 erat.
498 3761 648 3814 Deus
678 3755 833 3812 enim
866 3772 973 3810 nos
1013 3754 1196 3809 bonos
1225 3753 1460 3820 creavit,
1490 3758 1547 3809 et
1578 3757 1775 3809 nostro
1807 3751 1959 3807 arbi-

314 3848 427 3905 trio
457 3864 565 3904 nos
602 3844 858 3916 reliquit,
901 3848 958 3900 et
985 3860 1189 3899 omnes
1219 3860 1352 3898 cum
1390 3844 1569 3898 Adam
1600 3843 1660 3897 in
1693 3842 1962 3914 paradiso

318 3936 535 4011 posuit.
566 3936 675 3992 Sed
707 3933 846 4006 quia
874 3936 1072 3989 nostro
1104 3932 1344 3988 arbitrio
1385 3948 1419 3987 a
1458 3930 1818 3987 beatitudine
1864 3929 1966 3985 illa

320 4025 659 4095 cecidimus,
683 4027 737 4079 et
768 4022 1033 4078 venimus
1066 4022 1126 4076 in
1154 4020 1367 4077 vallem
1399 4021 1810 4094 lacrymarum,
1833 4035 1964 4091 pro-

323 4118 520 4187 pterea
535 4114 735 4186 justus
751 4110 1007 4165 animam
1029 4126 1198 4164 suam
1217 4108 1501 4174 hortatur,
1517 4113 1583 4164 ut
1596 4110 1969 4164 convertatur

324 4204 466 4259 illuc
495 4201 650 4257 unde
681 4198 998 4254 descendit.
1043 4219 1071 4246 ι(
1103 4196 1466 4266 Convertere,
1499 4197 1696 4253 anima
1727 4212 1874 4266 mea,
1907 4195 1965 4250 in

328 4290 588 4362 requiem
646 4291 830 4343 tuam.
866 4308 895 4335 »
947 4286 1134 4341 Locus
1187 4285 1343 4341 enim
1392 4285 1525 4356 iste,
1572 4284 1970 4340 tribulationis

329 4380 491 4436 locus
522 4380 633 4446 est,
663 4380 818 4431 terra
847 4379 1242 4447 pugnatorum
1287 4379 1394 4432 est.
1431 4375 1544 4431 Iste
1583 4375 1747 4432 locus
1786 4374 1969 4446 lacry-

332 4483 563 4526 marum
593 4468 701 4531 est,
734 4464 831 4519 ubi
865 4479 979 4519 non
1011 4463 1146 4519 licet
1173 4478 1443 4519 securum
1482 4463 1802 4520 ambulare.
1834 4463 1972 4519 Ubi-

333 4573 565 4630 cunque
611 4554 769 4612 enim
818 4552 1032 4624 aliquis
1080 4551 1274 4623 fuerit,
1309 4552 1631 4624 periculum
1677 4556 1785 4608 est.
1818 4552 1876 4607 Si
1915 4552 2001 4623 in,

335 4648 585 4714 deserto,
618 4642 952 4715 scorpiones
990 4645 1129 4697 sunt
1160 4660 1172 4697 :
1215 4642 1264 4697 si
1297 4641 1357 4697 in
1386 4641 1744 4710 civitatibus,
1774 4640 1979 4697 oculus

337 4733 661 4795 meretricis
693 4732 976 4805 pernicies
1007 4734 1096 4787 est
1124 4730 1346 4787 homini
1383 4748 1396 4787 :
1438 4732 1486 4786 si
1517 4732 1577 4786 in
1608 4731 1778 4801 mari,
1810 4730 1981 4785 latro-

340 4842 445 4882 nes
493 4828 550 4879 et
597 4823 820 4895 piratae.
871 4822 1000 4877 Haec
1052 4821 1251 4877 omnia
1299 4820 1538 4895 mystice
1589 4821 1816 4893 loquor.
1867 4821 1984 4876 Nec

341 4914 499 4972 enim
532 4929 688 4969 nunc
738 4910 1065 4984 periculum
1097 4915 1185 4967 est
1215 4916 1414 4967 sancto
1443 4911 1564 4967 viro
1595 4928 1629 4966 a
1655 4909 1984 4966 latronibus

344 5002 612 5071 interﬁci,
638 5000 930 5072 siquidem
953 5003 1238 5072 martyres
1263 4999 1550 5072 sanguine
1570 5016 1678 5056 suo
1699 5000 1982 5055 vicerunt.

350 5114 379 5141 ‹‹
408 5091 770 5158 Convertere,
802 5089 1001 5145 anima
1040 5104 1189 5159 mea,
1222 5087 1281 5143 in
1326 5089 1587 5159 requiem
1627 5093 1810 5144 tuam.
1844 5087 1991 5152 Quia

348 5182 634 5239 Dominus
666 5178 948 5235 benelecit
975 5178 1101 5233 tibi.
1137 5200 1159 5227 ι
1195 5180 1338 5243 Quo,
1370 5178 1585 5249 inquit,
1615 5177 1985 5245 converteris,

350 5288 383 5327 o
410 5268 651 5327 anima?
681 5268 743 5323 In
766 5266 1124 5340 paradisum.
1149 5266 1271 5322 Non
1295 5265 1434 5338 quia
1454 5266 1631 5339 digna
1651 5282 1734 5335 es,
1759 5267 1859 5322 sed
1888 5265 1992 5321 mi-

349 5358 667 5417 sericordia
708 5356 941 5413 Domini
988 5360 1096 5412 est.
1134 5356 1207 5412 Ut
1243 5356 1426 5411 exires
1467 5356 1536 5411 de
1567 5356 1858 5427 paradiso,
1891 5360 1992 5410 tuo

350 5448 488 5507 vitio
526 5448 746 5504 factum
787 5450 914 5514 est;
967 5449 1033 5500 ut
1078 5448 1276 5501 autem
1327 5445 1549 5512 redeas,
1582 5443 1993 5499 misericordiae

352 5538 586 5613 Domini
643 5536 773 5592 fuit.
833 5535 903 5590 Et
956 5551 1063 5590 nos
1128 5535 1394 5590 dicamus
1451 5534 1658 5590 animae
1716 5536 1926 5588 nostrae
1978 5549 1991 5588 :

355 5650 385 5681 «
415 5628 755 5684 Convertere
799 5625 859 5680 in
905 5624 1167 5697 requiem
1196 5627 1381 5681 tuam.
1419 5648 1440 5674 ιο
1496 5623 1745 5696 Requies
1775 5625 1995 5695 nostra,

356 5716 624 5775 Christus
653 5718 744 5771 est
771 5714 925 5770 Deus
965 5718 1182 5769 noster.
1217 5712 1277 5769 Si
1326 5714 1562 5786 quando
1609 5712 1895 5789 fuerimus
1937 5713 2001 5768 in

359 5803 653 5888 angustia,
686 5806 743 5862 et
770 5802 986 5879 ceperit
1015 5819 1122 5861 nos
1152 5802 1424 5876 cogitatio
1455 5801 1746 5878 captivare
1774 5800 1834 5860 in
1866 5816 1997 5877 pec-

2060 3488 2362 3558 ptivantem
2407 3501 2493 3541 me
2542 3487 2603 3540 in
2651 3487 2764 3557 lege
2807 3490 3013 3558 peccati
3053 3489 3227 3559 (Rom.
3259 3507 3356 3559 vn,
3388 3492 3478 3564 23)
3513 3509 3527 3548 :
3578 3509 3706 3564 pro-

2067 3579 2264 3647 pterea
2309 3573 2436 3629 dico
2470 3589 2483 3629 :
2532 3573 2697 3630 Miser
2737 3591 2832 3645 ego
2877 3575 3053 3645 homo,
3085 3580 3207 3648 quis
3244 3595 3331 3635 me
3359 3580 3614 3636 liberabit
3641 3578 3709 3637 de

2067 3678 2288 3734 corpore
2350 3665 2547 3718 mortis
2610 3664 2770 3735 hujus
2835 3665 3001 3735 (Ibid.
3070 3667 3162 3737 24)
3183 3666 3211 3721 ?
3276 3667 3344 3724 Et
3406 3674 3712 3742 propterea

2069 3751 2198 3807 dico
2229 3768 2241 3805 :
2276 3751 2352 3806 Ab
2380 3752 2602 3807 occultis
2630 3754 2761 3808 meis
2791 3753 2995 3810 munda
3020 3772 3125 3820 me,
3147 3758 3197 3811 et
3224 3756 3293 3812 ab
3321 3758 3522 3821 alienis
3546 3772 3717 3831 parce

2069 3837 2235 3897 servo
2254 3850 2345 3896 tuo
2390 3841 2561 3913 (Psal.
2595 3857 2752 3909 xvm,
2796 3844 2877 3911 13,
2914 3843 3022 3914 14).
3076 3846 3163 3900 Ab
3202 3845 3429 3904 alienis.
3462 3847 3587 3904 Non
3628 3852 3720 3905 est

2073 3946 2271 3986 meum
2297 3930 2450 4002 quod
2474 3931 2757 4002 parturio.
2781 3932 2922 3988 Nolo
2944 3933 3197 4004 cogitare
3219 3934 3394 4003 mala,
3416 3940 3473 3992 et
3501 3937 3713 4009 cogito.

2073 4018 2217 4074 Nolo
2256 4019 2510 4090 cogitare
2556 4019 2800 4090 malum,
2833 4025 2891 4075 et
2920 4021 3090 4092 quasi
3119 4022 3337 4080 invitus
3367 4029 3424 4079 et
3455 4026 3718 4097 captivus

2073 4107 2135 4162 in
2181 4106 2396 4163 malam
2441 4108 2851 4179 cogitationem
2900 4108 3118 4165 trahor.
3160 4110 3272 4167 Sed
3326 4112 3603 4184 quoniam
3658 4115 3718 4169 in

2077 4212 2207 4251 mea
2236 4199 2521 4267 potestate
2550 4212 2665 4251 non
2695 4201 2805 4263 est,
2839 4201 2942 4252 aut
2979 4199 3253 4271 cogitare,
3289 4205 3390 4257 aut
3417 4216 3533 4259 non
3564 4203 3719 4275 cogi-

2077 4289 2204 4340 tare
2223 4301 2351 4356 quae
2375 4289 2516 4341 sunt
2543 4284 2697 4351 mala
2720 4301 2733 4339 :
2769 4290 3073 4358 propterea
3093 4288 3243 4357 dico,
3268 4288 3459 4346 aliena
3483 4292 3722 4363 quidem

2080 4377 2221 4430 sunt
2239 4390 2367 4445 quae
2390 4374 2636 4429 veniunt
2664 4375 2723 4429 in
2750 4391 2850 4430 cor
2875 4392 3093 4431 meum.
3116 4377 3223 4432 Sed
3251 4379 3529 4450 quoniam
3554 4378 3725 4452 quasi

2082 4462 2403 4519 necessitas
2433 4462 2576 4519 mihi
2607 4463 2965 4536 imponitur:
2999 4470 3306 4538 propterea
3335 4466 3485 4537 dico,
3516 4469 3601 4523 Ab
3636 4480 3729 4524 oc-

2085 4551 2262 4607 cultis
2311 4552 2458 4608 meis
2504 4553 2727 4608 munda
2769 4568 2881 4608 me.
2914 4552 3119 4610 Aliena
3156 4554 3393 4627 quidem
3428 4561 3568 4613 sunt
3598 4571 3728 4630 pec-

2088 4646 2237 4711 cata,
2261 4641 2362 4698 sed
2396 4641 2535 4712 quia
2564 4641 2823 4713 suspicio
2844 4658 2911 4697 ea
2938 4659 2951 4696 :
2985 4642 3112 4699 dico
3138 4643 3198 4699 in
3226 4643 3433 4702 alienis
3454 4646 3731 4720 peccatis,

2011 4755 2059 4820 D
2091 4733 2263 4785 Parce
2308 4728 2455 4785 mihi
2500 4745 2654 4785 servo
2710 4733 2801 4786 tuo
2834 4748 2852 4785 :
2904 4735 3024 4786 Hoc
3081 4738 3279 4789 autem
3337 4750 3517 4806 quare
3568 4733 3734 4791 dixi?

2094 4818 2378 4883 Quoniam
2436 4818 2583 4873 dixit
2612 4819 2945 4891 propheta:
3007 4843 3037 4871 ‹‹
3089 4820 3334 4879 Placebo
3396 4824 3660 4881 Domino.
3707 4845 3730 4873 ι

2094 4907 2221 4965 Νοιι
2271 4906 2436 4975 dixit,
2468 4907 2691 4979 Placeo,
2724 4908 2848 4980 sed,
2878 4910 3127 4980 placebo.
3160 4911 3308 4967 Hinc
3374 4913 3530 4968 enim
3581 4911 3735 4985 quod

2098 4997 2268 5063 facio,
2293 5013 2407 5052 non
2437 5013 2680 5069 possum
2712 5013 2840 5054 esse
2871 4999 3160 5070 perfectus
3182 5001 3404 5071 justus.
3429 5000 3740 5072 Propterea

2097 5085 2240 5141 dicit
2285 5090 2343 5141 et
2387 5086 2750 5158 Apostolus:
2800 5088 2883 5141 Ex
2923 5092 3083 5159 parte
3127 5088 3523 5158 cognoscimus,
3572 5097 3623 5144 et
3671 5102 3741 5144 ea:

2094 5179 2255 5248 parte
2278 5175 2693 5249 prophetamus,
2724 5180 2777 5231 et
2798 5193 2947 5231 nunc
2970 5193 3070 5248 per
3095 5179 3377 5248 speculum
3404 5177 3650 5234 videmus
3683 5179 3738 5233 in

2098 5267 2391 5337 amigmate
2439 5269 2485 5337 (I
2537 5264 2657 5321 Cor.
2706 5282 2830 5334 xm,
2878 5264 2956 5337 9).
3006 5265 3311 5338 Propterea
3357 5282 3513 5323 nunc
3568 5266 3742 5339 longe

2102 5370 2369 5411 sermone
2399 5353 2489 5409 usi
2522 5369 2727 5409 sumus
2762 5371 2775 5407 :
2822 5353 3097 5425 quoniam
3138 5354 3197 5409 in
3231 5356 3501 5428 praesenti
3530 5353 3747 5412 smculo

2104 5445 2391 5516 perfectus
2429 5443 2631 5513 justus
2680 5457 2849 5497 nemo
2901 5459 3029 5498 esse
3078 5449 3288 5515 potest,
3323 5459 3511 5517 neque
3539 5444 3744 5511 David,

2105 5548 2293 5604 neque
2342 5529 2613 5604 apostoli,
2666 5546 2853 5602 neque
2905 5532 3120 5604 aliquis
3167 5539 3524 5591 sanctorum.
3577 5534 3750 5592 Nemo

2106 5622 2254 5676 enim
2282 5618 2517 5675 mundus
2551 5636 2588 5674 α
2616 5625 2855 5691 peccato,
2895 5634 2993 5674 nec
3019 5621 3072 5675 si
3098 5622 3263 5676 unius
3291 5620 3403 5679 diei
3431 5622 3606 5696 fuerit
3634 5625 3751 5680 vita

2105 5709 2222 5782 ejus
2252 5709 2369 5780 (Job
2399 5724 2513 5777 xxv,
2543 5708 2617 5781 4).
2670 5707 2972 5781 Siquidem
3021 5707 3270 5780 apostoli
3314 5714 3374 5766 et
3412 5711 3601 5769 sancti
3633 5720 3749 5770 non

2109 5799 2238 5861 ausi
2263 5802 2403 5857 sunt
2422 5796 2633 5872 dicere,
2657 5794 2854 5859 Sancti
2878 5812 3124 5874 sumus;
3157 5812 3262 5859 nec
3284 5799 3411 5859 ausi
3434 5803 3575 5863 sunt
3596 5800 3749 5879 dice:
