4244 6572
559 455 711 521 1231

2056 453 2479 516 APPENDIX.

3805 455 3962 517 1252

561 607 641 659 re,
672 589 877 646 Placeo
915 605 926 644 :
979 589 1081 645 sed
1109 587 1348 661 placebo.
1383 587 1490 653 Qui
1524 587 1582 642 in
1615 587 1883 643 futurum
1917 586 2202 644 sollicitus
2231 591 2284 657 Α
2317 605 2470 654 mus,
2505 587 2875 643 mendacium
2907 589 3018 642 est.
3041 585 3340 650 Quomodo
3373 583 3556 658 igitur
3583 586 3956 643 mendacium

559 684 667 747 est,
700 679 771 734 de
801 678 1087 750 praeterito
1117 678 1273 750 quod
1304 695 1418 733 non
1451 676 1607 745 fecit,
1641 677 1971 733 conﬁtetur.
2016 699 2046 728 «
2077 677 2203 734 Pla-

560 769 700 825 cebo
729 767 1013 834 Domino;
1049 789 1077 817 ››
1128 767 1234 822 Ubi
1285 765 1572 838 placebo?
1627 788 1653 818 ιι
1689 768 1750 820 In
1784 767 2017 839 regione
2049 767 2205 824 vivo-

561 874 714 913 rum.
750 881 773 908 ι
831 857 956 911 Haec
985 856 1139 912 enim
1191 855 1348 928 regio
1381 858 1745 910 mortuorum
1777 859 1903 922 est;
1961 853 2076 911 alia
2117 859 2208 913 est

560 949 714 1000 terra
758 945 1044 1000 vivorum.
1097 942 1400 1016 Siquidem
1448 946 1504 998 et
1551 941 1730 998 David
1780 942 1838 997 in
1894 943 2004 998 hac
2051 948 2206 1000 terra

560 1038 702 1102 erat,
763 1039 819 1089 et
873 1050 1003 1088 vere
1059 1032 1118 1086 in
1177 1036 1330 1087 terra
1387 1031 1880 1103 repromissionis,
1939 1033 2142 1088 dicens
2188 1049 2202 1088 :

565 1143 592 1176 ι
623 1121 862 1178 Placebo
911 1121 1153 1175 Domino
1193 1120 1250 1173 in
1283 1120 1516 1191 regione
1545 1119 1806 1174 vivorum
1836 1138 1849 1187 ;
1883 1142 1910 1170 »
1963 1121 2207 1177 conﬁte-

557 1216 656 1266 tur
683 1211 834 1266 hanc
865 1210 1159 1280 regionem
1192 1224 1308 1263 non
1335 1224 1463 1263 esse
1493 1207 1779 1274 vivorum,
1811 1209 1909 1264 sed
1945 1213 2202 1264 mortuo-

559 1317 712 1356 rum.
771 1297 952 1356 Vultis
1004 1297 1153 1354 scire
1203 1314 1330 1368 quae
1387 1301 1476 1352 est
1525 1296 1627 1352 illa
1677 1297 1833 1369 regio
1889 1297 2208 1353 vivorum?

559 1388 846 1444 Dominus
887 1385 1029 1442 dicit
1058 1387 1116 1441 in
1149 1384 1459 1458 Evangelio
1495 1402 1507 1442 :
1558 1386 1699 1441 Deus
1741 1386 2034 1454 Abraham,
2064 1388 2206 1442 Deus

558 1479 728 1546 Isaac,
761 1477 898 1532 Deus
927 1477 1089 1532 Iacob
1120 1475 1336 1544 (Matth.
1367 1489 1509 1542 xxn,
1543 1475 1656 1546 32),
1707 1479 1765 1531 et
1794 1479 1961 1530 erant
1991 1475 2206 1531 mortui

558 1567 625 1621 Et
657 1565 798 1638 quid
831 1565 1097 1635 sequitur
1116 1563 1144 1618 ‘l
1177 1564 1338 1634 Deus,
1364 1563 1577 1634 inquit,
1601 1579 1711 1619 non
1741 1566 1817 1618 cst
1841 1571 2206 1632 mortuorum,

558 1656 655 1710 sed
691 1657 940 1710 vivorum
988 1652 1194 1725 (lbid.).
1242 1651 1426 1724 Igitur
1473 1655 1530 1707 et
1567 1653 1774 1723 justus
1819 1651 1959 1723 quid
2015 1651 2201 1706 dicit:

561 1765 589 1792 ‹‹
623 1741 870 1798 Placebo
892 1741 1135 1796 Domino
1167 1741 1227 1795 in
1257 1741 1491 1812 regione
1508 1741 1792 1796 vivorum.
1814 1761 1842 1793 η
1875 1743 1936 1795 In
1970 1740 2205 1813 regione

559 1830 880 1894 Abraham,
913 1829 1094 1898 Isaac,
1127 1832 1184 1883 et
1227 1829 1429 1883 Jacob.
1473 1828 1588 1883 Hoc
1641 1834 1750 1899 est,
1789 1830 2024 1901 quando
2074 1845 2205 1884 vere

561 1920 723 1975 fuero
763 1919 820 1972 in
864 1917 996 1973 sinu
1030 1915 1328 1972 Abraham
1368 1917 1519 1987 (Luc.
1551 1934 1666 1988 xvr,
1695 1918 1808 1989 23),
1843 1922 1982 1974 tunc
2014 1917 2203 1991 place-

561 2009 634 2064 bo
665 2008 931 2064 Domino.

1119 2112 1443 2168 PSALMUS
1482 2112 1642 2169 CXV.

558 2221 814 2277 Alleluia.
839 2219 1003 2275 Hunc
1035 2218 1330 2291 psalmum
1355 2218 1561 2291 quinta
1588 2223 1646 2273 et
1675 2223 1834 2291 sexta
1859 2219 2037 2274 editio
2066 2233 2202 2291 cum

631 2289 1396 2364 superioribus—copulant;
1435 2289 1823 2364 Symmachus
1857 2307 1985 2345 vero
2017 2294 2075 2345 et
2101 2289 2202 2345 Se-

629 2361 936 2436 ptuaginta
964 2361 1310 2433 interpretes
1343 2361 1631 2416 dividunt.

627 2493 655 2520 ‹‹
689 2468 939 2534 Credidi,
973 2472 1208 2540 propter
1254 2467 1408 2538 quod
1453 2465 1684 2523 locutus
1723 2483 1875 2521 sum.
1912 2488 1940 2516 ››
1992 2466 2054 2521 In
2089 2466 2202 2522 He-

556 2558 752 2614 braico
801 2556 1156 2613 centesimus
1209 2556 1474 2611 decimus
1522 2560 1768 2627 quartus
1817 2555 2104 2627 psalmus,
2145 2559 2204 2610 et

557 2647 918 2702 centesimus
965 2645 1231 2701 decimus
1278 2644 1540 2716 quintus,
1583 2661 1737 2700 unus
1793 2649 1882 2700 est
1910 2644 2198 2716 psalmus.

553 2735 737 2808 Igitur
793 2735 940 2790 dixit
987 2752 999 2791 :
1057 2757 1085 2784 «
1134 2733 1385 2802 Credidi,
1445 2737 1684 2805 propter
1748 2733 1902 2805 quod
1968 2733 2202 2790 locutus

551 2840 706 2880 sum.
730 2847 758 2874 ››
793 2823 940 2888 Quid
963 2822 1309 2879 credidisti?
1341 2823 1496 2894 quod
1527 2821 1758 2878 locutus
1789 2839 1851 2879 es
1871 2822 1899 2876 ?
1927 2821 2201 2878 Psalmus

551 2913 710 2985 prior
737 2913 820 2968 ita
840 2911 1062 2968 ﬁnivit:
1098 2934 1127 2960 ‹‹
1163 2910 1403 2967 Placebo
1433 2927 1629 2966 coram
1655 2911 1896 2966 Domino
1924 2911 1981 2965 in
2015 2911 2200 2982 regio-

552 3018 624 3056 ne
651 3001 937 3056 vivorum.
972 3022 999 3048 »
1031 2999 1184 3055 Dicit
1213 3015 1350 3070 ergo
1382 2998 1664 3070 propheta
1689 3015 1702 3054 :
1744 3018 1770 3050 «ι
1795 2998 2045 3065 Credidi,
2072 3014 2200 3070 pro-

552 3093 681 3160 pter
709 3089 864 3160 quod
895 3087 1128 3143 locutus
1158 3103 1312 3142 sum.
1349 3109 1376 3134 n
1427 3087 1576 3150 Quid
1617 3086 1832 3141 credidi
1858 3086 1885 3139 ?
1913 3087 2197 3150 Quoniam

551 3175 792 3249 placebo
837 3192 1032 3232 coram
1082 3175 1329 3231 Domino
1380 3175 1438 3229 in
1489 3175 1723 3247 regione
1765 3173 2048 3230 vivorum.
2080 3174 2199 3231 Hoc

551 3265 792 3337 credidi,
833 3269 890 3320 et
937 3264 1045 3321 hoc
1093 3263 1326 3320 locutus
1370 3280 1523 3320 sum.
1558 3264 1707 3329 Quid
1739 3267 1934 3320 autem
1968 3263 2197 3320 locutus

2235 1961 2282 2026 B

2315 678 2448 733 est?
2498 676 2859 733 Mendacium
2913 675 3009 729 hic
3056 673 3219 746 dixit,
3251 674 3420 745 quasi
3467 674 3757 743 umbram,
3791 677 3960 746 quasi

2315 765 2632 838 imaginem
2667 782 2680 819 :
2724 763 3221 836 quemadmodum
3261 761 3477 818 dicitur
3514 762 3570 817 in
3620 762 3734 819 alio
3784 763 3907 821 loco
3940 783 3955 822 :

2321 857 2701 911 Verumtamen
2756 853 2817 908 in
2873 853 3124 920 imagine
3176 852 3510 922 per-transiet
3566 852 3720 908 homo
3781 853 3954 924 (Psal.

2315 961 2553 1013 xxxvm,
2582 944 2659 1010 7).
2710 942 2925 998 Eadem
2973 939 3362 1012 intelligentia
3413 945 3469 995 et
3515 957 3672 996 nunc
3720 942 3954 1010 dicitur,

2315 1035 2508 1090 omnis
2557 1034 2730 1089 homo
2779 1031 3050 1097 mendax,
3079 1030 3188 1085 hoc
3233 1034 3340 1096 est,
3372 1030 3564 1085 omnis
3608 1029 3782 1086 homo
3826 1049 3954 1087 um-

2315 1124 2438 1178 bra.
2473 1123 2590 1178 Hoc
2621 1125 2816 1177 autem
2849 1119 3098 1176 dicimus
3128 1119 3453 1174 secundum
3486 1118 3825 1175 Hebraicam
3854 1136 3955 1175 ve—

2316 1212 2568 1267 ritatem.
2604 1211 2941 1282 Loquamur
2993 1212 3189 1264 autem
3237 1212 3295 1263 et
3341 1208 3662 1264 secundum
3712 1209 3952 1281 Septua-

2314 1301 2479 1372 ginta
2509 1300 2881 1372 Interpretes.
2917 1297 3077 1353 Dicat
3118 1296 3275 1353 enim
3313 1295 3551 1367 aliquis,
3584 1296 3726 1368 quid
3755 1298 3827 1352 ad
3861 1312 3954 1354 me

2315 1389 2457 1460 quid
2507 1389 2791 1445 habeatur
2845 1387 2904 1442 in
2961 1385 3292 1442 Hebraico?
3339 1401 3444 1458 ego
3494 1384 3808 1442 Ecclesium
3862 1403 3951 1443 se-

2315 1495 2480 1550 quar.
2536 1501 2563 1527 ‹‹
2598 1478 2715 1550 Ego
2765 1476 2880 1532 dixi
2929 1476 2988 1530 in
3038 1491 3278 1531 excessu
3320 1490 3498 1532 meo:
3550 1474 3751 1531 Omnis
3781 1475 3954 1532 homo

2316 1567 2648 1622 mendax.»
2705 1565 2922 1620 Verum
2975 1563 3116 1619 dicit
3170 1563 3374 1632 David,
3423 1580 3498 1619 an
3548 1564 3846 1620 mentitur.
3896 1563 3958 1620 Si

2313 1672 2513 1711 verum
2570 1661 2678 1719 est,
2729 1653 2922 1710 omnis
2978 1653 3153 1709 homo
3213 1653 3481 1720 mendax,
3530 1657 3587 1708 et
3637 1652 3746 1710 hoc
3798 1654 3953 1727 quod

2313 1745 2480 1812 dicit,
2529 1769 2555 1793 «
2591 1744 2795 1800 Omnis
2845 1743 3018 1799 homo
3067 1743 3339 1810 mendax,
3373 1765 3400 1792 ››
3447 1759 3648 1798 verum
3679 1747 3788 1809 est,
3817 1758 3956 1817 ergo

2313 1839 2369 1888 et
2402 1834 2525 1904 ipse
2556 1833 2856 1900 mentitur,
2891 1831 3030 1903 quia
3059 1835 3118 1886 et
3145 1830 3269 1903 ipse
3299 1830 3474 1886 homo
3505 1836 3612 1887 est.
3658 1832 3716 1887 Si
3756 1837 3952 1888 autem

2313 1929 2369 1978 et
2417 1923 2542 1994 ipse
2588 1921 2886 1989 mentitur,
2929 1936 3065 1993 ergo
3115 1919 3224 1975 hoc
3273 1921 3428 1992 quod
3478 1920 3640 1991 dixit,
3693 1943 3722 1972 «
3751 1921 3952 1978 Omnis

2314 2011 2488 2066 homo
2520 2011 2792 2078 mendax,
2817 2031 2846 2060 »
2878 2025 2992 2065 non
3014 2013 3104 2064 est
3122 2025 3348 2064 verum.
3377 2011 3752 2080 Quocumque
3773 2015 3951 2066 verte-

2314 2099 2416 2168 ris,
2448 2099 2506 2154 in
2549 2097 2908 2155 contrarium
2954 2097 3132 2152 venit.
3165 2097 3234 2152 Et
3280 2097 3558 2168 quoniam
3611 2097 3734 2170 ipse
3780 2097 3953 2154 homo

2313 2192 2422 2256 est,
2445 2203 2581 2260 ergo
2601 2187 2728 2258 ipse
2749 2187 3061 2253 mentitur;
3096 2186 3251 2257 quod
3279 2185 3470 2242 omnis
3498 2185 3673 2242 homo
3705 2188 3953 2244 mendax

2312 2284 2418 2332 est.
2454 2277 2601 2348 Ergo
2631 2275 2743 2332 alio
2775 2291 2986 2348 genere
3017 2275 3318 2330 mentitur.
3353 2275 3575 2331 Videtis
3626 2291 3782 2348 ergo,
3813 2275 3952 2347 quia

2313 2364 2640 2438 syllogismi
2663 2371 2801 2420 sunt
2819 2363 3324 2437 philosophorum.
3346 2363 3605 2435 Denique
3628 2366 3948 2421 secundum

2312 2454 2463 2510 hanc
2509 2453 2862 2509 sententiam
2915 2452 3130 2508 texitur
3181 2451 3558 2526 syllogismus
3605 2453 3948 2510 Aristotelis.

2313 2542 2572 2615 Denique
2601 2548 2665 2598 tu
2697 2543 2845 2598 dicis
2878 2559 2890 2596 :
2944 2547 3200 2613 Loquere
3244 2542 3316 2597 ad
3356 2541 3603 2597 alterum
3640 2559 3652 2596 :
3705 2542 3753 2599 si
3785 2559 3952 2599 men-

2309 2633 2462 2700 tiris,
2491 2637 2547 2688 et
2577 2648 2777 2687 verum
2808 2631 2955 2687 dicis
2996 2631 3151 2704 quod
3191 2631 3457 2687 mentiris
3490 2649 3502 2686 :
3556 2647 3692 2704 ergo
3741 2633 3950 2688 menti-

2310 2722 2411 2777 ris.
2444 2721 2644 2778 Videte
2675 2721 2966 2793 quomodo
3015 2721 3073 2774 in
3124 2719 3481 2776 contrarium
3528 2720 3768 2776 vertitur
3818 2737 3948 2778 sen-

2310 2809 2511 2866 tentia.
2543 2810 2690 2875 Quid
2736 2809 2892 2864 enim
2943 2808 3085 2864 dicit
3115 2825 3129 2863 :
3181 2809 3224 2864 Ο
3269 2813 3329 2864 tu
3363 2807 3462 2881 qui
3495 2823 3723 2865 mecum
3753 2809 3948 2881 loque-

2310 2899 2392 2954 ris
2424 2915 2436 2953 :
2491 2898 2539 2954 si
2573 2897 2857 2963 mentiris,
2891 2902 2948 2952 et
2975 2913 3176 2953 verum
3207 2897 3355 2953 dicis
3394 2897 3503 2954 hoc
3545 2898 3738 2971 ipsum
3795 2899 3947 2971 quod

2310 2987 2576 3044 mentiris
2610 3003 2623 3041 :
2667 3002 2803 3059 ergo
2836 2986 3120 3052 mentiris,
3154 2991 3212 3040 et
3241 2985 3300 3041 in
3330 2986 3534 3042 eodem
3565 3003 3831 3042 sermone
3861 2989 3948 3053 ﬁt,

2309 3080 2372 3132 ut
2401 3089 2602 3131 verum
2634 3076 2809 3142 dicat,
2832 3080 2888 3130 et
2918 3075 3256 3131 mentiatur.
3282 3079 3594 3148 Propterea
3623 3074 3836 3132 lectum
3859 3081 3947 3133 est

2309 3165 2366 3220 in
2395 3161 2668 3236 Apostolo
2705 3179 2717 3218 :
2759 3162 2955 3231 Videte,
2986 3178 3056 3218 ne
3105 3165 3228 3233 quis
3274 3178 3366 3218 vos
3413 3162 3644 3234 decipiat
3688 3179 3790 3234 per
3825 3162 3951 3235 phi-

2308 3253 2610 3326 losophiam
2655 3261 2705 3308 et
2751 3268 2950 3308 vanam
2999 3251 3367 3324 deceptionem
3415 3253 3719 3323 hominum,
3751 3267 3948 3308 secun-

551 3353 735 3410 sum?
777 3334 809 3402 ἒί
844 3353 961 3424 Ego
1009 3356 1204 3408 autem
1255 3351 1603 3407 humiliatus
1656 3368 1787 3406 sum
1841 3351 2038 3409 nimis,
2074 3375 2100 3401 υ
2151 3351 2195 3407 0
2226 3334 2268 3401 C
2306 3343 2437 3398 dum
2488 3343 2758 3398 elementa
2811 3340 3010 3396 mundi
3065 3342 3288 3412 (Coloss.
3347 3357 3408 3409 ιι,
3467 3342 3547 3410 8).
3605 3341 3950 3398 Invenerunt

551 3458 766 3514 magna
811 3440 1200 3514 intelligentia
1239 3440 1420 3495 divini
1467 3440 1792 3496 sermonis!
1827 3439 2073 3511 Credidi,
2108 3441 2198 3496 iu-

547 3533 694 3604 quit,
727 3531 1007 3603 quoniam
1056 3530 1293 3602 placebo
1345 3529 1615 3597 Domino,
1647 3529 1926 3600 quoniam
1965 3546 2062 3584 ero
2093 3547 2196 3585 an-

545 3620 748 3692 gelus;
783 3619 1062 3692 quoniam
1095 3635 1191 3675 ero
1221 3619 1281 3673 in
1309 3617 1492 3684 ccelis,
1518 3623 1576 3674 et
1606 3635 1720 3674 non
1754 3617 1835 3673 fui
1867 3619 2194 3691 superbus:

547 3726 661 3764 non
680 3725 813 3764 sum
830 3708 1041 3775 elatus,
1055 3708 1154 3763 sed
1177 3707 1524 3762 humiliatus
1541 3724 1674 3762 sum
1695 3707 1891 3763 nimis.
1908 3708 2194 3772 Quoniam

546 3814 644 3853 ero
688 3798 748 3852 in
792 3797 1026 3869 regione
1055 3796 1340 3865 vivorum,
1376 3796 1786 3852 misericordia
1820 3796 2051 3852 Domini
2081 3801 2191 3853 est.

546 3886 661 3959 Ego
721 3890 914 3941 autem
965 3885 1097 3941 novi
1144 3884 1579 3956 memetipsum,
1609 3884 1749 3956 quia
1791 3890 1943 3940 terra
1974 3902 2106 3940 sum
2138 3889 2194 3940 et

545 3975 714 4032 cinis.
739 3979 1050 4046 Propterea
1076 3974 1204 4030 dico
1230 3991 1242 4030 :
1277 3995 1299 4025 ι
1329 3975 1446 4045 Ego
1470 3979 1664 4030 autem
1688 3972 2037 4030 humiliatus
2059 3991 2191 4030 sum

543 4065 743 4121 nimis.
779 4089 800 4118 ι
846 4064 993 4128 Quid
1024 4069 1222 4119 autem
1253 4067 1341 4119 est
1371 4067 1526 4119 terra
1555 4067 1613 4118 et
1643 4062 1791 4118 cinis
1811 4063 1838 4116 ?

615 4176 643 4203 ‹‹
676 4153 794 4225 Ego
825 4157 1020 4209 autem
1052 4152 1169 4208 dixi
1201 4152 1260 4207 in
1293 4169 1533 4208 excessu
1565 4168 1693 4208 meo
1723 4169 1736 4207 :
1779 4152 1983 4208 Omnis
2015 4152 2188 4208 homo

543 4242 812 4298 mendax.
844 4262 871 4294 η
924 4246 989 4296 In
1036 4241 1273 4296 Hebraeo
1312 4240 1481 4296 aliter
1523 4241 1717 4296 habet.
1774 4264 1795 4290 (ι
1832 4241 1948 4314 Ego
1979 4241 2094 4295 dixi
2128 4241 2187 4296 in

541 4348 780 4388 excessu
803 4348 932 4388 meo
958 4349 970 4386 :
996 4331 1202 4386 Omnis
1223 4330 1397 4385 homo
1419 4329 1790 4386 mendacium
1819 4349 1831 4398 ;
1865 4353 1892 4379 «
1919 4331 2072 4402 quod
2099 4331 2186 4385 di-

540 4419 696 4477 citur
737 4437 919 4476 zscxm
951 4422 990 4474 ί.
1042 4419 1276 4475 Placebo
1303 4420 1530 4474 Domino
1574 4421 1635 4474 in
1677 4421 1901 4489 regione
1941 4421 2188 4476 vivorum

540 4511 727 4582 (Psal.
795 4526 950 4578 cxiv,
1021 4510 1132 4581 9):,
1203 4509 1304 4563 sed
1371 4524 1476 4580 ego
1543 4507 1662 4563 scio
1732 4509 2184 4580 memetipsum,

539 4599 862 4653 secundum
953 4597 1351 4654 conditionem
1434 4597 1722 4668 corporis,
1801 4597 1947 4652 nihil
2031 4613 2182 4653 esse.

537 4686 664 4742 Non
738 4693 828 4742 est
900 4687 1056 4741 enim
1130 4686 1344 4743 veritas
1420 4686 1477 4740 in
1555 4686 1888 4742 substantia
1953 4692 2263 4771 nostra,D

539 4775 642 4831 sed
699 4775 910 4830 umbra
964 4781 1073 4840 est,
1134 4780 1192 4830 et
1245 4775 1413 4846 quasi
1476 4775 1870 4831 mendacium.
1933 4777 1993 4830 In
2054 4777 2186 4831 sub-

535 4863 754 4920 stantia
809 4863 1093 4936 corporali
1152 4863 1304 4931 dico,
1359 4881 1474 4919 non
1524 4865 1583 4918 in
1632 4865 1851 4932 anima,
1904 4865 1970 4920 Et
2026 4865 2181 4937 quod

534 4953 696 5025 dicit,
729 4952 837 5009 hoc
874 4959 963 5008 est
997 4971 1010 5008 :
1053 4953 1283 5008 Ptacebo
1316 4953 1540 5009 Domino
1571 4955 1629 5009 in
1660 4956 1884 5023 regione
1914 4956 2181 5010 vivorum.

533 5042 638 5098 Sed
688 5042 951 5114 cogitans
995 5041 1317 5098 humanam
1360 5043 1564 5111 vitam,
1595 5047 1652 5097 et
1681 5042 2060 5099 considerans
2093 5043 2182 5097 di-

533 5147 730 5188 versos
796 5148 1042 5202 errores,
1101 5149 1216 5187 non
1283 5131 1512 5187 invenio
1577 5131 1878 5186 veritatem
1947 5133 2005 5187 in
2074 5133 2182 5189 hoc

533 5222 774 5276 mundo.
843 5221 1121 5292 Siquidem
1185 5239 1254 5276 ea:
1315 5229 1472 5293 parte
1535 5222 1930 5291 cognoscimus,
1999 5231 2048 5278 et
2114 5240 2184 5277 ea:

528 5315 684 5383 parte
746 5309 1133 5382 prophetamus
1201 5312 1261 5381 (l
1329 5311 1448 5365 Cor.
1516 5327 1648 5381 xm,
1705 5311 1801 5380 9).
1875 5310 2183 5383 PrOpterea

533 5399 662 5455 dico
694 5417 706 5454 :
758 5397 944 5455 Omne
983 5399 1138 5470 quod
1183 5398 1475 5465 videmus,
1506 5415 1681 5454 omne
1709 5399 1863 5469 quod
1898 5399 2180 5472 intelligi-

606 5545 623 5576 ί
655 5542 931 5597 Notatum
966 5540 1318 5611 Martianaso,
1342 5541 1493 5596 hanc
1523 5557 1666 5597 mss.
1691 5542 1958 5596 codicum
1989 5540 2180 5597 lectio-

533 5628 668 5686 nem
707 5629 835 5669 esse
878 5629 980 5686 pro
1022 5614 1247 5686 chamb.
1281 5624 1384 5672 3?:
1414 5613 1569 5684 quod
1601 5613 1740 5686 editi
1773 5613 2172 5686 praferebant.

533 5685 761 5758 E_x_quo
791 5690 848 5740 et
876 5684 1178 5758 imperitiae
1228 5690 1601 5758 tractatorem
1631 5684 1798 5758 hunc
1828 5685 2058 5758 arguit,
2080 5686 2181 5758 qui

531 5753 806 5846 ultimam
837 5753 1124 5831 syllabam
1154 5755 1412 5815 nominis
1450 5768 1552 5820 τιτὲ
1594 5755 1818 5831 οΜωὺ,
1849 5753 2177 5818 confuderit

2307 3432 2462 3489 enim
2493 3431 2826 3504 philosOphi
2850 3447 2990 3487 suas
3016 3431 3390 3502 deceptiones
3419 3445 3488 3486 ex
3518 3431 3754 3503 propria
3783 3434 3906 3487 arte
3930 3447 3944 3486 :

2305 3522 2595 3593 quomodo
2627 3520 2685 3575 in
2714 3520 2919 3575 eodem
2949 3535 3236 3587 sermone,
3271 3523 3328 3576 et
3354 3535 3490 3574 vera
3520 3518 3652 3591 quis
3684 3519 3860 3588 dicat,
3889 3523 3947 3574 et

2306 3610 2642 3666 mentiatur.
2677 3609 2792 3664 Nos
2821 3613 3018 3664 autem
3048 3609 3318 3664 dicamus
3344 3608 3524 3664 David
3547 3624 3681 3664 vera
3708 3607 3942 3676 dixisse,

2305 3699 2459 3771 quod
2501 3698 2693 3753 omnis
2738 3697 2911 3752 homo
2943 3697 3214 3752 mendax.
3247 3697 3516 3760 Quandiu
3546 3697 3815 3752 homines
3845 3713 3941 3752 su-

2304 3804 2458 3854 mus,
2512 3786 2877 3842 mentimur:
2941 3785 3170 3856 quando
3226 3790 3420 3841 autem
3491 3785 3776 3842 fuerimus
3837 3785 3940 3852 dii,

2301 3875 2627 3931 desinimus
2681 3873 2934 3929 mentiri.
2970 3875 3068 3930 Ubi
3109 3874 3259 3928 enim
3305 3878 3435 3929 sunt
3479 3876 3852 3931 aemulationes
3889 3881 3948 3930 et

2298 3965 2666 4020 contentiones
2730 3965 2790 4016 in
2855 3963 3033 4028 vobis,
3098 3977 3278 4017 nonne
3351 3963 3596 4018 homines
3673 3966 3828 4031 estis,
3894 3968 3944 4019 et

2297 4053 2594 4108 secundum
2642 4052 2915 4108 hominem
2966 4052 3264 4108 ambulatis
3313 4053 3358 4123 (l
3399 4053 3522 4108 Cor.
3567 4071 3650 4124 ιιι,
3684 4055 3784 4125 3)?
3836 4058 3941 4124 Ego

2297 4145 2440 4214 dixi,
2491 4143 2575 4198 dii
2621 4145 2774 4210 estis,
2832 4145 2881 4198 et
2935 4140 3052 4214 ﬁlii
3105 4141 3320 4198 Επεὶεί
3366 4158 3567 4198 omnes.
3625 4145 3718 4200 Vos
3764 4152 3942 4200 autem

2295 4236 2436 4289 sicut
2465 4234 2708 4289 homines
2735 4232 3074 4298 moriemini,
3099 4240 3150 4287 ct
3177 4233 3320 4287 sicut
3345 4248 3491 4288 unus
3511 4233 3578 4288 de
3599 4233 3942 4305 principibus

2295 4322 2499 4377 cadetis
2547 4321 2716 4392 (Psal.
2751 4337 2934 4389 Lxxx1,
2965 4323 3020 4389 6,
3060 4321 3140 4388 7).
3188 4321 3248 4375 Si
3298 4320 3431 4392 quis
3480 4321 3659 4394 igitur
3705 4326 3942 4378 sanctus

2295 4416 2403 4480 est,
2435 4411 2589 4466 Deus
2637 4409 2906 4480 efﬁcitur,
2939 4414 2997 4464 et
3039 4411 3275 4480 quando
3321 4411 3508 4466 factus
3553 4410 3726 4466 fuerit
3762 4411 3940 4480 Deus,

2294 4501 2509 4556 desinit
2559 4515 2688 4556 esse
2738 4500 2934 4566 homo,
2979 4504 3038 4555 et
3078 4500 3206 4570 jam
3260 4499 3557 4555 mentitur.
3591 4498 3738 4562 Quid
3780 4499 3942 4556 enim

2294 4590 2435 4646 dicit
2463 4595 2522 4646 et
2548 4589 2866 4662 Apostolus
2886 4589 2913 4643 ‘l
2955 4591 3046 4644 Est
3078 4592 3260 4644 autem
3291 4591 3470 4644 omnis
3499 4589 3654 4644 homo
3685 4588 3944 4656 mendax,

2294 4681 2435 4735 Deus
2491 4688 2678 4734 autem
2736 4695 2904 4734 verax
2958 4679 3138 4747 (Rom.
3200 4695 3291 4748 ιιι,
3354 4679 3429 4748 4).
3489 4677 3940 4750 Interpretemur

2298 4768 2508 4824 aliter:
2561 4792 2590 4819 «
2624 4768 2876 4836 Credidi,
2926 4773 3164 4840 propter
3219 4768 3373 4839 quod
3432 4765 3662 4822 locutus
3720 4783 3932 4822 sum.»

2297 4857 2575 4930 Magister
2605 4857 2838 4928 quando
2871 4857 3040 4912 docet
3070 4855 3450 4929 discipulum,
3484 4856 3597 4912 nisi
3629 4855 3785 4928 prior
3816 4855 3938 4928 ipse

2294 4947 2605 5002 crediderit
2646 4947 2802 5018 quod
2842 4946 3028 5015 docet,
3063 4963 3178 5002 non
3210 4950 3402 5018 potest
3431 4945 3680 5002 alterum
3711 4947 3932 5002 docere.

2293 5036 2443 5092 Dicit
2488 5052 2624 5108 ergo
2665 5051 2726 5091 se
2757 5036 3016 5108 primum
3049 5035 3387 5105 credidisse,
3419 5040 3476 5090 et
3507 5035 3591 5090 sic
3623 5034 3802 5090 alium
3831 5034 3932 5089 do-

2293 5142 2438 5181 cere.
2474 5147 2500 5176 ‹‹
2527 5126 2642 5197 Ego
2665 5130 2859 5180 autem
2889 5123 3235 5180 humiliatus
3257 5140 3389 5179 sum
3414 5123 3610 5180 nimis.
3641 5147 3661 5173 ι
3697 5123 3934 5188 Quando

2291 5220 2486 5271 autem
2519 5217 2762 5286 adeplus
2794 5232 2928 5271 sum
2959 5213 3206 5287 gratiam
3240 5213 3339 5269 Dei
3377 5230 3390 5268 :
3439 5231 3554 5270 non
3587 5230 3718 5269 sum
3749 5212 3934 5268 elatus

2290 5305 2349 5358 in
2394 5305 2752 5377 superbiam,
2787 5321 2901 5360 non
2952 5320 3043 5359 me
3086 5302 3310 5358 inﬂavit
3360 5302 3584 5359 notitia.
3635 5302 3746 5358 Sed
3795 5301 3932 5373 quid

2292 5393 2450 5450 feci?
2501 5418 2528 5443 «
2567 5393 2918 5449 l-lumiliatus
2975 5409 3107 5447 sum
3164 5391 3361 5448 nimis.
3403 5411 3429 5444 ιι
3496 5393 3714 5448 Tamen
3775 5390 3930 5464 quod

2289 5555 2422 5594 cum
2455 5538 2830 5612 primavocis
2873 5536 3174 5612 sequentis
3216 5547 3310 5597 mn
3356 5553 3471 5605 ma,
3506 5536 3568 5612 id_
3614 5541 3704 5591 est
3751 5534 3881 5612 quid
3911 5554 3931 5594 :

2290 5607 2541 5683 indeq'ue
2588 5610 2840 5683 effecerit
2889 5607 3452 5683 dictionem__z_.ecum_,
3483 5607 3572 5664 vel
3615 5625 3819 5674 secum,
3850 5607 3932 5662 le-

2288 5681 2477 5756 gendo
2507 5696 2540 5743 ,δ
2585 5681 2751 5756 Caph,
2785 5697 2888 5754 pro
2935 5694 2974 5741 :1
3011 5681 3170 5739 Beth.
3203 5681 3348 5738 Vide
3378 5681 3612 5738 admon.
3647 5684 3928 5739 nostram.
