4244 6646
257 514 404 574 1283

1407 503 1902 571 BREVIARIUM
1945 509 2024 569 IN
2071 503 2459 570 PSALMOS.
2531 521 2536 526 ‘
2639 513 2647 519 '

3490 503 3642 579 1254

256 642 424 701 docui
454 655 741 713 sermone,
771 640 932 714 potui
987 642 1045 696 et
1099 638 1429 698 humilitate
1458 641 1681 696 docere.
1715 665 1743 691 «
1776 643 1891 713 Ego
1921 643 1976 708 Α
2004 641 2144 711 2-4).
2178 662 2208 690 ››
2240 639 2486 696 Calicem
2517 641 2791 699 salutaris
2821 643 2947 714 (aut
2979 641 3143 717 Jesu)
3181 646 3482 720 accipiam.
3514 669 3542 701 ι
3578 651 3649 706 Et

258 733 372 789 dixi
411 733 470 788 in
520 748 761 790 excessu
807 746 935 786 meo
986 745 998 785 :
1049 729 1254 784 Omnis
1323 729 1498 786 homo
1543 730 1811 785 mendax.
1865 752 1892 780 »

259 821 567 892 Docebam,
618 819 830 892 inquit,
887 817 1241 890 discipulum
1275 834 1494 886 meum,
1543 823 1601 874 et
1630 818 1894 874 conside-

260 927 396 967 rans
460 907 1013 981 contemplationem
1083 905 1377 962 cmlestem
1417 950 1430 975 ,
1500 911 1557 963 et
1634 907 1897 979 cogitans

262 998 545 1054 diviniora
577 1013 590 1052 :
622 995 877 1069 intellexi
908 1012 1080 1051 omne
1112 996 1266 1067 quod
1328 995 1502 1050 homo
1563 996 1739 1062 novit,
1772 1012 1900 1052 esse

263 1085 652 1144 mendacium.
701 1086 848 1152 Quid
896 1086 1054 1140 enim
1111 1083 1370 1139 veritatis
1427 1088 1618 1156 potest
1663 1101 1792 1140 esse
1841 1085 1901 1138 in

264 1175 372 1231 hoc
431 1175 673 1242 mundo,
734 1189 868 1229 cum
928 1173 1139 1228 umbra
1191 1173 1268 1228 sit
1314 1173 1435 1228 vita
1479 1179 1676 1229 nostra
1725 1187 1904 1244 super

261 1268 474 1320 terram
502 1265 530 1318 ‘I
577 1263 636 1319 Si
667 1278 802 1335 ergo
833 1263 934 1333 qui
967 1263 1134 1318 docet
1182 1261 1558 1333 discipulum,
1595 1261 1907 1317 conﬁtetur

266 1353 417 1426 quod
450 1350 642 1407 omnis
672 1351 846 1406 homo
877 1351 1128 1406 mendax
1155 1354 1244 1406 est
1275 1368 1287 1406 :
1324 1355 1542 1422 quanto
1599 1350 1788 1422 magis
1820 1348 1906 1404 di-

265 1441 528 1514 scipulus
576 1457 692 1496 non
742 1439 914 1495 debet
961 1455 1022 1495 se
1069 1437 1363 1506 extollere,
1420 1443 1477 1494 et
1531 1438 1818 1494 aestimare
1850 1452 1910 1492 se

267 1529 486 1602 aliquid
517 1545 646 1586 esse
673 1529 702 1584 ?

339 1641 366 1669 α
400 1618 547 1682 Quid
579 1618 898 1673 retribuam
933 1617 1196 1683 Domino,
1229 1632 1334 1688 pro
1366 1615 1642 1672 omnibus
1671 1633 1798 1688 quae
1828 1632 1913 1670 re-

265 1707 472 1764 tribuit
503 1705 646 1762 mibi
666 1705 694 1760 ?
727 1727 754 1755 »
787 1705 1074 1772 Quoniam
1105 1705 1270 1771 dixit,
1295 1706 1521 1760 Placebo
1555 1708 1792 1761 Domino
1857 1706 1916 1758 in

269 1799 496 1872 regione
525 1798 857 1862 vivorum,et
889 1795 996 1852 hoc
1031 1795 1226 1867 ipsum
1258 1794 1741 1866 credidi,propter
1762 1793 1915 1865 quod

267 1884 499 1942 locutus
547 1901 703 1951 sum,
752 1889 810 1940 et
855 1882 1203 1938 humiliatus
1253 1900 1386 1939 sum
1441 1883 1642 1953 nimis,
1692 1887 1749 1938 et
1777 1881 1919 1952 dixi,

225 1973 462 2030 ‘omnis
508 1973 683 2028 homo
733 1973 1104 2028 mendacium
1162 1989 1174 2027 :
1227 1971 1420 2028 omnis
1465 1971 1638 2027 homo
1688 1971 1920 2041 umbra,

272 2063 464 2119 omnis
496 2062 669 2118 homo
697 2061 940 2133 imago?
968 2077 1070 2132 pro
1101 2062 1281 2116 tantis
1337 2060 1657 2125 beneficiis,
1707 2059 1922 2132 quibus

273 2151 512 2224 placebo
536 2150 784 2206 Domino
807 2151 865 2204 in
896 2150 1130 2222 regione
1159 2149 1594 2221 vivorum,quid
1619 2148 1803 2204 habeo
1834 2148 1922 2203 di-

277 2255 459 2312 gnum
491 2239 646 2311 quod
677 2238 760 2293 illi
794 2237 1156 2294 retribuam?
1185 2238 1302 2310 Ego
1335 2241 1488 2293 terra
1521 2253 1675 2305 sum,
1709 2253 1813 2310 ego
1845 2237 1924 2291 ci-

277 2329 370 2384 nis
402 2345 534 2385 sum
562 2346 574 2397 ;
610 2327 881 2401 promisit
900 2326 1213 2399 mihi,quia
1241 2326 1480 2398 placebo
1500 2325 1586 2380 illi
1611 2326 1670 2380 in
1694 2327 1928 2398 regione

277 2417 581 2484 vivorum;
615 2415 749 2472 fecit
778 2432 871 2472 me
921 2417 1292 2488 magistrum.
1329 2437 1357 2466 «
1387 2414 1638 2484 Credidi,
1697 2420 1930 2487 propter

280 2507 434 2578 quod
463 2505 696 2561 locutus
726 2521 880 2560 sum.
918 2527 946 2554 »
976 2503 1124 2570 Quid
1156 2503 1340 2560 habeo
1384 2503 1630 2576 dignum
1662 2506 1818 2576 quod
1849 2503 1933 2558 illi

279 2611 383 2668 pro
413 2594 594 2650 tantis
656 2593 954 2650 beneficiis
1011 2593 1379 2650 retribuam?
1407 2594 1808 2664 Quodcunque
1846 2592 1933 2647 illi

279 2683 705 2755 dedero,ipsius
737 2687 844 2751 est,
897 2688 953 2738 et
998 2682 1187 2756 magis
1219 2681 1302 2736 illi
1336 2682 1517 2738 reddo
1550 2698 1726 2753 quam
1759 2683 1933 2738 dono.

277 2771 434 2827 Nihil
481 2769 641 2827 aliud
692 2771 897 2842 habeo,
949 2771 1104 2843 quod
1158 2772 1271 2843 ipsi
1304 2771 1652 2838 retribuam,
1685 2771 1796 2826 nisi
1833 2787 1935 2842 pro

279 2861 406 2933 ipso
440 2859 788 2932 sanguinem
816 2861 1084 2927 fundam,
1112 2859 1227 2915 nisi
1269 2877 1374 2932 pro
1404 2859 1535 2931 ipso
1567 2864 1789 2931 martyr
1820 2859 1937 2915 exi-

281 2953 458 3004 stam.
492 2948 622 3003 Haec
652 2953 740 3003 est
770 2947 895 3004 sola
920 2947 1225 3004 retributio
1266 2949 1466 3020 digna,
1521 2965 1623 3020 pro
1653 2949 1940 3020 sanguine

284 3036 631 3109 sanguinem
663 3037 1004 3108 retribuere,
1039 3043 1121 3104 ut,
1155 3036 1384 3092 liberati
1432 3053 1466 3091 a
1494 3035 1805 3104 Salvatore,
1839 3053 1942 3108 pro

285 3124 580 3182 Salvatore
611 3125 859 3182 libenter
887 3126 1236 3197 sanguinem
1282 3125 1728 3197 profundamus.
1929 3192 1941 3204 ο

359 3237 387 3264 ‹‹
420 3213 667 3269 Calicem
699 3213 974 3269 salutaris
1003 3213 1310 3284 accipiam,
1371 3217 1429 3267 et
1459 3229 1673 3268 nomen
1709 3210 1944 3270 Domin1

286 3302 586 3358 invocabo.
626 3323 654 3350 ››
689 3303 750 3356 In
779 3301 1060 3357 Hebraico
1092 3303 1173 3357 ita
1202 3301 1379 3356 habet
1412 3319 1425 3359 :
1460 3324 1489 3351 «
1525 3300 1776 3357 Calicem
1805 3302 1947 3358 Jesu

289 3389 594 3463 accipiam.
659 3410 686 3438 n

288 3481 356 3536 Et
409 3479 622 3535 vocabis
677 3493 878 3534 nomen
933 3479 1050 3539 eius
1109 3479 1309 3534 Jesum.
1371 3481 1489 3548 [pse
1533 3478 1680 3533 enim
1710 3478 1945 3533 salvabit

288 3570 551 3642 populum
605 3583 768 3623 suum
819 3567 1028 3638 (Matth.
1080 3585 1116 3639 ι,
1167 3568 1278 3638 21).
1327 3565 1576 3622 Calicem
1629 3581 1766 3638 ergo
1805 3571 1944 3623 Jesu

292 3657 596 3730 accipiam.
634 3657 774 3723 Quis
803 3661 893 3712 est
925 3656 1035 3712 iste
1065 3655 1213 3712 calix
1241 3656 1379 3712 Jesu
1398 3657 1426 3710 ‘t
1455 3657 1641 3723 Pater,
1696 3657 1747 3710 si
1770 3658 1945 3727 possi-

291 3748 396 3804 bile
422 3751 520 3818 est,
554 3754 800 3802 transeat
829 3747 930 3802 iste
960 3747 1110 3800 calix
1164 3763 1200 3800 a
1258 3762 1343 3800 me
1371 3748 1524 3814 (Luc.
1559 3762 1698 3815 χχιι,
1734 3745 1842 3816 l12).
1878 3746 1951 3803 Et

290 3839 536 3908 potestis,
596 3835 812 3908 inquit,
868 3836 1094 3891 calicem
1146 3850 1328 3890 meum
1370 3834 1559 3890 bibere
1614 3834 1822 3903 (Matth.
1854 3851 1948 3898 xx,

292 3926 387 3994 22)
415 3926 443 3980 ?
473 3927 543 3981 Et
571 3927 848 3982 continuo
899 3925 1167 3997 sequitur
1195 3942 1214 3978 :
1246 3924 1482 3979 Calicem
1526 3923 1744 3994 quidem
1770 3940 1953 3980 meum

299 4015 492 4070 bibetis
523 4014 679 4085 (Ibid.
713 4015 824 4086 23).
861 4013 977 4070 Hoc
1010 4019 1204 4069 autem
1237 4029 1416 4085 quare
1449 4013 1567 4068 dixi
1598 4012 1626 4067 ?
1683 4012 1756 4068 Ut
1783 4012 1955 4068 intel-

298 4103 555 4176 ligamus
585 4102 826 4159 calicem
850 4102 1142 4173 passionis
1173 4102 1521 4174 martyrium
1552 4100 1956 4157 esse.Grandis

304 4209 397 4249 res
427 4197 516 4248 est
537 4191 905 4262 martyrium.
943 4189 1200 4254 Qomodo
1232 4191 1470 4263 grandis
1500 4205 1592 4246 res
1611 4189 1640 4244 7
1669 4190 1956 4255 Quoniam

306 4280 580 4336 retribuit
613 4279 854 4334 Domino
885 4279 1040 4350 quod
1072 4279 1295 4350 accepit
1325 4295 1358 4332 a
1386 4278 1651 4334 Domino.
1693 4278 1956 4333 Christus

306 4385 411 4443 pro
443 4367 570 4440 ipso
597 4383 808 4439 passus
840 4371 946 4432 est,
971 4371 1027 4420 et
1059 4367 1154 4422 ille
1188 4385 1290 4439 pro
1321 4368 1559 4424 nomine
1593 4367 1778 4440 ipsius
1810 4368 1957 4440 pati-

305 4464 424 4514 tur.
457 4455 738 4522 Quoniam
769 4455 1024 4511 diximus
1060 4457 1212 4527 quod
1247 4461 1469 4528 martyr
1494 4456 1638 4511 nihil
1670 4457 1827 4513 aliud
1861 4457 1959 4512 ha-

2005 729 2114 784 hoc
2147 729 2340 800 ipsum
2374 731 3075 802 martyrium,inquit,non
3106 740 3197 792 est
3220 753 3359 792 meae
3388 738 3642 808 virtutis,

2007 819 2109 874 sed
2141 817 2337 890 gratiae
2375 819 2490 874 Dei.
2525 818 2836 891 Propterea
2858 838 2972 877 non
2999 840 3238 894 possum
3261 842 3394 882 eum
3428 827 3644 896 bibere,

2008 907 2120 962 nisi
2147 923 2358 962 nomen
2391 907 2621 962 Domini
2654 909 3012 966 invocavero.
3043 912 3218 969 Jesus
3244 914 3442 986 vincit,
3457 915 3517 972 in
3539 934 3647 974 suo

2008 1000 2261 1067 martyre
2291 1001 2618 1052 coronatur.

2089 1105 2116 1135 α
2145 1085 2402 1139 Pretiosa
2432 1085 2488 1138 in
2516 1091 2829 1156 conspectu
2861 1087 3092 1145 Domini
3126 1107 3284 1147 mors
3313 1097 3649 1150 sanctorum

2012 1173 2159 1243 ejus.
2199 1195 2218 1221 η
2255 1173 2664 1244 Respondeant
2721 1191 2876 1230 nunc
2904 1178 3088 1232 Judaei
3122 1194 3135 1234 :
3169 1181 3446 1250 quoniam
3481 1198 3652 1238 omne

2015 1277 2228 1334 corpus
2256 1261 2584 1318 humanum
2616 1262 2820 1319 dicunt
2849 1281 2978 1320 esse
3020 1265 3397 1325 immundum
3430 1271 3488 1325 in
3516 1271 3664 1344 lege.

2017 1350 2278 1422 Denique
2311 1351 2358 1405 si
2392 1351 2524 1422 quis
2555 1351 2840 1407 moriatur
2892 1355 3047 1426 apud
3097 1357 3347 1427 Iudaeos,
3383 1359 3502 1414 sive
3533 1377 3667 1433 pro-

2019 1438 2216 1510 pheta,
2249 1439 2368 1495 sive
2401 1439 2828 1513 qualiscunque
2854 1447 3113 1515 sanctus,
3139 1445 3188 1500 si
3211 1446 3344 1517 quis
3375 1462 3508 1502 eum
3543 1450 3672 1506 teti-

2022 1528 2169 1598 gerit
2198 1529 2374 1584 etiam
2406 1529 2698 1597 sacerdos,
2730 1547 2915 1602 usque
2945 1533 3015 1587 ad
3075 1549 3379 1606 vesperam
3409 1536 3670 1593 immun-

2024 1616 2136 1672 dus
2185 1621 2273 1672 est
2318 1618 2515 1689 (Leuit.
2571 1635 2648 1685 χι,
2677 1620 2789 1690 24).
2824 1624 2942 1676 Hoc
2973 1623 3295 1678 secundum
3329 1623 3579 1682 litteram
3616 1627 3676 1681 in

2025 1704 2151 1777 lege
2180 1706 2466 1774 scriptum
2491 1710 2597 1762 est.
2621 1707 2894 1764 Dicamus
2924 1708 3042 1766 illis
3075 1725 3088 1766 :
3123 1711 3180 1766 Si
3214 1713 3428 1768 mortui
3459 1730 3673 1786 corpus

2030 1793 2404 1851 immundum
2435 1798 2844 1868 est,quomodo
2875 1815 3029 1853 nunc
3061 1798 3274 1855 dicitur
3306 1819 3318 1856 :
3360 1823 3387 1854 α
3417 1803 3680 1859 Pretiosa

2030 1881 2089 1938 in
2121 1889 2434 1956 conspectu
2466 1884 2696 1940 Domini
2728 1901 2887 1941 mors
2935 1891 3273 1944 sanctorum
3321 1890 3450 1960 ejus
3481 1891 3509 1947 ?
3556 1913 3582 1940 ››
3618 1891 3678 1946 Si

2033 1972 2353 2042 pretiosum
2385 1977 2474 2028 est
2512 1989 2725 2046 corpus
2785 1975 2972 2030 sancti
3004 1976 3330 2046 morientis,
3386 1980 3681 2050 quomodo

2031 2059 2408 2116 immundum
2442 2062 2571 2118 est?
2604 2063 2752 2135 Ergo
2786 2062 2879 2118 hic
2936 2065 3007 2120 de
3055 2065 3415 2138 evangelista
3451 2068 3686 2139 dicitur,

2034 2149 2104 2206 de
2136 2154 2388 2221 martyre
2418 2151 2789 2221 praedicatur.

2109 2261 2136 2287 ‹‹
2163 2237 2205 2292 Ο
2236 2238 2499 2308 Domine,
2532 2239 2670 2309 quia
2699 2256 2804 2312 ego
2839 2257 3042 2298 servus
3073 2246 3211 2300 tuus
3271 2261 3284 2299 :
3346 2260 3452 2318 ego
3484 2261 3686 2302 servus

2036 2331 2194 2398 tuus,
2228 2332 2284 2381 et
2313 2325 2470 2382 filius
2501 2328 2724 2383 ancilia:
2755 2334 2887 2385 tuae.
2926 2353 2946 2379 ι
2984 2330 3049 2385 Et
3068 2331 3195 2402 jam
3226 2332 3345 2388 dixi
3401 2334 3460 2388 in
3492 2338 3685 2391 cente-

2041 2416 2189 2471 simo
2220 2421 2427 2488 quarto
2459 2417 2686 2474 decimo
2714 2418 2941 2489 psalmo
2975 2419 3134 2490 (vers.
3168 2421 3357 2493 4),ubi
3389 2421 3570 2478 hubet
3602 2439 3616 2478 :
3648 2423 3686 2480 0

2041 2507 2289 2575 Domine,
2350 2505 2534 2560 libera
2589 2508 2838 2562 animam
2891 2523 3090 2575 meam,
3125 2511 3278 2580 quod
3312 2509 3374 2564 in
3405 2510 3690 2567 Hebraico

2043 2593 2255 2649 habet:
2287 2610 2442 2648 ANNA
2471 2595 2652 2665 (nm),
2713 2596 2866 2666 quod
2925 2597 3342 2668 interpretatur
3396 2614 3542 2670 rogo,
3585 2603 3689 2655 aut

2043 2680 2314 2753 deprecor.
2350 2682 2418 2735 Et
2447 2681 2540 2736 hic
2572 2682 2651 2736 ita
2681 2682 2857 2738 habet
2903 2684 2961 2738 in
2993 2685 3273 2741 Hebraico
3307 2701 3322 2742 :
3356 2687 3535 2759 Rogo,
3568 2687 3680 2743 Do-

2045 2771 2224 2840 mine,
2259 2792 2287 2820 «
2321 2769 2459 2842 quia
2489 2787 2590 2842 ego
2622 2787 2826 2827 servus
2863 2777 3024 2839 tuus,
3074 2790 3179 2845 ego
3238 2791 3438 2831 servus
3467 2779 3626 2831 tuus.
3664 2797 3691 2825 »

2045 2859 2291 2914 Videtur
2319 2858 2669 2914 humilitatis
2700 2877 2828 2916 esse
2857 2863 3011 2933 quod
3055 2861 3286 2918 dicitur.
3319 2863 3570 2919 Grandis
3600 2864 3688 2919 di-

2049 2949 2290 3021 gnitatis
2347 2953 2455 3018 est,
2516 2948 2708 3004 meriti
2762 2965 2891 3005 esse
2923 2966 3155 3006 servum
3203 2951 3461 3019 Domini,
3492 2957 3548 3007 et
3579 2968 3695 3007 non

2051 3053 2286 3093 servum
2319 3037 2560 3108 peccati.
2595 3037 2740 3102 Quia
2770 3054 2885 3093 non
2911 3037 3118 3105 habeo,
3150 3039 3363 3111 inquit,
3395 3039 3698 3096 dominum

2053 3125 2350 3181 hominem
2385 3125 2564 3196 (Joan.
2614 3141 2667 3192 ν,
2725 3127 2803 3198 7),
2863 3127 3001 3198 quia
3029 3144 3144 3183 non
3176 3127 3360 3185 habeo
3391 3128 3696 3186 dominum

2055 3219 2382 3286 peccatum.
2439 3215 2558 3269 Non
2614 3217 2761 3270 enim
2813 3225 3007 3284 regnat
3057 3225 3338 3288 peccatum
3379 3219 3440 3272 in
3477 3219 3703 3275 mortali

2056 3319 2176 3358 meo
2214 3318 2432 3373 corpore
2461 3304 2637 3372 (Rom.
2668 3320 2744 3369 v1,
2806 3304 2892 3375 12)
2924 3322 2936 3360 :
2971 3309 3275 3377 propterea
3326 3321 3528 3362 servus
3563 3311 3703 3362 tuus

747 3388 863 3445 Hoc
893 3390 1087 3461 ipsum
1124 3394 1181 3445 et
1213 3389 1464 3461 Angelus
1497 3388 1935 3462 interpretatur.
1971 3387 2012 3453 C
2053 3407 2208 3445 sum.
2243 3390 2473 3445 Grande
2505 3389 2800 3445 meritum.
2833 3392 3088 3463 Denique
3118 3393 3336 3448 dicitur
3364 3394 3435 3450 de
3465 3394 3700 3465 Moyse:

2055 3476 2157 3532 Sed
2187 3492 2298 3531 non
2325 3478 2469 3555 sicut.
2495 3492 2682 3530 servus
2713 3493 2862 3533 meus
2890 3478 3095 3550 Moyses
3153 3480 3336 3549 (Num.
3389 3498 3492 3549 xu,
3522 3483 3600 3552 7).
3632 3482 3703 3537 Et

2054 3564 2432 3634 Abraham,et
2461 3564 2641 3633 Isaac,
2665 3569 2722 3620 et
2749 3565 2928 3622 Jacob
2959 3567 3237 3624 dicuntur
3264 3569 3414 3625 servi
3444 3569 3697 3628 Domini.

2057 3657 2370 3725 Propterea
2415 3657 2472 3707 et
2525 3654 2841 3725 Apostolus
2899 3655 2982 3711 ita
3037 3655 3286 3728 incipit:
3325 3659 3489 3714 Palus
3517 3675 3701 3714 servus

2055 3745 2178 3799 Jesu
2210 3741 2413 3798 Christi
2442 3742 2618 3813 (Rom.
2653 3761 2692 3812 1,
2726 3745 2777 3810 1,
2808 3745 2964 3815 etc.).

2132 3855 2159 3880 ‹‹
2193 3831 2469 3904 Dirupisti
2498 3831 2733 3887 vincula
2754 3849 2923 3890 mea:
2959 3834 3062 3890 tibi
3083 3835 3422 3893 sacrificabo
3455 3836 3707 3894 hostiam

2060 3921 2274 3977 laudis.
2309 3943 2337 3970 »
2370 3921 2511 3977 Vere
2543 3937 2769 3993 magnae
2801 3922 3094 3979 felicitatis
3125 3928 3233 3991 est,
3277 3925 3359 3980 ire
3415 3925 3486 3980 ad
3516 3925 3721 3982 Domi-

2063 4026 2252 4065 num:
2289 4013 2354 4064 ut
2411 4026 2525 4064 non
2576 4009 2789 4066 habeat
2844 4011 3262 4067 conscientiam
3319 4013 3708 4083 inquinatam.

2064 4099 2412 4169 Quicunque
2440 4105 2682 4154 sanctus
2706 4099 2953 4154 moritur
2972 4117 3080 4155 sua
3101 4100 3446 4168 morte,licet
3468 4103 3546 4158 sit
3576 4119 3712 4159 san-

2064 4191 2194 4242 ctus
2225 4187 2325 4258 qui
2361 4186 2794 4243 misericordias
2849 4193 3126 4258 operatus
3177 4187 3256 4244 sit
3284 4189 3486 4246 fecerit
3518 4191 3709 4264 signa,

2065 4276 2358 4332 daemones
2387 4275 2639 4346 ejecerit,
2699 4293 2815 4332 non
2871 4276 3031 4332 vadit
3087 4278 3159 4333 ad
3191 4277 3506 4335 Dominum
3541 4297 3707 4336 secu-

2066 4381 2168 4420 rus
2202 4381 2213 4420 :
2249 4364 2533 4420 horrescit
2561 4367 2690 4436 ejus
2719 4364 3095 4438 conscientia,
3147 4367 3379 4439 quando
3409 4368 3567 4423 videt
3596 4373 3708 4424 Do-

2068 4454 2316 4509 minum.
2337 4457 2552 4526 Martyr
2579 4459 2773 4511 autem
2793 4455 2840 4510 si
2873 4459 2929 4510 et
2960 4461 3092 4527 post
3120 4455 3480 4528 baptismum
3512 4472 3714 4529 pecca-

306 4549 408 4604 bet
436 4546 591 4620 quod
624 4545 907 4601 retribuat
936 4543 1201 4609 Domino,
1235 4549 1291 4599 et
1346 4545 1632 4601 Dominus
1662 4550 1962 4617 computat
2068 4542 2233 4612 verit,
2265 4547 2461 4598 tamen
2495 4543 2749 4598 secundo
2778 4543 3124 4615 baptismate
3154 4544 3419 4616 martyrii
3450 4543 3717 4617 ablutus,

310 4635 396 4693 illi
427 4653 530 4708 pro
562 4634 863 4708 qualitate,
897 4633 1177 4705 quoniam
1207 4633 1365 4689 videt
1411 4649 1640 4689 servum
1665 4651 1841 4689 suum
1873 4635 1961 4689 ni-

2070 4647 2314 4687 securus
2343 4631 2500 4686 vadit
2555 4632 2624 4686 ad
2685 4631 3022 4687 Dominum.
3083 4654 3111 4681 «
3172 4632 3455 4706 Dirupisti
3484 4633 3719 4692 vincula

313 4724 399 4780 hil
429 4725 586 4780 aliud
619 4724 832 4779 habere
862 4723 1016 4795 quod
1066 4721 1348 4778 retribuat
1394 4722 1466 4777 ei.
1517 4722 1662 4786 Quid
1695 4722 1848 4778 enim
1881 4723 1959 4778 si-
1990 4749 2037 4814 D
2072 4735 2222 4775 mea.
2257 4743 2279 4772 ι
2318 4719 2548 4775 Catenis
2605 4723 2797 4814 autem
2857 4737 3098 4776 suorum
3139 4727 3508 4794 peccatorum
3538 4740 3716 4780 unus-

314 4813 452 4871 mile
482 4813 616 4869 est?
644 4813 797 4869 Deus
825 4829 930 4885 pro
955 4811 1288 4868 hominibus
1319 4827 1529 4883 passus
1558 4811 1960 4879 est,Dominus
1990 4808 2027 4814 w
2069 4809 2319 4881 quisque
2349 4808 2768 4882 constringitur
2797 4811 2980 4880 (Prov.
3013 4827 3067 4879 v,
3097 4812 3211 4884 22),
3265 4813 3366 4869 sed
3409 4813 3468 4868 in
3497 4817 3714 4885 marty-

313 4919 420 4977 pro
447 4919 631 4972 servo,
656 4903 858 4974 justus
889 4919 990 4974 pro
1049 4905 1366 4974 peccatore.
1425 4904 1558 4965 Quae
1603 4901 1905 4973 aaqualitas
1933 4902 1961 4956 ?

317 4993 431 5049 Sed
464 4991 743 5065 quoniam
773 4991 920 5046 nihil
951 4991 1108 5046 aliud
1139 4990 1316 5046 habet
1351 5005 1555 5047 servus
1586 4991 1740 5062 quod
1794 4990 1963 5046 retri-

319 5081 463 5137 buat
491 5079 735 5136 Domino
767 5097 781 5135 :
809 5079 965 5136 Deus
994 5078 1163 5151 quasi
1213 5078 1466 5135 clemens
1496 5096 1599 5150 pro
1629 5078 1840 5150 aequali
1871 5096 1962 5135 ac-

303 5169 464 5242 cipit
493 5169 862 5240 martyrium.
893 5169 1071 5233 Quasi
1129 5169 1178 5224 si
1212 5171 1343 5240 quis
1397 5169 1558 5224 dives
1605 5169 1828 5241 paverit
1854 5169 1964 5224 ali-

319 5275 494 5331 quem
527 5274 841 5332 pauperem
877 5275 889 5312 :
921 5259 1176 5315 evenerit
1203 5265 1396 5314 autem
1425 5259 1697 5314 eumdem
1728 5258 1959 5314 divitem

317 5346 516 5402 venire
544 5363 677 5403 cum
713 5363 821 5402 sua
851 5346 1098 5415 familia,
1128 5351 1184 5402 et
1211 5347 1404 5403 veniat
1433 5364 1571 5402 casu
1630 5347 1688 5402 in
1721 5349 1962 5403 domum

318 5436 592 5510 pauperis
621 5441 679 5492 et
706 5452 822 5492 non
853 5435 1064 5491 habeat
1091 5452 1314 5509 pauper
1343 5437 1496 5508 quod
1547 5436 1631 5491 illi
1685 5441 1961 5509 apponat,

320 5529 380 5582 et
435 5525 668 5580 familiae
725 5525 936 5598 ipsius,
987 5529 1044 5580 et
1074 5524 1382 5580 solumilli
1414 5526 1568 5581 dicat
1595 5524 1748 5581 intra
1776 5526 1834 5580 in
1861 5526 1962 5581 do-

322 5629 487 5672 mum
519 5613 748 5670 clientis
775 5615 954 5683 tui,et
982 5614 1251 5670 ostendat
1276 5614 1655 5686 voluntatem,
1686 5615 1962 5686 quoniam

325 5701 475 5763 nihil
509 5699 667 5757 aliud
695 5703 870 5760 habet
897 5703 1052 5775 quod
1087 5704 1203 5771 det,
1265 5708 1320 5760 et
1356 5704 1489 5776 plus
1520 5705 1693 5760 faciat
1723 5722 1962 5778 pauper,

324 5792 480 5865 sicut
507 5789 610 5854 illa
631 5791 806 5852 vidua
834 5809 959 5868 quae
989 5793 1106 5852 duo
1135 5791 1362 5850 minuta
1390 5793 1636 5852 contulit
1662 5793 1812 5870 (Luc.
1847 5810 1962 5870 xxx,

2073 4898 2159 4953 rio
2191 4913 2318 4953 meo
2347 4897 2624 4969 dirupisti
2654 4898 2888 4954 vincula
2918 4905 3290 4972 peccatorum
3340 4917 3626 4968 meorum,
3659 4905 3717 4956 et

2074 4987 2144 5042 de
2175 4985 2424 5042 vinculis
2479 4986 2890 5058 plicastimihi
2951 5006 3223 5046 coronam
3281 4989 3554 5045 victoriae.
3617 4989 3720 5045 Ubi

2073 5077 2220 5131 enim
2247 5075 2555 5131 abundavit
2605 5086 2908 5147 peccatum,
2937 5077 3412 5149 superabundavit
3463 5084 3512 5132 et
3539 5077 3723 5145 gratia

2073 5166 2246 5234 (Rom.
2278 5181 2330 5236 v,
2361 5165 2474 5234 20).
2508 5187 2536 5215 α
2570 5165 2699 5221 Tibi
2757 5166 3096 5222 sacriﬁcabo
3154 5164 3409 5222 hostiam
3439 5164 3652 5220 laudis.
3684 5186 3712 5214 ››

2074 5256 2208 5313 Post
2238 5254 2584 5326 martyrium
2608 5254 2706 5309 ubi
2731 5254 3019 5310 sacrificat
3038 5255 3065 5308 ‘P
3088 5255 3145 5308 In
3177 5254 3410 5325 regione
3430 5253 3713 5310 vivorum.

2074 5343 2443 5409 Sacriﬁcabo,
2502 5343 2712 5414 inquit,
2771 5343 2874 5397 tibi
2905 5343 3279 5399 sacriﬁcium.
3337 5343 3515 5407 Quale
3541 5341 3718 5398 sacri-

2076 5432 2274 5487 ficium
2291 5432 2318 5487 ?
2342 5430 2638 5502 Numquid
2665 5430 3022 5500 bircum,aut
3041 5431 3330 5488 vitulum?
3351 5431 3455 5487 Illa
3475 5431 3721 5487 Judaica

2074 5526 2258 5590 erant,
2290 5523 2345 5575 et
2376 5519 2755 5575 transierunt.
2813 5543 2842 5570 ‹‹
2900 5521 3250 5579 Sacriﬁcabo
3307 5521 3410 5576 tibi
3460 5519 3716 5576 hostiam

2074 5610 2288 5665 laudis.
2327 5632 2347 5658 ι
2384 5613 2514 5663 Haec
2545 5613 2634 5664 est
2662 5607 2790 5664 laus
2822 5615 3163 5681 martyrum.
3188 5609 3351 5665 Sicut
3378 5609 3536 5665 enim
3569 5625 3719 5666 mar-

2075 5705 2230 5772 tyres
2259 5697 2503 5753 laudant
2532 5697 2848 5753 Dominum
2903 5715 3047 5772 pure
3075 5697 3135 5754 in
3168 5698 3401 5771 regione
3429 5699 3714 5772 vivorum,

2073 5791 2155 5852 ita
2177 5792 2235 5848 et
2263 5786 2535 5846 monachi
2565 5787 2668 5863 qui
2696 5787 2788 5848 die
2818 5791 2875 5849 et
2930 5792 3097 5848 nocte
3125 5787 3386 5863 psallunt
3441 5787 3707 5876 Domino,
