4244 6584
627 442 778 504 1255

2113 401 2551 508 APPENDIX.

3870 452 3899 512 1
3908 453 4018 514 256

620 579 830 634 debent
857 576 1121 632 eamdem
1152 575 1462 648 puritatem
1525 577 1739 635 habere
1795 582 2139 652 martyrum,
2181 580 2265 636 si-
2294 585 2348 649 Α
2449 579 2714 658 Ecclesia:
2748 580 2965 658 Christ
3001 579 3316 658 vocatione
3372 582 3647 658 fundatae,
3707 584 3795 641 vel
3825 587 4016 658 populi

619 667 854 739 quidem
885 666 996 738 ipsi
1031 671 1314 738 martyres
1345 671 1501 722 sunt.
1535 669 1696 732 Quod
1729 669 1884 723 enim
1916 669 2135 724 faciunt
2164 687 2267 724 an-

619 755 730 828 geli
760 755 819 810 in
853 755 1034 822 cmlis,
1065 756 1175 810 hoc
1203 756 1474 811 monachi
1507 757 1727 812 faciunt
1766 757 1823 811 in
1857 758 2049 814 terris.

687 869 716 895 «
748 845 899 900 Vota
929 860 1058 900 mea
1097 844 1338 900 Domino
1363 845 1603 900 reddam
1639 845 1696 900 in
1727 851 2040 916 conspectu
2073 847 2266 902 omnis

619 933 817 1007 populi
848 935 1030 1004 ejus.»
1068 935 1200 998 Qum
1234 938 1374 988 sunt
1405 935 1697 989 orationes
1730 940 2053 1007 martyrum
2076 936 2103 990 ?
2130 937 2264 1000 Quin

618 1027 758 1078 sunt
787 1021 1077 1076 orationes
1135 1026 1472 1077 sanctorum
1495 1023 1522 1076 ‘?
1551 1023 1806 1089 Tenebo,
1840 1024 2032 1094 inquit
2061 1028 2117 1079 et
2148 1042 2262 1080 non

615 1111 908 1166 dimittam
937 1115 1012 1165 te.
1047 1110 1334 1176 Adorabo,
1370 1110 1583 1182 inquit,
1617 1111 1957 1178 Dominum,
1990 1129 2169 1184 quem
2202 1114 2264 1169 in

613 1197 921 1271 Evangelio
953 1198 1172 1270 legens,
1206 1203 1264 1254 et
1292 1198 1592 1256 inveniens
1635 1201 1979 1256 cruciﬁxum
2014 1219 2027 1256 :
2060 1202 2119 1256 iu
2149 1219 2262 1258 ca:-

611 1287 684 1343 lis
713 1288 877 1343 video
907 1294 1244 1358 regnantem
1277 1304 1410 1342 cum
1443 1287 1686 1360 angelis.
1740 1314 1765 1339 «
1827 1291 1892 1344 In
1943 1296 2262 1362 conspectu

611 1377 803 1432 omnis
832 1374 1029 1448 populi
1057 1377 1203 1446 ejus.
1233 1397 1253 1425 »
1290 1379 1495 1432 Coram
1518 1378 1678 1433 omni
1705 1382 1858 1434 coetu
1891 1385 2258 1435 sanctorum.

612 1488 640 1517 α
673 1466 733 1520 In
762 1465 953 1520 medio
987 1464 1089 1533 tui,
1119 1464 1463 1521 Jerusalem.
1501 1489 1521 1517 ι
1558 1466 1748 1538 Ipsius
1781 1467 2032 1524 coelestis
2063 1468 2260 1524 civita-

609 1555 705 1625 tis,
739 1571 865 1626 quae
898 1559 986 1608 est
1016 1557 1202 1608 mater
1233 1558 1432 1608 nostra
1464 1573 1476 1608 :
1509 1555 1681 1625 cujus
1725 1557 1851 1624 jam
1883 1555 2035 1612 cives
2066 1564 2122 1613 et
2153 1558 2260 1612 do-

609 1643 833 1698 mestici
862 1641 994 1697 facti
1025 1659 1252 1697 sumus.
1279 1642 1386 1697 Per
1415 1642 1610 1714 ipsum
1643 1644 1955 1699 Dominum
1988 1650 2258 1701 nostrum

607 1733 812 1788 Jesum
845 1731 1164 1798 Christum,
1227 1734 1327 1802 qui
1381 1736 1470 1787 est
1503 1749 1612 1804 pax
1644 1737 1862 1788 nostra.
1927 1735 2033 1799 Qui
2091 1735 2260 1790 nobis

615 1825 890 1893 praestare
919 1819 1212 1890 dignetur,
1247 1825 1330 1889 ut,
1367 1836 1701 1892 compresso
1736 1820 1886 1876 bello
1919 1822 2158 1889 carnali,
2193 1840 2260 1878 ac

609 1908 910 1964 charitatis
969 1924 1084 1962 sua:
1117 1907 1284 1962 nobis
1338 1924 1478 1978 pace
1529 1908 1758 1981 largita,
1817 1910 2036 1981 filiique
2069 1911 2256 1966 eil'ecti

2449 652 2782 777 intetrempti
2843 669 2946 723 pro
2989 652 3198 708 Christi
3257 654 3493 709 nomine
3545 653 3728 712 Deum
3761 652 4017 730 magniﬁ-

2449 740 2551 777 can
2584 740 2653 777 ιε.

2447 740 2653 778 canus.

2446 869 2473 895 ‹‹
2508 845 2878 901 Conﬁtemini
2914 846 3156 903 Domino
3188 849 3466 920 quoniam
3507 850 3717 918 bonus,
3746 855 4014 925 quoniam

2374 933 2433 988 in
2463 933 2741 989 saeculum
2774 933 3176 991 misericordia
3204 937 3352 1007 ejus.
3384 961 3412 988 ››
3445 941 3745 997 Confessio
3764 942 3884 1000 haec
3907 961 4011 1001 non

2373 1022 2446 1075 ad
2481 1027 2849 1093 peccatorum
2875 1023 3279 1080 remissionem
3306 1043 3318 1091 ;
3355 1027 3454 1082 sed
3473 1029 3546 1083 ad
3577 1027 3811 1086 laudem
3841 1034 4010 1103 perti-

2374 1114 2472 1165 net
2501 1111 2756 1166 deitatis.
3423 1189 3432 1194 ί
3839 1157 3842 1160 ι
3911 1142 3916 1146 τ

2449 1221 2469 1249 α
2506 1200 2670 1255 Dicat
2699 1219 2854 1257 nunc
2884 1203 3097 1258 domus
3124 1204 3301 1259 Israel
3335 1206 3613 1276 quoniam
3646 1209 3853 1277 bonus,
3873 1228 4012 1282 quo-

2374 1287 2531 1344 niam
2563 1289 2621 1344 in
2656 1291 2935 1346 saeculum
2968 1291 3369 1349 misericordia
3396 1296 3545 1366 ejus.
3590 1320 3616 1346 »
3648 1296 3754 1353 Illa
3783 1300 4010 1369 domus,

2372 1393 2498 1448 quae
2532 1377 2694 1449 prius
2725 1383 2936 1434 caecata
2963 1385 3091 1436 erat
3117 1381 3364 1454 delictis,
3399 1401 3553 1441 nunc
3594 1392 3788 1443 mente
3815 1405 4012 1445 serena

2375 1467 2467 1521 Dei
2503 1466 2751 1537 gloriam
2785 1469 3234 1541 contemplatur.

2444 1577 2470 1604 ‹‹
2497 1555 2659 1611 Dicat
2690 1573 2845 1613 nunc
2864 1559 3074 1613 domus
3104 1561 3294 1616 Aaron
3327 1563 3607 1633 quoniam
3638 1565 3848 1634 bonus,
3881 1585 4010 1639 quo—

2371 1644 2527 1698 niam
2575 1644 2632 1698 in
2692 1645 2973 1702 szeculum
3021 1649 3420 1707 misericordia
3475 1653 3620 1724 ejus.
3656 1677 3685 1703 »
3717 1658 3849 1720 Qua:
3881 1663 4008 1713 ante

2369 1731 2542 1787 idolis
2577 1732 2975 1790 immolaverat
3007 1752 3020 1789 ε
3056 1753 3209 1792 nunc
3262 1742 3456 1794 autem
3515 1740 3796 1798 Altissimi
3825 1743 4009 1801 illecta

2369 1820 2647 1888 bonitate,
2679 1822 3068 1878 sacerdotium
3093 1826 3239 1898 gerit
3269 1827 3481 1884 anima:
3506 1847 3646 1885 suae.

2448 1931 2468 1958 ιί
2507 1911 2708 1965 Dicant
2738 1929 2894 1967 nunc
2935 1915 3032 1984 qui
3096 1915 3303 1971 timent
3359 1918 3693 1991 Dominum,
3728 1924 4000 1992 quoniam

611 1999 670 2052 in
724 1995 1048 2052 Jerusalem
1076 1997 1318 2061 caelesti,
1374 1997 1593 2052 sanctis
1625 1999 1749 2053 suis
1781 2015 2113 2054 mereamur
2163 2001 2258 2055 ad-
2289 1979 2334 2044 Β
2368 1998 2578 2066 bonus,
2613 1999 2889 2071 quoniam
2924 2003 2981 2056 in
3013 2001 3292 2059 smculum
3352 2006 3752 2065 misericordia
3799 2013 3943 2083 ejus.
3977 2035 4000 2062 ι

597 2086 770 2158 jungi
801 2101 904 2158 pro
935 2084 1180 2141 meritis.
1217 2085 1328 2156 Ipsi
1359 2085 1544 2156 gloria
1574 2103 1706 2141 cum
1734 2091 1945 2142 aeterno
2005 2089 2170 2144 Patre
2201 2093 2257 2145 et

603 2175 824 2248 Spiritu
852 2179 1052 2230 sancto
1085 2174 1141 2228 in
1170 2173 1384 2229 smeula
1426 2176 1796 2231 sesculorum.
1832 2178 2037 2232 Amen.

1156 2281 1476 2336 PSALMUS
1516 2282 1701 2337 CXVI.

602 2373 861 2429 Alleluia.
915 2371 1027 2426 Iste
1056 2369 1321 2442 psalmus
1352 2387 1564 2441 parvus
1587 2372 1836 2426 habetur
1857 2389 2102 2427 numero
2132 2390 2253 2428 ver-

674 2461 870 2509 suum,
904 2442 1002 2496 sed
1062 2457 1312 2515 magnus
1365 2447 1454 2496 est
1511 2443 1568 2498 in
1630 2443 1954 2514 spiritualis
1989 2445 2249 2515 mysterii

673 2517 1060 2571 sacramento.
1122 2513 1333 2567 Vocem
1373 2518 1567 2586 tamen
1629 2513 2008 2584 apostolicam
2055 2513 2246 2586 tenet,

673 2587 772 2658 qui
805 2587 975 2655 juxta
1015 2600 1279 2638 normam
1314 2584 1710 2658 evangelicum
1745 2587 1800 2640 in
1843 2592 2094 2658 quatuur
2124 2584 2248 2642 ver;

679 2656 854 2713 suum
897 2671 1142 2711 numero
1173 2656 1518 2711 continetur.

667 2768 698 2799 ι(
731 2746 988 2801 Laudate
1017 2744 1354 2814 Dominum,
1414 2761 1619 2801 omnes
1670 2751 1892 2818 gentes.
1932 2769 1958 2794 ››
1992 2745 2120 2811 Qui,
2158 2761 2245 2799 re-

596 2836 751 2891 lictis
809 2833 1160 2899 simulacris,
1201 2833 1530 2889 accessistis
1561 2835 1632 2888 ad
1692 2851 1824 2890 eum
1889 2850 1989 2906 per
2045 2835 2242 2889 fidem.

596 2925 759 2989 Quod
789 2927 984 2978 autem
1015 2937 1219 2976 omnes
1251 2926 1453 2992 gentes
1482 2921 1803 2977 laudaturae
1833 2927 2006 2993 atque
2039 2923 2243 2977 adora-

594 3017 736 3067 turaa
762 3013 959 3066 essent
993 3009 1322 3075 Dominum,
1357 3009 1464 3064 hoc
1518 3009 1670 3080 Magi
1732 3012 1802 3066 ab
1863 3010 2094 3066 Oriente
2147 3027 2242 3066 ve-

596 3100 821 3155 nientes
850 3097 1286 3166 inchoaverunt,
1335 3097 1639 3152 offerentes
1698 3115 1939 3154 munera
1975 3104 2108 3154 nato
2138 3099 2243 3154 ho-

594 3188 740 3243 mini
768 3185 1004 3258 regique
1036 3201 1101 3239 ac
1132 3184 1395 3256 Domino,
1438 3185 1592 3240 sicut
1622 3186 1927 3241 Matthaeus
1960 3188 2038 3242 ait
2068 3205 2238 3243 evan-

592 3276 799 3352 gelista
829 3273 1037 3346 (Matth.
1073 3291 1133 3340 ιι,
1172 3274 1276 3344 11).
1313 3296 1340 3323 ‹‹
1373 3275 1441 3329 Et
1483 3274 1810 3332 collaudate
1867 3294 2000 3331 eum
2035 3293 2239 3334 omnes

2370 2092 2504 2154 Vos,
2542 2089 2641 2160 qui
2674 2089 2836 2161 prius
2868 2089 3182 2147 simulacra
3212 2100 3379 2149 muta
3407 2101 3464 2150 et
3495 2099 3674 2153 surda
3712 2102 4002 2156 metueba-

2366 2177 2460 2245 tis,
2495 2195 2651 2233 nunc
2680 2179 3098 2251 omnipotentis
3128 2184 3358 2238 Domini
3415 2169 3820 2245 cum'timoris
3850 2206 4002 2248 reve-

2367 2267 2553 2320 rentia
2583 2267 3046 2324 misericordiam
3081 2271 3401 2328 decantate.

2437 2359 2551 2409 «In
2609 2355 2982 2412 tribulatione
3039 2360 3292 2416 invocavi
3353 2364 3684 2436 Dominum,
3746 2371 3802 2422 et
3829 2383 3996 2424 exau-

2361 2443 2503 2499 divit
2535 2460 2624 2499 me
2657 2445 2713 2500 in
2747 2445 3054 2502 latitudine
3086 2449 3390 2505 Domidus.
3423 2472 3448 2502 n
3489 2454 3549 2507 In
3584 2456 3869 2525 angustiis
3897 2458 3995 2511 tri-

2358 2531 2726 2589 bulationum
2758 2536 3050 2590 exaudivit
3079 2553 3170 2593 me
3203 2539 3259 2592 in
3291 2538 3601 2596 latitudine
3625 2545 3992 2614 gaudiorum.

2431 2646 2457 2671 ‹‹
2498 2622 2776 2679 Dominus
2828 2625 2970 2678 mibi
3019 2626 3253 2696 adjutor
3300 2633 3409 2695 est,
3444 2647 3557 2686 non
3612 2631 3829 2688 timebo
3861 2635 3996 2706 quid

2359 2710 2532 2765 faciat
2565 2711 2708 2766 mihi
2741 2712 2936 2769 homo.
2970 2737 2994 2762 ››
3037 2715 3309 2772 Diabolus
3369 2718 3570 2790 utique
3628 2725 3685 2776 et
3740 2721 3911 2779 homo
3942 2727 3998 2780 et

2356 2799 2462 2870 vir,
2496 2817 2647 2872 saepe
2678 2801 2736 2855 in
2768 2802 3083 2873 Scripturis
3110 2805 3366 2875 ponitur.

2431 2889 2710 2944 Dominus
2743 2891 2887 2944 mihi
2919 2892 3154 2962 adjutor
3183 2899 3290 2965 est,
3323 2900 3378 2950 et
3407 2912 3513 2969 ego
3547 2899 3863 2970 despiciam
3897 2902 3998 2956 ini-

2357 2977 2534 3031 micos
2567 2993 2748 3032 meos.
2788 3002 2815 3027 ››
2848 2977 2946 3034 Vel
2979 2980 3300 3049 hereticos,
3333 2983 3420 3038 vel
3461 2985 3714 3044 Judaaos.

2426 3106 2453 3133 ‹‹
2486 3084 2710 3138 Bonum
2742 3091 2830 3140 est
2886 3103 3120 3158 sperare
3151 3089 3211 3142 in
3254 3089 3520 3158 Domino,
3554 3109 3728 3164 quam
3764 3111 3994 3166 sperare

2349 3171 2408 3226 in
2438 3172 2691 3228 homine.
2728 3196 2755 3222 »
2789 3174 2850 3228 In
2882 3174 3004 3230 solo
3038 3176 3152 3231 Deo
3196 3179 3479 3235 debemus
3511 3197 3762 3254 sperare,
3796 3189 3852 3238 et
3880 3195 3991 3241 nun

2352 3261 2410 3316 in
2463 3261 2719 3330 homine,
2779 3265 2948 3335 cujus
3007 3265 3168 3320 salus
3221 3284 3368 3324 vana
3399 3274 3487 3324 est
3532 3271 3707 3336 (Psal.
3741 3290 3848 3340 Lix,
3884 3275 3991 3346 13).

589 3347 810 3436 populi.
845 3384 872 3412 »
905 3363 1012 3428 Qui
1043 3378 1111 3417 ex
1139 3362 1354 3418 Iudaeis
1387 3363 1622 3419 fuerunt
1673 3366 1956 3431 conversi,
1989 3367 2142 3437 quod
2174 3368 2241 3422 ti-
2271 3347 2313 3413 (ἶ
2355 3351 2498 3408 Nam
2531 3352 2682 3406 illius
2714 3353 2993 3424 Propheta
3023 3354 3103 3409 ait
3137 3372 3149 3410 ε
3191 3358 3506 3414 “(audimus
3535 3361 3689 3416 homo
3719 3365 3816 3432 qui
3840 3366 3994 3435 Ρθηίθ

588 3453 746 3507 tulus
778 3451 875 3507 ille
905 3450 1332 3522 praenuntiavit,
1367 3465 1541 3522 quem
1573 3469 1751 3524 super
1779 3469 2011 3508 crucem
2045 3454 2238 3510 Domi-

588 3540 778 3596 nicam
811 3539 1034 3595 Pilatus
1065 3539 1280 3608 posuit,
1339 3541 1628 3611 scripturn
1665 3541 1962 3602 Hebraice.
2021 3547 2235 3612 Graece,

587 3635 645 3686 et
676 3630 1020 3694 Latine,Rex
1047 3629 1572 3695 Judazorum,sicut
1592 3631 1847 3686 Joannes
1879 3632 2238 3705 evangelista

586 3722 838 3774 testatur
867 3718 1044 3787 (Joa-n.
1073 3734 1187 3783 xux,
1225 3718 1310 3788 19,
1341 3719 1453 3788 20).

661 3829 688 3856 ‹‹
719 3805 1000 3869 Quoniam
1036 3806 1380 3861 confirmata
1405 3811 1496 3861 est
1525 3823 1700 3878 super
1729 3825 1836 3864 nos
1867 3809 2237 3866 misericodia

585 3897 733 3967 ejus.
771 3917 793 3944 ι
827 3895 995 3967 Apud
1027 3894 1208 3949 Deum
1247 3895 1441 3950 futura
1463 3897 1588 3965 jam
1621 3896 1772 3952 facta
1811 3914 1937 3954 esse
1969 3916 2119 3971 szepe
2152 3905 2235 3955 te-

586 3985 721 4042 stati
750 3979 1133 4055 sumus.Ergo
1166 3987 1306 4038 tunc
1339 3983 1740 4040 misericordia
1769 3986 1999 4042 Domini
2031 3989 2235 4043 conﬁr-

584 4079 744 4130 mata
773 4078 882 4142 est,
914 4089 1047 4129 cum
1079 4072 1324 4128 eﬂundit
1379 4089 1558 4145 super
1614 4075 1917 4131 credentes
1950 4077 2232 4148 Spiritum

585 4167 858 4219 sanctum
915 4163 1050 4233 (Act.
1112 4177 1172 4217 ιι.
1237 4162 1310 4231 4),
1368 4163 1538 4233 juxta
1568 4163 2020 4233 promissionem
2054 4183 2232 4237 quam

586 4253 770 4307 Lucas
800 4250 1156 4323 evangelista
1195 4255 1636 4319 commemorat,
1698 4253 1898 4309 dicens
1933 4271 1944 4307 :
1981 4257 2109 4310 Ecce
2140 4271 2234 4326 ego

583 4343 740 4397 mitto
765 4342 1189 4412 promissionem
1245 4341 1431 4395 Patris
1486 4343 1598 4395 mei
1649 4343 1709 4397 in
1763 4359 1853 4414 vos
1881 4362 1900 4397 :
1931 4360 2021 4399 vos
2051 4354 2234 4400 autem

582 4432 760 4487 sedete
788 4432 846 4485 in
877 4432 1101 4485 civitate
1139 4429 1490 4500 quoadusque
1547 4431 1873 4486 induamini
1928 4435 2137 4488 virtute
2165 4451 2233 4489 ea:

582 4521 696 4575 alio
727 4521 873 4590 (Luc.
910 4535 1063 4589 xxrv,
1097 4520 1206 4588 Idl).
1241 4540 1268 4568 «
1313 4519 1379 4572 Et
1432 4520 1644 4574 veritas
1683 4519 1913 4575 Domini
1942 4527 2140 4577 manet
2169 4523 2229 4578 in

583 4611 884 4662 aeternum.
915 4629 943 4656 ››
979 4609 1280 4662 Permanet
1335 4607 1548 4662 veritas
1608 4609 1856 4674 Domini,
1919 4627 2051 4666 cum
2079 4612 2228 4682 justi

585 4696 646 4750 in
676 4695 892 4751 caelesti
922 4695 1248 4750 Jerusalem
1292 4700 1573 4766 tanquam
1633 4696 1856 4767 lapides
1888 4698 1998 4754 vivi
2047 4700 2228 4754 azdiﬁ-

584 4789 793 4840 cantur
850 4799 863 4837 :
923 4783 1010 4838 vel
1060 4783 1224 4855 impii
1275 4788 1484 4839 mterno
1541 4785 1661 4856 igni
1694 4789 1750 4841 et
1779 4787 2096 4858 vermibus,
2129 4789 2228 4860 qui

583 4888 889 4944 nunquam
923 4872 1272 4941 moriuntur,
1305 4872 1397 4926 his
1442 4874 1770 4930 traduntur.
1805 4876 1966 4930 Sicut
1998 4877 2228 4933 Marcus

582 4959 939 5033 evangelista
961 4961 1042 5016 ait
1075 4978 1088 5015 :
1119 4963 1264 5031 Ignis
1323 4977 1510 5016 eorum
1565 4979 1671 5018 non
1729 4967 2129 5035 exstinguelur,
2178 4974 2229 5021 et

581 5067 779 5107 vermis
807 5066 994 5106 eorum
1024 5065 1134 5106 non
1161 5052 1429 5106 morietur
1457 5051 1639 5118 (Marc.
1677 5069 1751 5116 Ix,
1803 5053 1912 5123 43).
1948 5053 2062 5109 Nos
2092 5071 2228 5109 vero

580 5141 896 5196 Dominum
956 5139 1252 5211 supplices
1310 5141 1707 5212 deprecemur,
1750 5147 1814 5196 ut
1854 5159 1914 5197 se
1948 5142 2225 5199 laudandi

579 5230 799 5285 tribuat
827 5228 1170 5300 efficaciam,
1205 5235 1262 5284 et
1293 5231 1599 5286 confirmet
1629 5246 1807 5301 super
1859 5247 1964 5286 nos
1999 5234 2226 5288 miseri-

579 5320 836 5375 cordiam
894 5335 1064 5374 suam
1125 5337 1138 5374 :
1202 5319 1440 5375 mittens
1470 5321 1528 5373 in
1589 5319 1758 5374 nobis
1788 5320 2067 5390 Spiritum
2099 5339 2228 5377 san-

577 5414 758 5476 ctum,
793 5407 893 5480 qui
925 5424 1173 5464 exurens
1205 5409 1395 5476 noxia,
1430 5407 1721 5464 illuminet
1752 5408 2075 5480 profutura.
2109 5411 2226 5483 Ipsi

577 5497 760 5568 gloria
791 5514 923 5552 cum
970 5501 1182 5553 aiterno
1216 5497 1381 5552 Patre
1411 5501 1466 5551 et
1495 5495 1712 5568 Spiritu
1741 5501 1941 5552 sancto
1993 5500 2051 5553 in
2081 5516 2222 5555 cun-

578 5589 672 5639 cta
697 5585 910 5640 saecula
940 5584 1311 5640 saeculorum.
1344 5587 1547 5641 Amen.

1113 5673 1445 5730 PSALMUS
1485 5673 1694 5728 CXVII.

645 5760 907 5822 Alleluia.
944 5764 1059 5822 Iste
1090 5761 1356 5838 psalmus
1387 5763 1686 5828 interdum
1733 5779 1932 5822 vocem
1963 5767 2222 5827 continet

2348 3444 2403 3495 in
2436 3443 2658 3496 homine
2684 3458 2835 3513 spem
2863 3460 3038 3498 suam.
3075 3447 3292 3512 (Jerem.
3325 3463 3459 3513 xvn,
3489 3451 3566 3518 5).

2425 3556 2445 3581 ιι
2483 3532 2707 3587 Bonum
2759 3537 2848 3588 est
2879 3534 3169 3590 confidere
3201 3535 3259 3590 in
3324 3538 3585 3594 Domino.
3620 3561 3648 3592 »
3677 3540 3786 3604 Qui
3814 3542 3991 3598 vitam

2349 3620 2596 3693 largitur
2624 3627 2920 3677 aeternam.
2960 3642 2986 3674 α
3034 3626 3218 3689 Quam
3279 3628 3568 3683 confidere
3625 3628 3681 3683 in
3717 3630 3990 3703 principi-

2346 3708 2478 3762 bus.
2509 3730 2536 3757 »
2569 3709 2827 3770 Quorum
2861 3714 3116 3780 potestas
3138 3727 3272 3767 cum
3305 3713 3413 3769 hoc
3444 3717 3664 3772 mundo
3693 3717 3988 3774 dilabitur.

2418 3819 2445 3846 ‹‹
2482 3795 2695 3851 Omnes
2743 3802 2944 3868 gentes
3003 3799 3514 3858 circumdederunt
3571 3820 3682 3874 me,
3720 3807 3857 3861 etin
3889 3824 3988 3864 no-

2347 3885 2504 3940 mine
2535 3885 2782 3952 Domini,
2814 3886 2953 3957 quia
2984 3886 3142 3942 ultus
3172 3905 3305 3945 sum
3338 3891 3395 3945 in
3426 3908 3544 3948 eos.
3580 3917 3603 3945 n
3643 3895 3851 3951 Gentes
3882 3897 3992 3951 sci-

2346 3974 2481 4029 licet
2537 3974 2977 4030 tribulationum
3033 3975 3330 4033 vallabant
3369 3996 3481 4048 me,
3513 3984 3615 4037 sed
3649 3984 3706 4038 in
3757 3985 3988 4040 nomine

2348 4063 2590 4119 Domine
2620 4065 2805 4119 restiti
2837 4068 2941 4120 eis.

2418 4177 2444 4204 ‹‹
2479 4154 2919 4209 Circumdantes
2951 4154 3464 4213 circumdederunt
3495 4175 3608 4228 me,
3666 4167 3723 4216 et
3775 4163 3834 4217 in
3889 4180 3988 4220 no-

2343 4244 2500 4298 mine
2528 4243 2782 4308 Domini,
2812 4243 2951 4315 quia
2979 4244 3140 4301 ultus
3166 4263 3298 4301 sum
3325 4247 3381 4301 in
3415 4265 3532 4304 eos.
3569 4271 3597 4298 »
3619 4249 3797 4322 Cujus
3827 4268 3985 4308 eram

2343 4332 2548 4388 vexillo
2580 4332 2865 4387 munitus.

2418 4444 2445 4472 ‹‹
2477 4422 3000 4478 Circumdederunt
3056 4440 3147 4480 me
3206 4425 3357 4481 sicut
3386 4427 3542 4498 apes.
3584 4449 3610 4482 α
3647 4430 3814 4485 Sicut
3849 4443 3986 4503 apes

2343 4512 2561 4578 favum,
2594 4516 2657 4566 ut
2689 4512 2982 4568 auferrent
3011 4513 3377 4570 dulcedinem
3411 4532 3584 4588 quam
3615 4518 3673 4572 in
3708 4535 3802 4573 me
3828 4521 3990 4576 Chrio

2341 4605 2471 4656 stus
2505 4601 2816 4657 infuderat.
2855 4624 2882 4650 »
2913 4603 2981 4657 Et
3011 4609 3353 4660 exarserunt
3401 4605 3550 4660 sicut
3593 4606 3746 4678 ignis
3777 4609 3835 4664 in
3868 4609 3988 4680 spi-

2261 4717 2307 4781 D
2340 4689 2450 4746 nis.
2484 4711 2509 4741 ιν
2549 4690 2622 4745 lsi
2655 4695 2994 4746 exarserunt
3025 4691 3080 4745 in
3114 4692 3332 4748 invidia
3385 4711 3493 4749 sua
3547 4695 3688 4750 dum
3732 4713 3824 4753 me
3855 4715 3990 4754 exu-

2341 4794 2467 4834 rere
2497 4795 2612 4833 non
2643 4777 2972 4833 valuerunt.
3006 4800 3033 4827 «
3068 4778 3132 4832 Et
3182 4779 3240 4833 in
3297 4780 3532 4836 nomine
3563 4781 3813 4851 Domini,
3847 4785 3988 4856 quia

2341 4866 2501 4921 ultus
2531 4883 2661 4922 sum
2693 4867 2753 4921 in
2783 4883 2904 4922 eos.
2939 4888 2967 4916 »
2999 4866 3144 4922 Cum
3188 4885 3257 4923 ea
3311 4885 3436 4940 quae
3470 4870 3612 4926 mihi
3646 4871 3986 4946 intulerant,

2337 4955 2395 5009 in
2428 4971 2526 5011 eos
2556 4956 2798 5011 confusa
2829 4959 2990 5011 sunt.

2411 5067 2437 5096 «
2470 5043 2762 5116 Impulsus
2795 5062 3032 5101 eversus
3059 5063 3191 5102 sum
3223 5051 3289 5101 ut
3317 5048 3671 5121 caderem,et
3703 5050 3985 5109 Dominus

2338 5134 2597 5205 suscepit
2626 5151 2736 5190 me.
2773 5156 2802 5184 ››
2835 5135 2942 5200 Qui
2969 5136 3267 5192 confidens
3295 5136 3354 5192 in
3385 5152 3541 5206 eum,
3569 5139 3758 5210 ipsum
3789 5139 3983 5196 solum

2337 5225 2664 5296 adjutorem
2698 5225 2957 5297 quaesivi.
3965 5230 3968 5231 ⁷

2411 5335 2436 5366 u
2467 5315 2763 5370 Fortitudo
2795 5331 2945 5380 mea,
2969 5319 3025 5370 et
3057 5315 3184 5371 laus
3216 5332 3346 5372 mea
3370 5316 3674 5383 Dominus,
3708 5323 3764 5372 et
3794 5319 3984 5374 factus

2333 5409 2422 5460 est
2448 5404 2588 5459 mihi
2617 5404 2675 5458 in
2735 5403 3006 5477 salutem.
3046 5427 3067 5453 η
3106 5404 3218 5476 Ipsi
3250 5406 3577 5477 concinam,
3632 5406 3823 5477 ipsum
3868 5409 3983 5462 viro

2335 5499 2516 5549 tutem
2555 5510 2746 5550 meam
2799 5494 2987 5548 dicam
3024 5511 3036 5548 :
3072 5494 3128 5548 in
3163 5494 3290 5565 ipso
3339 5495 3533 5551 omnis
3564 5495 3818 5552 laudatio
3851 5513 3984 5553 mea

2333 5583 2622 5654 consistit,
2655 5582 2753 5655 qui
2784 5581 2931 5636 mihi
2963 5583 3020 5636 in
3080 5582 3188 5638 hac
3242 5584 3635 5640 tribulationis
3683 5590 3868 5641 morte
3896 5587 3984 5641 fa-

2330 5677 2460 5729 ctus
2490 5677 2578 5728 est
2607 5673 2665 5727 in
2698 5671 2968 5728 salutem.

2405 5783 2432 5819 α
2463 5762 2583 5822 Vox
2616 5761 3021 5822 exsultationis
3077 5765 3134 5820 et
3187 5761 3419 5834 salutis,
3478 5763 3539 5822 in
3586 5763 3984 5828 tabernaculii

3421 6567 3839 6581 ‘.»__ﬁ___.‘-
3897 6571 3934 6577 λ,
