4244 6570
307 521 460 588 125Ἱ

309 758 559 814 rumque
590 743 950 804 sanctorum,
990 737 1090 808 qui
1141 736 1274 792 facti
1325 741 1463 792 sunt
1509 735 1950 794 tabernaculum

312 830 409 892 Dei
441 847 542 901 per
570 828 998 884 inhabitantem
1028 825 1308 898 Spiritum
1337 829 1604 881 sanctum
1637 825 1696 880 in
1727 825 1832 880 eis.

389 959 416 991 ι
446 941 688 993 Dextera
716 933 948 991 Domini
1003 933 1135 989 fecit
1179 931 1474 988 virtutem.
1508 954 1536 981 ››
1570 931 1658 986 Uti
1691 930 1837 986 mihi
1869 929 1955 985 vi-

308 1026 555 1084 ctoriam
608 1026 667 1081 in
716 1023 988 1097 passione
1033 1022 1332 1077 tribueret.
1366 1045 1393 1070 ‹‹
1440 1023 1678 1076 Dextera
1723 1019 1954 1076 Domini

307 1115 582 1172 exaltavit
611 1131 724 1171 me.
761 1136 788 1164 ››
821 1113 905 1168 Ab
935 1110 1264 1167 humilitate
1317 1110 1678 1167 diversarum
1730 1107 1954 1180 passio-

307 1222 475 1270 num,
509 1205 719 1259 virtute
748 1203 876 1273 ejus
907 1200 1164 1256 elevatus
1193 1215 1346 1256 sum.

378 1319 405 1344 ‹‹
442 1294 569 1350 Non
601 1292 838 1359 moriar,
871 1292 972 1347 sed
1003 1289 1218 1357 vivam,
1250 1293 1307 1344 et
1338 1288 1583 1344 narrabo
1625 1302 1799 1359 opera
1845 1287 1955 1342 Do-

307 1383 475 1438 mini.
508 1402 536 1436 e
575 1379 828 1454 Populus
860 1379 980 1436 haec
1009 1381 1331 1448 martyrum
1364 1375 1624 1448 loquitur
1656 1393 1668 1430 :
1704 1391 1954 1446 quorum

305 1473 557 1528 victoriae
592 1470 651 1525 in
684 1469 962 1526 omnibus
994 1465 1267 1523 Ecclesiis
1298 1466 1704 1521 concinuntur.

384 1583 410 1610 ‹‹
442 1560 747 1630 Castigans
778 1555 1080 1628 castigavit
1114 1571 1204 1609 me
1237 1553 1613 1622 Dominus,et
1646 1551 1818 1608 morti
1843 1569 1955 1608 non

308 1649 554 1706 tradidit
603 1664 714 1703 me.
749 1669 776 1697 »
809 1645 1070 1717 Castigat
1100 1661 1203 1699 nos
1238 1643 1517 1698 Dominus
1559 1643 1631 1698 ad
1683 1641 1957 1698 emenda-

307 1739 530 1795 tionem
560 1737 620 1792 in
651 1735 857 1792 multis
887 1733 1246 1800 verberibus,
1280 1736 1341 1788 ut
1375 1732 1574 1802 probet
1606 1736 1663 1788 et
1703 1735 1885 1786 servet
1925 1747 1959 1786 a

312 1831 593 1900 perpetua
622 1829 827 1882 morte.

383 1939 410 1965 ‹‹
444 1915 677 1988 Aperite
723 1912 869 1968 mihi
917 1916 1114 1983 portas
1155 1910 1421 1981 justitize,
1456 1913 1513 1965 et
1544 1910 1845 1981 ingressus
1894 1908 1952 1963 in

313 2021 414 2061 eas
462 2002 785 2060 conﬁtebor
834 2000 1097 2057 Domino.
1134 2023 1161 2048 ››
1193 1999 1406 2055 Beatus
1433 2001 1524 2055 est
1553 1997 1652 2052 ille
1689 1996 1956 2053 Ecclesiae
1986 2019 2034 2086 Β

310 2093 401 2150 vel
430 2097 754 2165 martyrum
787 2089 1059 2163 populus,
1093 2090 1186 2145 cui
1213 2092 1390 2161 portae
1421 2087 1766 2159 aperiuntur
1785 2086 1959 2157 justi-

311 2182 424 2249 tiae,
470 2183 528 2237 id
579 2185 668 2237 est
713 2181 843 2235 vitae
891 2183 1139 2246 internas,
1174 2179 1234 2234 in
1264 2177 1480 2248 quibus
1502 2177 1725 2249 jugiter
1773 2176 1957 2232 Deum

311 2273 660 2327 confiteatur
686 2274 742 2326 et
772 2268 988 2325 laudet.

381 2383 409 2410 «
447 2359 578 2414 Haec
609 2362 777 2431 porta
807 2356 1056 2426 Domini,
1081 2357 1229 2427 justi
1278 2356 1587 2413 intrabunt
1613 2372 1715 2428 per
1744 2371 1894 2411 eam.
1931 2375 1959 2404 »

307 2448 595 2505 Dominus
622 2447 800 2504 Jesus
831 2446 1099 2503 Christus
1123 2451 1287 2518 porta
1306 2451 1395 2502 est
1417 2446 1617 2513 Patris,
1651 2462 1752 2517 per
1781 2460 1958 2516 quam

309 2537 584 2594 introitur
611 2538 683 2593 ad
710 2552 867 2602 eum,
919 2537 1046 2607 ipso
1099 2535 1344 2592 Domino
1377 2535 1460 2590 sic
1505 2535 1733 2590 dicente
1768 2551 1780 2588 :
1845 2533 1959 2606 Ego

310 2643 443 2683 sum
493 2626 732 2691 ostium,
765 2641 868 2697 per
899 2642 991 2682 me
1030 2625 1078 2682 si
1111 2626 1245 2696 quis
1275 2624 1580 2691 introierit,
1618 2623 1958 2678 salvabitur.

304 2717 382 2770 Et
432 2715 646 2780 iterum
701 2732 714 2770 :
773 2717 944 2770 Nemo
993 2715 1140 2769 venit
1189 2714 1264 2769 ad
1308 2715 1532 2768 Patrem
1579 2714 1691 2767 nisi
1736 2729 1832 2784 per
1876 2727 1962 2766 me

313 2805 490 2876 (Joan.
539 2821 655 2869 xw,
705 2805 781 2874 0).
832 2803 938 2859 Per
985 2803 1135 2859 hanc
1186 2818 1322 2874 ergo
1372 2807 1599 2874 portam
1632 2801 1860 2856 venitur
1890 2801 1960 2854 ad

313 2897 567 2964 Patrem,
600 2893 701 2948 sed
730 2908 900 2948 nemo
927 2893 984 2946 in
1017 2908 1145 2946 eam
1177 2891 1504 2963 ingreditur
1534 2890 1647 2946 nisi
1667 2891 1888 2960 justus.

386 3005 416 3033 (ς
447 2982 778 3039 Conﬁtebor
824 2981 928 3036 tibi
984 2981 1262 3053 quoniam
1317 2980 1606 3036 exaudisti
1649 2996 1760 3049 me,
1793 2984 1849 3034 et
1880 2979 1962 3034 fa-

313 3076 447 3128 ctus
476 3087 538 3128 es
568 3071 714 3128 mihi
743 3070 804 3127 in
836 3069 1109 3128 salutem.
1145 3090 1172 3118 »
1207 3070 1270 3125 In
1301 3085 1418 3140 qua
1445 3069 1533 3125 vel
1564 3067 1806 3124 vulnera
1837 3083 1964 3140 pec-

311 3161 423 3217 cati
455 3160 701 3227 sanasti,
731 3158 818 3215 vel
847 3160 1128 3214 adversus
1169 3157 1441 3228 iniquum
1490 3157 1740 3225 hostem,
1773 3157 1963 3212 factus

313 3267 375 3306 es
405 3250 463 3304 in
497 3248 770 3304 salutem.

386 3360 413 3386 «
444 3337 720 3410 Lapidem
771 3351 946 3408 quem
1000 3335 1456 3408 reprobaverunt
1503 3334 1877 3391 aediﬁcantes.
1929 3357 1958 3383 »

308 3426 592 3484 Dominus
624 3430 822 3483 noster
847 3429 1020 3482 Jesus
1049 3423 1318 3481 Christus
1347 3423 1496 3496 lapis
1543 3440 1714 3478 verus
1754 3423 1956 3478 inven-

309 3521 410 3574 tus
438 3517 497 3572 in
525 3515 671 3590 legis
701 3515 914 3582 littera,
940 3515 1284 3586 reprobatus
1315 3518 1404 3570 est
1429 3513 1498 3568 ab
1529 3512 1955 3568 adiﬁcantibus

309 3604 548 3673 Judaeis,
599 3605 708 3660 hoc
757 3607 846 3659 est
895 3602 1097 3657 littera:
1145 3601 1522 3657 haerentibus.
1555 3624 1581 3651 «
1615 3601 1718 3656 Hic
1769 3600 1956 3656 factus

309 3698 400 3749 est
445 3694 502 3748 in
552 3696 728 3764 caput
776 3691 1061 3764 anguli.»
1100 3693 1161 3747 In
1193 3695 1368 3763 caput
1413 3694 1764 3746 connectens
1809 3690 1956 3744 duos

310 3782 559 3856 parietes
593 3799 606 3837 :
643 3798 828 3837 unum
861 3781 931 3836 de
962 3779 1428 3846 circumcisione,
1462 3778 1643 3851 alium
1693 3779 1762 3833 de
1812 3795 1955 3850 prte-

310 3871 494 3944 putio,
528 3872 586 3927 in
618 3887 735 3927 uno
770 3888 915 3927 novo
947 3869 1204 3936 homine,
1237 3869 1346 3925 hoc
1377 3873 1466 3924 est
1494 3868 1554 3923 in
1586 3868 1918 3940 semetipso.

383 4001 410 4027 «
446 3984 489 4032 A
522 3978 768 4035 Domino
800 3977 1012 4050 (Patre)
1045 3979 1231 4034 factus
1262 3981 1371 4033 est.
1399 4000 1426 4026 »
1451 3976 1732 4031 Mcdiator
1761 3979 1960 4030 noster

311 4071 367 4122 et
396 4067 543 4138 ejus.
578 4090 606 4116 «
639 4067 709 4122 Et
739 4070 827 4124 est
858 4065 1146 4122 mirabilis
1180 4066 1237 4120 in
1288 4063 1472 4120 oculis
1506 4063 1736 4119 nostris.
1773 4086 1800 4112 »
1832 4065 1956 4118 Non

312 4156 372 4210 in
402 4155 660 4224 illorum,
685 4155 783 4226 qui
816 4170 948 4210 cum
983 4154 1468 4225 reprobaverunt;
1504 4152 1602 4208 sed
1627 4152 1686 4207 in
1721 4151 1957 4219 nostris,

311 4244 410 4315 qui
438 4260 571 4298 eum
604 4243 892 4299 credendo
925 4243 1315 4315 suscepimus.
1462 4228 1475 4245 ⁸

383 4355 410 4381 ‹‹
445 4332 574 4387 Hazc
607 4335 695 4387 est
726 4331 850 4387 dies
883 4346 1060 4401 quam
1092 4330 1227 4386 fecit
1264 4330 1568 4400 Dominus,
1600 4330 1959 4386 exsultemus

309 4427 368 4479 et
398 4421 663 4478 laetemur
686 4421 741 4475 in
767 4418 1063 4476 eam.»Hic
1087 4418 1235 4490 lapis
1257 4419 1556 4492 angularis
1587 4420 1712 4492 ipse
1733 4420 1958 4476 estdies

310 4510 540 4578 salutis,
574 4510 633 4566 in
666 4525 781 4580 quo
819 4509 903 4564 vel
937 4525 970 4564 a
1001 4511 1186 4564 morte
1217 4509 1598 4573 surreximus,
1630 4507 1718 4563 vel
1751 4525 1958 4564 mcero-

309 4617 371 4657 re
399 4599 621 4676 peccati
651 4599 935 4672 deposito,
963 4598 1019 4652 in
1053 4597 1304 4652 novitate
1334 4596 1462 4651 vita:
1496 4597 1779 4652 laetamur.

379 4713 410 4741 ει
441 4692 486 4745 Ο
518 4688 780 4754 Domine,
816 4687 1040 4743 salvum
1073 4703 1164 4742 me
1194 4687 1303 4741 fac.
1342 4709 1369 4734 ››
1407 4687 1484 4740 Ad
1517 4690 1570 4741 te
1611 4686 1956 4742 venientem.

311 4802 338 4830 ‹‹
373 4778 416 4833 Ο
446 4776 712 4843 Domine,
753 4777 900 4832 bene
947 4791 1309 4848 prosperare.
1347 4797 1372 4822 ››
1407 4773 1752 4847 Prosperum
1789 4774 1960 4830 facito
1993 4760 2038 4824 D

311 4868 422 4924 iter
451 4867 618 4934 illud,
651 4882 768 4939 quo
797 4867 871 4922 ad
905 4871 959 4920 te
992 4870 1120 4938 post
1150 4863 1366 4920 multos
1414 4862 1642 4919 labores
1689 4868 1958 4918 revertar.

317 4980 346 5009 «
375 4956 723 5014 Benedictus
751 4955 851 5028 qui
891 4955 1050 5011 venit
1079 4954 1135 5008 in
1170 4953 1404 5009 nomine
1452 4953 1703 5008 Domini.
1736 4975 1765 5004 ››
1800 4953 1962 5008 Chri-

315 5051 444 5104 stus
475 5044 758 5100 Dominus
787 5044 845 5098 in
880 5043 1115 5099 nomine
1145 5041 1354 5108 Patris,
1376 5043 1528 5096 sicut
1559 5043 1681 5114 ipse
1713 5043 1828 5102 ait:
1857 5044 1962 5114 Ego

313 5138 442 5194 veni
473 5138 532 5192 in
561 5135 786 5191 nomine
815 5135 999 5189 Patris
1026 5135 1139 5188 mei
1167 5134 1342 5204 (Joan.
1374 5148 1428 5200 v,
1462 5131 1556 5200 li3)
1585 5137 1692 5187 etc.

395 5248 422 5279 α
451 5223 859 5282 Benedicimus
888 5222 1052 5278 vobis
1100 5222 1171 5277 de
1219 5222 1390 5277 domo
1418 5220 1667 5276 Domini.
1703 5243 1731 5271 ››
1765 5222 1960 5276 Sancti

317 5315 389 5370 de
412 5312 627 5369 ccelesti
655 5310 980 5368 Jerusalem
1005 5310 1275 5383 parvulos
1297 5309 1563 5366 Ecclesiae
1587 5311 1960 5366 benedicunt.

313 5426 344 5456 «
379 5403 532 5460 Deus
567 5401 848 5458 Dominus
879 5404 935 5456 et
964 5399 1157 5455 illuxit
1206 5399 1394 5456 nobis.
1440 5420 1466 5449 »
1521 5399 1962 5456 Resurrectione

314 5492 471 5554 enim
495 5508 604 5547 sua
633 5490 990 5550 illuminavit
1021 5490 1288 5544 tenebras
1319 5494 1570 5545 nostras.

383 5603 413 5630 ‹‹
464 5579 809 5636 Constituitc
857 5578 1012 5634 diem
1067 5577 1407 5634 solemnem.
1458 5601 1490 5627 -››
1538 5578 1815 5634 Exhibete
1864 5595 1965 5635 vos

310 5667 533 5742 templa
562 5673 620 5724 et
661 5686 792 5724 aras
827 5669 960 5734 Deo,
993 5668 1051 5723 in
1084 5667 1300 5739 quibus
1332 5673 1391 5723 et
1421 5683 1617 5723 sacras
1663 5667 1965 5724 celebretis

313 5757 742 5818 solemnitates.
781 5779 803 5806 ι
840 5757 903 5813 In
935 5756 1268 5813 condensis.
1309 5779 1328 5805 ι
1367 5758 1425 5812 In
1461 5755 1774 5812 virtutibus
1815 5756 1965 5812 mul-

314 5849 394 5914 tis
428 5865 442 5910 :
476 5847 536 5906 in
568 5844 785 5924 quibus
833 5845 919 5904 vel
968 5845 1093 5921 ipse
1143 5844 1455 5920 Dominus,
1481 5845 1568 5904 vel
1599 5846 1726 5922 ejus
1776 5845 1968 5924 angeli

635 5977 904 6042 Peraea;
950 5972 1172 6039 XXVI.

1468 515 1963 584 BREVIARIUM
2010 514 2088 574 IN
2135 517 2520 577 PSAI.MOS.

295 653 617 725 justorum.
645 674 672 700 ››
707 651 768 706 In
799 648 1074 704 cordibus
1106 647 1308 720 utique
1338 651 1661 719 martyrum
1694 646 1947 718 reliquo-
1977 650 2033 728 Α
2066 648 2531 719 frequentantur.
2570 672 2595 698 ‹‹

3554 517 3711 576 1238

2631 649 2821 720 [Vsque
2853 651 2923 704 ad
2955 666 3132 705 cornu
3181 648 3401 704 altaris.
3448 672 3474 697 «
3523 649 3710 719 Usque

2064 738 2134 792 ad
2166 737 2359 809 ipsum
2391 739 2840 809 Dominum,qui
2875 745 2964 794 est
2994 738 3268 795 fortitudo
3296 737 3709 810 animm,quam

2064 827 2191 897 ejus
2224 826 2404 882 altare
2436 827 2642 882 fecisti.

2138 937 2167 966 ‹‹
2198 915 2351 970 Deus
2384 932 2550 971 meus
2581 933 2640 971 es
2672 919 2756 986 tu,
2790 919 2846 971 et
2876 915 3194 972 conﬁtebor
3227 917 3351 971 tibi.
3397 939 3424 965 ››
3469 920 3712 989 Accepta

2066 1003 2409 1059 remissione
2461 1021 2564 1076 per
2602 1005 3026 1060 confessionem
3079 1004 3504 1077 peccaminum,
3555 1022 3709 1061 nunc

2067 1093 2380 1148 conﬁtebor
2408 1091 2612 1148 laudes
2643 1097 2794 1158 tuas,
2814 1116 2841 1142 ‹‹
2865 1094 3019 1149 Deus
3051 1110 3216 1148 meus
3247 1097 3331 1162 tu,
3363 1098 3420 1148 et
3451 1094 3711 1150 exaltabo

2069 1186 2139 1236 te.
2173 1202 2201 1231 »
2237 1181 2382 1244 Quia
2411 1187 2524 1238 ate
2555 1182 2626 1238 ab
2659 1181 2992 1239 humilitate
3024 1199 3155 1238 sum
3191 1182 3550 1239 sublevatus.

2140 1292 2166 1319 «
2199 1269 2529 1326 Conﬁtcbor
2578 1270 2703 1338 tibi,
2753 1271 3032 1342 quoniam
3084 1270 3370 1327 exaudisti
3421 1288 3533 1326 me.
3564 1295 3591 1322 ››
3648 1273 3716 1330 Ut

2067 1375 2159 1413 me
2190 1375 2321 1413 cum
2358 1359 2580 1415 sanctis
2612 1359 2728 1415 tuis
2761 1359 2818 1414 in
2850 1358 3066 1414 cmlesti
3089 1358 3419 1418 Jerusalem
3440 1361 3713 1417 soeiares.

2139 1469 2165 1495 ‹‹
2200 1448 2566 1503 Conﬁtemini
2600 1448 2845 1504 Domino
2877 1447 3154 1520 quoniam
3187 1448 3399 1513 bonus,
3433 1449 3713 1520 quoniam

2067 1535 2125 1590 in
2159 1541 2438 1592 saccutum
2472 1536 2870 1592 misericordia
2899 1538 3046 1608 ejus.
3070 1560 3096 1584 ››
3120 1537 3182 1591 ln
3215 1536 3306 1592 his
3337 1537 3528 1593 verbis
3559 1537 3714 1609 psal-

2070 1641 2201 1679 mus
2233 1625 2442 1696 accipit
2475 1626 2813 1692 terminum,
2869 1627 2938 1681 de
2992 1625 3210 1697 quibus
3255 1627 3512 1698 sumpsit
3551 1643 3715 1683 exor-

2068 1713 2231 1768 dium
2286 1730 2297 1767 :
2346 1713 2609 1770 videlicet
2654 1719 2718 1770 ut
2761 1716 2831 1769 ab
2882 1714 3048 1769 initio
3097 1714 3458 1770 credulitatis
3505 1720 3714 1772 nostrae

2069 1818 2256 1873 usque
2287 1803 2358 1858 ad
2394 1803 2569 1858 ﬁnem
2593 1803 2648 1858 in
2689 1805 2867 1858 Deum
2900 1808 3165 1858 nostrum
3198 1803 3471 1858 fiduciam
3504 1803 3718 1859 haben-

2068 1896 2173 1961 tes,
2207 1893 2334 1962 ejus
2366 1890 2570 1948 laudes
2621 1897 3058 1964 perseveranter
3102 1891 3506 1961 conﬁteamur,
3547 1893 3718 1963 juxta

2068 1979 2212 2036 illud
2246 1980 2474 2036 Domini
2515 1998 2525 2036 :
2563 1983 2669 2049 Qui
2698 1982 3124 2052 perseveraverit
3144 1996 3315 2052 usque
3341 1983 3404 2036 in
3422 1982 3606 2050 ﬁnem,
3631 1982 3719 2036 hic

2067 2071 2251 2126 salvus
2280 2071 2386 2124 erit
2418 2071 2624 2140 (.llallh.
2658 2087 2713 2136 x,
2746 2073 2815 2123 23
2844 2074 2898 2125 et
2927 2087 3081 2135 xx1v,
3105 2070 3210 2139 13).
3236 2069 3341 2134 Qui
3377 2070 3544 2125 nobis
3575 2071 3720 2126 ﬁdu-

2070 2160 2218 2214 ciam
2253 2159 2311 2213 in
2344 2175 2405 2214 se
2448 2159 2719 2230 sperandi
2767 2159 2980 2230 largire
3024 2159 3340 2230 dignetur:
3377 2157 3487 2230 ipsi
3533 2159 3718 2231 gloria

2069 2264 2202 2303 cum
2232 2252 2445 2302 interno
2479 2251 2666 2312 Patre,
2699 2252 2754 2301 et
2784 2246 2926 2302 Filio
2957 2251 3014 2302 et
3044 2247 3265 2319 Spiritu
3299 2253 3498 2304 sancto
3526 2249 3585 2302 in
3619 2265 3718 2304 saa-

2070 2335 2198 2392 cula
2230 2335 2596 2391 saeculorum.
2634 2342 2835 2390 Amen.

2594 2424 2918 2479 PSALMUS
2957 2425 3195 2481 CXVIII.

2068 2504 2332 2560 Alleluia.
2370 2504 2480 2578 Iste
2527 2503 2800 2578 psalmus
2828 2520 3120 2578 magnum
3155 2505 3213 2558 in
3264 2521 3326 2578 se
3378 2505 3720 2578 mysterium

2141 2578 2416 2630 continet.
2451 2575 2541 2630 De
2562 2592 2673 2643 quo
2702 2575 3007 2648 quidpiam
3054 2577 3113 2630 in
3164 2575 3403 2648 prologo
3432 2575 3719 2648 prolocuti

2143 2663 2371 2712 sumus,
2404 2648 2504 2700 sed
2538 2646 2814 2717 quoniam
2835 2645 3208 2701 continentur
3241 2645 3297 2700 in
3331 2645 3396 2702 eo
3427 2645 3536 2717 lex,
3554 2666 3718 2704 man-

2143 2721 2298 2800 data,
2325 2718 2812 2800 (iustiﬁcationes,
2835 2717 3188 2800 testimonia,
3213 2717 3436 2788 judicia
3468 2720 3666 2800 ac_vi_re
3702 2737 3715 2776 :

2143 2791 2282 2860 quid
2333 2789 2483 2844 inter
2533 2805 2600 2844 ea
2647 2789 2841 2855 distet,
2895 2789 3147 2844 discerni
3195 2804 3430 2844 necesse
3469 2795 3577 2846 est.
3617 2793 3722 2846 Lex

2144 2878 2304 2933 ergo,
2335 2877 2462 2933 quae
2485 2877 2591 2933 per
2613 2864 2855 2933 Moysen
2884 2861 3158 2933 dataqest,
3193 2860 3252 2914 in
3283 2861 3512 2933 Christo
3544 2862 3718 2933 spiri-

2143 2930 2381 2987 tualiter
2411 2930 2580 2986 debet
2610 2930 2859 3003 intelligi
2893 2949 2915 3004 :7
2943 2931 3082 3002 quia
3110 2930 3424 3004 Apostolus
3473 2930 3606 2987 cum
3653 2931 3722 2988 il-

2143 3004 2261 3058 lam
2293 3007 2557 3059 sanctam
2587 3007 2768 3071 vocet,
2803 3003 3071 3058 umbram
3107 3003 3304 3058 tamen
3337 3020 3464 3059 eam
3498 3005 3722 3060 futuro-

2145 3091 2275 3130 rum
2324 3092 2452 3130 esse
2499 3074 2776 3130 describit
2809 3075 2985 3146 (Hebr.
3019 3091 3073 3144 x,
3113 3075 3181 3145 1).
3235 3075 3508 3137 Mandata
3557 3081 3719 3140 sunt,

2142 3147 2201 3202 in
2232 3146 2449 3217 quibus
2499 3150 2919 3218 prazceptorum
2968 3146 3407 3218 Dominicorum
3453 3148 3719 3203 custodia

2143 3216 2479 3288 deputatur,
2501 3216 2849 3286 juxta'illud
2887 3235 2899 3271 :
2931 3218 3049 3272 Non
3077 3217 3303 3287 occides,
3336 3235 3442 3274 non
3485 3219 3721 3274 mamliu-

2145 3289 2288 3343 beris
2319 3289 2509 3358 (Exod.
2543 3305 2634 3360 xx,
2671 3289 2754 3354 13,
2791 3289 2900 3357 lli),
2945 3291 3001 3341 et
3049 3288 3718 3360 reliqua._.lustiﬁcatio-

2141 3376 2245 3415 nes
2289 3364 2448 3427 sunt,
2494 3359 2709 3428 quibus
2745 3360 2890 3413 Deus
2922 3374 3026 3428 per
3053 3358 3223 3414 suam
3255 3358 3626 3416 dilectionem
3662 3365 3721 3416 et

2142 3429 2414 3502 proximi,
2448 3428 2728 3502 zizaniam
2762 3429 2879 3484 odii
2912 3428 3324 3502 abhominum
3358 3432 3525 3486 corde
3548 3431 3720 3501 jubet

2137 3500 2321 3574 avelli.
2372 3500 2743 3574 Testimonia
2804 3505 2962 3569 sunt,
2993 3500 3052 3556 in
3108 3517 3361 3571 quorum
3411 3500 3720 3574 praesentia

2139 3573 2308 3627 nobis
2333 3572 2806 3627 Observationum
2833 3577 3168 3627 sanctarum
3212 3574 3352 3628 ordo
3395 3572 3718 3630 committi-

2139 3651 2251 3698 tur.
2280 3645 2443 3699 Sicut
2486 3644 2710 3715 Moyses
2761 3643 2966 3698 ccclum
3018 3649 3076 3698 et
3124 3649 3336 3700 terram
3368 3644 3597 3700 invocat
3627 3652 3717 3701 te-

2139 3721 2257 3770 stes
2288 3717 2465 3780 (Deul.
2501 3730 2576 3781 iv,
2605 3716 2716 3785 26).
2769 3716 2838 3770 Et
2887 3717 3104 3770 Paulus
3152 3716 3222 3771 ad
3274 3716 3652 3772 Timotheum
3699 3733 3712 3773 :

2140 3787 2415 3856 ’l'estiﬁcor
2444 3787 2563 3850 tibi,
2597 3786 2807 3858 inquit,
2841 3788 2901 3840 in
2928 3796 3212 3858 conspectu
3240 3788 3340 3843 Dei
3382 3791 3632 3856 viventis,
3664 3793 3714 3844 et

2137 3863 2196 3913 in
2228 3863 2510 3930 conspectu
2538 3858 2829 3914 electorum
2858 3859 3175 3928 angelorum
3208 3860 3325 3930 ejus
3357 3861 3427 3926 (11
3461 3862 3605 3916 Tim.
3638 3876 3719 3928 IV,

2141 3932 2213 4000 1),
2249 3935 2305 3984 et
2338 3929 2580 4000 reliqua.
2615 3929 2846 3984 Judicia
2875 3935 3070 3984 autem
3103 3929 3260 3994 sunt,
3293 3946 3425 3984 eum
3472 3937 3573 3986 aut
3613 3932 3716 4000 ju-

2138 4009 2263 4056 stos
2303 4000 2624 4071 splendidis
2675 4001 2984 4071 honorabit
3033 4001 3278 4067 meritis,
3330 4006 3430 4056 aut
3480 4001 3714 4057 internis

2138 4070 2442 4127 damnabit
2489 4070 2792 4142 suppliciis
2824 4075 3329 4142 transgressores.
3385 4072 3501 4126 Viae
3559 4072 3717 4128 enim

2140 4147 2278 4198 sunt
2301 4141 3132 4224 apostoli’acprophetze,liper
3162 4159 3328 4224 “quos
3367 4145 3599 4224 venitur
3645 4145 3717 4224 ad

2139 4212 2537 4280 veram'viam,
2572 4212 2792 4284 qui'est
2831 4212 3113 4286 Christus.
3161 4212 3255 4269 Sic
3299 4231 3435 4286 ergo
3484 4215 3720 4271 inchoat

2141 4286 2426 4358 psalmus,
2443 4287 2598 4358 Beati
2619 4284 2976 4358 iminaculati
2994 4303 3021 4358 7:,
3046 4301 3346 4358 quempro
3369 4284 3720 4358 prodixitate

2141 4356 2428 4413 dictorum
2467 4357 2526 4411 in
2561 4356 2748 4411 tribus
2802 4356 3061 4412 homiliis
3113 4356 3422 4428 explanare
3469 4357 3717 4412 Domino

2141 4435 2435 4485 annuente
2481 4429 3107 4500 decrevimus._Totus
3163 4428 3258 4483 hic
3315 4429 3578 4500 psalmus
3629 4432 3721 4500 est

2143 4501 2396 4573 scriptus
2427 4501 2748 4555 secundum
2782 4498 3042 4573 ordinem
3073 4498 3421 4573 litterarum,
3446 4500 3527 4555 ita
3560 4503 3624 4554 ut
3644 4499 3719 4564 ab

2143 4571 2277 4628 una'
2310 4572 2500 4627 littera
2548 4576 2689 4642 octo
2722 4585 2923 4626 versus
2973 4571 3276 4642 incipiant,
3323 4575 3378 4626 et
3418 4587 3654 4626 rursum
3685 4587 3720 4627 a

2141 4643 2565 4716 sequentioeto
2598 4641 2692 4695 alii
2727 4642 3150 4716 compleantur.
3199 4647 3266 4697 Et
3304 4643 3412 4698 hoc
3449 4642 3722 4698 similiter

2144 4713 2330 4770 ustue
2359 4715 2427 4769 ad
2462 4715 2635 4768 linem
2671 4718 2916 4768 texatur.
2956 4713 3251 4785 Josephus
3300 4720 3493 4770 autem
3544 4716 3720 4770 refert

2144 4787 2199 4839 in
2233 4734 2398 4839 libris
2426 4780 2822 4839 aisva:o).wia:
2857 4785 3010 4839 hunc
3059 4785 3374 4839 psalmum.
3415 4792 3472 4839 et
3516 4791 3720 4839 Deuts-

2142 4787 2199 4840 in
2233 4783 2398 4840 libris
2426 4783 2822 4857 ἀρχαιολογίας
2857 4785 3010 4840 hunc
3058 4783 3374 4856 psalmum,
3415 4792 3472 4843 et
3516 4791 3721 4842 Deute-

2145 4857 2392 4912 ronomii
2428 4857 2718 4929 canticum
2750 4861 2941 4923 (Deut.
2974 4873 3146 4923 xxxn,
3176 4861 3197 4911 1
3234 4861 3422 4929 seqq),
3445 4875 3571 4924 uno
3603 4871 3719 4914 me-

2143 4935 2232 4984 tro
2288 4945 2416 4983 esse
2465 4928 2878 4998 compositum,
2929 4934 2986 4983 et
3039 4934 3206 5000 putat
3244 4928 3564 5001 elegiacum
3597 4945 3718 5001 me-

2143 5006 2298 5055 trum
2331 5001 2388 5054 in
2424 5004 2668 5070 utroque
2701 5016 2869 5070 posse
2917 4999 3271 5071 deprehendi
3307 4999 3509 5071 {quod
3563 4999 3717 5054 scili-

2144 5077 2232 5127 cet
2259 5071 2416 5142 prior
2445 5087 2648 5128 versus
2680 5088 2779 5128 sex
2808 5070 3055 5144 pedibus
3076 5076 3318 5142 constet,
3341 5070 3579 5126 inferior
3599 5086 3716 5127 uno

2145 5145 2342 5200 minus
2375 5145 2431 5199 in
2464 5143 2890 5217 pentametrum
2924 5143 3182 5198 ﬁniatur.

2793 5239 2972 5278 ALEPII
2984 5265 2994 5277 .

2150 5337 2170 5362 α
2206 5313 2361 5370 Beati
2395 5311 2755 5368 immaculati
2807 5312 2864 5366 in
2913 5311 3024 5366 via.
3061 5327 3089 5361 >i
3123 5312 3240 5367 Ista
3269 5310 3470 5383 utique
3519 5310 3577 5367 in
3621 5329 3720 5368 saa-

2073 5401 2186 5458 euli
2216 5402 2326 5467 via,
2361 5419 2461 5474 per
2492 5418 2666 5474 quam
2700 5401 3061 5473 gradimur.»
3095 5401 3254 5456 Beati
3287 5401 3668 5456 immaculati.
3690 5423 3719 5451 υ

2073 5493 2288 5548 Contra
2345 5491 2765 5546 beatitudinem
2829 5491 3064 5546 miseria
3119 5491 3454 5563 opponitur.
3511 5491 3721 5546 Beatus

2076 5579 2430 5636 immortalis
2461 5579 2672 5634 dicitur
2698 5579 2756 5634 in
2781 5584 2978 5634 nostra
3007 5579 3228 5652 lingua,
3262 5581 3380 5635 sive
3412 5579 3722 5636 laudabilis

2075 5669 2164 5724 vel
2194 5668 2506 5741 gloriosus.
2542 5667 2630 5723 Illi
2664 5673 2803 5724 sunt
2835 5667 3113 5740 beati,qui
3144 5669 3201 5724 in
3233 5669 3412 5723 vitam
3443 5660 3722 5726 aeternam

2079 5764 2381 5814 merentur
2409 5757 2662 5826 intrare;
2695 5762 2750 5814 et
2780 5756 2863 5812 illi
2894 5761 3033 5812 sunt
3063 5757 3284 5825 miseri,
3321 5757 3418 5829 qui
3453 5757 3508 5812 in
3541 5757 3726 5814 infer-

2078 5863 2220 5908 num
2253 5847 2632 5908 descendunt.
2667 5846 2966 5918 Quomodo
2988 5845 3507 5919 dicit,immaculati
3540 5867 3557 5905 :
3589 5845 3726 5922 quia

3323 5977 3404 6051 40
