4244 6596
585 549 741 609 1259

2075 541 2497 603 ΑΡΡΕΝΒΙΧ.

3833 537 3986 600 1260

583 677 709 732 sine
739 675 987 732 minutis
1017 674 1270 748 peccatis
1301 675 1474 731 homo
1507 692 1635 732 esse
1664 693 1776 731 non
1813 679 2000 748 potest
2031 691 2045 730 :
2081 675 2233 730 sicut
2260 673 2317 742 Α
2347 674 2684 746 projiciatur
2719 691 2732 729 :
2764 673 2902 745 quia
2932 672 3225 728 neminem
3257 671 3488 743 projicit
3526 670 3624 744 qui
3665 675 3988 743 peccatores

585 770 826 822 sanctus
853 765 1108 820 Joannes
1141 764 1285 820 dixit
1317 783 1330 820 :
1367 765 1429 819 Si
1456 766 1771 821 dixerimus
1795 767 1929 836 quia
1955 775 2236 836 peccatum

582 871 698 911 non
739 855 1021 922 habemus,
1050 855 1158 925 ipsi
1186 870 1283 910 nos
1313 854 1640 921 seducimus,
1671 863 1720 909 ει
1749 855 1951 910 veritas
1985 857 2045 909 in
2075 855 2234 909 nobis

583 960 695 1000 non
741 947 819 999 est
867 945 914 1016 (Ι
959 946 1116 1000 Ιοαη.
1171 959 1210 1010 ι,
1260 946 1336 1013 8).
1405 944 1470 998 Et
1519 944 1809 1016 Propheta
1860 944 2002 999 dicit
2055 962 2066 999 :
2131 945 2236 1012 Qui

583 1034 893 1106 ingreditur
937 1035 1060 1089 sine
1108 1036 1341 1103 macula,
1373 1038 1424 1090 et
1469 1041 1732 1105 operatur
1749 1035 2052 1106 justitiam)
2085 1034 2230 1089 Psal.

586 1141 703 1195 xw,
762 1125 838 1196 2).
896 1120 1030 1178 Sine
1076 1123 1326 1193 macula,
1380 1123 1488 1179 hoc
1545 1129 1652 1193 est,
1703 1125 1830 1178 sine
1887 1123 2234 1178 mortalibus

588 1213 958 1270 criminibus.
1011 1211 1118 1267 Sed
1169 1216 1366 1268 tamen
1424 1212 1837 1269 discretionem
1898 1212 2034 1267 facit
2084 1211 2236 1266 inter

587 1301 905 1370 maculam,
937 1305 996 1358 et
1025 1300 1316 1358 maculam
1347 1302 1404 1357 id
1437 1306 1544 1368 est,
1581 1303 1719 1374 quia
1748 1302 1855 1358 etsi
1888 1301 2012 1357 sine
2041 1301 2232 1356 minu-

588 1391 665 1448 tis
698 1407 827 1448 esse
858 1407 974 1447 non
1007 1406 1326 1462 possumus
1360 1409 1372 1448 :
1406 1397 1602 1447 tamen
1636 1392 1694 1447 in
1727 1392 1949 1462 majora
1980 1391 2234 1446 incidere

587 1496 704 1536 non
737 1481 1041 1536 debemus.
1077 1500 1105 1528 «
1137 1479 1200 1535 In
1233 1480 1322 1535 via
1356 1498 1368 1535 :
1402 1479 1503 1550 qui
1535 1479 1842 1535 ambulant
1871 1481 1931 1535 in
1961 1479 2087 1550 lege
2125 1484 2235 1534 Do-

587 1569 754 1625 mini.
789 1592 818 1620 »
849 1592 878 1619 «
911 1571 973 1625 In
999 1568 1113 1639 via,
1147 1569 1207 1624 in
1239 1569 1489 1636 Christo,
1524 1575 1587 1625 ut
1634 1570 1759 1641 ipse
1808 1571 1890 1624 ait
1924 1586 1935 1623 :
1974 1573 2080 1638 Ego
2113 1585 2235 1623 sum

581 1661 682 1716 via
709 1668 758 1715 el
785 1659 985 1715 veritas
1043 1658 1221 1729 (Joan.
1244 1676 1359 1726 xxv,
1382 1660 1458 1726 6).
1495 1679 1523 1708 ‹‹
1551 1659 1656 1724 Qui
1684 1659 1987 1714 ambulant
2019 1658 2078 1714 in
2109 1658 2236 1729 lege

583 1747 838 1815 Domini,
873 1769 894 1796 »
931 1747 1041 1802 hoc
1089 1751 1199 1814 est,
1232 1746 1290 1801 in
1341 1747 1632 1803 mandatis
1680 1748 1858 1804 illius.
1893 1771 1919 1798 ‹‹
1955 1747 2060 1813 Qui
2111 1764 2234 1802 am-

584 1836 815 1906 bulant,
851 1858 880 1885 ››
914 1836 971 1890 id
1021 1839 1128 1903 est,
1180 1843 1573 1908 perseverant.
1612 1857 1639 1889 (ι
1667 1837 1773 1899 Qui
1825 1836 2129 1893 ambulant
2175 1836 2236 1891 in

589 1925 717 1998 lege
774 1923 1024 1980 Domini.
1068 1949 1090 1977 ι
1135 1925 1261 1992 Qui,
1322 1926 1514 1981 carnis
1563 1926 2055 1998 concupiscentiis
2102 1927 2234 1982 edo-

591 2013 791 2082 matis,
823 2014 999 2069 etiam
1026 2018 1267 2069 terrenas
1297 2013 1575 2069 honorem
1609 2014 1802 2086 gloria:
1836 2014 2082 2070 caleant.

670 2126 691 2152 α
730 2103 890 2159 Beati
923 2103 1025 2174 qui
1056 2107 1398 2158 scrutantur
1442 2104 1776 2160 testimonia
1805 2105 1950 2175 ejus.
1987 2127 2016 2155 ι)
2049 2104 2120 2159 Ut
2149 2104 2237 2158 in-

591 2192 860 2268 telligant
883 2209 1018 2249 cum
1048 2193 1428 2264 peccaverint,
1462 2210 1523 2248 se
1553 2211 1748 2250 coram
1797 2195 2048 2250 testibus
2095 2193 2237 2249 deli-

594 2282 815 2355 quisse.
855 2305 876 2332 α
912 2283 975 2337 In
1018 2285 1136 2338 toto
1186 2283 1357 2338 corde
1405 2283 1718 2354 exquirunt
1765 2300 1920 2339 eum.
1961 2303 1982 2332 α
2017 2287 2084 2337 Et
2123 2300 2238 2338 non

593 2371 815 2442 leviter,
849 2387 1040 2442 neque
1070 2371 1345 2444 segniter.

667 2482 696 2512 ‹‹
730 2461 856 2518 Non
906 2461 1063 2516 enim
1117 2461 1219 2533 qui
1267 2466 1582 2533 operantur
1612 2462 1979 2534 iniquitatem
2026 2463 2086 2517 in
2132 2463 2242 2518 viis

591 2552 723 2622 ejus
771 2549 1238 2606 ambulaverunt.
1275 2572 1302 2601 »
1335 2551 1451 2604 Viae
1497 2551 1655 2607 enim
1705 2556 1845 2607 sunt
1892 2551 2137 2622 apostoli
2187 2558 2243 2608 et

589 2639 906 2712 prophetae,
961 2654 1065 2710 per
1105 2655 1253 2710 quos
1304 2639 1538 2694 venitur
1583 2641 1654 2695 ad
1698 2640 1850 2696 viam
1895 2639 2080 2709 illam,
2113 2659 2240 2713 quae

581 2728 737 2784 dixit
773 2744 786 2783 :
821 2729 932 2798 Ego
979 2745 1103 2783 sum
1150 2733 1263 2797 via,
1313 2731 1540 2799 veritas,
1585 2738 1635 2786 et
1663 2732 1777 2785 vita
1807 2731 1983 2801 (Joa-n.
2016 2749 2130 2800 xw,
2162 2734 2238 2800 6),

593 2817 768 2874 sicuti
791 2817 918 2888 jam
951 2817 1227 2874 diximus.
1263 2822 1328 2873 In
1362 2817 1468 2874 hac
1500 2819 1656 2874 enim
1687 2820 1780 2874 via
1811 2819 1975 2891 impii
2005 2838 2117 2875 non
2151 2821 2239 2875 in-

589 2907 806 2963 cedunt
837 2923 850 2964 :
886 2907 1024 2978 quia
1053 2907 1280 2963 Satanae
1310 2907 1464 2964 viam
1496 2913 1846 2980 sequuntur.

666 3000 808 3050 «Tu
852 2996 1170 3068 mandasti,
1226 2997 1503 3052 mandata
1543 3002 1663 3063 tua,
1727 2999 1989 3062 Domine,
2046 3004 2238 3055 custo-

594 3084 708 3140 diri
738 3084 938 3139 nimis.
972 3106 1000 3134 n
1036 3085 1163 3141 Non
1193 3084 1386 3156 tepido
1415 3087 1607 3153 corde,
1653 3103 1755 3141 nec
1799 3087 2080 3142 dissoluto
2111 3088 2240 3142 ani-

594 3191 712 3242 mo,
737 3173 838 3230 sed
870 3173 1095 3229 fortiter
1121 3177 1178 3229 et
1208 3177 1428 3230 attente
1459 3192 1564 3230 nos
1598 3193 1704 3230 sua
1737 3177 2012 3232 mandata
2041 3177 2274 3261 edocet;

593 3263 909 3319 custodire.

671 3375 700 3404 ‹‹
732 3352 965 3409 Utinam
1002 3353 1333 3427 dirigantur
1360 3355 1462 3409 viae
1491 3371 1655 3422 mete,
1704 3356 1774 3410 ad
1827 3356 2237 3413 custodiendas

2271 2051 2318 2115 B

2345 763 2537 818 salvos
2573 763 2759 819 facere
2786 764 2962 818 venit.

2422 872 2444 900 ι
2478 854 2540 908 In
2585 853 2757 908 corde
2807 869 2934 907 meo
2985 851 3263 906 abscondi
3315 850 3546 921 eloquia
3593 855 3712 920 tua,
3763 855 3828 906 ut
3876 867 3984 907 non

2345 958 2574 1013 peccem
2622 943 2749 997 tibi.
2807 963 2834 991 ››
2875 943 2936 996 In
2988 941 3179 996 cordis
3233 941 3430 995 abdito
3479 941 3578 995 Dei
3628 945 3988 996 sacramenta

2344 1032 2607 1086 recondit
2637 1049 2649 1085 :
2685 1048 2819 1086 cum
2853 1031 3190 1085 haereticum
3224 1034 3356 1101 post
3405 1031 3552 1086 duas
3600 1030 3986 1102 correptiones

2345 1120 2560 1176 devitat
2609 1122 2730 1191 (Tit.
2791 1137 2872 1190 ιιι,
2925 1121 3033 1192 10),
3087 1137 3219 1174 cum
3272 1123 3540 1175 sanctum
3591 1119 3691 1174 Dei
3750 1119 3985 1174 canibus

2345 1226 2461 1264 non
2491 1209 2726 1280 exponit
2773 1210 2998 1280 (Matth.
3048 1226 3147 1276 vn,
3200 1210 3275 1279 (ὅ).
3334 1208 3435 1263 Vel
3485 1225 3618 1263 cum
3651 1209 3987 1281 margaritas

2345 1299 2472 1367 ejus
2504 1316 2618 1354 non
2652 1298 2883 1370 projicit
2911 1315 3108 1354 coram
3151 1297 3340 1368 porcis
3370 1297 3566 1369 (lbid.)
3600 1297 3752 1355 Nihil
3803 1297 3979 1370 negli-

2344 1393 2546 1459 genter
2576 1388 2696 1460 agit
2719 1388 2778 1442 in
2812 1386 2903 1443 his
2935 1405 3062 1459 qua:
3095 1393 3234 1442 sunt
3267 1387 3365 1442 Dei
3400 1405 3413 1444 :
3451 1386 3590 1458 quia
3620 1388 3727 1442 scit
3759 1385 3986 1442 maledi-

2346 1483 2505 1531 ctum
2555 1493 2682 1532 esse
2739 1476 2840 1548 qui
2897 1477 3096 1532 fecerit
3150 1493 3298 1548 opus
3360 1476 3585 1531 Domini
3634 1475 3988 1548 negligenter

2345 1567 2572 1636 (Jerem.
2607 1583 2804 1631 XLVIII,
2839 1567 2945 1636 10).

2417 1679 2441 1703 ‹‹
2478 1655 2820 1709 Benedictus
2850 1672 2932 1721 es,
2961 1656 3228 1723 Domine,
3259 1657 3400 1711 doce
3430 1672 3523 1711 me
3545 1655 3987 1727 justificationes

2345 1749 2496 1800 tuas.
2537 1767 2557 1793 ιι
2596 1744 2742 1809 Quia
2770 1745 2888 1799 scio
2920 1761 3081 1799 vanae
3113 1744 3306 1816 gloriaa
3343 1745 3792 1815 justiﬁcationes
3835 1750 3986 1815 tuas,

2347 1851 2493 1904 quas
2540 1833 2867 1889 Pharisaaus
2916 1835 3243 1905 proferebat
3291 1835 3351 1890 in
3395 1835 3614 1907 templo
3646 1836 3798 1906 (Luc.
3828 1852 3986 1903 xvm,

2350 1924 2435 1991 11,
2476 1924 2580 1994 12),
2616 1941 2648 1978 a
2679 1929 2735 1977 te
2768 1941 2882 1978 non
2917 1925 3293 1995 processisse.

2421 2036 2448 2061 «
2482 2012 2544 2068 In
2578 2012 2747 2068 labiis
2780 2013 2925 2069 meis
2957 2013 3326 2086 pronuntiavi
3375 2015 3572 2070 omnia
3609 2014 3830 2085 judicia
3875 2013 3987 2070 oris

2349 2102 2453 2158 tui.
2509 2125 2535 2151 ››
2586 2102 3205 2174 lnoomprehensibilia
3253 2104 3395 2158 dicit
3441 2103 3990 2174 Apostolusjudicia

2349 2191 2449 2246 Dei
2482 2193 2657 2260 (Rom.
2690 2194 2790 2263 x1).
2825 2193 2971 2265 Ergo
3023 2193 3133 2248 iste
3186 2211 3314 2265 quae
3365 2193 3608 2260 audivit,
3639 2199 3698 2250 et
3725 2193 3926 2248 didicit
3955 2209 3989 2247 a

2348 2281 2650 2355 prophetis
2683 2299 2694 2336 :
2732 2298 2799 2337 ea
2827 2287 3056 2338 tantum
3089 2281 3261 2338 labiis
3292 2283 3599 2350 nuntiavit,
3633 2283 3733 2338 sed
3763 2282 3992 2338 creden-

2349 2372 2529 2440 tibus,
2560 2376 2757 2428 etnon
2788 2373 3070 2444 indignis.

2421 2485 2449 2511 «
2485 2462 2548 2516 In
2577 2461 2669 2516 via
2699 2462 3174 2517 testimoniorum
3203 2467 3440 2517 tuorum
3484 2460 3803 2517 delectatus
3837 2476 3988 2527 sum,

2350 2551 2502 2608 sicut
2548 2551 2608 2606 in
2657 2552 2932 2607 omnibus
2981 2551 3220 2607 divitiis.
3257 2573 3285 2600 »
3317 2551 3477 2605 Sicut
3533 2550 3688 2605 enim
3727 2555 3990 2606 terrenus

2350 2641 2524 2696 homo
2558 2641 2615 2696 in
2645 2641 2800 2712 agris
2831 2640 3134 2712 vineisque
3164 2640 3486 2696 delectatur
3508 2655 3521 2693 :
3546 2638 3625 2694 ita
3655 2638 3763 2694 iste
3792 2639 3852 2693 in
3884 2643 3992 2694 tes-

2350 2729 2614 2785 timoniis
2645 2729 2746 2784 Dei
2773 2731 3131 2800 jucundatur
3161 2730 3232 2784 de
3263 2727 3619 2784 conscientia
3666 2745 3831 2800 pura,
3872 2727 3989 2799 qui,

2352 2822 2686 2890 contempto
2717 2819 2958 2888 mundo,
2994 2835 3027 2872 a
3060 2822 3170 2872 Deo
3203 2819 3420 2873 dilatus
3450 2823 3555 2873 est.

2423 2929 2451 2956 «
2489 2908 2551 2961 In
2585 2907 2877 2962 mandatis
2909 2907 3029 2962 tuis
3061 2907 3453 2978 exercebor,et
3473 2908 3850 2964 considerabo
3873 2907 3990 2962 vias

2350 3002 2502 3052 tuas.
2539 3019 2566 3046 ››
2603 2996 2943 3051 Exercitatio
2991 2996 3312 3053 assiduitas
3359 2997 3550 3070 operis
3581 3002 3686 3055 est.
3721 2999 3790 3053 Et
3819 2997 3927 3054 iste
3975 3014 3988 3052 :

2350 3085 2462 3142 nisi
2497 3085 2842 3141 exercitatus
2875 3086 2932 3140 in
2967 3087 3258 3143 mandatis
3293 3087 3390 3143 Dei
3422 3088 3649 3157 fuisset,
3683 3105 3798 3144 non
3829 3091 3988 3159 pote-

2351 3180 2439 3230 rat
2469 3175 2840 3230 considerare
2869 3176 2991 3231 vias
3023 3177 3181 3247 ejus;
3216 3177 3272 3231 id
3320 3181 3426 3247 est,
3461 3176 3806 3250 apostolicae
3858 3192 3986 3250 pro-

2352 3265 2729 3337 pheticasque
2760 3265 3074 3320 doctrinas.

2425 3376 2452 3404 ‹‹
2488 3357 2547 3409 In
2572 3354 3095 3424 justiticationibus
3127 3356 3246 3412 tuis
3277 3357 3742 3421 meditabor,non
3761 3354 3991 3413 oblivis-

586 3443 1040 3515 justiﬁcationes
1088 3449 1242 3500 tuas.
1277 3465 1306 3493 »
1337 3443 1461 3499 Nisi
1494 3445 1650 3500 enim
1699 3445 1770 3501 ab
1821 3445 1945 3516 ipso
1996 3447 2239 3502 Domino
2270 3425 2312 3494 C
2352 3460 2450 3500 car
2479 3461 2778 3500 sermones
2810 3446 3096 3500 tuos.«Ea
3128 3446 3395 3514 meditor,
3416 3445 3475 3500 in
3507 3445 3598 3501 his
3630 3461 3911 3513 exerceor,
3930 3447 3992 3499 ut

594 3531 924 3606 dirigantur
946 3533 1048 3588 viae
1079 3538 1289 3589 nostrae
1323 3549 1336 3589 :
1371 3534 1442 3589 ad
1473 3535 1601 3605 ejus
1633 3535 2046 3590 custodiendas
2069 3535 2246 3606 justi-

597 3621 900 3679 ﬁcationes
929 3621 1283 3679 inﬁrmiores
1335 3622 1578 3693 erimus,
1605 3629 1840 3696 propter
1870 3624 2244 3696 fragilitatem

592 3711 806 3768 carnis.

607 3847 613 3851 .
669 3819 698 3852 α
727 3801 892 3856 Tunc
926 3817 1042 3856 non
1074 3801 1420 3870 confundar,
1449 3818 1583 3857 cum
1615 3818 1961 3874 perspexero
2009 3804 2066 3858 in
2117 3821 2241 3860 om-

591 3889 766 3947 nibus
798 3889 1097 3946 mandatis
1128 3890 1270 3947 tuis.
1314 3912 1340 3939 »
1373 3890 1496 3947 Non
1529 3890 1644 3947 alia
1691 3892 2152 3963 prmtermittere,
2187 3897 2243 3948 et

592 3978 708 4036 alia
736 3980 1042 4036 observare
1073 3983 1164 4036 est
1192 3997 1516 4054 congruum
1542 3997 1555 4036 :
1582 3981 1681 4036 sed
1715 3981 1914 4036 omnia
1943 3981 2244 4055 aequaliter

589 4069 885 4126 custodire
915 4073 1158 4142 oportet,
1201 4086 1273 4126 ne
1317 4070 1375 4124 in
1427 4070 1621 4126 futuro
1666 4070 1889 4141 judicio
1919 4072 2238 4129 confunda-

589 4174 745 4215 mur.

665 4271 686 4298 ι
739 4248 1070 4305 Conﬁtebor
1099 4249 1224 4317 tibi,
1258 4249 1523 4318 Domine,
1574 4250 1634 4304 in
1684 4249 2001 4307 directione
2049 4251 2238 4308 cordis

587 4337 724 4396 mei.
756 4360 784 4389 »
819 4339 965 4405 Quia
995 4356 1111 4395 non
1143 4343 1232 4394 est
1261 4355 1596 4411 perversum
1639 4339 1697 4394 in
1750 4345 1910 4412 parte
1941 4341 2237 4398 haeretico-

584 4445 740 4486 rum.
776 4451 805 4479 ‹‹
839 4429 902 4484 Ιιι
933 4445 1000 4484 eo
1031 4429 1185 4501 quod
1219 4428 1390 4484 didici
1441 4428 1660 4492 iudicia
1680 4429 1924 4501 justitiam
1946 4436 2076 4486 tum.
2100 4451 2125 4483 η
2167 4431 2239 4487 Ut

587 4522 644 4574 te
673 4519 892 4574 directo
923 4519 1096 4574 corde
1135 4517 1459 4574 laudarem.

661 4630 688 4656 ‹‹
720 4607 1175 4664 Justificationcs
1223 4612 1359 4664 tuas
1406 4609 1756 4677 custodiam,
1792 4627 1905 4665 non
1953 4627 2044 4665 me
2075 4611 2235 4667 dere-

586 4695 825 4768 linquas
859 4713 1302 4770 usquequaque.
1338 4720 1366 4746 »
1398 4698 1467 4753 Et
1499 4697 1549 4754 si
1580 4700 1650 4754 ad
1683 4703 1917 4772 tempus
1959 4700 2237 4772 relinqui-

586 4801 744 4852 mur,
779 4802 893 4841 non
926 4789 1120 4841 tamen
1154 4802 1578 4859 usquequaque
1607 4787 2011 4861 relinquemur
2041 4794 2105 4844 ut
2137 4806 2232 4862 pe-
2267 4807 2313 4872 D

583 4891 840 4932 reamus.

1326 5010 1468 5048 BETII
1477 5037 1489 5049 .

652 5116 680 5143 ‹‹
713 5097 778 5147 In
811 5107 924 5164 quo
956 5090 1193 5164 corrigit
1241 5091 1670 5148 adolescentior
1716 5093 1869 5150 viam
1921 5112 2088 5150 suam
2125 5114 2136 5151 :
2171 5097 2231 5150 in

583 5181 967 5238 custodiendo
1016 5197 1316 5236 sermones
1364 5187 1517 5237 tuos.
1570 5204 1596 5231 »
1645 5182 1745 5237 Hic
1793 5182 2075 5255 propheta
2115 5202 2229 5241 non

581 5271 756 5328 modo
811 5270 1132 5343 longaevam
1185 5274 1411 5326 eatatem
1469 5271 1707 5343 corrigit
1747 5288 1760 5325 :
1810 5289 2009 5327 verum
2055 5275 2230 5330 etiam

581 5359 1037 5417 adolescentiam
1094 5361 1294 5416 edocet
1314 5360 1553 5425 erudiri,
1595 5365 1652 5416 et
1692 5359 1773 5414 ita
1819 5363 2111 5418 custodire
2151 5364 2233 5418 di-

579 5450 749 5506 vinos
781 5466 1101 5517 sermones,
1137 5455 1200 5504 ut
1230 5450 1408 5505 etiam
1469 5449 1517 5505 si
1564 5455 1729 5504 vetus
1779 5449 1951 5522 culpa
2024 5452 2233 5508 defleta

584 5539 663 5595 sit
694 5558 706 5595 :
737 5555 893 5595 nunc
923 5556 995 5594 ne
1025 5538 1294 5610 cogitatio
1326 5540 1398 5594 ad
1427 5538 1889 5610 delinquendum
1934 5539 2055 5596 ulla
2094 5559 2228 5597 con-

587 5627 821 5682 sentiat.

657 5738 685 5764 «
721 5717 780 5769 ln
813 5721 932 5772 toto
964 5719 1134 5773 corde
1167 5734 1296 5774 meo
1327 5716 1612 5790 exquisivi
1644 5721 1717 5786 te,
1753 5735 1824 5774 ne
1855 5719 2099 5791 repellas
2136 5738 2228 5777 me

585 5820 619 5859 a
650 5803 944 5859 mandatis
966 5806 1104 5861 tuis.
1140 5829 1167 5856 ι)
1198 5807 1322 5861 Non
1356 5824 1424 5862 ex
1455 5812 1636 5878 parte,
1669 5809 1768 5863 sed
1802 5823 1868 5863 ex
1900 5812 2018 5864 toto
2060 5813 2229 5867 corde

581 5897 766 5954 Deum
798 5909 860 5952 se
889 5893 1210 5968 requisisse
1239 5897 1473 5969 fatetur,
1520 5913 1592 5954 ne
1635 5899 1707 5955 ab
1757 5898 1884 5970 ejus
1934 5901 2227 5962 mandatis

2355 3533 2456 3590 illa
2475 3534 2748 3590 oblivioni
2780 3551 2895 3590 non
2923 3535 3413 3608 tradens,passim
3441 3552 3509 3594 ea
3538 3535 3758 3608 integre
3787 3534 3994 3606 perfec-

2353 3629 2526 3696 teque
2557 3623 2819 3697 implere.

3081 3749 3275 3787 GIMEL.

2426 3863 2452 3887 ‹‹
2488 3839 2762 3894 Retribue
2813 3855 2975 3894 servo
3030 3843 3150 3908 tuo,
3186 3839 3412 3894 viviﬁca
3443 3855 3554 3906 me,
3589 3843 3644 3895 et
3674 3839 3993 3896 custodiam

2352 3944 2652 3984 sermones
2701 3933 2853 3984 tuos.
2913 3951 2941 3978 ››
2991 3932 3334 3984 Constanter
3383 3929 3494 3984 sibi
3540 3929 3782 3985 retribui
3821 3931 3888 3985 ob
3937 3929 3992 3985 id

2351 4019 2504 4089 quod
2537 4023 2648 4072 Deo
2681 4017 2912 4080 serviat,
2945 4018 3308 4090 deprecatur.
3361 4018 3430 4072 Et
3477 4019 3615 4090 quia
3662 4019 3845 4075 nescit
3875 4035 3990 4074 ser-

2349 4124 2488 4162 vum
2522 4123 2582 4162 se
2614 4123 2741 4162 esse
2773 4108 2994 4179 peccati
3029 4125 3041 4164 :
3076 4106 3136 4162 in
3168 4109 3294 4178 ipso
3322 4107 3527 4176 vivere,
3575 4109 3674 4180 qui
3723 4109 3839 4164 vita
3882 4112 3990 4175 est,

2349 4201 2512 4268 optat
2546 4213 2557 4252 :
2593 4213 3009 4268 sermonesque
3041 4199 3169 4267 ejus
3200 4197 3341 4252 dum
3371 4199 3488 4253 vita
3512 4213 3766 4270 praesens
3812 4196 3992 4252 volvi-

2349 4291 2463 4356 tur,
2497 4287 2810 4342 custodire.

2421 4398 2449 4426 «
2494 4375 2701 4431 Revela
2731 4375 2930 4431 oculos
2963 4392 3146 4443 meos,
3192 4382 3248 4434 et
3295 4378 3672 4436 considerabo
3705 4375 3993 4431 mirabilia

2348 4465 2418 4520 de
2447 4464 2573 4536 lege
2605 4470 2724 4521 tua.
2761 4489 2783 4519 ι
2834 4465 3115 4539 Absterge
3167 4468 3237 4522 ab
3285 4468 3469 4523 oculis
3500 4466 3689 4522 cordis
3727 4465 3992 4522 velamen

2346 4555 2575 4621 litterae,
2610 4562 2665 4610 et
2695 4557 2782 4611 fac
2816 4572 2906 4611 me
2941 4556 3230 4628 spirituali
3265 4575 3442 4613 sensu
3481 4556 3623 4628 legis
3673 4560 3784 4610 tuae
3816 4557 3990 4612 mira-

2348 4645 2487 4700 bilia
2516 4645 2915 4718 contemplari.
2941 4647 3002 4701 In
3038 4646 3248 4702 lumine
3280 4648 3436 4702 enim
3467 4650 3556 4702 tuo
3586 4644 3885 4700 videbimus
3918 4645 3996 4698 lu-

2346 4752 2467 4792 men
2501 4736 2670 4803 (Psal.
2704 4753 2870 4806 xxxv,
2909 4737 3015 4804 10).

2418 4848 2444 4875 ‹‹
2480 4825 2676 4880 Incola
2704 4842 2808 4896 ego
2842 4841 2972 4879 sum
3008 4825 3064 4879 in
3097 4829 3272 4890 terra,
3306 4842 3419 4880 non
3455 4825 3778 4881 abscondas
3829 4839 3920 4879 me
3962 4840 3995 4880 a

2345 4914 2641 4970 mandatis
2671 4913 2809 4969 tuis.
2847 4936 2874 4964 »
2907 4913 3001 4969 Sic
3031 4919 3087 4969 et
3117 4915 3430 4986 Apostolus
3462 4915 3542 4970 ait
3576 4933 3588 4971 :
3621 4916 3759 4970 Dum
3803 4929 3994 4969 sumus

2344 5007 2403 5058 in
2451 5019 2690 5075 corpore,
2743 5006 3167 5075 peregrinantur
3211 5022 3252 5060 a
3305 5007 3530 5061 Domino
3562 5006 3633 5076 (II
3673 5005 3790 5060 Cor.
3822 5022 3877 5069 v,
3909 5005 3990 5070 6).

2348 5093 2720 5167 Peregrinum
2754 5112 2814 5149 se
2847 5095 2904 5150 in
2938 5111 3175 5166 corpore
3206 5095 3462 5166 positum
3496 5095 3776 5168 propheta
3797 5093 3992 5150 dicita

2346 5184 2561 5239 cmlesti
2595 5185 2919 5256 frequentia
2952 5203 2964 5240 :
3000 5185 3138 5256 quia
3169 5185 3278 5239 scit
3309 5184 3429 5240 haec
3453 5187 3726 5240 mandata
3752 5186 3807 5239 in
3829 5185 3990 5240 thro-

2345 5275 2437 5329 nis
2468 5279 2524 5330 et
2553 5274 3055 5330 dominationibus
3085 5274 3366 5330 contineri
3402 5293 3413 5329 :
3449 5292 3574 5346 quas
3624 5275 3732 5331 sibi
3782 5291 3852 5330 ne
3890 5291 3989 5330 oc-

2346 5364 2660 5432 cultentur,
2694 5363 2985 5435 implorat.

2421 5475 2449 5503 ‹‹
2479 5452 2822 5523 Concupivit
2854 5452 3049 5506 anima
3094 5469 3224 5507 mea
3270 5454 3600 5509 desiderare
3622 5454 3993 5524 justiﬁcatio-

2347 5559 2449 5596 nes
2477 5545 2631 5609 tuas,
2665 5541 2724 5595 in
2756 5541 2915 5595 omni
2949 5545 3230 5612 tempore.
3278 5565 3306 5592 »
3364 5543 3435 5597 Ut
3467 5543 3586 5599 sive
3616 5543 3988 5607 manducem,

2345 5632 2463 5686 sive
2514 5631 2731 5696 bibam,
2782 5629 2900 5685 sive
2944 5629 3101 5685 aliud
3153 5632 3294 5702 quid
3343 5632 3547 5688 faciam
3584 5650 3724 5690 :eas
3758 5647 3992 5704 semper

2345 5720 2693 5784 desiderem,
2718 5719 2986 5784 mediter,
3021 5721 3476 5791 apprehendam.

2418 5832 2444 5860 ‹‹
2479 5808 2794 5880 lncrepasti
2827 5810 3126 5880 superbos.
3161 5829 3187 5862 η
3227 5810 3295 5864 Ut
3323 5827 3423 5867 eos
3471 5812 3543 5867 ad
3594 5810 3991 5867 humilitatem

2343 5902 2628 5970 sanetam,
2663 5913 2841 5972 quam
2872 5898 3147 5977 docuisti,
3178 5900 3506 5960 reduceres.
3553 5901 3852 5978 lncrepasti
3888 5915 3994 5960 sua
