4244 6576
282 543 430 605 1261

1459 544 1954 606 BREVIARIUM
2004 546 2079 605 IN
2128 544 2511 606 PSALMOS.

3540 553 3685 613 1262

280 678 492 749 perbos.
526 676 620 733 Sic
649 675 785 733 fecit
813 674 1069 744 diabolo,
1097 678 1154 730 et
1181 676 1389 742 Adam,
1444 677 1544 748 qui
1586 694 1646 733 sc
1678 676 1929 734 elevave-
1959 683 2015 749 Α
2046 677 2325 733 miserere
2374 677 2487 732 mei
2525 699 2571 731 υ.
2611 677 2775 749 Apud
2809 681 2863 733 te
2895 676 3051 735 enim
3081 678 3174 735 lex
3203 678 3473 738 instituta
3500 685 3590 739 est
3622 686 3690 740 ut

281 770 423 823 runt
454 766 513 822 in
566 765 861 839 superbia.
934 765 1034 819 Vel
1097 766 1269 820 modo
1328 780 1432 837 per
1478 769 1611 822 tuos
1667 767 1932 823 doctores

282 857 552 927 increpas
604 854 967 911 adversariae
1024 858 1360 925 potestates,
1418 856 1660 910 menbra
1692 855 1931 925 diaboli,

284 944 588 1000 haereticos
623 944 707 999 vel
742 943 927 999 malos
960 942 1248 1013 homines,
1282 942 1381 1014 qui
1426 947 1629 998 contra
1659 945 1938 999 mandata

284 1034 384 1089 Dei
417 1032 941 1106 agunt.lncrepasti
972 1031 1103 1087 illos
1130 1049 1233 1103 per
1263 1036 1393 1086 tuos
1426 1038 1681 1088 sanctos.
1722 1056 1749 1082 «
1770 1033 1941 1089 Male-

285 1121 423 1177 dicti
454 1122 554 1193 qui
585 1121 880 1177 declinant
902 1138 934 1176 a
964 1121 1258 1175 mandatis
1290 1120 1777 1177 tuis.»Maledicti
1801 1126 1940 1177 sunt

284 1210 369 1265 illi
401 1211 502 1282 qui
536 1228 570 1266 a
599 1209 891 1265 mandatis
923 1209 1022 1265 Dei
1057 1208 1477 1274 declinant,sed
1515 1218 1654 1265 tunc
1686 1210 1941 1281 pleniter

290 1299 761 1355 maledictionem
793 1298 1086 1369 acoepturi
1119 1303 1289 1353 erunt
1329 1298 1490 1367 mali,
1522 1299 1580 1354 id
1614 1302 1722 1369 est,
1760 1299 1941 1354 haere-

287 1389 387 1444 tici
418 1388 505 1444 vel
539 1387 747 1460 reliqui
778 1405 790 1444 :
826 1386 1103 1459 quoniam
1159 1386 1425 1443 dicturus
1483 1388 1594 1443 erit
1625 1405 1636 1442 :
1664 1393 1742 1444 Ite
1771 1389 1944 1446 male.

288 1478 444 1548 dicti,
476 1479 535 1532 in
562 1480 748 1546 ignem
794 1485 1085 1543 azternum,
1145 1478 1241 1547 qui
1292 1485 1524 1548 paratus
1583 1482 1667 1532 est
1719 1477 1940 1533 diabolo

291 1571 343 1621 et
372 1568 596 1639 angelis
626 1568 740 1636 ejus
770 1567 976 1636 (Matth.
1010 1583 1139 1630 xxv,
1171 1566 1319 1637 41).‹‹
1344 1568 1519 1621 Aufer
1547 1583 1581 1621 a
1612 1584 1703 1621 me
1734 1582 1942 1638 oppro-

298 1657 513 1711 brium.
552 1678 579 1705 »
613 1655 835 1711 Peccati
866 1661 922 1710 et
945 1654 1258 1724 judicium.
1296 1680 1316 1705 α
1356 1656 1423 1709 Et
1469 1659 1869 1728 contemptum
1892 1678 1939 1709 ››.

292 1746 507 1801 Judicii
541 1745 863 1801 mortalis.«
898 1744 1039 1810 Quia
1076 1745 1406 1799 testimonia
1439 1748 1541 1800 tua
1570 1744 1879 1816 exquisivi.
1917 1766 1938 1794 ι

296 1835 421 1891 Non
454 1836 636 1891 otiose
661 1838 718 1890 et
747 1832 1161 1904 somnolenter,
1194 1834 1294 1889 sed
1339 1837 1578 1889 strenue
1605 1833 1945 1905 vigilanter-

304 1940 440 1995 que.

374 2032 397 2061 ι
431 2011 656 2069 Etenim
690 2014 969 2068 sederunt
1000 2011 1376 2084 principes,et
1404 2012 1715 2068 adversum
1748 2010 1942 2067 melo-

300 2102 632 2176 quebantur
665 2118 677 2157 :
708 2119 911 2157 servus
942 2104 1136 2157 autem
1168 2105 1308 2156 tuus
1366 2101 1710 2157 execebatur
1760 2101 1817 2155 in
1844 2102 1943 2172 ju-

301 2190 757 2247 stiﬁcationibus
773 2191 948 2259 tuis,»
964 2190 1124 2256 Quod
1139 2189 1199 2244 in
1221 2190 1329 2245 hoc
1350 2189 1636 2245 versiculo
1659 2190 1947 2261 Propheta

300 2280 362 2336 in
391 2296 453 2337 se
482 2279 764 2352 loquitur,
808 2281 1073 2335 futurum
1133 2279 1189 2333 in
1248 2278 1528 2351 apostolis
1590 2278 1946 2350 reliquisque

304 2369 669 2441 martyribus
700 2368 982 2442 videt,qui
1017 2367 1202 2423 multa
1229 2384 1426 2424 coram
1460 2368 1697 2440 regibus
1723 2372 1780 2423 et
1809 2383 1949 2440 prat-

302 2458 553 2529 sidibus,
587 2457 831 2513 Domino
860 2458 1036 2513 etiam
1068 2456 1177 2513 hoc
1212 2457 1637 2530 precnuntiante
1669 2456 1944 2529 (Malth.x,

306 2549 609 2616 i7;Marc.
668 2563 793 2615 χιιι,
862 2548 948 2615 11,
1015 2550 1067 2601 et
1132 2548 1259 2602 Luc.
1323 2564 1438 2613 xxr,
1509 2547 1616 2618 l2),
1686 2544 1948 2619 perpessi

304 2640 463 2693 sunt.
499 2635 605 2699 Qui
650 2634 784 2691 licet
814 2635 934 2691 sint
988 2635 1233 2692 diversis
1265 2637 1453 2709 poenis
1512 2636 1724 2703 affecti,
1760 2652 1949 2707 usque

305 2727 377 2780 ad
411 2725 725 2781 sectionem
752 2729 947 2779 tamen
979 2724 1270 2781 cervicum
1327 2742 1559 2797 semper
1617 2742 1677 2781 se
1740 2726 1799 2781 in
1848 2725 1948 2781 Dei

305 2818 689 2871 exercuerunt
711 2814 1256 2885 justificationibus.

384 2926 405 2955 ε
444 2904 591 2959 Nam
622 2908 681 2959 et
708 2902 1046 2958 testimonia
1076 2907 1179 2957 tua
1201 2903 1501 2959 meditatio
1526 2920 1654 2960 mea
1684 2907 1791 2959 est.
1828 2925 1855 2951 ››
1886 2903 1950 2958 In

308 2994 401 3049 his
430 2994 634 3065 utique
661 2992 972 3064 pressuris.
1007 3015 1035 3042 «
1069 2993 1137 3047 Et
1167 2992 1476 3048 consilium
1510 3009 1707 3048 meum
1733 2993 1951 3064 justifi-

309 3082 567 3138 cationes
597 3086 730 3138 tua.
766 3104 794 3131 ››
826 3081 935 3145 Qui
964 3081 1142 3137 vitam
1174 3081 1523 3153 pollicentur
1546 3087 1843 3139 aeternam.

1022 3267 1237 3306 DALETH

280 3378 285 3385 ’
385 3407 413 3434 ‹‹
447 3382 703 3439 Adhaesit
733 3380 1062 3454 pavimento
1093 3382 1292 3438 anima
1320 3397 1467 3438 mea:
1500 3382 1727 3438 vivifica
1756 3399 1847 3438 me
1861 3400 1955 3439 se-

1974 2059 2023 2125 B

2045 783 2275 838 semper
2304 765 2655 821 miserearis.

2127 876 2147 905 α
2182 855 2348 909 Viam
2380 854 2643 910 veritatis
2672 853 2840 927 elegi.
2874 877 2902 905 »
2933 855 3232 913 Christum
3292 858 3393 914 Dei
3452 859 3688 931 Filium,

2046 961 2221 1016 quem
2254 944 2575 1015 praevidens
2600 947 2910 999 venturum
2925 943 2983 999 in
2998 946 3287 1002 mundum
3304 948 3478 1005 audio
3499 948 3690 1006 dicere

2047 1035 2156 1104 Ego
2185 1049 2307 1088 sum
2336 1034 2447 1103 via,
2483 1035 2696 1100 veritas,
2731 1041 2783 1088 et
2808 1034 2923 1089 vita
2951 1034 3127 1105 (Joan.
3184 1052 3300 1105 xrv,
3360 1038 3435 1110 6).
3474 1059 3495 1088 ι
3529 1037 3695 1095 Judi-

2048 1122 2138 1177 cia
2166 1125 2268 1177 tua
2301 1139 2414 1177 non
2463 1138 2595 1177 sum
2657 1121 2895 1191 oblitus,
2929 1144 2957 1173 »
2992 1121 3098 1179 Illa
3140 1124 3389 1196 judicia,
3450 1142 3576 1199 qua;
3631 1126 3692 1182 in

2050 1210 2376 1284 Evangeliis
2411 1211 2819 1283 proferens,ait
2852 1227 2863 1267 :
2902 1217 3016 1268 Hoc
3043 1222 3121 1269 est
3140 1214 3499 1285 judiciumut
3519 1217 3696 1273 omnis

2051 1303 2149 1371 qui
2175 1301 2346 1356 credit
2377 1304 2436 1356 in
2465 1301 2671 1357 Filium
2698 1302 2961 1372 hominis,
2993 1301 3187 1359 habeat
3212 1305 3385 1360 vitam
3422 1313 3697 1363 aeternum

2052 1391 2230 1460 (Joan.
2264 1408 2350 1457 ιιι,
2384 1391 2493 1461 15).

2129 1502 2156 1527 ‹‹
2190 1478 2421 1534 Adhaesi
2453 1478 2808 1535 testimoniis
2840 1479 3250 1551 tuis,Domine,
3282 1480 3401 1538 noli
3432 1498 3526 1539 me
3557 1500 3695 1541 con-

2058 1569 2319 1623 fundere.
2360 1591 2379 1617 ι·
2416 1569 2484 1623 Et
2513 1568 2651 1640 quia
2680 1568 2771 1624 his
2802 1569 3125 1639 adhaerens,
3167 1572 3524 1628 anteriorum
3555 1572 3695 1629 faci-

2057 1674 2266 1712 norum
2301 1656 2729 1729 indulgentiam
2755 1658 2941 1714 merui
2975 1676 2987 1714 :
3013 1674 3210 1730 quaeso
3228 1675 3300 1715 ne
3331 1676 3425 1717 me
3454 1661 3697 1734 patiaris

2056 1748 2126 1801 de
2158 1746 2464 1802 iteratione
2495 1746 2712 1819 peccati
2744 1747 3044 1803 confundi.

2130 1859 2156 1884 «
2189 1834 2356 1890 Viam
2388 1836 2797 1891 mandatsrum
2828 1841 3066 1892 tuorum
3110 1836 3362 1893 cucurri.
3394 1861 3422 1890 »
3456 1839 3698 1906 Quando

2058 1923 2247 1980 multa
2276 1924 2536 1995 patiebar
2593 1929 2827 1997 propter
2872 1927 3115 1983 verbum
3165 1927 3237 1983 ob
3297 1943 3460 1999 spem
3491 1927 3701 1985 futurae

2057 2011 2461 2068 beatitudinis.
2497 2032 2519 2061 ι
2553 2013 2699 2069 Cum
2756 2012 3032 2070 dilatares
3086 2030 3185 2070 cor
3241 2032 3462 2087 meum,
3499 2038 3522 2067 ιι
3554 2017 3701 2073 Cum

2056 2100 2115 2155 in
2138 2100 2525 2173 amplitudine
2542 2106 2879 2157 sanctarum
2900 2103 3334 2175 Scripturarum
3358 2105 3703 2178 mysterium

2056 2189 2200 2244 mihi
2232 2189 2411 2245 beatae
2442 2189 2747 2246 Trinitatis
2777 2190 3130 2249 insinuares.
3175 2192 3272 2248 Vel
3304 2192 3582 2250 dilatares
3604 2210 3706 2250 cor

2059 2295 2258 2334 meum
2294 2298 2307 2335 :
2345 2279 2401 2335 id
2435 2283 2524 2335 est
2549 2279 2608 2334 in
2639 2278 2950 2337 latitudine
2988 2281 3313 2353 charitatis,
3356 2282 3429 2338 .in
3462 2299 3583 2356 spe,
3641 2282 3703 2339 in

2058 2369 2191 2423 lide.

2841 2492 2935 2531 HE.

2132 2604 2161 2633 ‹‹
2193 2583 2400 2654 Legem
2442 2597 2593 2654 pone
2624 2580 2791 2650 mihi,
2826 2582 3089 2653 Domine,
3120 2582 3274 2639 viam
3326 2584 3702 2655 justiﬁcatio-

2060 2688 2203 2727 num
2234 2676 2530 2726 tuarum.»
2563 2669 2850 2742 Propheta
2879 2670 2939 2725 in
2963 2686 3214 2742 persona
3241 2671 3509 2729 Ecclesiae
3540 2673 3702 2741 dicit,

2066 2783 2086 2810 ι
2124 2760 2330 2831 Legem
2393 2774 2540 2831 pone
2593 2758 2791 2826 mihi,»
2828 2758 2886 2814 id
2918 2762 3008 2815 est
3036 2759 3707 2834 temetipsumzquialex

2060 2849 2329 2905 Christus
2360 2852 2466 2903 est.
2498 2850 2576 2902 Ac
2607 2847 2656 2903 si
2689 2848 2846 2903 dicat
2876 2864 2889 2903 :
2921 2848 3322 2921 Temetipsum
3362 2849 3506 2906 mihi
3533 2867 3705 2923 pone,

2062 2938 2170 2993 hoc
2200 2942 2306 3008 est,
2340 2936 2552 2992 dona.¢
2581 2936 2649 2991 Et
2678 2935 2978 3007 exquiram
3012 2953 3141 2993 eam
3173 2954 3422 3011 semper.
3450 2961 3478 2989 »
3510 2939 3706 3012 Ipsam

2064 3026 2271 3100 legem,
2306 3026 2415 3082 hoc
2444 3030 2532 3082 est
2557 3025 2855 3096 mandata,
2879 3025 2961 3081 vel
2994 3025 3393 3099 temetipsum.

2136 3140 2164 3167 ‹‹
2198 3116 2283 3171 Da
2312 3114 2457 3172 mihi
2488 3113 2873 3182 intellectum,
2907 3118 2963 3170 et
2995 3116 3302 3173 scrutabor
3333 3115 3520 3190 legem
3544 3120 3707 3175 tuam

2065 3206 2127 3260 Id
2160 3210 2267 3273 est,
2300 3209 2403 3261 tua
2432 3204 2723 3260 mandata.
2760 3202 3130 3273 Intellectum,
3164 3208 3229 3260 ut
3257 3222 3373 3262 non
3427 3207 3541 3262 sim
3569 3208 3713 3264 sicut

2065 3297 2306 3366 equuset
2356 3294 2560 3360 mutus,
2621 3293 2817 3363 quibus
2874 3308 2983 3348 non
3040 3297 3120 3348 est
3168 3295 3477 3351 intellectus
3534 3296 3705 3367 [PsaL

2067 3382 2242 3451 xxxr).
2276 3379 2529 3436 Ecclesia
2551 3382 2737 3453 rogat,
2770 3384 2835 3435 ut
2865 3379 3151 3452 intelligat
3179 3381 3589 3439 discretionem
3620 3384 3710 3440 in-

389 3430 411 3434 μ
447 3430 702 3439 .-..-...---
733 3430 1059 3454 ,κη-..-πη
1094 3430 1292 3438 ---κη
1320 3430 1467 3438 ..--_.
1514 3430 1727 3438 .-.-.--..
1756 3430 1921 3439 ---ην
2067 3430 2242 3451 --.-..-,-
2276 3430 2529 3436 mn---“
2552 3430 2737 3453 "0—,
2775 3430 2834 3435 η
2866 3430 3149 3452 ---η-ηομ-
3183 3430 3589 3439 m----------..-
3620 3430 3680 3440 -..

314 3473 574 3529 cundum
605 3472 845 3527 verbum
877 3475 1067 3526 tuum.
1098 3494 1132 3556 »ιδ
1156 3470 1394 3544 Corpori
1432 3470 1661 3527 mortali
1695 3472 1954 3528 animam
1986 3430 2030 3497 Ο
2071 3475 2157 3526 ter
2184 3470 2405 3526 bonum
2437 3472 2493 3524 et
2521 3466 2766 3535 malum,
2798 3468 2950 3524 inter
2979 3468 3155 3525 vitam
3178 3473 3235 3526 et
3265 3475 3537 3542 mortem,
3562 3471 3715 3529 inter

288 3563 689 3634 'conjunctam
720 3559 980 3632 intelligo
1016 3578 1028 3617 :
1067 3560 1193 3616 ideo
1226 3578 1297 3616 ne
1315 3560 1592 3617 delictum
1624 3561 1960 3618 invalescat.

317 3670 351 3707 a
400 3656 458 3706 te
516 3655 649 3723 peto
696 3649 973 3705 viviﬁcari
1004 3666 1016 3705 :
1053 3650 1241 3706 scient
1295 3651 1436 3722 quia
1495 3649 1965 3722 concupiscentia

317 3740 509 3796 carnis
543 3743 787 3795 mortem
820 3742 1113 3810 operatur.

392 3851 419 3879 ‹‹
456 3828 596 3884 Viae
636 3844 798 3884 meas
839 3827 1135 3897 enuntiavi
1193 3827 1300 3884 tibi
1359 3851 1411 3884 ››.
1472 3828 1772 3892 Quomodo
1803 3828 1963 3899 dicit,

286 3910 293 3913 ’
323 3940 346 3967 ι
384 3917 681 3974 enuntiavi
711 3917 819 3973 tibi
851 3939 904 3988 ››,
938 3934 1073 3973 cum
1106 3915 1247 3973 alibi
1278 3916 1439 3987 dicit,
1500 3918 1742 3974 enuntia
1797 3918 1963 3973 mihi.

326 4007 625 4079 Numquid
657 4007 811 4063 Deus
868 4005 1116 4079 aliquid.
1149 4006 1335 4062 nescit
1392 4012 1493 4063 aut
1521 4007 1750 4077 ignorat
1780 4024 1794 4062 :
1831 4006 1970 4079 quia

326 4096 545 4168 ubique
575 4099 666 4152 est
694 4111 972 4167 praesens,
1006 4098 1063 4150 et
1092 4095 1289 4151 omnia
1319 4094 1611 4167 praevidet.
1673 4099 1731 4150 et
1760 4094 1967 4151 intrin-

286 4177 295 4184 ’
326 4202 496 4241 secus
521 4188 611 4241 est
638 4184 665 4238 ?
693 4184 804 4239 Sed
838 4183 990 4253 quod
1023 4182 1183 4253 dicit,
1217 4205 1247 4233 «
1283 4183 1423 4239 Vias
1453 4200 1615 4239 meas
1670 4183 1970 4251 enuntiavi

328 4272 456 4343 tibi,
490 4295 517 4322 «
552 4272 661 4328 hoc
690 4275 800 4342 est,
835 4288 900 4327 ac
929 4271 979 4327 si
1012 4271 1205 4328 dicat:
1241 4273 1313 4326 Tu
1336 4272 1424 4327 dic
1449 4274 1605 4343 prius
1654 4273 1973 4344 iniquitates

327 4368 450 4417 tua:
483 4361 611 4433 (15a.
647 4377 802 4427 LXIII,
834 4359 947 4430 26),
975 4359 1085 4415 hoc
1116 4364 1205 4416 est
1236 4364 1338 4417 tua
1389 4378 1565 4433 opera
1597 4386 1611 4429 ;
1645 4363 1800 4433 quod
1833 4378 1969 4417 con-

323 4455 418 4506 tra
442 4450 787 4506 mandatum
820 4449 918 4504 Dei
951 4448 1392 4520 egisti;enuntia
1414 4467 1515 4521 per
1545 4451 1972 4507 confessionem

324 4538 412 4595 vel
444 4538 867 4612 paenitentiam,
904 4541 969 4593 ut
993 4537 1336 4609 justiﬁceris
1356 4538 1412 4592 in
1448 4538 1820 4595 sermonibus
1853 4539 1971 4594 Dei.

282 4632 295 4644 ‘
394 4652 423 4679 ‹‹
458 4629 598 4685 Vias
630 4645 791 4685 meas
821 4626 1206 4697 enuntiavi,et
1236 4626 1523 4683 exaudisti
1548 4643 1641 4683 me
1675 4645 1688 4683 :
1721 4627 1861 4683 doce
1882 4643 1976 4683 me

309 4717 772 4791 justiticationes
804 4721 952 4773 tuas.
996 4740 1042 4771 ιι.
1080 4715 1215 4771 Vias
1246 4714 1466 4788 peccati
1499 4715 1611 4772 mei
1670 4716 1976 4773 confessus

2070 3559 2324 3614 litteram
2357 3562 2415 3613 et
2445 3574 2705 3614 sensum.
2739 3556 2812 3613 Ut
2861 3557 3183 3631 intelligam
3214 3563 3273 3616 et
3314 3560 3625 3632 praedicem
3656 3565 3715 3617 et

2073 3664 2243 3719 opere
2267 3645 2566 3719 impleam.
2600 3669 2627 3696 ‹‹
2663 3647 2733 3702 Et
2762 3646 3091 3703 custodiam
3121 3646 3282 3705 illam
3313 3648 3373 3705 in
3403 3653 3523 3706 toto
3547 3650 3719 3708 corde

2074 3754 2224 3807 meo,
2261 3759 2287 3786 »
2320 3735 2378 3792 id
2411 3739 2500 3792 est
2531 3752 2599 3791 ex
2628 3739 2749 3791 tota
2778 3734 3103 3793 dilectione.

2147 3850 2174 3876 ‹‹
2208 3826 2404 3882 Deduc
2436 3841 2530 3881 me
2560 3824 2619 3880 in
2651 3825 2863 3881 semita
2919 3826 3333 3883 mandatorum
3386 3830 3647 3885 tuorum.
3694 3850 3716 3879 ι

2076 3916 2295 3973 Semita
2327 3915 2520 3970 minor
2549 3917 2638 3970 est
2667 3930 2845 3985 quam
2876 3913 2989 3980 via,
3022 3914 3131 3970 hoc
3159 3918 3269 3984 est,
3318 3919 3497 3985 arcta,
3530 3919 3589 3971 et
3617 3931 3720 3972 an-

2077 4009 2251 4079 gusta
2279 4003 2391 4074 via,
2424 4003 2533 4058 hoc
2565 4006 2671 4070 est,
2707 4000 2915 4057 altiora
2937 4003 3212 4058 mandata
3240 4019 3365 4075 quas
3390 4003 3615 4059 ducunt
3643 4004 3717 4061 ad

2076 4095 2255 4149 vitam
2282 4109 2295 4147 :
2328 4094 2461 4164 quia
2485 4092 2596 4146 tata
2625 4098 2678 4146 et
2704 4092 2942 4162 spatiosa
2970 4098 3051 4146 est
3082 4107 3202 4161 quae
3256 4091 3405 4148 ducit
3460 4092 3532 4149 ad
3578 4108 3723 4149 mor-

2078 4187 2186 4239 tem
2216 4180 2422 4253 (Matth.
2454 4196 2557 4246 vu,
2592 4179 2700 4251 13).
2735 4201 2763 4230 ‹‹
2796 4179 2942 4244 Quia
2970 4178 3162 4252 ipsam
3206 4179 3384 4238 volui.
3421 4204 3442 4232 ι
3473 4184 3599 4238 Vox
3618 4185 3721 4238 Ec-

2082 4271 2289 4327 clesiae.
2322 4271 2401 4325 Ac
2433 4268 2482 4325 si
2512 4268 2668 4324 dicat
2698 4267 2951 4325 Ecclesia
2982 4286 2995 4324 :
3023 4268 3149 4324 Non
3208 4269 3510 4342 concupivi
3541 4269 3723 4342 aliud,

2081 4377 2186 4417 nec
2218 4359 2537 4415 delectatus
2569 4374 2723 4425 sum,
2753 4356 2866 4413 nisi
2886 4362 2990 4414 tua
3019 4358 3316 4415 mandata.
3348 4359 3477 4413 Ideo
3499 4374 3638 4431 rogo
3661 4363 3728 4414 ut

2083 4467 2177 4507 me
2207 4449 2463 4505 deducas
2492 4447 2551 4502 in
2584 4452 2686 4503 tua
2718 4447 3016 4515 mandata,
3050 4446 3105 4502 id
3139 4451 3246 4515 est,
3279 4445 3606 4520 intelligere
3637 4448 3728 4504 fa-

2085 4556 2226 4596 018.3.

2158 4651 2187 4677 «
2218 4625 2438 4682 inclina
2468 4641 2566 4680 cor
2594 4638 2793 4678 meum
2847 4622 2907 4678 in
2966 4623 3302 4681 testimonia
3354 4630 3475 4681 tua.
3537 4647 3567 4675 »
3607 4628 3733 4682 Vox

2088 4715 2359 4773 Ecclesiae
2397 4730 2409 4769 :
2442 4711 2690 4784 Superbi
2717 4729 2832 4768 non
2870 4711 3262 4770 inclinantcor
3283 4713 3343 4770 in
3373 4713 3731 4772 testimoniis

323 4824 486 4873 sum,
519 4810 575 4862 et
617 4806 896 4862 remisisti
933 4824 946 4875 ;
980 4822 1134 4861 nunc
1190 4804 1515 4860 doctrinam
1546 4803 1805 4878 indulge,
1840 4803 1978 4877 quia
2007 4801 2054 4866 D
2086 4806 2207 4873 Dei,
2243 4803 2381 4877 quia
2410 4804 2649 4874 sperant
2677 4817 2739 4857 se
2764 4800 2999 4857 altiores
3030 4808 3242 4872 esse,et
3273 4803 3485 4861 melius
3516 4802 3731 4860 intelli-

320 4898 383 4954 in
408 4896 937 4968 justiﬁcationibus
967 4896 1085 4951 tuis
1124 4896 1385 4951 edocear.

285 4983 295 4989 '
397 5007 427 5036 «
462 4984 630 5039 Viam
655 4984 1147 5054 justiﬁcationum
1182 4987 1419 5039 tuarum
1447 4983 1672 5039 instrue
1704 5000 1852 5040 me.»
1881 4987 1975 5039 Ju-

328 5073 710 5132 stiﬁcationes
741 5090 891 5145 quas
923 5072 1068 5146 legis
1100 5073 1291 5129 littera
1321 5071 1980 5143 protulit,spiritualiter

329 5164 581 5236 capiam.
620 5187 649 5213 ‹‹
684 5164 755 5219 Et
787 5165 1095 5220 exercebor
1134 5163 1192 5217 in
1251 5160 1621 5217 mirabilibus
1681 5161 1819 5219 tuis.
1858 5185 1877 5212 ιι
1915 5162 1977 5217 In

330 5252 583 5326 apostoli
642 5253 980 5324 ueterisque
1038 5252 1318 5309 doctrinis
1375 5249 1809 5317 ecclesiasticis,
1852 5266 1978 5323 quas

327 5343 391 5397 in
422 5358 490 5397 ea
521 5346 661 5398 sunt
690 5344 972 5415 ﬁguratae.

401 5454 429 5480 ‹‹
464 5430 814 5487 Dormitavit
843 5431 1039 5487 anima
1070 5447 1219 5487 mea.
1253 5453 1281 5481 »
1316 5430 1379 5484 In
1426 5429 1605 5499 hujus
1664 5428 1981 5485 habitaculi

328 5520 598 5577 mortalis
627 5520 901 5577 statione.
937 5544 964 5570 «
999 5520 1117 5575 Prae
1150 5519 1381 5576 taedio.»
1414 5517 1835 5574 Imbecillitatis
1856 5535 1981 5575 cor-

326 5625 537 5681 poreae.
572 5632 600 5660 «
636 5610 933 5666 Conﬁrma
960 5626 1054 5665 me
1084 5609 1143 5664 in
1174 5608 1366 5665 verbis
1413 5607 1551 5663 tuis.
1588 5627 1616 5657 »
1664 5606 1735 5662 Ut
1788 5606 1982 5665 ablato

323 5697 547 5771 peccati
579 5714 813 5767 somno,
845 5698 1133 5755 instanter
1162 5698 1222 5753 in
1254 5693 1346 5753 his
1367 5696 1623 5770 vigilem.

2086 4912 2219 4969 gere
2243 4894 2315 4949 de
2346 4890 2650 4965 prmeeptis
2679 4889 2801 4959 Dei,
2844 4907 3020 4962 quam
3052 4892 3329 4949 Ecclesia.
3360 4913 3389 4944 α
3426 4894 3494 4949 Et
3523 4908 3638 4948 non
3670 4892 3731 4947 in

2086 4984 2417 5041 avaritiam.
2456 5003 2483 5031 »
2516 4985 2634 5036 Hoc
2665 4985 2774 5049 est,
2809 4981 3160 5038 vanitatem:
3193 4981 3332 5063 quia
3376 4980 3461 5038 illi
3494 4978 3733 5052 superbi

2087 5092 2203 5131 non
2238 5072 2523 5129 inclinant
2554 5088 2653 5127 cor
2681 5071 2743 5126 in
2776 5070 3128 5127 testimoniis
3170 5069 3269 5126 Dei
3304 5070 3449 5143 used
3480 5069 3539 5125 in
3568 5069 3731 5126 vani-

2086 5168 2205 5221 tate
2233 5160 2320 5219 vel
2356 5160 2617 5217 avaritia.
2652 5157 2873 5215 Inclina
2905 5175 3003 5214 cor
3034 5174 3251 5227 meum,
3281 5157 3424 5214 dicit
3451 5156 3732 5227 Ecclesia,

2088 5253 2147 5308 id
2178 5256 2287 5321 est,
2319 5250 2380 5307 in
2411 5249 2767 5317 humilitate,
2800 5251 2867 5301 ut
2897 5246 3041 5302 illud
3075 5262 3088 5303 :
3122 5247 3322 5303 Discite
3374 5264 3409 5303 a
3462 5262 3552 5303 me
3603 5247 3739 5319 quia

2090 5343 2246 5397 mitis
2276 5357 2399 5396 sum
2431 5347 2481 5395 et
2506 5337 2737 5393 humilis
2769 5334 2927 5391 corde
2956 5335 3161 5406 (Matth.
3193 5352 3272 5404 x1,
3301 5336 3415 5408 29).

2163 5454 2192 5483 «
2225 5433 2433 5487 Averte
2464 5424 2663 5484 oculos
2693 5440 2854 5480 meos
2915 5440 2987 5481 ne
3038 5424 3275 5481 videant
3326 5425 3671 5481 vanitatem.
3704 5448 3733 5477 ››

2164 5543 2192 5571 ‹‹
2228 5522 2430 5575 Averte
2456 5513 2656 5571 oculos
2688 5529 2870 5581 meos,
2903 5534 2933 5564 »
2967 5513 3025 5569 id
3057 5517 3146 5569 est
3199 5530 3408 5570 sensus
3448 5529 3636 5581 meos,
3665 5529 3739 5570 ne

2091 5610 2327 5666 videant
2354 5604 2697 5674 vanitatem,
2733 5625 2754 5651 ι
2793 5602 2851 5657 id
2882 5606 2970 5658 est
2999 5602 3405 5659 defectionem.
3451 5608 3536 5658 Ac
3565 5601 3615 5658 si
3650 5602 3738 5659 di-

2094 5702 2189 5756 cat
2218 5714 2233 5754 :
2264 5697 2339 5754 Ut
2368 5696 2425 5751 in
2454 5694 2569 5749 ista
2601 5692 2876 5761 vanitate,
2910 5708 3037 5765 quas
3067 5695 3156 5748 est
3184 5692 3455 5760 defectio,
3487 5708 3605 5749 non
3636 5690 3740 5749 ha-

383 5810 430 5857 ,‹‹
463 5785 634 5843 Viam
668 5787 996 5861 iniquitatis
1027 5804 1228 5844 amove
1257 5802 1447 5843 ame.»
1472 5784 1835 5842 Desiderium
1859 5785 1985 5844 ilud
2096 5788 2267 5845 beam
2298 5784 2499 5843 oculos
2525 5797 2690 5838 meos
2722 5781 2778 5836 id
2838 5785 2946 5850 est,
3006 5796 3217 5837 sensus
3275 5796 3439 5838 meos
3497 5780 3738 5837 deﬁxos.

325 5894 433 5965 per
468 5876 627 5954 quod
657 5877 730 5937 ad
759 5877 1120 5953 peccandum
1149 5874 1400 5936 venitur.
1470 5895 1493 5927 ι
1526 5876 1597 5934 Et
1622 5875 1685 5934 in
1718 5874 1843 5953 lege
1884 5880 1987 5939 tua
2096 5877 2210 5941 Sed
2241 5875 2402 5954 quid,
2435 5871 2631 5949 inquit
2664 5869 2693 5929 ?
2720 5892 2751 5924 «
2784 5870 2850 5930 In
2879 5868 2974 5931 via
3004 5873 3109 5933 tua
3138 5868 3361 5933 viviﬁca
3414 5884 3528 5930 me.
3561 5892 3587 5927 ι
3624 5867 3744 5935 R00
