4244 6606
565 585 728 646 ’1263

2070 582 2493 642 APPENDIX.

3827 581 3975 642 1284

574 721 684 786 est,
713 716 771 772 in
802 715 1132 789 temetipso.
1162 714 1265 771 Vel
1296 713 1355 770 in
1387 715 1504 771 tuis
1534 713 1826 771 mandatis
1856 713 2080 770 vivifioa
2105 731 2218 782 me,
2249 715 2304 782 Α
2335 718 2490 788 tyres
2523 713 3435 783 fecerunt,stemus.siveverbum
3455 711 3720 769 veritatis
3749 731 3975 771 annun-

576 823 635 863 ιιι
669 823 887 862 anima.

649 919 677 946 ‹‹
711 897 912 951 Statue
944 912 1109 953 servo
1138 900 1260 950 tuo.
1293 917 1322 944 »
1364 892 1583 967 Populo
1642 893 1993 949 Christiano.
2027 917 2054 943 ‹‹
2090 892 2220 947 Elo-

577 985 784 1058 quium
816 990 1009 1041 tuum.
1045 1007 1073 1034 »
1106 985 1228 1040 Tua
1259 983 1560 1039 mandata.
1615 1004 1643 1032 ‹‹
1675 981 1737 1036 In
1795 982 2004 1038 timore
2033 986 2154 1037 tuo.
2193 1001 2220 1030 »

578 1075 641 1131 Id
675 1079 768 1131 est
798 1079 1020 1132 sancto.

649 1188 677 1214 «ι
711 1167 970 1235 Amputa
999 1161 1377 1234 opprobrium
1418 1176 1616 1216 meum
1675 1160 1830 1231 quod
1890 1157 2223 1231 suspicatus

587 1270 742 1310 sum.
778 1274 807 1302 »
842 1250 1096 1307 Ecclesia
1128 1249 1286 1319 dicit,
1323 1250 1378 1305 id
1413 1254 1522 1318 est,
1567 1247 1723 1316 tolle,
1781 1245 2008 1320 capula,
2069 1262 2224 1314 seca,

577 1344 731 1415 quod
764 1340 1097 1412 suspicatus
1129 1355 1261 1394 sum
1294 1339 1365 1393 ab
1397 1336 1528 1393 aliis
1568 1336 1966 1409 opprobrium.
1997 1334 2223 1406 Oppro-

575 1433 771 1488 brium
804 1429 950 1485 illud
981 1428 1137 1501 quod
1169 1427 1441 1482 dicebant
1472 1425 1740 1498 gentiles:
1770 1423 1968 1480 Cultor
1997 1441 2060 1480 es
2092 1440 2220 1478 cru-

575 1521 730 1578 cifixi
758 1539 772 1590 ;
805 1521 1074 1576 adorator
1103 1534 1164 1574 es
1182 1517 1334 1572 male
1356 1517 1569 1572 mortui
1590 1534 1603 1584 ;
1627 1519 1928 1571 venerator
1947 1530 2009 1569 es
2025 1511 2220 1579 occisi;

586 1617 645 1670 et
672 1611 946 1668 dicebant
980 1608 1162 1666 :Ecce
1188 1605 1342 1662 Deus
1373 1609 1592 1672 noster,
1651 1620 1824 1675 quem
1879 1619 1982 1657 vos
2029 1601 2224 1657 dicitis

577 1698 1035 1758 manufactilem.
1069 1696 1176 1752 Ubi
1208 1701 1298 1752 est
1326 1696 1478 1750 Deus
1511 1699 1698 1750 vester
1725 1694 1752 1748 ?
1782 1690 2222 1756 Veniat.«Quod

579 1791 917 1863 suspicatus
949 1805 1103 1843 sum.
1139 1809 1166 1836 »
1200 1785 1345 1849 Quid
1409 1783 1862 1855 suspicabantur
1891 1780 1973 1835 illi
2005 1780 2032 1834 ‘?
2061 1780 2222 1843 Quod

577 1880 876 1937 fallaciam
909 1878 1245 1932 observaret
1284 1872 1560 1938 Ecclesia,
1595 1871 1870 1943 quoniam
1927 1867 2222 1924 Christum

576 1969 878 2026 adorabat.
899 1989 926 2017 «
947 1962 1332 2035 Quiajudicia
1355 1967 1455 2016 tua
1476 1962 1762 2032 jucunda.
1782 1979 1807 2011 υ
1836 1959 1897 2014 Id
1921 1963 2009 2014 est
2029 1957 2184 2012 clara
2207 1973 2218 2020 ;

580 2058 712 2114 laeta
741 2057 813 2112 ad
843 2055 975 2110 illos
1007 2054 1107 2126 qui
1135 2056 1336 2108 amant
1381 2054 1439 2106 et
1490 2049 1843 2116 desiderant,
1877 2048 1932 2102 id
1967 2051 2074 2113 est,
2109 2062 2223 2102 non

575 2145 936 2214 nolentibus,
967 2143 1068 2200 sed
1092 2140 1423 2198 volentibus
1455 2138 1611 2195 clara
1664 2143 1722 2194 et
1772 2137 2029 2208 jucunda
2061 2138 2218 2190 sunt.

651 2257 681 2286 «
715 2231 857 2290 Ecce
883 2231 1187 2304 concupivi
1219 2231 1630 2286 mandatatua
1664 2245 1676 2282 :
1707 2227 1766 2282 in
1825 2225 2094 2297 (equitate
2122 2228 2223 2278 tua

576 2322 805 2382 viviﬁca
831 2337 947 2379 me.
985 2343 1011 2371 ››
1043 2321 1233 2376 Unum
1266 2323 1375 2386 est,
1409 2317 1792 2384 Domine,tuzc
1825 2311 2220 2370 miserationis

577 2415 819 2482 donum,
869 2419 932 2466 ut
982 2409 1216 2480 eloquia
1273 2412 1474 2463 sancta
1530 2404 1947 2470 custodientes,
2007 2404 2067 2458 in
2120 2407 2222 2457 tua

573 2502 844 2575 aequitate
871 2499 1252 2569 vivificemur,
1307 2497 1419 2552 hoc
1471 2499 1580 2562 est,
1636 2509 1770 2550 cum
1820 2491 2104 2564 aequalem
2163 2495 2222 2547 te

574 2592 731 2651 Patri
761 2589 1123 2664 Spirituique
1144 2591 1346 2645 sancto
1377 2587 1648 2642 fatemur.

1332 2765 1469 2804 VAU.

644 2926 674 2955 ‹‹
705 2905 776 2960 Et
803 2899 996 2958 veniat
1023 2912 1200 2968 super
1215 2910 1309 2951 me
1331 2892 1736 2948 misericordia
1760 2895 1885 2959 tua,
1919 2891 2217 2946 Domine.»

572 2995 646 3051 Ut
675 2992 886 3048 delicta
915 2987 1201 3043 remittas.
1237 3005 1266 3034 «
1296 2986 1364 3038 Et
1404 2981 1660 3037 salutare
1687 2986 1857 3036 tuum
1890 2980 2218 3035 secundum

571 3079 870 3152 eloquium
899 3082 1092 3132 tuum.
1127 3095 1155 3122 ››
1187 3073 1304 3128 Hoc
1333 3075 1422 3126 est
1443 3069 1716 3136 salutare,
1741 3068 2039 3140 eloquium
2062 3068 2217 3139 quod

573 3187 677 3245 per
706 3168 885 3224 alium
919 3161 1241 3238 promisisti
1272 3158 1844 3233 prophetam,dicens
1876 3175 1888 3212 :
1922 3158 2220 3226 Nolomor-

580 3265 688 3317 tem
710 3257 1030 3332 peccatoris,
1063 3251 1154 3309 sed
1181 3255 1241 3306 ut
1284 3251 1628 3305 convertatur
1683 3256 1733 3302 et
1787 3250 1937 3302 vivat
1994 3248 2214 3318 (Ezech.

570 3367 769 3417 χχχιιι,
800 3346 915 3419 21).
947 3348 1067 3399 Ηοο
1097 3346 1205 3411 est,
1264 3343 1330 3395 ut
1356 3339 1558 3394 venias
1616 3353 1723 3393 nos
1771 3337 2092 3392 redimere:
2127 3351 2218 3392 se-

575 3440 834 3498 cundum
868 3434 1023 3508 quod
1053 3429 1296 3488 Abrahae
1328 3427 1828 3501 promisisti,sicut
1855 3426 2075 3481 dictum
2090 3430 2214 3482 est:

577 3533 646 3587 In
673 3529 881 3586 semine
911 3529 1003 3580 tuo
1034 3521 1424 3578 benedicentur
1455 3533 1638 3574 omnes
1667 3517 1842 3572 tribus
1881 3519 2045 3572 terrae
2066 3516 2218 3588 (Gen.

573 3635 715 3690 xxu,
746 3617 857 3688 18).

646 3728 676 3757 ‹‹
705 3707 776 3763 Et
805 3701 1164 3775 respondebo
1195 3696 1683 3770 exprobrantibus
1715 3695 1860 3750 mihi
1889 3697 2154 3752 verbum.
2189 3717 2218 3744 »

571 3794 828 3855 Ecclesia
861 3791 1023 3847 dicit.
1055 3792 1134 3844 Ac
1184 3787 1242 3866 _si
1297 3787 1454 3842 dicat
1489 3802 1501 3839 :
1532 3785 1591 3839 Si
1650 3785 1878 3839 veneris
1936 3785 2220 3840 redimere

571 3879 1078 3954 nos,respondebo
1108 3878 1180 3935 ad
1204 3875 1334 3932 illos
1366 3874 1465 3946 qui
1499 3890 1591 3929 me
1619 3874 1968 3946 exprobrant
1998 3874 2068 3928 de
2090 3889 2221 3929 mea

571 3977 688 4032 ﬁde
706 3971 998 4048 quomodo
1031 3968 1285 4038 credo,et
1313 3965 1538 4020 dicunt:
1573 3962 1682 4018 Ubi
1712 3968 1800 4018 est
1829 3962 2220 4020 Deusvester?

574 4065 720 4125 Ecce
753 4065 908 4119 Deus
939 4063 1156 4126 noster,
1186 4055 1274 4111 vel
1314 4053 1469 4109 idola
1521 4052 1758 4108 illorum
1815 4069 1940 4124 qua:
1998 4051 2214 4108 colunt.

571 4179 602 4208 κ
639 4152 786 4218 Quia
815 4148 1040 4222 speravi
1073 4147 1132 4202 in
1164 4143 1535 4201 sermonibus
1588 4141 1727 4196 tuis.
1788 4163 1816 4191 ››
1873 4143 2219 4198 Constanter

571 4244 668 4303 his
698 4237 1060 4314 respondebo
1084 4234 1403 4309 quivanam
1421 4232 1626 4287 dicunt
1638 4247 1804 4302 spem
1824 4247 2014 4287 meam
2037 4249 2216 4304 quam

571 4335 635 4394 in
675 4337 733 4391 te
761 4329 972 4396 habeo,
1001 4326 1140 4398 quia
1169 4322 1405 4379 illorum
1435 4336 1568 4392 spes
1598 4319 1790 4374 inanis
1821 4325 1928 4376 est.

651 4445 680 4476 ‹‹
717 4422 784 4479 Et
813 4437 886 4476 ne
918 4418 1151 4475 auferas
1181 4414 1251 4468 de
1276 4428 1374 4468 ore
1403 4426 1531 4464 meo
1561 4409 1802 4465 verbum
1832 4410 2093 4466 veritatis
2116 4428 2213 4467 us-

577 4525 950 4589 quequaque.
982 4529 1010 4556 »
1040 4505 1164 4560 Non
1197 4499 1559 4558 consentiam
1590 4499 1988 4570 peccantibus,
2023 4517 2094 4556 ne
2117 4519 2215 4557 au-

568 4605 732 4660 diam
762 4619 780 4655 :
812 4601 991 4669 Quare
1046 4599 1106 4650 tu
1135 4608 1361 4650 enarras
1380 4591 1632 4663 justitias
1660 4606 1805 4646 meas
1832 4589 2008 4660 (Psal.
2059 4608 2210 4664 xLIx,

569 4689 680 4762 16).
720 4709 742 4739 α
775 4688 921 4755 Quia
950 4687 1008 4741 in
1033 4683 1274 4755 judiciis
1313 4683 1450 4737 tuis.
1473 4681 1937 4753 superspervavi.
1976 4705 1996 4730 ιι
2031 4682 2094 4738 In
2121 4683 2212 4740 his

567 4795 838 4854 sperans,
873 4791 1104 4846 semper
1133 4790 1200 4828 ea
1229 4769 1441 4844 protuli
1472 4772 1530 4826 in
1569 4770 1830 4827 ecclesiis
1859 4771 2212 4843 populorum

638 4893 668 4921 «
706 4867 779 4925 Et
811 4863 1139 4924 custodiam
1170 4861 1358 4935 legem
1389 4865 1554 4916 tuam
1585 4860 1901 4933 semper,in
1934 4861 2214 4917 saaculum

564 4959 787 5018 saeculi.
822 4980 851 5009 ››
884 4958 972 5023 In,
1000 4968 1234 5024 semper,
1281 4967 1453 5006 omne
1491 4954 1724 5022 tempus
1753 4950 1880 5005 vitm
1911 4955 2214 5023 praasentis

563 5049 882 5108 ostendit.«
916 5047 980 5103 In
1014 5043 1293 5101 saeculum
1309 5039 1504 5098 saeculi
1531 5063 1551 5090 ι
1579 5056 1712 5096 vero
1745 5041 2006 5096 futurum
2030 5059 2211 5098 saecu-

561 5141 690 5196 lum
721 5141 1031 5196 monstrat.

642 5252 664 5279 ι
699 5228 770 5284 Et
800 5225 1182 5283 ambulabam
1214 5224 1271 5278 in
1302 5220 1630 5282 latitudine.
1667 5242 1696 5269 »
1747 5218 2035 5276 Dilatatus
2053 5222 2210 5278 enim

561 5335 699 5377 sum
731 5319 790 5373 in
819 5316 1086 5374 custodia
1112 5312 1257 5386 legis
1288 5315 1422 5366 tuae.
1463 5331 1489 5359 «
1521 5308 1665 5373 Quia
1713 5311 1990 5364 mandata
2023 5313 2126 5366 tua
2143 5327 2210 5366 ex

560 5407 797 5481 quisivi.
836 5429 857 5459 ι
893 5405 1212 5478 Diligenter
1241 5417 1308 5456 ea
1347 5399 1833 5472 perscrutans.Ad
1867 5398 1974 5455 hoc
2003 5401 2208 5472 exqui-

559 5499 690 5565 sivi,
728 5503 793 5553 ut
823 5497 1119 5552 crederem
1147 5495 1204 5547 et
1234 5489 1644 5562 intelligerem.

631 5609 658 5636 ‹‹
685 5591 750 5640 Et
777 5584 1059 5656 loquebar
1090 5581 1160 5636 de
1189 5577 1542 5635 testimoniis
1601 5577 1720 5632 tuis
1774 5576 1832 5630 in
1891 5581 2204 5648 conspectu

560 5680 849 5745 regum,et
881 5690 997 5728 non
1029 5668 1441 5727 confudebar.»
1467 5666 1667 5721 Sciens
1700 5665 1838 5737 quia
1867 5665 1964 5735 qui
1997 5669 2050 5720 te
2073 5683 2205 5722 con-

563 5763 762 5819 fitetur
792 5762 852 5816 in
887 5761 1119 5824 saeculo,
1153 5756 1522 5814 confiteberis
1551 5772 1687 5810 eum
1726 5771 1921 5811 coram
1954 5754 2119 5811 Patre
2149 5760 2205 5812 et

564 5850 788 5926 angelis
819 5851 947 5920 ejus
979 5847 1184 5920 (Matth.
1217 5865 1276 5914 x,
1306 5846 1418 5913 32).
1454 5844 1570 5902 Nos
1600 5860 1735 5899 vero
1759 5845 1806 5898 si
1857 5850 1989 5899 ante
2038 5862 2203 5919 reges

555 5947 613 6003 et
639 5941 921 6020 prmaides
942 5941 1177 6016 propter
1205 5935 1519 5993 Dominum
1551 5933 1835 6009 (111221.18),
1869 5933 2020 5995 sicut
2040 5952 2200 5995 mar-

2331 803 2567 870 tiemus,
2597 804 2716 860 sive
2745 821 2848 876 pro
2873 802 3106 873 justitia
3136 803 3527 875 decertemus,
3559 818 3676 858 non
3725 803 3971 874 confusi,

2331 893 2431 948 sed
2463 897 2796 948 constantes
2819 909 2948 948 esse
2978 892 3283 948 debemus.

2405 1004 2431 1031 ι(
2463 983 2531 1037 Et
2563 981 2889 1036 meditabar
2918 982 2976 1037 in
3012 981 3302 1037 mandatis
3333 981 3453 1038 tuis
3483 999 3610 1054 qua
3643 982 3837 1038 dilexi.
3872 981 3974 1040 »Ut

2331 1087 2477 1142 opus
2511 1070 2928 1142 meditationis,
2961 1070 3289 1127 dilectionis
3343 1072 3646 1144 perficeret
3697 1072 3967 1128 fructum.

2405 1182 2431 1207 «
2467 1158 2534 1214 Et
2561 1158 2742 1216 levavi
2775 1175 2988 1214 manus
3014 1176 3194 1216 meas.
3225 1179 3251 1212 α
3284 1159 3345 1215 Id
3387 1163 3495 1228 est,
3557 1159 3793 1217 elevavi.
3829 1183 3858 1212 ‹‹
3887 1161 3970 1217 A'd

2334 1248 2613 1304 mandata
2644 1265 2769 1320 qua:
2795 1248 2987 1304 dilexi.
3023 1271 3050 1298 »
3095 1251 3140 1303 A
3199 1254 3437 1320 peccato
3495 1250 3771 1317 mundae,
3804 1251 3859 1306 et
3905 1251 3970 1306 ab

2333 1337 2615 1394 effusione
2641 1338 2965 1394 innocentis
2996 1338 3304 1411 sanguinis
3337 1338 3611 1394 alienas:
3656 1343 3725 1394 Et
3762 1356 3975 1396 exerce-

2334 1427 2440 1482 bar
2467 1427 2527 1482 in
2551 1427 3079 1499 justiﬁcationibus
3105 1428 3243 1484 tuis.
3277 1451 3306 1478 »
3341 1431 3412 1483 Ut
3441 1434 3568 1500 quae
3610 1429 3672 1484 in
3729 1429 3820 1485 his
3877 1445 3975 1502 per

2333 1515 2584 1572 litteram
2600 1516 3641 1592 indicabantur,spiritualiterpossim
3657 1519 3970 1577 advertere.

3078 1697 3228 1736 ZAIN.

2408 1845 2434 1872 «
2468 1824 2688 1879 Memor
2717 1828 2839 1880 esto
2869 1824 3028 1880 verbi
3082 1824 3169 1880 tui
3218 1840 3382 1881 servo
3411 1830 3536 1896 tuo,
3591 1825 3836 1882 Domine
3866 1844 3880 1883 :
3912 1827 3972 1886 in

2335 1929 2449 1983 quo
2484 1913 2627 1967 mihi
2661 1929 2824 1984 spem
2857 1912 3088 1968 dedisti.
3119 1936 3139 1963 υ
3173 1912 3372 1968 Talem
3399 1915 3507 1981 ime
3536 1914 3793 1986 digneris
3847 1917 3970 1973 effi-

2334 2017 2482 2068 cere,
2517 2005 2582 2055 ut
2621 2001 2867 2056 idoneus
2899 2001 3115 2056 habear
3136 2001 3236 2071 qui
3271 2000 3425 2056 verbi
3457 2001 3544 2056 tui
3576 2003 3970 2073 memor,inter

2255 2087 2303 2154 B
2334 2106 2641 2162 pressuras
2671 2091 2852 2161 hujus
2883 2090 3213 2162 saeculi,per
3229 2106 3396 2161 spem
3427 2094 3776 2148 mternorum
3799 2091 3971 2148 bono-

2331 2195 2484 2250 rum,
2518 2195 2743 2234 merear
2772 2177 3083 2246 consolari,
3117 2179 3269 2234 sicut
3300 2180 3571 2251 sequitur
3601 2197 3615 2236 :

2402 2292 2430 2318 ‹‹
2463 2272 2596 2323 Haec
2628 2285 2719 2324 me
2750 2268 3150 2324 consolataest
3179 2269 3238 2324 in
3261 2267 3598 2326 humilitate
3629 2286 3759 2327 mea
3789 2287 3803 2326 :
3836 2271 3970 2344 quia

2329 2357 2626 2428 eloquium
2657 2363 2824 2413 tuum
2855 2357 3167 2413 viviﬁcabit
3197 2372 3310 2414 me.
3346 2380 3375 2408 »
3407 2358 3552 2414 Cum
3583 2359 3642 2416 in
3686 2361 3970 2434 angustiis

2330 2449 2544 2518 posito,
2577 2451 2802 2503 aeternas
2840 2447 2967 2501 vita;
3000 2445 3283 2519 pabulum
3310 2447 3740 2506 subministrat.

2405 2555 2432 2586 α
2452 2535 2702 2608 Superbi
2732 2537 2932 2608 inique
2964 2537 3215 2609 agebant
3245 2554 3726 2609 usquequaque.»
3749 2540 3970 2611 Qui,ro-

2328 2624 2812 2682 lictahumilitate
2833 2626 3240 2698 praaceptionis
3265 2627 3494 2696 divinis,
3510 2627 3570 2682 in
3584 2627 3762 2700 hujus
3779 2629 3973 2688 seculi

2327 2715 2684 2771 vanitatibus
2715 2714 3167 2772 extollebantur.
3203 2738 3231 2766 ››
3256 2721 3304 2770 Α
3345 2715 3471 2789 lege
3501 2721 3698 2774 autem
3729 2722 3831 2774 tua
3860 2736 3970 2778 non

2247 2818 2254 2826 ·
2329 2803 2634 2860 declinavi.
2666 2826 2695 2855 »
2730 2805 2876 2870 Quia
2904 2805 2998 2860 ilis
3029 2805 3392 2862 damnationi
3443 2806 3968 2880 appropinquanti-

2329 2892 2461 2962 bus,
2495 2894 2764 2966 erigebar
2795 2894 2855 2949 in
2887 2911 2973 2950 ea.

2402 3002 2431 3032 ‹‹
2463 2982 2652 3037 Memo
2681 2983 2790 3038 fuit
2806 2982 3220 3054 judiciciorum
3252 2988 3509 3040 tuorum.
3539 3007 3568 3037 η
3594 2986 3751 3042 Nihil
3779 2986 3841 3043 in
3863 2987 3967 3046 hac

2326 3069 2445 3126 vita
2473 3071 2783 3144 indignum
2815 3073 2991 3144 gessi,
3025 3076 3295 3129 metuens
3322 3090 3394 3130 ne
3424 3073 3966 3134 hiseendemnaner.

2329 3167 2407 3213 «Α
2441 3160 2978 3228 εωου10,1)οωίῐιθ.››
3012 3163 3098 3216 Ab
3131 3162 3296 3217 initio
3325 3163 3506 3234 hujus
3535 3164 3721 3219 vitam
3749 3165 3970 3221 Eteon-

2329 3248 2558 3305 solatus
2588 3266 2778 3319 sum,»
2814 3251 3094 3306 Securum
3111 3268 3202 3307 me
3220 3251 3412 3307 sciens
3443 3269 3476 3306 a
3495 3253 3719 3324 judicio
3743 3255 3966 3310 mortis.

2329 3362 2356 3387 ‹‹
2388 3338 2736 3396 Consolatus
2769 3357 2958 3407 sum,»
2990 3340 3134 3396 dicit
3157 3341 3286 3414 ipsa
3316 3339 3591 3400 Ecclesia:
3623 3343 3778 3415 quod
3818 3343 3970 3399 Deus

2330 3427 2484 3483 venit
2514 3446 2620 3485 sua
2650 3429 2916 3485 membra
2945 3430 3445 3495 redimere.Quasi
3477 3431 3666 3487 dicat:
3698 3433 3783 3487 Ab
3806 3431 3971 3488 initio

2331 3518 2574 3588 cognovi
2605 3534 2731 3591 ego,
2784 3524 2840 3574 et
2886 3519 3142 3576 intellexi
3195 3537 3298 3591 per
3344 3520 3630 3593 Spiritum
3680 3527 3969 3578 sanctum.

2330 3609 2483 3679 quod
2513 3613 2578 3663 tu
2609 3613 2890 3665 venturus
2921 3626 3050 3665 eras
3081 3609 3141 3664 in
3173 3625 3365 3665 carne.
3926 3616 3933 3620 ’

2402 3720 2429 3746 ‹‹
2463 3697 2716 3753 Defectio
2746 3700 2938 3754 tenuit
2967 3715 3059 3754 me
3105 3715 3208 3770 pro
3263 3698 3666 3771 peccatoribus
3721 3701 3968 3756 derelin-

2329 3787 2647 3858 quentibus
2679 3786 2864 3860 legem
2895 3791 3079 3843 tuam.
3120 3811 3140 3838 ››
3179 3793 3302 3844 Vox
3357 3787 3647 3844 Ecclesiae.
3679 3790 3966 3846 Atrectum

2329 3874 2724 3931 miserationis
2755 3877 3031 3948 ostendit,
3067 3880 3132 3931 ut
3179 3877 3370 3932 doleat
3400 3894 3576 3951 super
3631 3879 3970 3952 praevarica-

2328 3964 2518 4020 tiones
2545 3965 2882 4038 iniquorum
2906 3967 3073 4036 juxta
3103 3964 3247 4021 illud
3304 3966 3566 4039 Apostoli
3599 3984 3611 4024 :
3645 3968 3731 4023 Ob
3785 3970 3961 4026 unius

2327 4054 2578 4110 membri
2635 4054 2892 4111 dolorem
2967 4055 3403 4128 compatiuntur
3455 4055 3653 4112 omnia
3707 4056 3970 4113 membra

2329 4145 2374 4216 (ι
2409 4144 2530 4200 Cor.
2563 4162 2666 4215 χιι,
2692 4145 2803 4217 26).
2840 4145 3093 4216 Ideoque
3123 4163 3236 4201 non
3267 4144 3390 4201 vult
3446 4163 3800 4219 quamquam
3835 4163 3969 4221 pec-

2329 4252 2482 4305 care,
2516 4235 2617 4291 sed
2659 4251 2863 4292 omnes
2911 4233 3074 4307 cupit
3126 4234 3281 4291 viam
3338 4235 3600 4292 veritatis
3657 4252 3969 4308 agnoscere

2326 4325 2376 4390 (I
2407 4325 2539 4379 Tim.
2570 4342 2631 4396 ιι,
2666 4325 2739 4396 4).

2397 4436 2425 4463 ‹‹
2461 4414 2793 4470 Cantabiles
2836 4413 2979 4469 mihi
3013 4417 3178 4470 erant
3223 4413 3678 4485 justificationes
3715 4419 3827 4471 tua
3861 4432 3873 4472 :
3906 4415 3968 4473 in

2324 4505 2449 4560 loco
2483 4503 2968 4577 peregrinationis
2999 4521 3160 4560 mea.
3201 4526 3221 4552 ι
3257 4508 3431 4560 Docet
3485 4521 3591 4561 nos
3645 4505 3954 4578 Propheta,

2323 4597 2382 4652 in
2415 4596 2592 4667 hujus
2624 4593 3352 4668 mundiperegrinationis,
3385 4593 3714 4666 spiritualia
3743 4596 3971 4651 cantica

2323 4685 2504 4743 semel
2535 4702 2674 4740 aure
2708 4689 2983 4757 suscepta
3012 4683 3439 4740 incessabiliter
3466 4685 3795 4753 decantare,
3829 4684 3971 4756 quia

2325 4793 2459 4832 cum
2491 4792 2700 4831 sumus
2731 4775 2790 4829 in
2822 4791 3078 4846 corpore,
3138 4773 3582 4845 peregrinamur
3629 4791 3663 4831 a
3719 4774 3967 4831 Domino

2247 4839 2293 4903 D
2326 4867 2397 4938 (II
2427 4866 2546 4922 Cor.
2579 4882 2634 4932 ν,
2667 4863 2743 4934 6).

2397 4979 2423 5003 ‹‹
2459 4954 2682 5008 Memor
2710 4951 2796 5007 tui
2828 4955 2997 5008 nocte
3034 4951 3292 5007 nominis
3323 4952 3429 5022 tui,
3487 4952 3750 5024 Domine,
3783 4957 3841 5009 et
3868 4970 3969 5010 cu-

2324 5041 2537 5099 stodivi
2568 5041 2756 5114 legem
2788 5045 2973 5096 tuam.
3005 5062 3033 5090 »
3067 5041 3304 5113 Oportet
3350 5041 3529 5107 enim,
3589 5042 3967 5116 fragilitatem

2324 5133 2668 5199 humanam,
2703 5134 2769 5186 ut
2799 5147 2931 5186 cum
2972 5146 3190 5202 smper,
3249 5130 3577 5203 impensius
3632 5136 3826 5188 tamen
3858 5147 3967 5188 uo-

2321 5228 2528 5278 cturno
2560 5226 2820 5293 tempore
2851 5216 3208 5275 memoriam'
3248 5219 3416 5275 faciet
3459 5219 3742 5278 Dominici
3774 5221 3967 5276 nomi-

2319 5312 2411 5368 nis
2445 5329 2458 5367 :
2494 5326 2625 5365 cum
2660 5314 2761 5364 aut
2820 5307 3217 5363 recordatione
3269 5308 3608 5366 divitiarum
3655 5310 3966 5383 premitur,

2318 5404 2419 5456 aut
2477 5397 2956 5470 concupiscentia
3010 5395 3145 5469 igne
3199 5401 3506 5470 torquetur
3562 5403 3618 5456 et
3675 5399 3966 5472 praecipue

2316 5488 2425 5545 hoc
2455 5503 2712 5554 exorare,
2745 5491 2810 5542 ut
2841 5486 2888 5541 si
2920 5485 3105 5557 legem
3137 5485 3238 5542 Dei
3265 5487 3556 5544 custodire
3578 5489 3769 5561 erepit,
3795 5505 3866 5544 ne
3889 5487 3963 5544 ab

2315 5581 2517 5635 eadem
2552 5579 2610 5634 in
2643 5577 2840 5648 aliquo
2873 5573 3203 5630 divellatur.

2389 5692 2410 5718 α
2443 5669 2573 5723 Haec
2606 5668 2756 5722 facta
2785 5669 2875 5720 est
2906 5662 3049 5719 mihi
3084 5681 3097 5719 :
3134 5666 3272 5737 quia
3317 5667 3773 5739 justificationes
3824 5671 3961 5723 tua‘s

2312 5757 2617 5831 exquisivi.
2654 5779 2680 5806 ››
2715 5754 2885 5810 Facta
2914 5759 3004 5810 est
3032 5755 3174 5810 mihi
3207 5756 3329 5813 haec
3367 5741 3476 5812 Ἰθχ
3517 5756 3860 5827 consolatio,
3895 5760 3957 5812 et

2313 5865 2427 5903 non
2459 5845 2804 5903 scandalum
2840 5861 2852 5899 :
2888 5847 2951 5898 ut
2977 5843 3319 5918 diligentius
3341 5846 3796 5919 justiﬁcationes
3825 5850 3966 5902 tuas

2314 5936 2563 5998 scrutari
2592 5935 2866 5995 valerem.
2897 5933 3015 5994 Nos
3069 5951 3298 6011 suoque
3355 5937 3699 6013 suppliciter
3750 5951 3964 6002 exora-
