4244 6572
338 449 492 514 1265

1493 451 1985 514 BREVIARIUM
2035 449 2112 512 lN
2156 452 2297 513 PSA
2315 451 2545 515 LMOS.

3580 445 3736 509 1266

334 601 467 642 mus
498 581 849 641 Dominum:
881 587 945 636 ut
979 580 1620 653 nobisjustiﬁcationes
1653 601 1789 637 suas
1834 583 1975 638 insi-
2007 589 2058 656 Α
2091 583 2218 639 illos
2252 585 2349 656 qui
2386 590 2562 639 Deum
2583 585 2788 639 timent
2810 582 3014 639 timore
3045 587 3267 654 sancto,
3319 585 3375 639 et
3432 599 3538 640 sua
3571 597 3739 642 man-

334 680 494 746 nuet,
511 674 636 730 vias
654 676 888 740 reseret,
914 670 1206 727 mirabilia
1227 671 1499 736 declaret,
1526 676 1581 725 et
1603 672 1650 726 si
1671 673 1810 742 quid
1838 671 1982 743 legis

335 763 744 820 umbraculum
766 759 1036 826 occultet,
1070 759 1367 814 Paracleto
1396 758 1787 826 illuminante,
1827 777 1980 815 reve-

331 852 429 920 let,
464 857 529 907 ut
580 851 627 907 si
687 849 1066 906 beatitudinis
1115 846 1371 920 palmam
1420 864 1539 904 non
1572 847 1978 920 adipiscimur,

333 942 540 999 saltem
571 939 658 996 vel
697 956 800 1012 pro
831 937 1055 994 delictis
1109 937 1336 992 veniam
1385 953 1836 1009 consequamur.
1876 938 1981 992 Per

330 1031 648 1087 Dominum
683 1033 946 1085 nostrum
977 1027 1178 1082 Jesum
1211 1025 1528 1094 Christum,
1571 1027 1662 1080 cui
1715 1032 1804 1082 est
1844 1043 1978 1082 cum

332 1125 543 1175 eterno
590 1119 754 1174 Patre
799 1122 854 1172 et
905 1115 1122 1188 Spiritu
1173 1121 1394 1186 saneto,
1448 1115 1653 1181 honor,
1707 1120 1764 1170 et
1811 1121 1978 1186 pote-

330 1213 472 1272 stas,
500 1213 558 1262 et
586 1207 770 1279 gloria
801 1206 858 1260 in
891 1205 1087 1262 secula
1119 1205 1489 1260 seculorum.
1521 1206 1728 1260 Arnen.

399 1296 918 1366 Justiﬁcationum,
943 1295 1374 1359 mandatorum,
1401 1294 1977 1366 legum,viarumque

328 1384 734 1442 discretionem
776 1385 903 1456 jam
953 1384 1011 1438 in
1060 1382 1347 1456 superiori
1400 1383 1642 1438 homilia
1674 1383 1978 1454 descripsi-

329 1491 462 1531 mus
491 1473 656 1544 (hom.
691 1475 789 1546 i1);
825 1490 981 1529 nunc
1032 1473 1103 1528 ad
1154 1476 1363 1528 octave
1413 1471 1616 1527 littere
1649 1471 1970 1544 capitulum

325 1567 701 1620 revertamur.

1047 1685 1256 1728 HHBTH.

401 1778 650 1835 «Portio
704 1794 853 1846 mea,
909 1777 1174 1846 Domine,
1247 1775 1365 1832 dixi
1423 1775 1718 1832 custodire
1780 1775 1968 1848 legem

324 1872 508 1925 tuam.
547 1888 575 1922 α
603 1867 710 1932 Qui
741 1865 1020 1940 relinquit
1049 1864 1255 1922 mundi
1286 1865 1646 1937 superbiam,
1678 1865 1969 1922 honorum

324 1957 578 2030 fastigia,
612 1955 1065 2027 divitiarumque
1088 1954 1457 2027 jactantiam.
1489 1959 1546 2009 et
1589 1954 1648 2010 in
1678 1953 1820 2010 celo
1853 1953 1968 2010 col-
2002 1964 2046 2029 Β

322 2047 475 2103 locat
502 2048 830 2113 thesauros,
863 2045 1041 2116 hujus
1073 2045 1261 2117 portio
1293 2044 1546 2100 efﬁcitur
1592 2045 1780 2101 Deus:
1815 2045 1968 2100 sicut

326 2136 527 2193 Petrus
556 2135 638 2191 ait
668 2135 1020 2208 paralytico:
1055 2135 1356 2206 Argentum
1400 2143 1452 2189 et
1505 2151 1710 2190 aurum
1755 2150 1865 2190 non
1889 2138 1968 2190 est

320 2226 464 2281 mihi
486 2251 500 2293 ;
529 2225 627 2282 sed
654 2225 794 2297 quod
823 2225 1012 2292 habeo,
1041 2226 1139 2281 hoc
1165 2226 1268 2280 tibi
1296 2224 1361 2282 d0
1381 2242 1400 2279 .°
1430 2227 1492 2280 In
1537 2226 1762 2279 nomine
1809 2224 1965 2278 Chri-

319 2317 393 2372 sti
435 2318 565 2373 Iesu
613 2331 793 2386 surge,
852 2323 903 2371 et
929 2316 1160 2371 ambula
1189 2316 1324 2385 (Act.
1373 2331 1461 2384 ιιι,
1515 2315 1593 2381 6).
1627 2314 1670 2369 ί)
1715 2329 1968 2385 magnus

320 2405 655 2475 thesaurus,
691 2421 723 2460 ο
755 2403 1010 2460 felicium
1059 2404 1392 2459 divitiarum
1442 2402 1708 2476 egregius
1759 2419 1964 2458 cumu-

318 2493 436 2562 lus,
469 2499 536 2550 ut
565 2494 665 2566 qui
696 2493 884 2566 legem
917 2493 1013 2549 Dei
1044 2493 1319 2560 custodit,
1353 2497 1410 2548 et
1458 2493 1628 2563 cujus
1688 2493 1839 2548 Deus
1877 2495 1968 2548 est

318 2584 529 2656 portio,
563 2583 831 2639 morbida
854 2587 1018 2638 curet
1047 2581 1462 2637 inﬁrmitatum
1489 2581 1500 2636 ι

391 2694 418 2721 ‹«
477 2673 834 2744 Deprecatus
891 2688 1022 2727 sum
1075 2671 1282 2726 faciem
1334 2675 1500 2726 tuam
1552 2671 1612 2726 in
1645 2675 1764 2726 toto
1795 2671 1965 2726 corde

316 2779 470 2818 meo.
503 2786 526 2815 ι
565 2763 716 2817 Bene
767 2761 1059 2833 Propheta
1110 2764 1231 2816 toto
1285 2761 1456 2816 corde
1505 2761 1850 2832 deprecatur
1889 2761 1968 2815 fa-

317 2851 468 2907 ciem
497 2850 620 2922 Dei,
655 2851 754 2921 qui
789 2852 1077 2906 mundum
1105 2867 1204 2905 cor
1232 2867 1295 2905 se
1326 2849 1486 2905 novit
1533 2849 1763 2905 habere.
1815 2851 1968 2905 Beati

315 2942 466 2998 enim
504 2939 709 2998 mundo
761 2940 938 3010 corde,
997 2940 1257 3011 quoniam
1316 2941 1426 3010 ipsi
1481 2940 1651 2994 Deum
1711 2939 1967 2994 videbunt

317 3029 528 3102 (Matth.
586 3047 641 3101 ν,
701 3031 776 3100 8).
837 3052 864 3079 ‹‹
924 3029 1198 3086 Miserere
1257 3028 1372 3084 mei
1445 3028 1771 3083 secundum
1846 3027 1964 3083 elo-

317 3118 525 3192 quium
551 3123 743 3174 tuum.
782 3140 803 3168 »
868 3135 971 3190 per
1027 3119 1182 3189 quod
1235 3116 1559 3188 promisisti
1590 3121 1655 3172 ut
1700 3122 1964 3188 peccato-

312 3223 447 3264 rum
517 3207 576 3262 in
645 3210 834 3262 morte
901 3223 1015 3261 non
1073 3207 1370 3276 obrueres,
1431 3205 1531 3260 sed
1563 3204 1966 3261 misericordia

311 3295 722 3365 consolareris.

383 3406 412 3436 ‹‹
442 3383 699 3458 Cogitavi
751 3383 874 3439 vias
926 3399 1106 3438 meas.
1139 3401 1166 3433 ι)
1220 3381 1380 3445 Quod
1415 3385 1580 3436 recte
1611 3385 1792 3437 erant.
1829 3405 1856 3431 «
1891 3382 1959 3437 Et

303 3474 560 3542 converti
593 3473 768 3546 pedes
800 3488 961 3528 meos
1007 3470 1066 3526 in
1117 3469 1454 3527 testimonia
1511 3473 1630 3526 tua.
1669 3492 1696 3518 ››
1739 3470 1957 3526 Sensus

299 3581 466 3621 meos
497 3563 556 3618 in
587 3567 690 3619 tua
745 3565 1071 3634 precepta:
1131 3565 1194 3614 ut
1247 3559 1554 3615 observare
1597 3559 1864 3629 debeam,
1900 3563 1956 3615 et

297 3669 475 3728 opere
504 3651 851 3725 compleam.
1882 3708 1892 3714 θ

364 3743 662 3800 «Paratus
691 3758 848 3810 sum,
899 3744 1098 3796 etnon
1158 3755 1292 3794 sum
1353 3737 1644 3794 turbatus.
1706 3741 1952 3795 Paratus

288 3849 450 3899 sum,
483 3855 511 3882 ››
545 3832 616 3887 ad
647 3829 1088 3905 predicandum
1120 3845 1133 3883 :
1159 3851 1188 3878 «
1209 3828 1333 3884 Non
1353 3844 1483 3882 sum
1503 3828 1799 3893 turbatus,
1826 3849 1854 3875 ››
1877 3828 1948 3882 ad

286 3921 734 3988 tribulationem
759 3918 1168 3977 sustinendam
1200 3921 1435 3988 propter
1460 3915 1780 3973 Christum.
1817 3940 1843 3966 ‹‹
1882 3916 1950 3972 Ut

289 4009 622 4078 custodiam
653 4009 934 4064 mandata
962 4011 1082 4063 tua.
1115 4030 1142 4057 ››
1173 4006 1298 4061 Non
1333 4021 1426 4062 me
1448 4005 1948 4062 conturbaverunt

288 4099 498 4171 iniqua
526 4097 1006 4172 exprobrantium
1029 4093 1246 4166 jacula.

370 4188 622 4244 «Funes
681 4188 1051 4258 peccatorum
1111 4181 1490 4254 circumplexi
1552 4187 1692 4238 sunt
1744 4200 1855 4254 me,
1888 4189 1945 4238 et

286 4277 480 4349 legem
510 4280 675 4332 tuam
732 4290 847 4329 non
905 4289 1036 4330 sum
1095 4270 1332 4329 oblitus.
1369 4272 1516 4327 »Ab
1575 4271 1944 4344 improperiis

285 4362 662 4439 peccantium
694 4378 756 4418 se
777 4364 1124 4433 conseptum
1177 4361 1461 4433 propheta
1509 4360 1670 4427 dicit,
1721 4377 1824 4418 nec
1856 4366 1942 4416 ta-

284 4471 425 4514 men
456 4451 602 4525 legis
624 4451 833 4506 divine
857 4466 919 4506 se
953 4449 1034 4505 ait
1075 4449 1481 4505 immemorem
1510 4467 1522 4506 :
1558 4449 1749 4506 sciens
1778 4466 1943 4522 Opor-

280 4551 408 4604 tere
429 4559 537 4600 nos
557 4557 662 4615 per
679 4540 897 4598 multas
919 4537 1334 4596 tribulationes
1355 4539 1669 4595 introirein
1693 4555 1938 4612 regnum

280 4632 391 4691 Dei
417 4635 534 4690 Act.
557 4649 674 4697 xxv,
704 4632 818 4700 21).

360 4721 611 4778 aMedia
641 4724 809 4776 nocte
867 4718 1180 4792 surgebam
1237 4718 1308 4774 ad
1366 4715 1763 4773 conﬁtendum
1809 4717 1936 4786 tibi,
1969 4704 2234 4776 Dtiones
2288 4724 2442 4774 tuas.
2501 4741 2522 4767 ι

281 4829 466 4886 super
486 4809 714 4884 judicia
725 4807 972 4881 justitie
999 4812 1132 4864 tue.
1157 4829 1186 4857 »
1210 4806 1330 4863 Scit
1359 4805 1515 4862 enim
1537 4805 1727 4861 medio
1749 4806 1936 4862 noctis

281 4909 552 4975 tempore
580 4899 669 4956 vel
699 4897 957 4972 pericula
987 4897 1124 4969 pati,
1175 4895 1262 4952 vel
1311 4895 1551 4968 premia
1600 4912 1661 4951 se
1703 4897 1938 4967 assequi

281 5007 484 5068 posse,
517 4989 654 5061 quia
702 4988 855 5044 sicut
902 4987 1096 5043 media
1150 4989 1318 5041 nocte
1376 4986 1667 5057 percussit
1695 4984 1939 5057 angelus

279 5083 599 5154 Egyptum
631 5077 823 5145 (Exod.
865 5095 966 5145 ΧΠ,
1011 5077 1126 5145 29),
1161 5076 1242 5130 ita
1285 5075 1479 5131 media
1505 5080 1672 5131 nocte
1705 5075 1936 5147 sapien-

278 5177 378 5229 tes
434 5168 693 5243 virgines
750 5167 1205 5223 introducuntur
1262 5166 1332 5221 ad
1389 5181 1674 5237 sponsum
1717 5165 1934 5236 (Matth.

277 5277 418 5328 xxv,
449 5260 506 5327 6,
549 5259 658 5326 10).
712 5257 781 5311 Et
830 5255 1018 5311 multa
1065 5259 1205 5312 sunt
1250 5254 1365 5311 alia
1412 5253 1482 5308 de
1544 5253 1736 5309 media
1767 5257 1935 5308 nocte

280 5347 648 5407 testimonia.
680 5346 812 5402 Ideo
836 5345 930 5399 hic
958 5360 1024 5399 eo
1057 5348 1319 5416 tempore
1351 5342 1538 5414 surgit
1569 5341 1941 5426 cumjudicio

281 5454 357 5497 ac
377 5435 641 5510 justitia,
671 5440 736 5491 ut
767 5433 922 5506 quod
955 5437 1218 5506 posceret
1245 5436 1656 5503 consequatur.

373 5549 400 5580 α
429 5525 727 5598 Particeps
777 5540 882 5596 ego
931 5539 1064 5578 sum
1111 5522 1377 5578 omnium
1426 5521 1758 5576 timentium
1806 5523 1859 5574 te
1890 5523 1946 5576 et

289 5613 754 5676 custodientium
787 5613 1063 5669 mandata
1093 5615 1215 5667 tua.
1250 5635 1278 5661 »
1305 5611 1482 5668 David
1515 5609 1802 5682 particeps
1823 5615 1948 5664 erat

294 5709 362 5763 in
397 5719 574 5778 regno
607 5704 680 5759 ad
725 5718 930 5760 omnes
982 5700 1249 5757 homines
1301 5701 1399 5774 qui
1451 5699 1820 5756 sustinebant
1844 5697 1945 5752 tri-

293 5793 698 5862 bulationem;
757 5796 816 5849 et
869 5792 1040 5850 modo
1102 5790 1352 5848 Ecclesia
1408 5790 1696 5864 particeps
1747 5791 1835 5844 est
1874 5789 1946 5846 ad

2093 675 2228 729 data
2258 673 2521 746 implent.
2561 675 2854 746 Particeps
2885 679 2973 730 est
3003 691 3133 730 cum
3169 671 3284 729 illis
3335 673 3392 729 in
3445 673 3575 743 fide,
3609 689 3734 748 spe,

2092 763 2393 819 charitate.

2163 876 2191 903 ‹‹
2226 853 2622 909 Misericordia
2676 853 2908 909 Domini
2966 853 3137 924 plena
3187 856 3274 908 est
3304 856 3476 908 terra.
3512 877 3539 904 ››
3585 855 3733 911 Cum

2090 942 2272 998 solem
2304 959 2476 998 suum
2510 942 2646 998 oriri
2679 942 2816 998 facit
2840 949 3023 1014 super
3078 941 3262 996 bonos
3318 947 3374 997 et
3430 941 3638 1010 malos,
3677 947 3736 1000 et

2089 1031 2239 1103 pluit
2268 1049 2446 1104 super
2467 1033 2662 1103 justos
2694 1036 2751 1086 et
2780 1031 3035 1102 injustos
3084 1031 3292 1101 (Matth.
3342 1049 3396 1101 v,
3431 1033 3539 1102 45).
3575 1055 3604 1084 ‹‹
3633 1033 3735 1090 Ju-

2089 1119 2470 1176 stiﬁcationes
2497 1125 2629 1175 tuas
2660 1120 2800 1175 doce
2860 1137 2972 1175 me.
3008 1142 3035 1168 ››
3068 1120 3148 1174 Ne
3207 1119 3419 1176 similis
3470 1121 3606 1176 ﬁam
3639 1121 3730 1179 his

2088 1209 2185 1280 qui
2219 1209 2498 1265 habentes
2529 1209 2783 1265 scientie
2807 1207 3046 1273 clavem,
3073 1208 3387 1280 nequeipsi
3407 1209 3724 1279 introeunt,

2087 1315 2270 1370 neque
2326 1298 2472 1355 alios
2531 1298 2771 1354 introire
2803 1298 3164 1370 ipermittunt
3194 1298 3344 1369 (Luc.
3378 1315 3456 1355 x1.
3491 1300 3602 1371 52).
3635 1301 3734 1356 Mi-

2085 1389 2461 1445 sericordiam
2521 1389 2673 1456 fecit,
2734 1388 2966 1460 quando
3032 1386 3191 1442 venit
3256 1403 3362 1445 nos
3421 1389 3727 1456 redimere,

2085 1479 2223 1534 Inde
2254 1484 2341 1534 est
2407 1479 2581 1551 plena
2644 1484 2818 1545 terra,
2888 1478 2944 1532 id
3013 1481 3123 1546 est,
3190 1480 3393 1532 sancta
3445 1477 3725 1535 Ecclesia.

2081 1569 2601 1625 «Justiﬁcationcs
2671 1573 2804 1624 tuas
2872 1568 3012 1624 doce
3078 1582 3192 1624 me.
3227 1587 3255 1617 »
3290 1565 3407 1624 Hoc
3475 1571 3583 1639 est,
3624 1573 3728 1625 tua

2081 1659 2377 1730 mandata,
2402 1663 2467 1715 ut
2489 1659 2587 1716 illa
2617 1657 2940 1730 intelligam
2986 1660 3046 1714 et
3091 1655 3420 1730 predicem,
3469 1660 3527 1714 et
3553 1673 3727 1730 opere

2077 1746 2379 1819 impleam.

2818 1872 2980 1914 TETH.

2148 1985 2177 2013 ‹‹
2212 1963 2532 2020 Bonitatem
2582 1962 2769 2018 iecisti
2819 1979 2955 2018 cum
3005 1979 3171 2018 servo
3228 1967 3351 2028 tuo,
3397 1963 3656 2021 Domine.
3691 1983 3722 2015 »

2077 2054 2198 2109 Vox
2223 2053 2518 2124 Prophete
2576 2053 2635 2108 in
2692 2068 2942 2123 persona
2997 2050 3282 2107 Ecclesie.
3317 2074 3346 2101 ‹‹
3396 2053 3723 2110 Bonitatem

2077 2143 2288 2207 fecisti,
2324 2164 2352 2190 »
2381 2141 2617 2212 quando
2652 2141 2710 2194 in
2743 2157 2916 2196 carne
2944 2139 3176 2206 venisti,
3231 2143 3287 2194 et
3335 2157 3442 2197 nos
3473 2142 3724 2197 redemi-

2077 2231 2151 2286 sti
2183 2231 2455 2302 ;quando
2479 2229 2635 2301 quod
2681 2229 3003 2300 promisisti
3034 2230 3106 2285 ad
3141 2228 3457 2298 Abraham,
3501 2235 3559 2286 et
3591 2230 3723 2287 reli-

2077 2336 2225 2392 quos
2257 2323 2451 2392 patres
2482 2317 2839 2390 adimplesti,
2894 2321 2960 2372 ut
3003 2317 3188 2386 illud;
3223 2324 3273 2374 et
3302 2322 3361 2374 in
3397 2321 3601 2376 semine
3626 2324 3717 2376 tua

2077 2408 2470 2465 benedicentur
2525 2424 2708 2464 omnes
2762 2413 2944 2478 gentes
3001 2407 3151 2475 (Gen.
3197 2425 3336 2478 xm,
3376 2409 3479 2480 18).
3516 2429 3545 2460 «
3573 2412 3716 2466 Cum

2075 2514 2239 2554 servo
2267 2502 2364 2553 tuo
2399 2515 2465 2564 ;»
2501 2496 2715 2568 populo
2758 2495 3108 2552 Christiano.
3137 2519 3165 2546 «
3217 2497 3552 2554 Secundum
3599 2514 3724 2554 ver-

2075 2587 2216 2642 bum
2249 2591 2438 2641 tuum.
2459 2585 2756 2641 »Verbum
2780 2584 2971 2639 Patris
2992 2583 3172 2640 Filius
3199 2589 3308 2641 est.
3339 2607 3360 2636 ι
3387 2585 3724 2646 Secundum

2074 2676 2317 2731 verbum
2347 2679 2514 2730 tuum
2541 2692 2554 2741 ;
2590 2697 2618 2724 »
2651 2677 2716 2730 ut
2745 2676 3082 2744 peccantem
3113 2689 3207 2729 me
3229 2672 3424 2731 nonin
3447 2675 3535 2732 ira
3557 2676 3727 2748 puni-

2076 2782 2188 2832 res,
2250 2765 2350 2819 sed
2411 2763 2814 2819 misericordia
2872 2761 3277 2818 consolareris.
3316 2785 3337 2811 α
3393 2762 3721 2824 Bonitatem

2074 2858 2129 2909 et
2159 2852 2551 2925 disciplinam,
2584 2856 2641 2908 et
2670 2851 2976 2908 scientiam
3007 2852 3148 2908 doce
3180 2867 3291 2908 me.
3329 2873 3358 2900 »
3386 2851 3510 2908 Vox
3533 2851 3722 2912 Eccle-

2075 2942 2190 2998 sie.
2233 2945 2380 2996 Ante
2436 2942 2718 2996 debuerat
2772 2939 2963 2996 dicere
3021 2940 3349 3008 scientiam,
3407 2944 3464 2996 et
3515 2945 3720 3014 postea

2074 3030 2480 3103 disciplinam;
2533 3029 2672 3101 quia
2719 3047 2833 3086 non
2889 3033 3077 3101 potest
3130 3029 3303 3085 homo
3355 3030 3545 3086 bonus
3591 3047 3721 3089 esse

2074 3119 2186 3178 nisi
2220 3120 2523 3176 scientiam
2555 3120 2787 3176 habeat.
2816 3118 3058 3184 Qualem
3115 3118 3436 3176 bonitatem
3489 3135 3552 3176 se
3583 3119 3724 3178 dicit

2073 3210 2308 3266 facere?
2339 3209 2484 3275 Quia
2515 3209 2616 3264 dat
2661 3207 2920 3280 pluviam
2979 3222 3156 3279 super
3210 3211 3448 3274 terram,
3499 3212 3555 3264 et
3585 3208 3723 3266 facit

2073 3298 2254 3356 solem
2278 3313 2454 3353 suum
2481 3296 2616 3353 oriri
2637 3313 2814 3366 super
2833 3297 3018 3351 bonos
3039 3299 3096 3351 et
3118 3293 3326 3361 malos,
3351 3300 3408 3352 et
3436 3295 3590 3367 pluit
3617 3314 3716 3353 su-

2071 3404 2175 3460 per
2197 3388 2394 3458 justos
2424 3389 2479 3440 et
2508 3385 2783 3456 injustos.
2819 3405 2846 3436 «
2879 3385 2947 3438 Et
2977 3382 3375 3454 disciplinam,
3409 3406 3438 3433 »
3459 3384 3570 3441 hoc
3600 3389 3711 3454 est,

2067 3481 2132 3531 ut
2162 3475 2435 3547 primitus
2496 3474 2554 3528 in
2615 3490 2675 3528 se
2732 3473 2941 3528 debeat
2996 3488 3359 3538 mensurare,
3416 3477 3472 3528 et
3527 3473 3713 3530 facere

2064 3563 2464 3636 disciplinam,
2496 3568 2552 3618 et
2582 3567 2783 3634 postea
2829 3562 2888 3616 in
2938 3560 3090 3616 aliis.
3130 3581 3152 3609 ι
3195 3563 3266 3617 Et
3321 3561 3647 3634 scientiam,
3676 3583 3708 3617 ι

2063 3653 2171 3709 hoc
2203 3658 2312 3723 est,
2349 3657 2412 3708 ut
2461 3651 2871 3707 discretionem
2921 3650 3153 3720 habeat,
3205 3654 3264 3706 et
3318 3650 3464 3706 sciat
3493 3651 3712 3710 discer-

2062 3759 2198 3798 nere
2219 3742 2372 3798 inter
2394 3743 2612 3798 bonum
2635 3745 2691 3796 et
2713 3741 2956 3807 malum,
2980 3740 3135 3796 inter
3158 3739 3338 3796 vitam
3364 3744 3421 3796 et
3439 3744 3712 3809 mortem,

2059 3832 2213 3888 inter
2243 3849 2456 3904 corpus
2486 3836 2544 3887 et
2575 3831 2851 3887 animam.
2887 3853 2915 3878 «
2968 3835 3118 3887 Doce
3171 3845 3285 3900 me,
3321 3851 3348 3878 ››
3400 3834 3466 3886 ut
3495 3829 3709 3887 intelli-

2057 3938 2193 3994 gam
2225 3926 2328 3977 tua
2353 3921 2630 3977 mandata
2655 3936 2826 3992 opere
2866 3917 3132 3990 implere.
3166 3940 3194 3967 «
3241 3917 3388 3984 Quia
3416 3917 3711 3975 mandatis

2056 4011 2175 4066 tuis
2201 4009 2442 4065 credidi.
2465 4032 2493 4060 »
2520 4009 2828 4079 Propterea
2858 4008 2999 4061 doce
3021 4021 3135 4073 me,
3162 4005 3302 4078 quia
3321 4004 3380 4061 in
3410 4005 3528 4063 tuis
3559 4023 3706 4078 pre-

2056 4099 2238 4172 ceptis
2270 4097 2528 4166 credidi;
2561 4097 2618 4151 id
2653 4100 2760 4165 est,
2794 4111 2966 4166 opere
2996 4093 3255 4167 implevi.

2132 4210 2154 4236 «
2190 4185 2538 4256 Priusquam
2572 4182 2916 4239 humiliarer
2942 4197 3048 4255 ego
3107 4179 3348 4255 deliqui,
3398 4185 3706 4255 propterea

2054 4275 2353 4349 eloquium
2403 4279 2570 4330 tuum
2628 4270 2937 4329 custodivi.
2989 4292 3017 4321 »
3078 4271 3444 4327 Precedente
3493 4269 3703 4328 delicto

2052 4364 2458 4430 humiliamur,
2483 4367 2539 4418 et
2562 4378 2664 4435 per
2684 4360 2794 4416 hoc
2816 4359 3139 4430 erudimur,
3163 4363 3230 4415 ut
3253 4357 3486 4430 eloquia
3507 4358 3705 4416 divina

2050 4453 2477 4510 custodiamus.

2125 4566 2152 4591 «
2187 4543 2382 4598 Bonus
2439 4557 2502 4596 es
2555 4544 2644 4608 tu,
2701 4537 2966 4594 Domine.
3003 4559 3031 4586 ››
3089 4535 3236 4602 Quia
3291 4551 3464 4592 nemo
3511 4536 3703 4594 bonus

2050 4631 2166 4687 nisi
2199 4635 2259 4686 tu
2294 4629 2475 4687 solus.
2516 4651 2543 4680 ‹‹
2572 4629 2641 4683 Et
2693 4627 2752 4681 in
2792 4625 3050 4682 bonitate
3099 4626 3241 4682 doce
3287 4641 3382 4681 me
3411 4624 3702 4698 justiﬁca-

2588 4718 2664 4773 Eo
2724 4716 2881 4788 quod
2941 4716 3107 4772 bone
3167 4715 3304 4784 sint,
3357 4715 3512 4772 sicut
3553 4719 3611 4773 et
3636 4719 3702 4773 tu

2049 4809 2238 4865 bonus
2270 4823 2353 4864 es.

2125 4924 2152 4947 ‹‹
2186 4895 2569 4969 Multiplicata
2599 4902 2689 4952 est
2734 4911 2912 4968 super
2963 4910 3057 4951 me
3100 4894 3383 4968 iniquitas
3413 4893 3701 4966 superbo-

2048 5005 2218 5056 rum;
2261 5003 2366 5059 ego
2424 4989 2620 5042 autem
2679 4985 2739 5040 in
2804 4988 2923 5040 toto
2977 4984 3149 5039 corde
3205 4999 3334 5039 meo
3393 4981 3700 5038 scrutabor

2049 5077 2326 5132 mandata
2355 5079 2476 5131 tua.
2509 5097 2536 5124 »
2581 5079 2722 5130 Cum
2767 5074 2922 5131 enim
2966 5073 3205 5128 verbera
3249 5071 3446 5126 divina
3491 5085 3584 5126 me
3611 5087 3698 5126 ar-

2051 5170 2316 5241 guerent,
2349 5170 2406 5221 et
2433 5165 2669 5238 superbi
2726 5163 2920 5220 seculi
2975 5162 3346 5226 lacesserent,
3392 5160 3690 5218 dicentes:

2051 5256 2159 5312 Ubi
2191 5253 2498 5322 auxilium,
2563 5253 2661 5309 ubi
2722 5268 2856 5324 spes
2911 5255 3034 5321 tua,
3090 5249 3190 5306 ubi
3222 5253 3312 5306 est
3335 5249 3567 5305 bonitas
3596 5247 3695 5306 Dei

2052 5345 2178 5411 tui;
2239 5361 2343 5416 ego
2404 5343 2683 5398 mandata
2737 5347 2840 5395 tua
2891 5338 3295 5395 vehementius
3369 5337 3692 5404 scrutabar,

2053 5433 2509 5488 consolationem
2542 5429 2845 5500 requirens
2877 5429 2936 5482 in
2966 5428 3071 5484 eis.

2127 5546 2155 5572 «
2189 5520 2570 5594 Coagulatum
2626 5524 2715 5574 est
2770 5518 2922 5574 sicut
2972 5517 3062 5573 lac
3117 5535 3216 5574 cor
3261 5534 3485 5575 eorum.
3520 5540 3549 5568 »
3590 5518 3700 5576 Lac

2055 5629 2189 5668 cum
2224 5616 2431 5666 natura
2454 5625 2631 5663 suave
2653 5608 2749 5674 sit,
2772 5611 3110 5679 corruptum
3159 5612 3353 5664 tamen
3402 5606 3539 5663 vitio
3571 5623 3702 5664 coa-

2055 5702 2295 5772 gulatur
2323 5705 2379 5754 et
2410 5697 2644 5753 acescit.
2698 5697 2781 5752 Ita
2821 5702 2877 5752 et
2906 5697 3144 5768 superbi
3192 5697 3251 5752 id
3282 5701 3390 5767 est,
3424 5697 3700 5769 heretici,

2056 5789 2224 5846 dulce
2283 5805 2381 5844 cor
2437 5786 2652 5845 sanctis
2722 5786 3036 5860 Scripturis
3108 5787 3270 5860 prius
3331 5787 3700 5861 habuerunt;
