4244 6572
541 456 697 526 1267

2032 459 2453 527 APPENDIX.

3788 458 3944 528 1268

539 598 645 655 sed
674 600 1068 670 pervertentes
1096 615 1195 656 eas
1225 560 1287 656 in
1318 598 1599 657 ebrietate
1646 615 1859 656 sensus
1906 599 2020 668 sui,
2052 617 2184 656 coa-
2213 598 2269 665 Α
2371 622 2399 649 ‹‹
2430 599 2875 657 Confundantur
2904 600 3162 673 superbi,
3212 599 3351 672 quia
3396 598 3615 673 injuste
3663 598 3941 674 iniquita-

542 686 726 761 gulati
757 691 933 760 atque
963 689 1231 746 acerrimi
1263 689 1397 746 facti
1430 694 1588 746 sunt.
1625 711 1647 742 ι
1685 691 1800 763 Ego
1827 706 1961 746 vero
1999 690 2188 762 legem

540 780 707 833 tuam
739 777 1056 836 meditatus
1087 795 1237 835 sum.
1272 801 1300 829 ››
1337 780 1441 836 Per
1470 796 1648 851 quam
1683 779 1971 851 superbos
2000 779 2190 835 humi-

541 864 676 934 lias,
710 883 814 939 per
841 883 1019 939 quam
1050 867 1375 924 humilibus
1405 867 1654 941 gratiam
1686 872 1948 940 prmstas.

602 972 647 1006 '«
678 956 905 1012 Bonum
935 956 1080 1012 mihi
1127 957 1283 1029 quod
1334 956 1659 1013 humiliasti
1717 974 1846 1024 me;
1881 961 1946 1012 ut
1970 957 2191 1013 discam

533 1045 995 1116 justiﬁcationes
1024 1050 1176 1102 tuas.
1214 1069 1239 1095 ››
1272 1050 1394 1103 Vox
1422 1046 1689 1102 Ecclesiae
1743 1047 1922 1103 dicit:
1969 1048 2192 1103 Bonum

544 1131 694 1189 mihi
723 1134 832 1189 fuit
861 1135 1015 1206 quod
1039 1152 1131 1191 me
1161 1135 1523 1205 humiliasti;
1558 1136 1697 1207 quia
1724 1154 1828 1209 per
1856 1136 1967 1192 hoc
2015 1136 2194 1192 didici

543 1225 651 1278 tua
679 1223 959 1280 mandata
989 1223 1309 1297 implerein
1345 1226 1701 1297 operatione.
1736 1248 1763 1277 ‹‹
1790 1227 2015 1282 Bonum
2048 1227 2194 1281 mihi

547 1313 703 1383 quod
769 1311 1096 1369 humiliasti
1168 1330 1282 1382 me,
1351 1318 1417 1370 ut
1471 1314 1697 1371 discam
1736 1316 2195 1387 justificationes

544 1404 702 1456 tuas.
738 1422 767 1450 »
798 1401 945 1468 Quia
991 1418 1110 1459 non
1157 1402 1219 1458 in
1263 1404 1559 1477 superbia,
1611 1406 1712 1461 sed
1773 1405 1832 1460 in
1862 1404 2198 1461 humilitate

549 1488 877 1546 discuntur.

623 1580 900 1637 «Bonum
932 1580 1078 1637 mihi
1100 1582 1191 1639 lex
1219 1582 1338 1640 oris
1364 1583 1475 1652 tui,
1506 1600 1684 1657 super
1733 1584 1921 1640 millia
1969 1584 2097 1641 auri
2144 1590 2202 1641 et

551 1672 796 1743 argenti.
828 1693 849 1720 ιο
873 1675 985 1727 Lex
1013 1671 1130 1729 oris
1154 1673 1251 1729 Dei
1273 1673 1544 1730 Christus
1594 1679 1684 1731 est
1710 1691 1724 1729 :
1768 1675 1867 1746 qui
1899 1692 2015 1731 non
2043 1676 2202 1731 venit

551 1758 743 1833 legem
779 1758 1021 1831 solvere,
1059 1762 1161 1818 sed
1210 1762 1532 1835 adimplere
1563 1764 1774 1834 (Matth.
1805 1781 1841 1819 v
1870 1764 1982 1836 l7).
2017 1765 2200 1828 Quem

554 1847 878 1920 praevidens
908 1848 1198 1921 Propheta
1224 1867 1402 1923 super
1448 1868 1652 1908 omnes
1706 1853 2016 1909 thesauros
2064 1869 2201 1909 con-

2298 693 2414 746 tem
2466 690 2726 746 fecerunt
2784 691 2845 746 in
2900 707 3013 746 me.
3048 714 3076 742 »
3108 691 3552 747 Confundantur
3610 690 3669 746 in
3696 694 3946 764 peccatis

2299 781 2443 847 suis,
2477 787 2534 835 et
2589 784 2943 851 cognoscant
3000 796 3062 835 se
3120 780 3319 852 inique
3374 780 3630 853 gessisse
3669 781 3946 839 adversus

2292 870 2544 941 justum.
2586 888 2606 917 α
2640 870 2758 941 Ego
2781 873 2977 925 autem
3000 873 3308 926 exercebor
3327 869 3385 925 in
3413 869 3709 925 mandatis
3737 872 3880 943 tuis,
3917 892 3947 921 »

2301 956 2622 1012 Ostendens
2643 956 2726 1012 eis
2748 974 2875 1028 qua:
2908 961 3170 1029 oporteat
3216 961 3408 1030 age’re.
3442 978 3471 1007 ‹ι
3516 958 3633 1030 Ego
3663 962 3879 1014 autem.
3914 981 3945 1008 »ι

2298 1046 2419 1101 Vox
2481 1045 2769 1101 Ecclesiae.
2810 1067 2836 1098 ‹‹
2892 1047 3211 1102 Exercebor
3263 1047 3323 1101 in
3382 1047 3677 1103 mandatis
3732 1047 3867 1103 tuis.
3918 1071 3947 1098 »

2306 1137 2451 1191 Dum
2476 1136 2572 1191 isti
2594 1135 2919 1207 supradicti
2942 1136 3026 1191 sic
3064 1136 3361 1191 fecerunt:
3391 1153 3495 1209 ego
3542 1135 3603 1191 in
3650 1136 3767 1193 tuis
3795 1154 3947 1209 prat-

2303 1226 2484 1297 ceptis
2514 1224 2594 1279 ibi
2628 1240 2720 1280 me
2750 1240 3008 1280 exerceo.

2377 1337 2405 1365 «
2439 1314 2857 1370 Convertentur
2889 1314 3033 1369 mihi
3074 1315 3349 1370 timentes
3370 1318 3449 1381 te,
3471 1318 3529 1369 et
3547 1314 3646 1386 qui
3668 1321 3951 1372 noverunt

2304 1403 2642 1459 testimonia
2674 1407 2794 1459 tua.
2828 1425 2849 1453 ι
2885 1403 3002 1458 Hoc
3032 1407 3141 1470 est,
3175 1406 3242 1458 ut
3288 1419 3380 1458 me
3431 1403 3690 1474 docente,
3737 1419 3948 1477 cogno-

2308 1498 2535 1548 scentes
2566 1509 2633 1548 ea
2664 1492 2737 1547 ad
2770 1496 2824 1547 te
2855 1492 3116 1548 conversi
3149 1493 3313 1548 ﬁant.

2388 1602 2415 1635 α
2445 1581 2569 1637 Fiat
2599 1598 2698 1637 cor
2726 1597 2922 1637 meum
2955 1580 3401 1636 immaculatum
3433 1581 3493 1635 in
3515 1581 3953 1653 justiﬁcationi-

2309 1672 2420 1727 bus
2450 1672 2590 1739 tuis,
2652 1676 2715 1726 ut
2772 1687 2886 1726 non
2951 1670 3296 1725 confundar.
3330 1693 3358 1721 ››
3394 1670 3463 1725 Et
3510 1670 3647 1743 quia
3675 1672 3744 1727 de
3783 1673 3953 1728 corde

2310 1760 2570 1833 procedit
2592 1759 2983 1816 numerositas
3012 1759 3311 1828 vitiorum,
3364 1759 3517 1815 sicut
3564 1759 3839 1816 Dominus
3870 1762 3954 1817 ait

2314 1851 2373 1905 in
2426 1848 2733 1922 Evangelio
2790 1850 2994 1921 (Matth.
3026 1865 3117 1914 xv,
3154 1849 3281 1920 19):
3333 1848 3461 1905 ideo
3520 1848 3805 1921 Propheta
3842 1850 3951 1905 im-

554 1935 839 2009 cupiscit:
873 1936 1014 2009 quia
1042 1955 1157 1994 non
1182 1939 1375 1995 solum
1406 1941 1626 1997 amicos
1674 1941 1859 2014 diligi,
1893 1943 1993 1998 sed
2025 1943 2199 1999 etiam
2231 1973 2280 2039 B
2313 1938 2669 1994 maculatum
2706 1955 2767 1994 se
2798 1937 2921 1993 ﬁeri
2952 1938 3139 2010 poscit
3166 1936 3226 1992 in
3266 1938 3366 1994 Dei
3409 1938 3949 2009 justiﬁcationibus,

553 2023 810 2085 inimicis
842 2027 1107 2100 pracipit
1134 2028 1378 2100 ignosci.

1319 2154 1432 2194 IOD.

569 2254 581 2261 δ
624 2266 654 2294 υ
688 2242 897 2300 Manus
928 2247 1043 2300 tute
1074 2244 1337 2301 fecerunt
1364 2262 1459 2301 me
1506 2250 1563 2302 et
1620 2245 2061 2319 plasmaverunt
2090 2265 2204 2315 me,

554 2330 630 2388 da
657 2330 805 2388 mihi
859 2330 1223 2388 intellectum
1277 2337 1343 2389 ut
1398 2333 1623 2391 discam
1683 2336 1966 2391 mandata
2015 2340 2138 2392 tua.
2177 2360 2205 2385 »

553 2419 836 2493 Magnum
859 2425 948 2477 est
976 2420 1133 2478 enim
1163 2427 1229 2478 ut
1258 2440 1319 2479 se
1348 2423 1522 2479 homo
1555 2423 1843 2496 intelligat
1873 2442 2053 2481 manu
2106 2426 2205 2481 Dei

555 2511 777 2566 factum
807 2509 1300 2583 plasmatumque,
1332 2517 1390 2568 et
1429 2513 1501 2568 ad
1550 2514 1677 2584 ejus
1728 2514 2048 2587 imaginem
2081 2531 2209 2571 esse

555 2599 969 2671 compositum.
1021 2601 1184 2668 Quod
1237 2602 1286 2658 si
1337 2604 1673 2675 cognoverit
1722 2604 2031 2660 scientiam
2082 2622 2209 2676 pos-

557 2704 686 2746 cere
716 2688 906 2759 debet,
932 2693 997 2746 ut
1021 2692 1298 2748 mandata
1327 2692 1454 2763 ejus
1493 2691 1780 2766 intelligat
1808 2698 1985 2767 atque
2015 2699 2208 2750 custo-

558 2778 683 2835 diat
705 2796 719 2835 :
743 2796 815 2836 ne
836 2779 1113 2837 recedens
1139 2782 1210 2838 ab
1232 2781 1338 2850 eis,
1364 2782 1465 2855 qui
1490 2781 1599 2839 fuit
1616 2783 1809 2856 imago
1844 2784 1939 2840 Dei
1969 2784 2212 2857 incipiat

562 2868 760 2945 imago
789 2885 919 2926 esse
948 2869 1186 2927 diaboli.

578 2956 581 2957 ⁷
639 2978 667 3007 «ι
696 2958 805 3021 Qui
862 2957 1075 3014 timent
1120 2963 1179 3014 te
1221 2959 1502 3016 videbunt
1541 2978 1653 3030 me,
1687 2966 1743 3018 et
1773 2962 2144 3018 laztabuntur.
2177 2982 2203 3015 ιι

561 3045 686 3102 Vox
714 3040 1003 3112 Ecclesiae,
1034 3046 1144 3102 hoc
1173 3052 1283 3118 est,
1343 3052 1409 3103 ut
1462 3048 1548 3104 illi
1608 3051 1709 3121 qui
1766 3050 1950 3106 Deum
1981 3051 2209 3124 timent,

562 3130 799 3190 videant
828 3149 1003 3189 suum
1041 3133 1424 3208 intellectum,
1484 3141 1540 3193 et
1595 3137 1859 3195 laetitiam
1918 3139 2209 3197 habeant:

565 3222 706 3294 quia
733 3222 989 3279 Ecclesia
1018 3225 1253 3296 quando
1285 3225 1442 3281 videt
1470 3225 1614 3283 alios
1645 3229 1923 3284 mandata
1970 3230 2064 3285 Dei
2111 3230 2213 3285 ob-

565 3326 812 3413 servare,
844 3328 1120 3413 magnam
1153 3313 1415 3413 laetitiam
1474 3315 1668 3372 habet.
1726 3321 1927 3373 Postea
1965 3318 2211 3375 invicem
2242 3344 2285 3413 α

563 3402 647 3457 sic
713 3400 1085 3473 laetabuntur,
1128 3408 1185 3459 et
1247 3403 1365 3471 hic,
1415 3408 1472 3460 et
1518 3404 1574 3460 in
1626 3406 1844 3462 futuro.
1881 3429 1909 3456 «
1954 3408 2101 3472 Quia
2148 3407 2208 3463 in

562 3491 735 3548 verbo
769 3495 871 3548 tuo
911 3494 1340 3566 supersperavi,
1390 3493 1449 3549 id
1508 3499 1615 3562 est,
1663 3495 1721 3551 in
1752 3495 1983 3553 Christo
2027 3496 2239 3554 habeo,

563 3597 750 3653 spem.

635 3691 664 3718 «
695 3668 970 3741 Cognovi,
1003 3668 1267 3741 Domine,
1300 3672 1440 3743 quia
1468 3674 1713 3745 aequitas
1748 3675 1976 3745 judicia
2027 3680 2128 3731 tua
2158 3681 2215 3732 et

563 3756 626 3812 in
655 3756 897 3814 veritate
933 3763 1050 3813 tua.
1088 3780 1117 3808 »
1164 3760 1431 3832 [Equites
1481 3765 1585 3817 tua
1631 3767 1742 3832 est,
1792 3768 1857 3818 ut
1885 3768 2216 3835 peccatores

568 3858 782 3917 arguas
805 3862 908 3919 pro
926 3845 1153 3903 delictis
1179 3863 1191 3901 :
1227 3847 1470 3917 Vezitas,
1525 3856 1590 3905 ut
1618 3852 1908 3923 superbos
1939 3852 2215 3910 humilies

568 3949 603 3990 a
633 3934 1121 4008 prosperitatibus
1152 3936 1297 3993 suis.
1332 3937 1480 4011 Ergo
1502 3938 1646 4010 quia
1664 3957 1757 3996 me
1779 3941 2129 4009 humiliasti,
2155 3947 2219 3997 ut

570 4024 890 4097 corrigeres
914 4042 927 4081 :

641 4136 671 4163 ‹‹
702 4113 829 4170 Fiat
874 4112 1076 4187 (nunc)
1129 4115 1534 4175 misericordia
1574 4123 1697 4190 tua,
1761 4123 1827 4176 ut
1883 4121 2219 4178 consoletur

570 4218 686 4258 me.
721 4224 749 4251 »
781 4203 903 4258 Vox
923 4204 1217 4276 prophetze
1243 4205 1300 4260 in
1328 4223 1577 4278 persona
1598 4207 1883 4264 Ecclesiae.
1932 4210 2213 4267 Praevide-

567 4292 672 4349 bat
701 4292 991 4365 Propheta
1019 4309 1123 4367 per
1154 4294 1439 4367 Spiritum
1470 4301 1740 4354 sanctum
1765 4298 2062 4355 Christum
2080 4317 2215 4356 ven-

566 4386 770 4438 turum
800 4398 930 4440 esse
977 4384 1037 4439 in
1102 4400 1296 4452 carne,
1356 4385 1457 4458 qui
1517 4391 1641 4443 erat
1697 4387 2120 4455 misericordia,
2152 4394 2219 4445 ut

567 4488 675 4528 nos
706 4471 1019 4529 redimeret
1051 4474 1377 4529 secundum
1429 4477 1586 4546 quod
1632 4478 2005 4549 promiserat,
2040 4482 2096 4534 et
2126 4495 2217 4534 me

566 4559 987 4618 consolaretur.
1012 4562 1370 4635 Adimplevit
1404 4566 1559 4637 quod
1601 4566 1909 4638 promisit:
1962 4567 2101 4635 quia
2131 4568 2217 4623 di-

567 4648 648 4703 cit
682 4649 743 4704 in
792 4650 905 4707 alio
953 4650 1118 4707 loco:
1173 4652 1579 4711 Miserationes
1632 4655 1830 4711 multae
1890 4663 2032 4713 sunt
2062 4658 2214 4730 apud

567 4737 775 4804 Deum,
808 4741 865 4794 et
893 4744 1093 4796 nostra
1140 4747 1377 4814 peccata
1421 4743 1608 4801 multa
1655 4750 1796 4801 sunt
1842 4747 2012 4818 (Psat.
2060 4718 2214 4814 xxiv,
2251 4718 2298 4784 D

570 4827 659 4893 10,
694 4826 802 4895 11).
838 4827 977 4883 Inde
1007 4828 1184 4885 dicit:
1219 4831 1620 4890 Miserationes
1650 4838 1763 4889 tute
1815 4835 2010 4892 multae
2057 4841 2218 4893 sunt.

573 4917 966 4974 «Secundum
995 4917 1293 4991 eloquium
1329 4925 1493 4978 tuum
1538 4939 1721 4980 servo.
1772 4929 1894 4982 tuo.
1930 4948 1957 4976 »
2005 4930 2220 4982 Secun-

571 5002 712 5061 dum
747 5008 903 5079 quod
935 5008 1281 5080 promisisti,
1313 5011 1443 5067 veni
1466 5014 1750 5069 redimere
1767 5030 2001 5070 servum
2028 5020 2219 5071 tuum.

570 5095 851 5168 populum
884 5097 1303 5169 Christianum,
1354 5101 1453 5173 qui
1502 5101 1608 5156 tibi
1657 5103 1833 5158 servit
1870 5104 2220 5176 specialiter.

569 5206 602 5234 «
630 5185 757 5241 Fiat
778 5202 938 5243 nunc
964 5187 1365 5246 misericordia
1394 5196 1496 5247 tua
1526 5196 1590 5247 ut
1619 5191 1952 5247 consoletur
1981 5210 2094 5262 me,
2127 5186 2221 5250 Se-

569 5274 830 5331 cundum
882 5275 1181 5348 eloquium
1230 5282 1399 5334 tuum
1449 5296 1612 5336 servo
1670 5284 1790 5335 tuo.
1835 5304 1857 5333 ι
1897 5280 2221 5338 Promisisti

569 5363 746 5431 enim,
776 5368 842 5420 ut
899 5369 1032 5437 post
1088 5366 1480 5423 humilitatem
1540 5368 1900 5436 afﬂictionis,
1933 5371 2220 5427 tribueres

570 5453 908 5523 praesidium
939 5454 1380 5511 consolationis.

641 5542 956 5599 «Veniant
986 5544 1129 5599 mihi
1161 5546 1566 5603 miserationes
1598 5552 1709 5601 tuae
1741 5551 1798 5602 et
1827 5548 2037 5613 vivam,
2083 5548 2223 5619 quin

571 5626 661 5682 lex
693 5634 793 5685 tua
818 5633 1119 5690 meditatio
1152 5652 1281 5690 mea
1311 5641 1419 5690 est.
1454 5657 1483 5683 »
1514 5638 1644 5691 Jam
1678 5635 1863 5709 legem
1898 5642 2058 5692 tuam
2101 5655 2221 5693 me-

572 5714 746 5788 ditor,
778 5721 879 5775 sed
911 5722 970 5777 in
1001 5727 1276 5779 aeternam
1327 5724 1505 5780 vitam
1562 5725 1759 5783 venire
1801 5744 1915 5783 non
1956 5743 2217 5800 possum,

574 5804 687 5863 nisi
720 5824 752 5865 a
783 5811 839 5865 te
866 5808 1011 5867 inibi
1042 5812 1205 5869 fuero
1225 5818 1645 5873 commutatus.

2315 2032 2381 2083 ut
2407 2044 2540 2084 cum
2571 2028 2629 2082 in
2655 2027 2878 2099 judicio
2911 2026 3308 2083 damnationis
3339 2027 3631 2084 sententia
3674 2044 3787 2083 non
3818 2043 3953 2083 con-

2316 2116 2544 2172 fundat.
2576 2116 2671 2173 Sic
2701 2122 2757 2173 et
2805 2133 2912 2173 nos
2961 2133 3222 2189 premere
3271 2116 3554 2172 debemus
3583 2116 3772 2173 varias
3799 2116 3956 2190 cogi-

2315 2206 2585 2274 tationes,
2646 2223 2719 2262 ne
2777 2205 2949 2262 nobis
3009 2205 3412 2261 conlusionem
3470 2209 3793 2279 praeparent
3822 2223 3959 2262 cum

2316 2313 2414 2372 eas
2446 2296 2973 2353 desideraverimus
2995 2295 3258 2367 implere.
3288 2318 3308 2345 ιι
3348 2295 3474 2352 Fiat
3500 2313 3598 2352 cor
3625 2312 3823 2352 meum
3854 2296 3964 2351 im-

2318 2386 2699 2441 maculatum.
2736 2406 2762 2433 »
2794 2385 2895 2441 Hic
2945 2401 3043 2441 cor
3090 2402 3192 2456 pro
3242 2385 3439 2440 anima
3487 2384 3740 2457 ponitur.
3798 2388 3881 2441 Ac
3911 2384 3963 2439 si

2317 2474 2501 2530 dicat:
2558 2475 2684 2530 Fiat
2725 2473 2921 2529 anima
2965 2490 3096 2529 mea
3132 2474 3260 2530 sine
3291 2477 3523 2546 peccato
3556 2473 3805 2530 mortali.
3838 2497 3866 2521 ‹‹
3898 2476 3960 2529 In

2310 2563 2838 2636 justificationibus
2868 2563 2987 2619 tuis
3018 2568 3084 2618 ut
3114 2580 3228 2619 non
3261 2564 3604 2620 confundar.
3638 2587 3668 2616 »
3708 2563 3825 2620 Hoc
3854 2567 3962 2631 est,

2320 2658 2385 2709 ut
2417 2670 2533 2710 non
2565 2653 2815 2710 habeam
2845 2652 3249 2709 confusionem
3272 2658 3568 2710 aeternam.

3087 2778 3251 2816 CAPH.

2392 2892 2421 2919 ‹‹
2452 2868 2671 2925 Defecit
2699 2868 2757 2923 in
2789 2865 3033 2923 salutari
3060 2870 3162 2923 tuo
3217 2867 3427 2923 anima.
3461 2882 3611 2923 mea.
3650 2888 3678 2916 »
3708 2867 3772 2921 In
3799 2866 3962 2933 Jesu,

2321 2959 2462 3031 quia
2481 2957 2637 3014 venit
2666 2956 2893 3013 salvum
2917 2956 3104 3011 facere
3125 2955 3408 3028 populum
3451 2972 3625 3011 suum
3652 2972 3687 3011 a
3715 2955 3966 3028 peccatis

2323 3064 2546 3104 eorum.
2581 3070 2609 3097 «
2637 3046 2707 3101 Et
2730 3045 2789 3100 in
2808 3045 3049 3100 verbum
3072 3050 3243 3100 tuum
3283 3044 3706 3118 supersperavi.
3733 3063 3760 3096 ιο
3801 3044 3963 3110 Quod

2322 3137 2381 3192 in
2417 3136 2701 3209 principio
2734 3135 2887 3190 Deus
2919 3138 3044 3190 erat
3076 3135 3228 3207 apud
3288 3135 3494 3203 Deum,
3560 3138 3621 3189 ut
3664 3133 3859 3190 veniat
3891 3134 3961 3190 ad

2322 3227 2779 3297 redemptionem
2810 3224 3153 3281 humanam.

2404 3337 2429 3367 α
2460 3315 2807 3371 Defecerunt
2838 3315 2991 3370 oculi
3040 3315 3153 3371 mei
3202 3315 3262 3370 in
3310 3313 3607 3386 eloquium
3640 3318 3847 3369 tuum:
3880 3310 3966 3368 di-

2328 3409 2547 3473 centes,
2573 3404 2813 3470 Quando
2845 3403 3238 3460 consolaberis
3270 3403 3407 3458 me?
3434 3422 3461 3454 ι»
3514 3402 3775 3459 Attende.
3813 3403 3967 3459 Hanc

2324 3493 2580 3565 suscipio
2612 3493 3083 3563 (consolationem
3135 3499 3191 3548 te
3250 3493 3522 3548 advenire
3576 3491 3647 3547 de
3701 3488 3859 3549 cmlis
3900 3491 3960 3547 in

2325 3583 2646 3639 defectione
2676 3582 3071 3654 spiritualium
3103 3581 3427 3638 oculorum.

2399 3694 2426 3721 ‹‹
2458 3672 2605 3738 Quia
2627 3672 2813 3727 factus
2840 3688 2971 3727 sum
3004 3674 3157 3726 sicut
3186 3675 3315 3726 uter
3345 3672 3402 3726 in
3427 3669 3636 3742 pruina
3659 3664 3967 3740 :justiﬁca-

2324 3761 2513 3817 tiones
2537 3764 2667 3817 tuas
2695 3777 2812 3816 non
2846 3776 2977 3816 sum
3008 3760 3246 3816 oblitus.
3284 3781 3312 3809 »
3362 3758 3646 3815 Dominus
3692 3758 3752 3814 in
3782 3759 3965 3813 Evan-

2326 3850 2476 3923 gelio
2535 3850 2716 3905 dixit:
2776 3850 2939 3905 Nemo
2989 3851 3143 3921 ponit
3205 3851 3396 3904 vinum
3454 3865 3654 3905 novum
3708 3849 3767 3903 in
3818 3854 3967 3903 utres

2326 3944 2527 3996 veteres
2558 3939 2740 4009 (Marc.
2778 3956 2838 4009 ιι,
2869 3938 2996 4008 22);
3030 3939 3370 4011 significans
3402 3943 3603 4011 pectus
3643 3937 3966 3994 humanum

2327 4029 2623 4085 diuturnis
2644 4026 2930 4100 repletum
2950 4027 3105 4083 vitiis
3129 4044 3245 4084 non
3276 4044 3448 4099 posse
3478 4027 3771 4084 continere
3803 4043 3967 4082 man-

2328 4120 2466 4174 data
2522 4118 2642 4174 Dei.
2702 4119 2848 4189 Ergo
2904 4120 2962 4172 et
3017 4134 3123 4172 nos
3180 4117 3228 4171 si
3258 4116 3690 4173 incalescamus
3719 4114 3968 4173 naturali

2330 4210 2533 4265 ardore
2591 4210 2655 4262 ut
2709 4223 3055 4279 peccemus:
3087 4222 3221 4261 cum
3284 4206 3560 4261 mandata
3616 4204 3713 4261 Dei
3768 4203 3970 4276 accipi-

2330 4316 2483 4368 mus,
2554 4297 2892 4369 repentinus
2955 4294 3312 4368 extinguitur
3375 4295 3470 4351 hic
3536 4294 3709 4362 calor,
3777 4296 3833 4350 et
3859 4292 3968 4348 eri-

2330 4404 2463 4443 mus
2520 4386 2690 4457 quasi
2750 4391 2879 4441 uter
2932 4385 2992 4439 in
3050 4384 3280 4457 pruina,
3341 4385 3676 4456 refrigerato
3716 4383 3774 4438 in
3804 4382 3968 4439 nobis

2328 4477 2535 4532 ardore
2566 4474 2806 4548 peccati.

2402 4589 2426 4616 ‹‹
2461 4567 2610 4631 Quot
2665 4570 2807 4620 sunt
2863 4563 2987 4619 dies
3044 4562 3192 4618 servi
3250 4562 3374 4630 tui;
3435 4561 3667 4635 quando
3703 4559 3875 4617 facies
3899 4560 3967 4615 de

2330 4654 2819 4729 persequentibus
2879 4669 2971 4708 me
3018 4652 3397 4723 judicium.»
3453 4651 3630 4707 Pauci
3677 4654 3817 4707 sunt
3845 4649 3969 4704 dies

2331 4747 2508 4817 hujus
2574 4745 2727 4812 vitaz,
2796 4745 2905 4809 Tu,
2984 4741 3248 4809 Domine,
3327 4745 3559 4797 contere
3630 4739 3689 4796 in
3747 4738 3967 4810 judicio

2330 4840 2429 4891 tuo
2461 4836 2735 4891 Satanam
2797 4849 2931 4887 cum
2990 4830 3341 4887 satellitibus
3395 4830 3542 4898 suis,
3584 4832 3692 4885 sub
3726 4828 3968 4901 pedibus

2330 4924 2549 4980 nostris
2602 4921 2895 4987 velociter,
2955 4920 3055 4992 qui
3124 4937 3231 4976 nos
3313 4923 3745 4992 persequuntur
3795 4920 3967 4990 (Rom.

2330 5031 2444 5079 xv1,
2484 5013 2598 5083 ‘30).

2402 5127 2430 5155 ‹‹
2462 5103 2852 5158 Narravcrunt
2877 5101 3021 5156 mihi
3068 5099 3252 5171 iniqui
3287 5099 3693 5169 fabulationes,
3727 5097 3826 5154 sed
3854 5113 3971 5152 non

2331 5198 2397 5249 ut
2424 5192 2515 5248 lex
2544 5196 2664 5246 tua.
2704 5213 2723 5240 ι
2762 5190 2999 5246 Audivit
3030 5189 3216 5245 multa
3246 5190 3318 5245 ab
3362 5188 3647 5244 haereticis
3697 5203 3763 5244 ac
3794 5186 3973 5259 genti-

2332 5284 2442 5338 bus
2474 5298 2599 5353 quae
2633 5298 2746 5336 non
2777 5279 3132 5336 conveniunt
3186 5277 3483 5335 mandatis
3532 5276 3653 5336 Dei.
3707 5276 3838 5333 Ideo
3868 5275 3968 5331 ad-

2325 5372 2554 5445 jungit:

2404 5486 2429 5509 ‹‹
2464 5461 2673 5515 Umnia
2706 5459 2981 5514 mandata
3007 5458 3135 5527 ejus
3163 5458 3396 5513 veritas.
3430 5478 3459 5507 ››
3494 5454 3661 5511 Nulla
3681 5455 3836 5511 enim
3867 5452 3970 5509 fal-

2332 5550 2498 5606 sitate
2556 5548 3149 5621 comprehenduntur.
3192 5571 3218 5600 ι(
3267 5548 3454 5620 Iniqui
3511 5543 3796 5620 persecuti
3837 5547 3973 5600 sunt

2332 5657 2442 5706 me,
2480 5640 2692 5710 adjuva
2722 5654 2832 5692 me.
2870 5658 2897 5685 ››
2929 5636 3140 5692 Gravia
3189 5639 3470 5694 adversus
3519 5634 3875 5708 principatus
3916 5636 3974 5688 et

2331 5733 2651 5801 potestates
2705 5726 2967 5783 sustineo
3026 5726 3199 5795 bella,
3258 5732 3313 5782 et
3368 5727 3496 5783 ideo
3553 5741 3670 5781 non
3727 5727 3879 5798 peto,
3912 5725 3975 5777 ut

2329 5823 2667 5876 amoveatur
2697 5817 2807 5875 hoc
2839 5818 3176 5892 certamen];
3210 5817 3311 5876 sed
3370 5820 3438 5873 ut
3494 5815 3750 5887 adjuver,
3783 5811 3979 5870 sciens
