4244 6568
303 474 456 538 1269

1455 473 1942 537 BREVIARIUM
1992 475 2068 537 ΙΝ
2117 477 2498 539 PSALMOS.

3547 473 3567 538 Ι
3583 474 3704 541 270

300 609 593 666 neminem
627 623 796 680 posse
826 607 1090 664 coronari
1144 606 1256 663 nisi
1315 607 1413 678 qui
1474 607 1731 678 legitime
1762 612 1946 662 certa-
1977 621 2031 688 Α
2061 609 2246 664 scitur
2267 609 2562 666 meditari.
2619 609 2722 666 Die
2755 612 2948 666 autem
3007 609 3171 678 dixit,
3232 625 3335 682 pro
3385 624 3452 666 eo
3482 610 3637 682 quod
3673 624 3710 671 α

299 699 466 754 verit.

371 813 400 840 ‹‹
435 788 608 846 Paulo
641 787 837 844 minus
862 791 1417 842 consummaverunt
1439 802 1529 842 me
1563 786 1621 840 in
1645 790 1816 853 terra;
1844 802 1948 855 ego

302 883 496 934 autem
530 894 642 933 non
671 877 953 948 dereliqui
984 877 1257 930 mandata
1287 881 1406 930 tua.
1437 898 1462 923 ››
1495 874 1672 929 Valde
1704 892 1794 929 me
1825 892 1946 930 cor-

301 967 521 1039 poralia
561 965 698 1020 vitia
728 966 787 1020 in
820 970 973 1021 terra
1013 964 1426 1020 humiliassent
1458 980 1470 1018 :
1507 963 1618 1018 nisi
1653 963 1948 1018 custodis-

303 1073 428 1112 sem
462 1057 740 1111 mandata
769 1055 986 1110 divina.

369 1168 396 1195 ‹‹
431 1146 764 1201 Secundum
798 1144 1260 1199 misericordiam
1292 1149 1453 1198 tuam
1486 1142 1709 1196 viviﬁca
1741 1159 1852 1196 me.
1919 1164 1939 1191 ι)

303 1237 359 1290 lu
390 1241 664 1290 mternam
695 1234 872 1288 vitam
900 1251 914 1301 ;
947 1234 1085 1303 quia
1146 1249 1251 1304 ego
1290 1235 1414 1303 jam
1450 1249 1561 1285 non
1596 1231 1740 1285 mihi
1770 1231 1896 1286 vivo
1930 1247 1944 1286 :

294 1324 435 1378 vivit
465 1328 660 1378 autem
695 1323 750 1376 in
782 1339 873 1378 me
903 1323 1190 1377 Christus.
1226 1344 1253 1370 «
1306 1321 1379 1376 Ut
1411 1321 1739 1376 custodiam
1775 1320 1946 1374 testi-

298 1413 494 1468 monia
519 1412 637 1467 oris
669 1413 774 1467 tui.
825 1434 854 1462 »
915 1411 1014 1466 Vel
1049 1427 1116 1466 ea
1163 1428 1288 1482 qua:
1323 1411 1381 1464 in
1415 1411 1562 1480 Lege
1604 1409 1895 1464 mandasti
1930 1433 1944 1476 ;

294 1502 381 1556 vel
411 1501 514 1558 illa
544 1518 670 1574 quae
702 1502 761 1556 in
794 1500 1120 1571 Evangeliis
1148 1499 1460 1572 protulisti.

1017 1654 1224 1691 LAMED.

369 1769 396 1794 ‹‹
435 1747 495 1800 In
526 1748 828 1810 aeternum,
864 1744 1127 1814 Domine,
1176 1744 1416 1799 verbum
1450 1747 1615 1797 tuum
1649 1744 1948 1814 permanet

297 1833 355 1889 in
388 1833 551 1889 ccelo.
591 1855 612 1884 ι
651 1833 712 1888 In
743 1833 980 1888 homine
1010 1833 1110 1888 illo
1142 1831 1358 1888 cmlesti
1390 1831 1513 1904 qui,
1548 1831 1748 1887 relicta
1796 1831 1946 1885 ima-

295 1923 430 1994 gine
460 1929 711 1986 terrena,
745 1923 934 1978 factus
968 1927 1057 1978 est
1087 1923 1320 1978 coelum.

367 2035 396 2061 ‹‹
430 2013 494 2066 In
523 2012 958 2083 generationem
991 2017 1046 2066 et
1075 2010 1507 2083 generationem
1540 2009 1754 2064 veritas
1786 2011 1942 2063 tua.»
1974 1993 2021 2058 B

295 2101 424 2156 Una
453 2101 748 2172 generatio
784 2106 871 2155 est
901 2101 1070 2172 Legis
1129 2104 1185 2154 et
1241 2099 1656 2170 prophetarum
1699 2114 1712 2152 :
1764 2097 1944 2152 altera

295 2189 766 2262 Evangeliorum.
802 2191 864 2244 In
897 2189 990 2245 his
1046 2189 1523 2260 generationibus
1571 2187 1784 2242 veritas
1816 2203 1942 2258 per-

297 2283 496 2334 manet
527 2279 623 2333 Dei
650 2295 660 2333 :
688 2279 828 2349 quia
851 2278 996 2334 nihil
1019 2278 1308 2333 mendacii
1341 2277 1762 2349 protulerunt.«
1791 2276 1943 2329 Fun-

295 2368 448 2423 dasti
479 2373 718 2438 terram,
751 2372 806 2422 et
836 2372 1155 2439 permanet.
1219 2390 1246 2416 »
1307 2368 1430 2422 Non
1463 2366 1623 2421 illam
1655 2382 1779 2436 quae
1808 2381 1942 2420 cum

295 2456 436 2513 coelo
469 2457 723 2529 praeterit
752 2482 764 2513 :
797 2458 894 2512 sed
932 2456 1094 2512 illam
1126 2457 1185 2510 in
1245 2474 1360 2527 qua
1388 2457 1628 2512 verbum
1664 2455 1760 2508 Dei
1792 2453 1943 2508 mul-

295 2545 616 2619 tiplicatur.

367 2659 394 2684 «
423 2634 802 2690 Ordinatione
833 2640 936 2690 tua
966 2639 1297 2707 perseverat
1326 2634 1450 2690 dies
1476 2652 1488 2700 ;
1523 2633 1801 2706 quoniam
1825 2649 1945 2688 om-

294 2723 393 2781 nia
421 2723 678 2778 serviunt
735 2723 862 2778 tibi.
928 2747 955 2772 ››
1006 2724 1136 2791 Qui,
1171 2723 1387 2779 relictis
1428 2722 1632 2778 mundi
1664 2722 1940 2791 tenebris,

294 2813 352 2867 in
384 2811 607 2868 lumine
638 2813 738 2868 Dei
770 2813 946 2880 vivit;
982 2812 1079 2867 ille
1115 2813 1172 2866 in
1210 2814 1410 2883 Deum,
1444 2812 1544 2882 qui
1593 2812 1716 2866 dies
1772 2827 1942 2866 verus

293 2906 400 2968 est,
433 2907 785 2974 perseverat.
820 2904 888 2957 Et
919 2902 1118 2956 omnia
1149 2919 1275 2973 quae
1321 2917 1388 2956 ex
1419 2901 1782 2956 ordinatione
1815 2901 1942 2970 ejus

293 2991 537 3062 perﬁcit,
573 2991 622 3046 ei
656 2991 896 3062 deputat
929 2991 1322 3047 serviendum.

362 3103 389 3128 «
449 3079 572 3135 Nisi
631 3080 789 3150 quod
845 3079 937 3134 lex
994 3085 1096 3136 tua
1157 3079 1457 3134 meditatio
1508 3096 1639 3134 mea
1667 3082 1774 3148 est,
1807 3083 1944 3132 tunc

292 3169 436 3223 forte
460 3168 764 3240 periissem
789 3167 847 3222 in
881 3168 1217 3223 humilitate
1250 3185 1430 3223 mea.»
1456 3168 1566 3222 Dat
1587 3166 1941 3238 exemplum,

291 3260 356 3312 ut
386 3256 618 3311 etiamsi
651 3256 708 3310 in
742 3255 986 3311 diversis
1018 3257 1522 3327 persecutionibus
1542 3255 1940 3324 humiliemur,

291 3344 480 3417 legem
515 3345 888 3414 meditemur,
923 3362 994 3400 ne
1019 3362 1348 3416 pereamus.

364 3458 391 3483 ‹‹
428 3435 490 3490 In
521 3438 802 3490 aeternum
835 3451 950 3489 non
983 3433 1293 3489 obliviscar
1313 3433 1765 3505 justificationes
1787 3437 1938 3488 tuas:

295 3523 433 3596 quia
461 3523 520 3578 in
554 3523 699 3594 ipsis
729 3523 1032 3578 viviﬁcasti
1066 3540 1178 3578 me.
1222 3546 1248 3573 »
1282 3523 1659 3578 Transferens
1692 3539 1784 3578 me
1814 3526 1945 3594 post

291 3612 612 3669 certamina
641 3612 829 3667 multa
860 3613 918 3667 in
950 3612 1126 3667 vitam
1163 3616 1457 3667 aeternam.

364 3725 392 3751 ‹‹
425 3703 589 3757 Tuus
619 3719 752 3757 sum
784 3719 910 3773 ego,
956 3701 1182 3758 salvum
1227 3719 1319 3757 me
1351 3703 1458 3769 fac,
1498 3701 1760 3768 Domine,
1797 3718 1938 3773 quo-

284 3792 444 3848 niam
469 3780 922 3862 justiticationes
982 3796 1115 3847 tuas
1173 3791 1476 3862 exquisivi.
1537 3812 1564 3840 ››
1627 3792 1743 3862 Ego
1802 3802 1939 3847 tuus

281 3880 562 3948 famulus,
595 3885 650 3936 et
678 3885 742 3936 tu
773 3881 928 3936 Deus
960 3883 1146 3937 meus.
1181 3883 1225 3935 A
1258 3885 1311 3936 te
1339 3898 1511 3952 posco
1547 3879 1939 3952 salvari,quia

279 3974 480 4024 venter
509 3986 622 4024 non
650 3973 738 4024 est
768 3969 912 4025 mihi
971 3975 1144 4033 Deus,
1182 3987 1284 4025 nec
1343 3988 1475 4026 sum
1532 3969 1692 4025 inani
1741 3969 1936 4041 gloriae

281 4057 540 4123 deditus,
572 4058 671 4114 sed
695 4058 1222 4128 justiﬁcationibus
1255 4059 1391 4114 tuis.

356 4169 385 4196 «
442 4147 532 4202 Me
588 4151 1067 4216 exspectaverunt
1098 4151 1450 4218 peccatores,
1509 4149 1574 4201 ut
1631 4148 1937 4218 perderent

283 4251 396 4304 me,
429 4234 765 4290 testimonia
819 4238 923 4289 tua
971 4235 1247 4291 intellexi.
1297 4259 1323 4286 »
1353 4237 1546 4308 Longo
1600 4253 1694 4292 me
1750 4225 1933 4292 certa-

285 4321 440 4378 mine
471 4323 728 4377 adversac
761 4329 1077 4394 potestates
1139 4326 1512 4398 impugnant,
1574 4327 1672 4381 sed
1707 4343 1810 4398 ego
1842 4326 1932 4381 in-

279 4411 548 4484 telligens
606 4412 942 4468 testimonia
971 4417 1092 4480 tua,
1153 4414 1608 4472 consolationem
1649 4416 1839 4488 recepi
1866 4434 1933 4472 ex

285 4501 390 4558 eis.

355 4612 383 4641 «
434 4590 638 4647 Omnis
692 4591 1152 4646 consumationis
1231 4592 1347 4646 vidi
1418 4593 1613 4648 ﬁnem.
1682 4615 1702 4641 ι
1766 4593 1930 4647 Οὴῐυὶέ

279 4684 438 4738 stum
469 4679 692 4751 utique,
726 4681 828 4752 qui
884 4680 1019 4734 ﬁnis
1049 4685 1137 4735 est
1197 4681 1379 4753 Legis,
1419 4686 1476 4736 et
1505 4682 1927 4752 Prophetarum

281 4768 728 4825 consummatio.
783 4769 1067 4840 Propheta
1125 4771 1386 4842 praevidit
1433 4771 1492 4826 in
1541 4771 1747 4842 spiritu
1791 4789 1926 4829 con-

281 4875 615 4915 summasse
671 4875 804 4915 eum
864 4859 1061 4914 omnia
1090 4877 1215 4930 quae
1257 4861 1473 4933 scripta
1503 4866 1641 4916 sunt
1673 4863 1740 4918 de
1773 4879 1837 4918 eo
1868 4862 1926 4917 in

280 4949 448 5020 Lege,
480 4951 536 5003 et
566 4947 891 5020 Prophetis,
939 4954 996 5003 ct
1055 4948 1319 5018 psalmis.
1381 4951 1682 5021 Siquidem
1716 4951 1838 5022 ipse
1868 4952 1926 5006 in

278 5037 553 5110 passione
612 5036 692 5091 ait
755 5053 767 5090 :
832 5037 1276 5093 Consummatum
1333 5043 1413 5093 est
1446 5040 1778 5110 (Joan.x1x,
1813 5042 1924 5107 30).

279 5127 545 5182 «Latum
603 5126 948 5181 mandatum
1017 5131 1185 5182 tuum
1243 5127 1441 5182 nimis.
1506 5149 1533 5176 »
1593 5129 1924 5199 Spatiosum

275 5215 434 5270 enim
467 5214 729 5287 praevidit
759 5218 994 5286 tempus
1028 5215 1172 5271 illud
1207 5217 1279 5271 ab
1310 5234 1374 5272 eo
1433 5233 1549 5287 quo
1588 5235 1649 5272 se
1681 5218 1922 5273 manda-

275 5303 357 5360 vit
383 5321 486 5378 per
538 5309 746 5377 Legem
799 5308 854 5359 et
895 5306 1215 5378 Prophetas
1272 5310 1584 5362 venturum
1616 5324 1922 5380 usquequo

274 5393 550 5466 procedat
588 5411 691 5466 per
719 5394 1115 5466 Evangelium.

1033 5547 1180 5587 MEM.

354 5655 376 5682 α
409 5637 707 5700 Quomodo
739 5635 912 5692 dilexi
935 5636 1120 5708 legem
1155 5638 1598 5708 tuam,Domine
1631 5655 1644 5693 :
1681 5641 1800 5692 tota
1831 5639 1923 5694 die

275 5723 572 5780 meditalio
599 5741 728 5781 mea
758 5730 900 5782 est.»
938 5727 999 5781 In
1025 5725 1134 5780 hoc
1165 5733 1408 5799 apparet
1438 5745 1570 5782 eum
1601 5727 1786 5799 legem
1821 5727 1920 5782 Dei

273 5814 514 5888 diligere
545 5829 560 5870 :
586 5815 726 5888 quia
754 5833 925 5873 omne
955 5820 1189 5888 tempus
1216 5817 1344 5874 vitae
1396 5837 1515 5874 suae
1546 5835 1673 5874 eam
1707 5834 1918 5890 cogno-

2058 699 2364 770 splendore
2396 701 2601 754 divina:
2634 699 2781 756 lucis
2812 698 3061 755 eluceat.

2132 811 2160 839 «
2193 790 2378 859 Super
2433 789 2700 844 inimicos
2759 805 2918 843 meos
2979 788 3323 860 prudentem
3383 805 3476 846 me
3515 787 3703 846 fecisti

2058 879 2335 932 mandato
2360 882 2480 947 tuo,
2516 878 2652 948 quia
2691 878 2748 932 in
2781 881 3062 934 aeternum
3085 876 3228 932 mihi
3258 882 3367 932 est.
3404 900 3430 927 »
3479 875 3707 934 Inimici

2058 967 2372 1038 prophetae,
2402 967 2587 1021 Judaei
2620 970 2780 1033 sunt,
2819 966 2918 1037 qui
2979 965 3360 1038 spiritualiter
3397 983 3512 1022 non
3542 965 3709 1022 intel-

2057 1055 2262 1126 ligunt.
2328 1056 2550 1120 Quibus
2608 1055 3044 1127 prudentiorem
3104 1055 3386 1126 propheta
3439 1072 3501 1111 se
3540 1055 3700 1126 dicit,

2057 1145 2194 1216 quia
2251 1145 2310 1200 in
2369 1145 2462 1199 his
2521 1145 2813 1200 mandatis
2855 1161 2981 1216 quae
3028 1143 3086 1200 in
3117 1149 3398 1200 zeternum
3433 1143 3702 1213 servavit,

2053 1239 2364 1290 venturum
2397 1234 2706 1290 Dominum
2738 1233 3024 1306 praevidit.

2132 1346 2152 1373 α
2187 1329 2372 1396 Super
2400 1315 2603 1380 omnes
2633 1325 2905 1379 docentes
2937 1339 3028 1379 me
3058 1322 3336 1388 intellexi,
3369 1322 3506 1394 quia
3534 1321 3700 1378 testi-

2057 1411 2252 1466 monia
2283 1417 2384 1466 tua
2436 1412 2735 1468 meditatio
2795 1429 2926 1467 mea
2981 1416 3088 1467 est.
3147 1433 3174 1462 »
3209 1411 3503 1468 Docebant
3560 1415 3703 1469 tunc

2057 1501 2266 1556 Scribae
2293 1506 2349 1556 et
2380 1501 2654 1557 Pharisaei
2687 1502 2968 1557 habentes
3016 1499 3269 1557 scientiae
3298 1499 3515 1556 clavem
3552 1517 3566 1557 :
3599 1500 3702 1557 sed

2055 1590 2164 1645 iste
2195 1607 2370 1662 super
2401 1590 2492 1647 his
2524 1590 2816 1664 intelligit,
2852 1591 2952 1663 qui
2987 1589 3333 1663 mysterium
3374 1593 3702 1662 unguento-

2057 1695 2210 1746 rum,
2270 1685 2325 1736 et
2383 1680 2753 1736 festivitatem
2813 1684 2986 1751 atque
3045 1679 3609 1747 holocautomatum,
3641 1678 3704 1735 in

2055 1768 2383 1840 Evangeliis
2415 1770 2556 1824 vidit
2585 1787 2713 1826 esse
2745 1769 3179 1842 complendum.

2130 1881 2156 1908 ‹‹
2188 1858 2375 1930 Super
2401 1876 2568 1914 senes
2599 1859 2854 1914 intellexi
2888 1876 2900 1914 :
2937 1858 3076 1930 quia
3107 1857 3384 1912 mandata
3413 1862 3514 1913 tua
3551 1875 3705 1930 quae-

2056 1946 2183 2002 sivi.
2221 1971 2246 1995 ››
2281 1953 2466 2020 Super
2507 1949 2841 2004 sacerdotes
2888 1953 2944 2003 et
2974 1947 3267 2019 principes
3314 1951 3524 2002 cuncta
3559 1947 3706 2019 legis

2051 2038 2330 2092 mandata
2386 2037 2653 2108 requiro:
2690 2037 2829 2108 quia
2881 2036 2939 2091 in
2974 2037 3128 2094 Novo
3185 2037 3556 2092 Testamento
3613 2034 3707 2110 agi

2054 2126 2353 2197 praestoler
2381 2127 2534 2198 quod
2569 2143 2739 2181 cerno
2773 2125 2832 2180 in
2868 2125 3062 2180 Veteri
3095 2124 3434 2197 ﬁguratum.

2129 2236 2154 2260 ‹‹
2184 2216 2268 2269 Ab
2309 2215 2468 2269 omni
2524 2214 2618 2270 via
2677 2214 2830 2270 mala
2888 2213 3161 2286 prohibui
3217 2213 3394 2285 pedes
3424 2229 3605 2281 meos,
3640 2218 3707 2271 ut

2053 2304 2378 2360 custodiam
2411 2305 2586 2359 verba
2613 2308 2735 2358 tua.
2771 2327 2798 2352 ››
2861 2305 2904 2358 Α
2961 2301 3280 2374 praeclpitio
3310 2303 3458 2358 cmni
3489 2302 3707 2359 facino-

2053 2393 2168 2449 rosi
2199 2411 2293 2449 me
2324 2409 2556 2465 semper
2585 2392 2834 2460 inhibui,
2896 2395 2961 2447 ut
2998 2391 3234 2448 facilius
3261 2391 3505 2448 verbum
3534 2407 3706 2449 man-

2052 2483 2322 2538 datorum
2355 2482 2646 2538 custodire
2676 2481 2916 2538 alercm.

2125 2594 2153 2622 ‹‹
2186 2577 2233 2624 Α
2255 2571 2498 2642 judiciis
2525 2571 2643 2627 tuis
2699 2587 2814 2627 non
2872 2569 3178 2642 declinavi,
3237 2570 3376 2642 quia
3410 2574 3474 2626 tu
3504 2569 3692 2644 legem

2053 2659 2298 2732 posuisti
2332 2659 2495 2715 mihi.
2553 2683 2580 2709 »
2615 2662 2824 2733 Legem
2857 2660 3266 2716 mandatorum
3294 2663 3410 2716 ate
3440 2660 3698 2733 suscepi,

2054 2750 2208 2820 quod
2241 2751 2290 2804 si
2335 2751 2406 2804 ab
2436 2749 2528 2806 his
2563 2749 2914 2805 declinarem
2966 2748 3209 2820 judiciis
3243 2764 3256 2804 :
3289 2748 3350 2804 in
3379 2750 3704 2820 zeternoju-

2053 2838 2202 2893 dicio
2234 2839 2671 2894 condemnarer.

2125 2950 2152 2975 «
2189 2930 2372 2992 Quam
2406 2928 2599 2983 dulcia
2631 2928 2897 2984 faucibus
2919 2928 3063 2984 meis
3093 2927 3325 3001 eloquia
3353 2927 3490 2983 tua!
3524 2944 3704 3000 super

2055 3016 2169 3070 mel
2199 3022 2257 3072 et
2287 3018 2481 3072 favum
2513 3019 2596 3072 ori
2631 3035 2780 3073 meo.
2814 3039 2841 3067 ››
2901 3018 3174 3073 Transito
3237 3016 3431 3086 melle,
3462 3016 3548 3073 vel
3582 3015 3697 3075 alio

2053 3106 2181 3160 cibo
2214 3105 2429 3178 palato,
2462 3105 2690 3162 nullum
2723 3105 2878 3162 ultra
2904 3123 3172 3162 sanorem
3202 3105 3377 3162 habet
3409 3123 3422 3162 :
3457 3105 3558 3161 sed
3588 3106 3702 3162 elo-

2054 3195 2193 3266 quia
2223 3200 2344 3262 tua,
2378 3196 2639 3263 Domine,
2690 3196 2810 3252 sive
2864 3196 2924 3250 in
2986 3213 3105 3265 ore,
3167 3195 3285 3251 sive
3315 3195 3374 3250 in
3407 3195 3696 3268 faucibus,

2051 3284 2141 3338 vel
2169 3284 2225 3338 in
2257 3301 2469 3339 arcano
2500 3285 2684 3339 abditi
2744 3283 3016 3354 pectoris,
3051 3300 3283 3356 semper
3331 3283 3526 3339 dulcia
3559 3288 3703 3342 sunt

1973 3359 2014 3424 C
2055 3372 2474 3426 meditantibus
2504 3389 2590 3426 ea.
2624 3373 2769 3427 Nam
2824 3373 2976 3428 sicut
3005 3372 3118 3428 mel
3156 3371 3384 3428 visibile
3414 3373 3703 3428 amaritu-

2054 3458 2248 3513 dinem
2281 3465 2436 3515 arcet
2466 3465 2801 3516 nostrarum
2844 3461 3102 3517 faucium
3139 3478 3151 3517 :
3186 3461 3267 3517 ita
3309 3459 3558 3533 eloquiis
3589 3466 3705 3518 Do-

2054 3547 2285 3604 minieis
2317 3549 2742 3606 amaritudines
2783 3555 3118 3606 nostrorum
3172 3550 3490 3606 criminum
3543 3549 3701 3606 miti-

2051 3643 2282 3709 gantur.

2122 3750 2149 3776 «
2182 3733 2230 3781 Λ
2263 3729 2556 3784 mandatis
2588 3729 2705 3785 tuis
2736 3729 3014 3797 intellexi,
3055 3733 3358 3803 propterea
3389 3727 3542 3786 odivi
3573 3744 3702 3786 om-

2049 3834 2181 3872 nem
2213 3817 2366 3873 viam
2401 3818 2749 3891 iniquitatis.
2784 3842 2809 3867 »
2844 3819 3250 3892 Supradictam
3283 3818 3698 3874 mandatorum

2047 3905 2414 3962 dulcedinem
2473 3907 2769 3976 hauriens,
2829 3907 3040 3980 iniquae
3102 3906 3513 3964 amaritudinis
3541 3905 3696 3962 viam

2046 3995 2219 4050 odivi.

2801 4172 2942 4211 NUN.

2114 4321 2141 4347 «
2178 4299 2438 4354 Lucerna
2467 4298 2714 4370 pedibus
2737 4299 2884 4354 meis
2915 4298 3159 4354 verbum
3189 4297 3690 4363 tuum,Domine.»

2041 4388 2099 4443 Si
2132 4387 2191 4443 in
2220 4389 2399 4459 hujus
2429 4388 2626 4444 saculi
2670 4389 2938 4444 noctibus
2968 4387 3028 4443 in
3082 4386 3252 4445 nobis
3280 4385 3441 4444 verbi
3471 4384 3572 4442 Dei
3600 4385 3695 4442 Ια-

2042 4481 2168 4534 ceat
2195 4477 2393 4534 lumen
2429 4495 2441 4533 :
2477 4495 2592 4534 non
2625 4478 2893 4533 incidunt
2922 4477 3099 4550 pedes
3131 4475 3312 4532 nostri
3345 4475 3406 4529 in
3448 4473 3690 4547 laqueos

2042 4567 2270 4622 funium
2302 4584 2368 4622 ac
2399 4567 2716 4639 praecipitia
2745 4567 3064 4631 fovearum,
3123 4581 3250 4636 quae
3301 4580 3515 4622 manus
3547 4564 3691 4621 artis

2044 4655 2340 4710 diabolicae
2371 4655 2430 4710 in
2464 4654 2680 4710 nostris
2731 4652 3100 4710 olfendiculis
3157 4658 3506 4726 praeparant.
3542 4676 3570 4703 «
3625 4655 3692 4710 Et

2040 4745 2236 4799 lumen
2271 4745 2496 4800 semitis
2546 4743 2714 4799 meis.
2751 4766 2778 4792 ››
2834 4743 2926 4816 Ut]
2953 4743 3061 4799 hoc
3091 4742 3315 4799 lumine
3369 4748 3688 4815 przeeunte,

2040 4835 2182 4890 dum
2213 4833 2339 4887 vita:
2377 4833 2548 4888 istius
2583 4831 2825 4888 semitas
2888 4832 3192 4905 gradimur
3241 4851 3254 4889 :
3307 4832 3368 4888 in
3397 4849 3526 4890 eam
3557 4849 3685 4904 quae

2039 4924 2130 4979 via
2162 4941 2295 4978 vera
2324 4927 2434 4993 est,
2467 4923 2878 4994 perducamur.

2113 5036 2139 5062 «
2173 5012 2370 5068 Juravi
2403 5017 2459 5067 et
2489 5012 2667 5067 statui
2686 5011 2977 5068 custodire
2999 5009 3479 5084 judiciajustitia:
3509 5012 3680 5065 tuae.»

2041 5102 2300 5158 Primum
2341 5101 2582 5172 juravit,
2614 5106 2679 5157 ut
2708 5103 2778 5157 ab
2839 5101 2945 5157 hac
3004 5099 3272 5156 custodia
3326 5115 3443 5154 non
3475 5098 3683 5156 dissol-

2037 5197 2224 5248 vatur.
2287 5192 2500 5247 Deinde
2556 5192 2779 5256 statuit,
2840 5196 2903 5246 ut
2958 5207 3086 5262 qua:
3127 5190 3426 5260 juraverat
3463 5189 3680 5260 ﬁrmet,

2038 5282 2228 5337 sciens
2259 5281 2404 5337 nihil
2436 5281 2496 5336 in
2526 5280 2627 5337 Dei
2648 5279 2892 5350 judiciis
2922 5278 3034 5334 nisi
3093 5295 3197 5351 per
3217 5277 3514 5350 justitiam
3543 5294 3678 5350 pro-

2036 5371 2242 5442 palari.

2109 5481 2137 5510 ‹‹
2175 5459 2524 5514 llumiliatus
2555 5473 2686 5512 sum
2731 5473 3172 5530 usquequaque,
3223 5457 3508 5514 Domine:
3540 5455 3680 5513 vivi-

2038 5551 2147 5605 ﬁca
2178 5566 2270 5605 me
2301 5547 2623 5604 secundum
2645 5546 2885 5602 verbum
2920 5546 3361 5603 tuum.»Didicit
3382 5545 3682 5604 humilita-

2036 5645 2152 5694 tem
2203 5655 2376 5710 quam
2412 5637 2679 5692 Christus
2710 5636 2908 5691 docuit
2939 5653 2951 5690 :
2987 5636 3088 5708 qui
3140 5636 3300 5691 mitis
3341 5639 3448 5704 est,
3483 5639 3540 5692 et
3569 5635 3681 5693 hu-

2034 5727 2190 5783 milis
2221 5729 2410 5784 corde.
2436 5727 2569 5781 Ideo
2602 5742 2755 5781 nunc
2779 5726 3214 5798 cleprecatur,ut
3240 5726 3392 5782 sicut
3420 5725 3517 5782 ille
3549 5730 3681 5799 post

2030 5816 2420 5874 humilitatem
2453 5817 2651 5872 formae
2671 5815 2894 5873 servilis
2917 5815 3201 5876 exaltatus
3221 5820 3310 5875 est
3337 5817 3398 5874 in
3427 5815 3674 5890 gloriam
