4244 6574
343 476 498 545 H73

343 613 583 686 exsequi
613 617 672 671 et
700 611 1187 671 indissolubiliter
1208 612 1588 679 retinere.Qui
1611 618 1674 669 ut
1695 628 1901 685 segnes
1930 618 1987 668 et
2018 613 2071 679 Α

343 704 561 760 inertes
592 704 822 759 animos
843 704 914 758 ad
938 700 1057 757 haec
1086 702 1471 758 custodienda
1501 702 1729 757 facilius
1758 702 1985 771 excitet,

346 794 488 866 quid
519 794 712 849 meriti
746 808 846 864 pro
876 792 1063 864 ipsius
1111 791 1386 847 custodiae
1425 792 1660 862 justitia
1698 791 1985 862 adipisca-

346 900 504 952 mur,
533 882 737 937 edocet
767 883 968 937 dicens
1004 897 1015 935 :

1110 970 1227 1009 AIN.

418 1081 448 1109 «
485 1060 608 1115 Feci
651 1060 943 1130 judicium
998 1064 1054 1114 et
1104 1060 1396 1130 justitiam
1434 1076 1446 1112 :
1483 1076 1600 1114 non
1649 1058 1847 1113 tradas
1899 1074 1989 1113 me

346 1147 847 1204 calumniantibus
876 1163 994 1205 me.
1040 1168 1065 1197 ››
1094 1148 1317 1221 Jugiter
1346 1165 1452 1204 nos
1497 1148 1555 1202 in
1604 1148 1712 1203 hoc
1758 1146 1990 1203 mortali

346 1250 585 1309 corpore
615 1237 887 1293 vitiorum
919 1242 1147 1294 caterva
1179 1238 1584 1310 persequitur:
1612 1238 1712 1293 sed
1746 1235 1795 1292 si
1827 1252 1988 1291 men-

340 1326 869 1397 sura-judiciorum
920 1342 985 1381 ac
1025 1326 1516 1397 justificationum
1568 1326 1667 1381 Dei
1725 1325 1784 1380 in
1824 1324 1993 1379 nobis

348 1418 673 1482 maneat,ut
703 1415 973 1487 prudenti
995 1414 1236 1471 consilio
1266 1429 1334 1470 ea
1364 1430 1491 1485 qua:
1522 1415 1614 1469 his
1643 1414 1997 1470 conveniunt

348 1503 654 1573 faciamus,
686 1503 895 1560 horum
929 1507 1371 1576 persecutorum
1405 1500 1678 1559 manibus
1729 1518 1843 1558 non
1874 1505 1990 1557 tra-

350 1593 578 1647 demur.

424 1703 452 1731 ‹‹
487 1682 727 1753 Suscipe
760 1696 992 1737 servum
1025 1685 1193 1737 tuum
1225 1679 1284 1735 in
1317 1682 1488 1737 bono.
1526 1703 1553 1729 »
1584 1680 1731 1746 Quia
1783 1679 1995 1736 servire

354 1783 446 1826 me
477 1774 712 1841 peccato
733 1772 860 1841 jam
892 1769 1108 1825 nescio.
1146 1790 1173 1821 ι
1203 1770 1275 1825 Ut
1305 1785 1420 1825 non
1451 1768 1887 1825 calumnientur
1905 1784 1998 1825 me

346 1860 613 1931 superbi.
649 1881 677 1908 »
708 1858 983 1915 Diabolus
1014 1863 1071 1914 et
1102 1856 1355 1914 ministri
1385 1859 1533 1930 ejus.

1507 477 2000 542 BREVIARIUM
2045 476 2125 541 ΙΝ
2170 476 2555 541 PSALMOS.

3586 472 3746 537 ωτι

2177 614 2297 669 «Os
2319 626 2513 667 meum
2543 608 2743 683 aperui
2771 613 2830 666 et
2859 606 3068 665 attraxi
3098 606 3367 679 spiritum
3396 623 3407 662 :
3434 606 3574 678 quia
3590 624 3755 665 mau-

2098 705 2235 761 data
2264 706 2363 758 tua
2387 686 2821 758 desiderabam.
2848 722 2876 748 η
2906 698 3017 754 Cor
3046 698 3336 753 mundum
3367 696 3640 763 reseravi,
3690 702 3750 754 et

2099 795 2343 866 dignum
2390 808 2481 846 me
2533 790 2691 845 elfeci
2724 788 3009 844 desiderio
3040 787 3451 842 mandatorum
3481 790 3744 857 tuorum,

2100 883 2158 939 in
2191 898 2365 954 quem
2395 880 2643 952 Spiritus
2675 883 2913 934 sanctus
2940 877 3386 933 dili‘undsretur.

2172 996 2200 1023 ‹‹
2232 971 2442 1043 Aspice
2470 970 2531 1025 in
2566 986 2657 1025 ms
2687 974 2743 1025 et
2772 968 3049 1023 miserere
3080 966 3218 1033 mei,
3249 966 3575 1022 secundum
3594 965 3750 1037 judi-

2101 1063 2255 1118 cium
2290 1060 2658 1132 diligentium
2684 1073 2895 1113 nomen
2920 1061 3108 1114 tuum.
3142 1078 3170 1106 »
3205 1055 3390 1112 Utillo
3410 1054 3742 1126 mejudicio

2102 1167 2375 1207 muneres
2408 1165 2521 1220 quo
2554 1148 2807 1220 reliquos
2838 1146 2939 1219 qui
2970 1146 3225 1219 diligunt
3256 1161 3468 1200 nomen
3502 1148 3691 1199 tuum.

2172 1240 2455 1295 «Gressus
2479 1254 2638 1296 meos
2657 1236 2840 1308 dirige
2857 1235 3181 1292 secundum
3200 1234 3499 1305 eloquium
3521 1237 3749 1290 tuum.»

2104 1330 2170 1385 Et
2216 1346 2331 1384 non
2382 1329 2706 1384 secundum
2752 1342 3058 1397 corporeas
3088 1323 3438 1381 voluntates.
3473 1346 3501 1374 ‹‹
3536 1325 3605 1379 Et
3635 1339 3751 1380 non

2100 1417 2435 1475 dominetur
2465 1416 2579 1473 mei
2607 1416 2800 1473 omnis
2832 1414 3169 1487 iniquitas.»
3200 1412 3346 1477 Quia
3375 1416 3476 1469 tuo
3508 1427 3641 1468 sum
3664 1411 3748 1467 fa-

2104 1506 2353 1563 mulatui
2386 1506 2775 1578 mancipatus.

2179 1619 2205 1646 ‹‹
2230 1596 2470 1652 Redime
2496 1612 2587 1651 me
2611 1612 2644 1651 a
2664 1594 2975 1651 calumniis
2996 1592 3397 1660 hominum,ut
3416 1590 3748 1647 custodiam

2106 1687 2385 1743 mandata
2415 1690 2533 1741 tua.
2571 1707 2598 1734 ››
2628 1683 2945 1740 Calumniaa
2978 1686 3136 1748 sunt,
3170 1698 3304 1737 cum
3350 1680 3531 1752 justis
3560 1679 3753 1737 homi-

2108 1777 2283 1832 nibus
2313 1775 2530 1830 crimen
2563 1772 2882 1845 impietatis
2914 1771 3209 1843 o'ojicitur,
3242 1773 3299 1825 et
3327 1787 3395 1826 ex
3426 1768 3641 1840 quibus
3691 1784 3757 1825 se

2109 1864 2315 1920 redimi
2360 1862 2619 1935 deposcit
2648 1880 2683 1918 a
2711 1862 2847 1925 Deo,
2882 1866 2947 1915 ut
2973 1861 3103 1929 ejus
3132 1858 3412 1914 mandata
3440 1856 3754 1913 custodiat.

427 1971 454 1997 «
489 1948 653 2004 Oculi
698 1948 811 2003 mei
859 1948 1194 2004 defecerunt
1238 1945 1297 2003 in
1344 1948 1599 2003 salutare
1647 1951 1837 2003 tuum.
1874 1970 1902 1996 »
1935 1948 1998 2004 In
2028 1986 2077 2053 Β
2185 1976 2213 2003 ‹‹
2243 1954 2473 2011 Faciem
2524 1957 2688 2008 tuam
2729 1950 3003 2006 illumina
3032 1964 3209 2021 super
3238 1962 3470 2003 servum
3500 1951 3695 2002 tuum.
3725 1966 3754 1996 »

427 2051 437 2053 -
694 2036 845 2053 ﬂ.-.
1660 2035 1718 2053 n.
2114 2045 2148 2053 Α
2238 2045 2265 2053 η
2593 2040 2707 2053 ηη.
2781 2040 2790 2050 .
2941 2038 3016 2050 ..
3125 2037 3136 2053 .
3218 2036 3227 2047 ι
3317 2041 3327 2053 .
3522 2035 3583 2053 η.
3626 2035 3753 2053 ,η-

346 2037 572 2102 ’.Ιθευω,
607 2036 706 2107 qui
737 2034 1017 2091 Hebraice
1048 2036 1299 2091 Salvator
1328 2034 1562 2091 dicitur.
1598 2057 1625 2084 ‹‹
1660 2035 1729 2090 Et
1775 2035 1831 2088 in
1882 2034 1997 2089 elo-

350 2124 562 2196 quium
586 2125 831 2195 justitiaa
861 2129 998 2180 tuae.
1034 2146 1062 2173 »
1094 2125 1156 2179 In
1191 2124 1449 2180 Verbum
1490 2123 1636 2179 illud
1684 2124 1838 2195 quod
1877 2127 2001 2179 erat

354 2214 414 2270 in
448 2213 732 2286 principio
763 2214 919 2285 apud
954 2219 1135 2269 Deum
1170 2232 1182 2269 :
1217 2214 1315 2285 qui
1342 2213 1580 2285 justitia
1602 2212 1747 2285 legis
1778 2229 1893 2269 non
1913 2228 2002 2269 ve-

354 2302 444 2359 nit
474 2302 714 2371 solvere,
747 2304 847 2359 sed
883 2299 1146 2375 implere.

425 2414 454 2441 «
489 2393 599 2448 Fac
642 2408 777 2449 cum
824 2410 987 2449 servo
1033 2398 1135 2449 tuo
1182 2393 1506 2449 secundum
1537 2391 2002 2449 misericordiam

352 2486 537 2538 tuam.
571 2502 597 2535 »ι
634 2482 705 2538 Ut
737 2482 860 2554 ipse
889 2486 1022 2538 vota
1070 2498 1200 2538 mea
1239 2482 1526 2554 perficies.
1562 2506 1589 2531 ‹‹
1622 2482 1689 2536 Et
1711 2481 1999 2552 justifies-

354 2567 543 2624 tiones
574 2573 705 2625 tuas
735 2570 874 2625 doce
904 2586 1015 2624 me.
1042 2593 1064 2621 ι
1103 2569 1175 2625 Ut
1204 2586 1324 2636 eas,
1356 2569 1508 2626 sicut
1542 2569 1755 2641 saepius
1786 2568 2000 2642 optavi,

355 2658 577 2728 possim
609 2659 927 2716 advertere.

384 2778 387 2781 -
428 2769 457 2796 «
487 2750 696 2803 Servus
726 2752 865 2804 tuus
892 2766 1026 2805 sum
1057 2764 1162 2821 ego
1196 2767 1209 2805 :
1244 2750 1319 2805 da
1361 2749 1503 2804 mihi
1535 2748 1897 2805 intellectum
1938 2752 2004 2803 ut

354 2836 538 2893 sciam
568 2837 907 2893 testimonia
934 2843 1053 2893 tua.
1092 2861 1118 2886 ››
1149 2841 1195 2893 Α
1224 2843 1280 2894 te
1311 2856 1379 2894 ea
1408 2839 1653 2905 discam,
1684 2842 1741 2893 et
1788 2855 1902 2893 non
1936 2838 2007 2893 ab

356 2925 667 2991 haereticis,
699 2925 787 2983 vel
818 2926 1037 2983 Judaiis
1084 2944 1096 2981 :

360 3019 449 3071 est
477 3016 550 3070 ab
582 3015 989 3072 exercitatione
1018 3020 1133 3071 tuas
1166 3015 1463 3072 servitutis
1494 3016 1769 3073 otiosum.

436 3125 465 3153 ‹‹
484 3103 740 3174 Tempus
764 3103 1032 3171 faciendi,
1053 3104 1334 3161 Domine:
1359 3103 1793 3176 dissipaverunt
1822 3103 2009 3176 iniqui

360 3191 550 3264 legem
571 3192 985 3248 tuam.»Judaei
1008 3192 1206 3262 utique
1230 3194 1331 3265 qui
1348 3208 1477 3248 eam
1500 3192 1879 3265 spiritualiter
1896 3210 2011 3250 non

353 3280 789 3337 intellexerunt.
820 3281 929 3337 Sed
962 3280 1153 3336 veniet
1182 3285 1414 3353 tempus
1444 3282 1677 3353 quando
1699 3282 1926 3339 occulta
1948 3281 2013 3337 il-

350 3369 468 3427 lius
500 3368 786 3426 Dominus
817 3367 990 3425 faciet
1021 3368 1429 3442 praedicatione
1479 3370 1810 3443 evangelica
1856 3388 2005 3429 rese—
2032 3357 2077 3425 C

352 3476 489 3515 rari.

425 3571 452 3599 ‹‹
484 3548 618 3605 Ideo
648 3545 822 3603 dilexi
852 3547 1131 3603 mandata
1159 3551 1260 3604 tua
1290 3564 1468 3620 super
1511 3563 1723 3604 aurum
1754 3552 1811 3605 et
1840 3554 2007 3621 topa-

348 3636 503 3693 zion.
535 3656 561 3688 ι
598 3636 759 3692 Sicut
788 3636 944 3693 enim
994 3653 1207 3692 aurum
1256 3641 1599 3693 cunctorum
1632 3636 2003 3695 metallorum

353 3726 633 3799 praecellit
664 3726 1034 3798 pretium,ita
1054 3726 1319 3799 topazius
1338 3727 1602 3783 omnium
1632 3744 2003 3800 gemmarum

355 3815 415 3871 in
447 3832 508 3871 se
539 3815 841 3873 continens
871 3814 1667 3888 pulchritudinem,omnium
1698 3817 1879 3873 vincit
1902 3818 2004 3873 ho-

353 3906 685 3983 noresteo
715 3905 1006 3978 Propheta
1036 3923 1212 3978 super
1241 3906 1363 3962 haec
1386 3906 1585 3962 omnia
1604 3905 1705 3963 Dei
1731 3908 2007 3963 mandata

354 3994 567 4068 diligit,
593 3994 731 4067 quia
761 3994 818 4049 in
852 3994 945 4051 his
976 3995 1287 4051 adventum
1319 3994 1681 4067 Domini,qui
1715 3997 2004 4053 mundum

354 4083 760 4154 redemptorus
789 4085 897 4150 est,
931 4082 1266 4137 nuntiatum
1302 4081 1593 4156 intelligit.

428 4195 457 4221 «
490 4171 799 4243 Propterea
817 4171 889 4225 ad
912 4170 1112 4227 omnia
1132 4172 1409 4227 mandata
1439 4174 1542 4227 tua
1563 4168 2005 4245 dirigebarzom-

355 4276 491 4316 nem
521 4257 675 4315 viam
694 4258 962 4330 iniquam
995 4259 1125 4316 odio
1157 4258 1359 4317 habui.
1396 4283 1422 4309 »
1456 4260 1611 4317 Nihil
1644 4262 1714 4317 de
1746 4261 1852 4318 viis
1895 4260 2005 4316 ini-

356 4346 601 4419 quitatis
621 4346 867 4403 accessit
892 4364 905 4402 ε
931 4346 1031 4403 sed
1054 4348 1207 4404 sicut
1227 4349 1629 4421 perambulavi
1654 4350 1907 4423 integre:
1929 4350 2010 4407 ita

351 4436 551 4494 omnia
580 4452 705 4509 quae
729 4436 788 4491 in
818 4435 927 4492 viis
955 4436 1288 4507 iniquitatis
1318 4436 1723 4506 morabantur,
1757 4439 1933 4495 odivi.

1107 4561 1235 4600 ΡΗΕ.

2108 2045 2402 2101 Conﬁrma
2432 2058 2524 2099 me
2554 2040 2746 2113 efﬁgie
2778 2038 3053 2111 imaginis
3083 2036 3279 2110 gloriae
3312 2041 3490 2092 tuam
3522 2035 3591 2091 Et
3616 2035 3759 2091 doce

2111 2150 2202 2189 me
2234 2131 2675 2204 iustiﬁcationes
2707 2134 2911 2185 tuas.»
2944 2128 3016 2184 Ut
3043 2126 3200 2198 quod
3229 2124 3288 2180 in
3315 2123 3431 2180 illis
3463 2140 3635 2180 cerno
3656 2140 3760 2195 per

2107 2221 2434 2293 speculum,
2468 2224 2623 2275 certa
2651 2216 3145 2289 contemplatione
3173 2212 3549 2286 conspiciam.

2182 2335 2211 2363 ‹‹
2244 2311 2444 2367 Exitus
2484 2323 2769 2379 aquarum
2820 2306 3187 2361 deduxerunt
3228 2301 3382 2359 oculi
3430 2301 3566 2369 mei,
3621 2300 3762 2373 quia

2104 2415 2227 2457 non
2277 2397 2679 2456 custodierunt
2724 2396 2911 2468 legem
2962 2398 3146 2449 tuam.
3183 2415 3222 2477 θ»
3270 2392 3479 2448 Veram
3529 2405 3763 2462 semper

2112 2489 2233 2563 agit
2261 2487 2662 2561 pcenitentiam
2695 2485 2789 2541 hic
2819 2487 3083 2550 sanctus,
3113 2486 3169 2537 et
3200 2498 3315 2537 non
3345 2483 3536 2537 cessat
3574 2479 3761 2535 fluen-

2112 2580 2189 2636 tis
2219 2578 2611 2650 lacrymarum
2642 2575 2884 2645 antiqua
2911 2573 3122 2628 delicta
3150 2571 3371 2627 diluere
3404 2588 3418 2626 :
3453 2574 3518 2625 ut
3546 2566 3762 2626 intelli-

2100 2679 2271 2741 gere,
2296 2667 2410 2723 nisi
2440 2681 2634 2721 veram
2666 2662 3068 2734 paenitentiam
3096 2659 3305 2731 egeris,
3330 2658 3435 2714 tibi
3458 2656 3623 2713 facile
3646 2672 3762 2713 non

2112 2757 2333 2814 dimitti
2372 2771 2503 2828 quae
2542 2751 2815 2827 gesseris.
2864 2750 3015 2806 Vera
3055 2754 3145 2805 est
3191 2747 3349 2805 enim
3398 2744 3759 2819 paenitentia,

2108 2847 2331 2919 jugiter
2359 2844 2594 2900 fletibus
2625 2840 2940 2897 commissa
2956 2838 3177 2895 diluere
3206 2842 3265 2894 et
3292 2836 3493 2894 abluta
3521 2852 3637 2891 non
3660 2834 3763 2892 ite-

1152 2926 1289 2999 quia
1335 2926 1480 2982 mihi
1520 2926 1749 2983 nullum
1775 2932 2010 2999 tempus
2119 2950 2266 2993 rare.

2867 3052 3028 3093 SADE.

2192 3174 2219 3200 ‹‹
2252 3150 2461 3205 Justus
2490 3162 2571 3217 es,
2606 3144 2871 3211 Domine,
2895 3148 2952 3200 et
2984 3144 3206 3199 rectum
3231 3139 3522 3213 judicium
3549 3143 3718 3195 tuum
3746 3153 3760 3193 :

2119 3237 2416 3295 mandasti
2467 3234 2760 3306 justitiam
2807 3231 3146 3289 testimonia
3188 3235 3316 3295 tua,
3354 3232 3420 3285 et
3462 3228 3762 3284 veritatem

2116 3333 2281 3382 tuam
2326 3325 2525 3381 nimis.
2562 3345 2590 3373 π
2621 3322 2827 3378 Omnia
2875 3336 3003 3392 quae
3046 3319 3368 3373 mandante
3398 3321 3455 3371 te
3485 3316 3764 3387 patimur,

2107 3418 2295 3487 justa,
2330 3418 2485 3469 recta
2532 3428 2599 3467 ac
2644 3426 2779 3467 vera
2824 3412 2965 3465 sunt
2998 3425 3011 3461 :
3045 3406 3184 3478 quia
3231 3410 3333 3461 aut
3378 3420 3480 3476 pro
3511 3403 3765 3476 peccatis

2114 3504 2331 3560 nostris
2382 3502 2684 3573 ingruunt,
2736 3503 2839 3553 aut
2896 3502 2962 3553 ut
3016 3494 3243 3567 probati
3297 3492 3762 3557 manifestemur,

2108 3593 2408 3650 eveniunt.

2189 3704 2217 3731 ‹‹
2245 3681 2566 3737 Tabescere
2607 3694 2702 3734 me
2750 3676 2886 3732 fecit
2937 3675 3096 3732 zelus
3144 3675 3357 3731 domus
3390 3677 3523 3728 tuae.
3559 3692 3587 3719 »
3616 3670 3762 3727 Cum

2115 3772 2323 3827 domus
2355 3769 2449 3824 Dei
2474 3767 2753 3841 spelunca
2782 3765 3078 3822 latronum
3111 3762 3363 3820 efficitur
3391 3778 3424 3818 a
3450 3758 3623 3816 malis
3660 3758 3763 3815 ha-

2102 3858 2433 3925 bitoribus;
2466 3860 2551 3913 vel
2592 3874 2724 3913 cum
2772 3856 2970 3911 videro
3018 3868 3262 3927 corpora
3291 3852 3407 3909 Deo
3437 3850 3628 3906 dicata
3668 3864 3765 3905 vo-

2115 3948 2365 4004 lutabris
2425 3947 2749 4003 facinorum
2801 3943 3118 4016 inquinari.
3154 3964 3183 3991 «
3224 3940 3371 4007 Quia
3417 3938 3582 3995 obliti
3624 3942 3766 3993 sunt

2114 4039 2291 4093 verba
2333 4042 2435 4091 tua
2486 4033 2708 4089 inimici
2760 4033 2895 4088 mei.
2930 4053 2957 4081 »
2989 4030 3407 4087 Obliviscentes
3437 4026 3593 4083 enim
3623 4040 3766 4097 pre-

2115 4129 2283 4197 cepta
2310 4124 2476 4195 legis,
2512 4124 2771 4178 fecerunt
2801 4123 3045 4177 domum
3093 4123 3260 4175 tuam
3307 4116 3645 4190 speluncam
3677 4114 3761 4170 la-

2113 4219 2371 4270 tronum.

2194 4324 2215 4352 ι
2251 4304 2506 4375 Ignitum
2539 4300 2840 4372 eloquium
2871 4303 3043 4354 tuum
3061 4296 3456 4363 vehementer,
3470 4299 3531 4352 et
3558 4306 3762 4351 servus

2110 4397 2254 4448 tuus
2283 4392 2485 4448 dilexit
2514 4390 2681 4446 illud.
2702 4411 2732 4441 ››
2752 4388 2899 4454 Quia
2928 4388 3083 4445 sicut
3110 4390 3413 4459 peccatum
3446 4381 3763 4451 consumit,

2114 4481 2197 4537 ita
2224 4487 2283 4538 et
2312 4484 2671 4553 peccantem,
2704 4478 2755 4533 si
2782 4480 3152 4534 convertatur
3176 4473 3492 4529 illuminat.

2188 4594 2215 4622 «
2247 4568 2686 4626 Adolescentior
2712 4584 2847 4623 sum
2876 4582 2983 4638 ego
3012 4569 3074 4621 et
3097 4567 3467 4635 contemptus
3500 4579 3513 4617 :
3537 4559 3761 4633 justiﬁ-

422 4674 453 4701 ‹‹
475 4650 762 4707 Mirabilia
780 4649 1121 4706 testimonia
1147 4656 1271 4718 tua,
1294 4652 1575 4710 Domine:
1603 4654 1731 4710 ideo
1749 4658 2008 4710 scrutata
2114 4660 2375 4716 cationes
2411 4664 2541 4713 tuas
2588 4674 2704 4713 non
2754 4672 2887 4711 sum
2936 4653 3172 4711 oblitus.
3209 4675 3235 4702 ››
3267 4652 3612 4721 Quanquam
3643 4650 3762 4707 hac

350 4744 441 4798 est
468 4752 538 4797 ea
565 4739 764 4795 anima
790 4752 942 4796 mea.
977 4760 1006 4789 »
1039 4739 1171 4795 Vidi
1201 4741 1261 4796 in
1292 4741 1386 4797 his
1417 4741 1577 4798 aliud
1608 4742 1723 4815 agi,
1753 4743 1912 4799 aliud
1944 4745 2006 4798 ti-
2038 4730 2085 4797 Β
2116 4749 2291 4805 David
2322 4765 2390 4804 ex
2421 4762 2670 4820 persona
2700 4762 2808 4801 sua
2837 4744 3012 4812 dicat,
3063 4742 3161 4815 qui
3194 4740 3621 4799 adolescentior
3649 4757 3759 4796 caa-

348 4828 573 4904 gurari.
615 4828 866 4899 Ideoque
897 4828 1039 4899 quia
1064 4828 1283 4885 mirum
1336 4830 1481 4886 mihi
1511 4836 1622 4899 est,
1655 4831 1995 4905 diligentius

347 4920 768 4992 perscrutatus,
792 4920 1023 4985 cuncta,
1044 4921 1103 4973 te
1120 4917 1477 4986 declarante,
1501 4936 1820 4993 cognosco:
1844 4920 1998 4976 sicut

347 5006 1010 5081 sequitur.«Declaratio
1039 5020 1379 5064 sermonum
1413 5014 1647 5066 tuorum
1678 5011 1994 5077 illuminat,

344 5103 402 5155 et
449 5096 811 5154 intellectum
856 5096 957 5152 dat
1004 5095 1282 5169 parvulis.
1313 5120 1340 5147 η
1372 5103 1682 5156 Sermones
1714 5100 1816 5156 Dei
1856 5104 1997 5157 sunt

346 5187 567 5261 scripta
594 5185 1013 5259 prophetarum
1042 5191 1100 5242 et
1132 5187 1299 5259 Legis
1332 5205 1458 5259 quas
1480 5187 1540 5244 in
1563 5188 1885 5262 Evangeliis
1901 5189 1998 5245 de-

346 5278 643 5334 clarantur
664 5294 676 5331 :
700 5275 840 5331 dum
862 5275 1090 5331 Verbum
1118 5293 1243 5332 caro
1262 5280 1470 5347 factum
1485 5279 1695 5334 habitat
1743 5278 1803 5333 in
1842 5279 1997 5334 nobis

346 5363 531 5439 (han.
566 5384 604 5436 ι,
642 5366 751 5437 14),
781 5368 837 5420 et
872 5363 1079 5420 multis
1130 5366 1445 5423 virtutibus
1489 5371 1669 5423 Deum
1717 5368 1994 5424 ostendit.

342 5458 450 5513 Sed
482 5456 697 5511 borum
728 5452 1063 5512 intellectus
1091 5456 1364 5528 parvitati
1395 5461 1628 5525 nostra,
1662 5457 1763 5530 qui
1792 5458 1851 5513 in
1903 5456 1998 5513 in-

345 5546 613 5603 nocentia
646 5544 829 5601 renali
864 5560 1096 5613 sumus,
1128 5546 1409 5604 tribuitur
1443 5563 1455 5601 :
1493 5548 1733 5604 Domino
1786 5547 1869 5604 sic
1918 5547 2001 5605 di-

344 5634 511 5715 cente
544 5658 559 5691 :
588 5633 1023 5705 Canﬂteort’ibi,
1056 5634 1305 5705 Domina,
1338 5638 1497 5693 Pater
1543 5638 1666 5692 cwli
1706 5641 1757 5692 et
1786 5642 1945 5693 terrae
1976 5658 1994 5693 :

343 5725 476 5797 quia
505 5722 833 5779 abscondisti
864 5723 979 5778 hac
1001 5739 1037 5778 α
1062 5724 1401 5795 captantibus
1447 5730 1500 5782 at
1540 5726 1921 5799 prudentibus,
1948 5732 2000 5783 et

342 5811 608 5872 νιυεὸωΐὶ
630 5826 705 5869 ea
726 5812 981 5886 parvulis
1004 5811 1224 5885 (Matth.
1252 5830 1333 5886 an,
1364 5815 1479 5890 25).

2115 4841 2255 4895 teris
2288 4837 2587 4902 fratribus,
2618 4835 2785 4908 quasi
2817 4838 3187 4906 contemptus
3234 4833 3305 4889 ad
3357 4848 3489 4889 oves
3520 4846 3760 4903 pascen-

2108 4929 2220 4984 das
2250 4927 2528 4991 directus,
2561 4924 2771 4981 dehinc
2804 4924 2862 4979 in
2894 4940 3139 4996 regnum
3170 4922 3390 4979 electus
3410 4924 3500 4977 est
3527 4937 3539 4975 :
3565 4922 3760 4973 tamen

2112 5017 2234 5073 haec
2268 5017 2336 5071 ad
2371 5014 2655 5089 populum
2688 5014 3089 5070 Christianum
3121 5010 3422 5067 referenda
3464 5010 3625 5076 sunt,
3655 5008 3758 5078 qui

2104 5105 2267 5179 prius
2284 5109 2676 5177 contemptus,
2688 5108 2747 5161 et
2773 5105 2845 5159 de
2863 5104 3036 5159 domo
3058 5101 3238 5174 patris
3252 5100 3302 5170 ej
3312 5094 3761 5164 ectus,recolens

2104 5195 2560 5265 justificationes
2605 5195 2724 5260 Dei,
2774 5192 3027 5263 acceptis
3072 5187 3284 5261 prioris
3328 5185 3756 5260 primogenitis,

2108 5284 2272 5357 prior
2301 5285 2542 5340 effectus
2572 5288 2680 5339 est.

2185 5397 2209 5423 (ς
2244 5373 2485 5429 Justitia
2512 5369 2866 5442 tuajustitia
2915 5369 2972 5424 in
3020 5372 3323 5424 aeternum.
3358 5386 3391 5419 ι
3418 5367 3603 5431 Quam
3643 5378 3759 5421 non

2114 5462 2385 5537 cognovit
2412 5459 2663 5533 pepulus
2686 5458 2783 5514 ille
2808 5459 2964 5530 prior
2996 5473 3226 5529 semper
3245 5472 3372 5513 esse
3393 5458 3758 5528 perpetuam.

2114 5572 2143 5603 -α
2178 5556 2246 5609 Et
2275 5552 2365 5608 lex
2396 5556 2496 5606 tua
2521 5550 2757 5605 veritas.
2789 5572 2818 5599 ››
2854 5548 2973 5603 illis
3022 5548 3133 5601 fuit
3177 5546 3391 5602 umbra
3421 5561 3434 5599 :
3469 5560 3625 5600 nunc
3668 5547 3762 5601 est

2113 5641 2376 5697 Ecclesiae
2408 5638 2621 5711 populo
2649 5639 2886 5693 veritas.
2919 5638 3027 5693 Sed
3060 5636 3346 5708 Propheta
3374 5650 3477 5706 pro
3524 5634 3633 5691 hac
3662 5650 3757 5691 ve-

2113 5730 2285 5786 ritate
2316 5728 2506 5784 multa
2536 5728 2832 5800 perferens
2858 5728 2974 5782 ait:

2183 5842 2209 5869 ‹‹
2234 5817 2557 5876 Tribulatio
2584 5821 2642 5875 et
2669 5815 2941 5891 angustia
2963 5816 3308 5875 invenerunt
3335 5831 3458 5873 me:
3478 5813 3758 5879 mandata
