4244 6572
529 450 683 515 1275

524 590 629 645 tua
658 586 959 644 meditatio
1006 602 1139 646 mea
1184 590 1291 646 est.
1328 610 1350 641 ι
1386 588 1717 654 Quamlibet
1760 589 2074 647 tribuletur
2111 590 2171 646 in
2201 584 2257 650 Α

525 676 736 749 poenis,
768 682 1097 734 coarctetur
1140 677 1200 735 in
1251 679 1501 736 vinculis
1534 698 1548 738 :
1583 699 1692 738 vox
1720 698 1951 754 semper
1993 681 2175 738 libera

526 766 627 824 Dei
654 769 935 824 mandata
960 769 1279 825 meditatur
1308 770 1566 826 assidue.

600 878 628 905 ‹‹
654 857 920 929 .Equitas
950 858 1289 914 testimonia
1326 864 1431 915 tua
1475 859 1535 914 in
1585 864 1865 916 aeternum
1899 879 1913 916 :
1947 860 2172 916 intelle-

525 949 687 1002 ctum
738 947 811 1003 da
860 947 1027 1015 mihi,
1067 952 1123 1004 et
1169 949 1384 1005 vivam.
1428 972 1455 998 ››
1487 949 1559 1005 Ut
1589 966 1692 1022 pro
1723 965 1924 1005 eorum
1956 949 2171 1007 intelli-

527 1035 747 1107 gentia,
773 1037 952 1093 vitam
984 1038 1201 1108 possim
1233 1055 1440 1111 capere
1468 1039 1907 1110 sempiternam.

1269 1162 1432 1201 COPH.

604 1254 627 1284 ι
660 1234 912 1289 Clamavi
961 1234 1020 1289 in
1067 1238 1189 1289 toto
1236 1235 1407 1290 corde
1456 1251 1607 1301 meo,
1657 1235 1865 1291 exaudi
1915 1253 2027 1301 me,
2062 1237 2173 1292 Do-

527 1322 708 1392 mine,
735 1324 1185 1393 justificationes
1214 1328 1347 1380 tuas
1378 1325 1968 1396 requiram.Clamavi
2003 1326 2073 1380 ad
2096 1329 2171 1395 te,

527 1409 754 1467 salvum
781 1427 874 1467 me
906 1413 1015 1482 fac,
1047 1417 1113 1467 ut
1142 1412 1466 1467 custodiam
1500 1412 1779 1467 mandata
1805 1416 1923 1468 tua.
1959 1435 1987 1462 ››
2010 1412 2175 1468 Hunc

526 1498 840 1555 clamorem
868 1516 983 1555 non
1016 1517 1301 1572 corporea:
1325 1501 1503 1569 vocis,
1531 1502 1629 1557 sed
1663 1503 1878 1557 mentis
1909 1500 2177 1573 spiritua-

524 1586 705 1645 tualis
733 1605 883 1655 esse,
916 1607 1068 1662 sape
1097 1590 1438 1647 monuimus
1471 1607 1484 1647 :
1520 1607 1622 1662 per
1647 1607 1821 1663 quem
1840 1590 1990 1660 justi
2011 1608 2045 1645 a
2064 1595 2174 1645 Deo

525 1677 919 1734 exaudiuntur
951 1696 964 1734 :
995 1678 1083 1735 vel
1113 1678 1210 1735 ille
1242 1680 1511 1751 precibus
1542 1695 1745 1735 eorum
1774 1679 1940 1751 pium
1972 1679 2177 1751 pandit

524 1767 815 1822 auditum.

603 1876 632 1905 «
663 1855 911 1911 Praiveni
942 1855 1001 1911 in
1032 1855 1369 1913 maturitate
1399 1862 1456 1913 et
1483 1857 1727 1914 clamavi
1761 1876 1774 1914 :
1807 1858 1945 1930 quia
1972 1856 2033 1912 in
2053 1872 2176 1912 ver-

530 1944 604 2000 bo
634 1949 737 2001 tuo
768 1945 1014 2017 speravi.
1070 1968 1089 1995 ο
1143 1945 1352 2002 Vetera
1401 1946 1546 2003 vitia
1601 1947 1883 2019 pudicitia
1929 1946 2175 2017 juvenili
2205 1964 2252 2031 B

527 2034 822 2107 praevenit,
855 2035 954 2106 qui
987 2051 1090 2107 per
1118 2036 1515 2092 maturitatem
1546 2036 1761 2093 vivacis
1792 2036 2171 2108 animi,spem

527 2140 695 2180 suam
729 2140 1034 2196 nunquam
1066 2141 1100 2180 a
1123 2124 1317 2181 verbis
1346 2126 1448 2181 Dei
1480 2126 1743 2182 removit.

603 2234 633 2268 ι
660 2217 1069 2270 Prmvenerunt
1097 2213 1250 2271 oculi
1271 2215 1384 2271 mei
1417 2216 1488 2271 ad
1519 2220 1575 2271 te
1605 2214 1862 2271 diluculo
1896 2232 1909 2271 :
1946 2219 2013 2269 ut
2052 2230 2173 2269 me-

526 2302 745 2359 ditarer
773 2302 1006 2375 eloquia
1033 2308 1155 2360 tua.
1189 2325 1219 2353 »
1249 2305 1373 2360 Non
1405 2321 1539 2361 eum
1570 2305 1670 2361 lux
1700 2309 2035 2376 soporatum
2080 2321 2177 2360 re-

526 2392 696 2465 perit,
731 2392 832 2448 sed
861 2392 1199 2464 vigilantem
1232 2398 1488 2458 strenue,
1522 2398 1580 2450 et
1627 2394 1783 2449 circa
1833 2394 2029 2449 divina
2055 2393 2175 2449 elo-

528 2481 667 2554 quia
686 2480 986 2538 oculorum
1010 2481 1407 2554 spiritualium
1432 2483 1750 2539 intentione
1770 2483 2175 2539 meditantem.

598 2592 630 2621 «
660 2571 874 2627 Vocem
904 2588 1097 2628 meam
1144 2572 1371 2644 exaudi,
1408 2573 1667 2642 Domine,
1697 2573 2021 2629 secundum
2062 2572 2178 2627 mi-

527 2659 905 2717 sericordiam
935 2666 1123 2728 tuam,
1156 2683 1183 2711 η
1215 2666 1326 2718 etc.
1360 2662 1793 2719 Incessabiliter
1820 2663 1976 2718 vocis
2009 2661 2179 2734 spiri-

526 2748 707 2807 tualis
737 2750 955 2807 emittit
982 2752 1291 2825 gemitum,
1344 2756 1406 2808 ut
1459 2752 1531 2808 ab
1554 2752 1663 2808 hac
1716 2752 2071 2808 mortalitate
2112 2750 2175 2806 in

524 2839 706 2896 vitam
737 2841 1127 2897 transferatur
1154 2846 1452 2899 mternam.

599 2951 628 2980 ι(
652 2927 1277 3002 ApprOpinquaverunt
1302 2936 1717 3003 persequentes
1739 2947 1831 2986 me
1847 2930 2174 3003 iniquitati;

528 3032 563 3071 a
589 3015 715 3088 lege
743 3023 943 3073 autem
981 3023 1085 3074 tua
1130 3018 1300 3090 longe
1348 3020 1482 3075 facti
1532 3023 1689 3075 sunt.
1724 3041 1752 3068 »
1784 3018 1990 3074 Omnis
2019 3018 2176 3074 enim

530 3104 631 3177 qui
652 3105 851 3178 inique
880 3106 1101 3163 sanctis
1131 3108 1609 3180 approquinquat
1630 3112 1694 3162 ut
1716 3106 2177 3179 noceat,elonga-

528 3197 627 3250 tur
673 3210 709 3249 a
752 3194 879 3267 lege
908 3195 1031 3252 Dei.
1065 3218 1094 3247 «
1123 3196 1305 3269 Prope
1342 3213 1406 3253 es
1450 3200 1536 3264 tu,
1568 3196 1814 3252 Domine
1848 3213 1860 3252 :
1894 3200 1951 3252 et
1981 3196 2180 3252 omnia

529 3283 807 3339 mandata
835 3288 939 3341 tua
968 3286 1234 3358 aequitas.
1271 3309 1300 3337 »
1332 3287 1455 3343 Non
1489 3286 1704 3343 teneris
1745 3286 1908 3352 locis,
1942 3288 2044 3343 sed
2075 3302 2179 3360 per

527 3478 631 3519 1‘18.

597 3574 628 3601 «
678 3552 764 3608 Ab
813 3553 981 3610 initio
1026 3554 1269 3627 cognovi
1318 3556 1391 3612 de
1438 3556 1798 3613 testimoniis
1844 3555 1984 3611 tuis.
2019 3574 2045 3607 ιο
2090 3553 2175 3610 Ab

523 3639 710 3695 Adam
740 3640 798 3695 in
830 3642 1106 3699 omnibus
1137 3644 1487 3715 patriarchis
1518 3662 1585 3701 ac
1613 3644 1935 3717 prophetis.
1972 3666 1999 3693 ››
2032 3643 2178 3708 Quia

526 3728 589 3783 in
620 3732 903 3786 internum
934 3731 1193 3789 fundasti
1222 3749 1308 3790 ea.
1344 3755 1373 3784 ››
1404 3733 1753 3806 Evangeliis,
1784 3734 1845 3789 in
1875 3732 2093 3805 quibus
2122 3734 2180 3788 et

527 3833 636 3874 nos
667 3818 895 3874 fundati
926 3836 1135 3876 sumus
1164 3838 1345 3894 supra
1384 3823 1837 3879 fundamentum
1885 3837 2176 3877 memora-

528 3911 657 3962 tum
710 3922 724 3961 :
778 3908 932 3964 sicut
959 3909 1176 3967 dixisse
1219 3911 1465 3968 Paulum
1496 3912 1827 3986 apostolum
1865 3928 2018 3983 saepe
2061 3927 2179 3974 me-

526 3996 832 4054 minimus.

1289 4108 1414 4147 RES.

603 4194 797 4251 «Vide
828 4195 1224 4254 humilitatem
1257 4215 1449 4255 meam
1479 4202 1537 4255 et
1564 4199 1722 4271 eripe
1750 4215 1844 4253 me
1878 4216 1890 4254 :
1927 4198 2066 4269 quia
2093 4198 2174 4254 le-

2016 444 2437 510 APPENDIX.

523 3373 823 3429 veritatem
857 3375 1268 3432 mandatorum
1298 3376 1573 3434 cordibus
1604 3379 1939 3433 sanctorum
1971 3376 2175 3433 illabe-
2206 3341 2249 3409 Ο

3772 442 3931 511 1976

2357 604 2386 632 ‹‹
2419 581 2584 638 Multi
2618 582 3049 655 persequuntur
3076 594 3169 637 me
3198 582 3257 636 et
3284 575 3573 636 tribulant
3604 594 3697 636 me
3729 595 3744 635 :
3775 596 3811 636 a
3844 583 3931 638 te-

2284 671 2577 729 stimoniis
2607 672 2727 728 tuis
2756 688 2871 728 non
2897 670 3201 727 declinavi.
3237 692 3265 719 »
3296 669 3548 726 Saeviant
3586 668 3738 725 odiis
3769 687 3784 725 :
3817 669 3932 727 im-

2285 767 2546 834 pugnent
2567 760 2799 832 injuriis
2827 779 2839 817 :
2866 777 2970 832 ego
3002 777 3036 814 a
3063 759 3420 816 testimoniis
3442 758 3560 814 tuis
3586 759 3930 831 erigor,non

2284 851 2549 907 inclinor.
2587 874 2615 900 «
2649 850 2776 905 Vidi
2810 867 2925 905 non
2958 853 3255 905 servantes
3288 852 3545 920 pactum,
3575 852 3633 904 et
3668 849 3929 906 tabesce-

2284 940 2416 996 bam
2452 958 2465 996 :
2498 940 2637 1012 quia
2665 939 2898 1010 eloquia
2928 944 3029 995 tua
3059 955 3175 994 non
3207 938 3667 993 custodiebant.»
3690 938 3927 995 Pactum

2285 1028 2395 1084 fuit
2424 1028 2622 1084 lsraeli
2656 1046 2789 1084 cum
2824 1029 3118 1101 Deo,quod
3144 1028 3289 1083 dixit
3317 1028 3388 1083 ad
3418 1030 3648 1100 Moysen
3684 1043 3698 1082 :
3732 1027 3929 1083 Omnia

2283 1134 2643 1191 quacumque
2668 1118 2874 1174 dixerit
2902 1120 3185 1183 Dominus,
3218 1119 3484 1188 faciemus
3535 1117 3729 1188 (Exod.
3777 1133 3927 1186 xxxv,

2284 1211 2337 1275 3,
2368 1210 2445 1279 7).
2480 1208 2591 1264 Sed
2623 1212 2679 1263 et
2708 1225 2863 1263 nunc
2894 1225 3001 1263 nos
3033 1206 3386 1278 paciscimur
3415 1207 3475 1261 in
3517 1206 3830 1278 baptismo,
3861 1210 3929 1264 ut

2285 1296 2766 1353 abrenuntiemus
2784 1296 3014 1352 diabolo
3044 1301 3101 1351 et
3121 1295 3394 1367 operibus
3424 1294 3713 1366 ejusaPro
3743 1299 3931 1351 trans-

2284 1386 2655 1459 gressoribus
2704 1403 2840 1457 ergo
2889 1385 3071 1456 hujus
3122 1384 3276 1457 pacti
3325 1383 3610 1457 Propheta
3662 1383 3926 1441 tabescit.

2284 1476 2352 1531 Et
2382 1474 2599 1530 Paulus
2629 1474 2730 1546 qui
2763 1474 3025 1530 dicebat:
3053 1476 3183 1542 Quis
3206 1476 3414 1542 uritur,
3434 1476 3485 1527 et
3503 1488 3607 1546 ego
3626 1488 3738 1529 non
3764 1477 3931 1529 uror?

2282 1564 2362 1635 (ll
2391 1565 2509 1619 Cor.
2538 1582 2615 1629 x1,
2636 1565 2749 1635 29).

2359 1674 2381 1704 ι
2417 1652 2559 1709 Vide
2590 1653 2729 1725 quia
2754 1653 3032 1709 mandata
3060 1656 3162 1708 tua
3190 1651 3386 1717 dilexi,
3417 1651 3661 1707 Domine
3691 1666 3705 1707 :
3739 1651 3797 1705 in
3828 1656 3929 1708 tua

2284 1742 2686 1799 misericordia
2712 1742 2939 1799 vivilica
2978 1757 3091 1798 me.
3146 1764 3174 1791 »
3231 1740 3441 1797 Dilexit
3484 1756 3552 1796 ea
3600 1757 3613 1796 :
3665 1756 3775 1796 non
3826 1756 3930 1812 per

2285 1836 2530 1902 metum,
2563 1833 2662 1887 sed
2697 1849 2798 1904 per
2828 1833 2991 1888 bonae
3021 1831 3338 1889 voluntatis
3370 1830 3660 1887 affectum.
3694 1830 3825 1885 Ideo
3863 1844 3928 1886 se

2284 1922 2343 1977 in
2374 1922 2468 1977 his
2497 1920 2772 1977 viviﬁcari
2803 1922 3084 1993 deposcit.

2352 2033 2381 2061 «
2416 2011 2773 2083 Principium
2802 2012 3112 2067 verborum
3142 2015 3379 2066 tuorum
3405 2009 3637 2065 veritas.
3665 2029 3687 2059 ι
3724 2012 3795 2064 Ut
3824 2024 3929 2064 no-

2281 2117 2388 2157 vus
2419 2100 2594 2156 homo
2637 2104 2874 2156 renatus
2922 2100 2983 2156 in
3033 2099 3264 2155 Christo
3311 2098 3481 2154 vivat.
3516 2119 3547 2150 «
3579 2099 3648 2154 Et
3678 2098 3736 2152 in
3764 2102 3930 2154 aiter-

2282 2206 2426 2245 num
2458 2190 2655 2246 omnia
2675 2190 2900 2261 judicia
2923 2190 3170 2261 justitia:
3197 2193 3332 2244 tum.
3362 2209 3383 2239 ι
3421 2187 3493 2243 Ut
3522 2187 3793 2259 deinceps
3832 2202 3926 2242 co-

2283 2296 2570 2351 gnoscens
2618 2296 2681 2334 se
2733 2280 2803 2335 ad
2857 2279 3175 2352 imaginem
3225 2264 3788 2347 similitudinemque
3827 2269 3931 2331 Dei

2283 2372 2567 2435 creatum,
2598 2368 2745 2425 nihil
2768 2368 3012 2440 judiciis
3041 2385 3108 2425 ac
3133 2367 3378 2438 justitiis
3406 2367 3536 2439 ejus
3565 2370 3729 2438 gerat
3772 2364 3928 2420 indi-

2283 2474 2490 2530 gnum.

3052 2620 3163 2657 SIN.

2358 2788 2386 2815 «
2419 2765 2715 2839 Principes
2748 2765 3037 2839 persecuti
3067 2769 3207 2821 sunt
3237 2781 3328 2819 me
3358 2764 3562 2836 gratis,
3588 2765 3647 2818 et
3677 2778 3710 2816 a
3738 2760 3927 2817 verbis

2283 2854 2403 2911 tuis
2434 2855 2767 2911 formidavit
2794 2871 2893 2911 cor
2922 2871 3139 2910 meum.
3170 2876 3198 2905 ››
3234 2851 3556 2909 Formidavi
3581 2850 3801 2907 averbo
3830 2848 3930 2905 illo

2286 2962 2401 3017 quo
2433 2945 2515 3000 ait
2545 2962 2557 3000 :
2585 2945 2689 3013 Qui
2716 2962 2804 2999 me
2833 2946 3114 3015 negaverit
3141 2958 3326 3000 coram
3354 2941 3688 3007 hominibus,
3718 2939 3931 3008 negabo

2285 3042 2335 3090 et
2364 3051 2465 3103 ego
2496 3050 2621 3089 eum
2648 3050 2832 3089 coram
2859 3036 3025 3089 Patre
3056 3049 3191 3102 meo,
3215 3034 3313 3105 qui
3340 3040 3417 3086 est
3442 3032 3503 3086 in
3531 3030 3683 3086 caelis
3708 3027 3927 3100 (Matth.

2284 3140 2340 3189 x,
2374 3124 2485 3195 32).
2520 3124 2651 3179 Ideo
2680 3122 2932 3196 perstitit
2963 3121 3128 3178 fortis
3156 3122 3216 3177 in
3248 3119 3541 3194 passione.

2358 3236 2385 3263 ‹‹
2425 3213 2679 3269 Laztabor
2708 3228 2813 3285 ego
2844 3229 3021 3285 super
3067 3211 3300 3284 eloquia
3346 3214 3468 3279 tua,
3502 3208 3654 3265 sicut
3702 3206 3801 3279 qui
3842 3207 3930 3263 in-

2286 3303 2444 3357 venit
2472 3302 2660 3375 spolia
2691 3301 2896 3358 multa.
2929 3323 2957 3352 »
2991 3300 3242 3374 Alligato
3296 3299 3454 3365 forti,
3497 3301 3554 3353 et
3595 3296 3748 3353 vasis
3799 3296 3930 3368 ejus

2288 3391 2528 3463 direptis
2559 3393 2709 3459 (Luc.
2742 3408 2821 3461 x1,
2851 3392 2944 3457 21,
2972 3392 3085 3463 22),
3120 3391 3282 3446 laetor
3332 3389 3391 3444 in
3442 3387 3585 3443 illud
3632 3385 3928 3457 eloquium

2285 3481 2682 3552 evangelicum
2715 3481 2869 3553 quod
2902 3481 3046 3535 dicit
3078 3499 3091 3535 :
3127 3481 3259 3535 Cum
3307 3495 3395 3535 vos
3439 3480 3837 3549 persequentur
3880 3482 3934 3529 et

2285 3570 2700 3637 maledicent,et
2723 3570 2903 3627 dicent
2931 3585 3088 3626 omne
3116 3569 3325 3625 malum
3353 3566 3637 3622 adversum
3665 3581 3755 3621 vos
3770 3579 3932 3637 prop-

2286 3666 2369 3714 ter
2398 3661 2673 3729 justitiam
2696 3660 2924 3729 gaudete
2950 3668 3000 3715 et
3028 3660 3299 3714 cxsuttate
3326 3674 3346 3711 :
3374 3657 3508 3729 quia
3526 3669 3731 3710 merces
3758 3655 3929 3708 vestra

2284 3749 2460 3805 multa
2487 3759 2564 3805 est
2594 3752 2655 3804 in
2684 3748 2836 3805 acetis
2868 3748 3077 3821 (Matth.
3108 3765 3165 3816 v,
3201 3749 3288 3817 11,
3323 3748 3431 3818 12).

2358 3861 2386 3887 ‹‹
2421 3839 2798 3910 Iniquitatem
2828 3838 2959 3894 odio
2991 3836 3171 3893 habui
3218 3842 3277 3892 et
3321 3833 3692 3891 abominatus
3738 3847 3869 3887 sum
3909 3849 3925 3887 :

2283 3928 2471 4001 legem
2505 3933 2701 3984 autem
2731 3933 2895 3984 tuam
2928 3926 3123 3983 dilexi.
3158 3947 3187 3975 »
3217 3925 3369 3982 Dum
3399 3922 3770 3995 iniquitatem
3807 3917 3928 3978 odit

2285 4022 2341 4073 et
2370 4017 2470 4074 Dei
2493 4018 2786 4090 justitiam
2820 4016 3036 4091 diligit,
3068 4016 3127 4074 in
3159 4015 3368 4088 majori
3411 4030 3474 4072 se
3515 4012 3705 4093 officio
3732 4014 3928 4067 exten-

2286 4107 2393 4176 dit,
2426 4108 2628 4164 dicens
2661 4127 2674 4165 :

2360 4217 2388 4249 (ι
2418 4199 2644 4271 Septies
2673 4197 2733 4253 in
2766 4198 2859 4254 die
2888 4196 3123 4253 laudem
3174 4195 3291 4251 dixi
3340 4192 3446 4250 tibi
3496 4205 3674 4264 super
3705 4187 3928 4262 judicia

525 4301 659 4357 gem
686 4288 850 4340 tuam
882 4302 999 4342 non
1031 4303 1166 4343 sum
1196 4286 1437 4344 oblitus.
1473 4310 1501 4337 ››
1533 4288 1655 4343 Tibi
1691 4288 1990 4355 humilior,
2035 4304 2069 4342 a
2119 4292 2176 4343 te
2279 4287 2539 4357 justitiae.
2592 4310 2621 4337 «
2676 4288 2900 4359 Septies
2947 4286 3131 4342 Deum
3176 4300 3280 4357 per
3325 4283 3482 4339 diem
3510 4281 3744 4348 laudat;
3792 4277 3929 4350 quia

526 4374 673 4446 eripi
723 4388 816 4430 me
866 4375 1163 4447 deprecor,
1211 4381 1277 4432 ut
1319 4376 1539 4433 exalter
1570 4393 1583 4431 :
1619 4377 1757 4447 quia
1786 4393 2010 4433 memor
2040 4392 2173 4432 sum
2285 4393 2452 4432 mens
2481 4376 2611 4447 ejus
2642 4376 2701 4431 in
2734 4376 2905 4448 pleno
2939 4375 3246 4447 splendore
3278 4373 3623 4447 perdurans,
3655 4369 3725 4425 ad
3758 4366 3925 4423 illum

523 4462 671 4536 legis
717 4467 831 4519 tuae
862 4480 981 4536 qua
1017 4465 1213 4522 dixisti
1247 4483 1260 4521 :
1296 4467 1402 4535 Qui
1427 4483 1487 4523 se
1517 4466 1910 4537 humiliaverit,
1959 4467 2178 4522 exalta-
2283 4466 2603 4539 septimum
2633 4466 2809 4533 diem,
2843 4465 2903 4521 id
2934 4469 3023 4521 est
3050 4465 3431 4521 sabbatorum
3463 4459 3802 4526 Sabbatum,
3824 4454 3925 4528 qui

527 4553 678 4608 bitur
706 4554 858 4625 (Luc.
890 4570 1008 4621 xiv,
1043 4555 1151 4627 11).
1196 4576 1224 4605 α
1255 4556 1461 4613 Judica
1500 4555 1795 4627 judicium
1848 4571 2067 4624 meum,
2118 4560 2175 4611 et
2282 4559 2374 4611 est
2401 4556 2634 4628 requies
2662 4561 2894 4625 acterna,
2927 4554 3182 4611 festinat.

523 4640 747 4698 redime
777 4658 871 4699 me
905 4659 918 4699 :
951 4647 1187 4715 propter
1215 4643 1511 4716 eloquium
1543 4649 1712 4700 tuum
1744 4644 1971 4700 vivifica
1995 4660 2107 4700 me.
2143 4666 2171 4693 ››
2355 4668 2384 4696 ‹‹
2418 4646 2535 4702 Pax
2566 4646 2754 4702 multa
2783 4645 3167 4718 diligentibus
3201 4643 3391 4714 legem
3419 4646 3606 4708 tuam,
3636 4638 3876 4697 Domine
3905 4652 3922 4692 :

522 4729 792 4787 Judicavi
823 4747 915 4786 me
944 4747 1049 4804 ego
1080 4731 1227 4788 nihil
1256 4734 1425 4797 scire,
1457 4733 1570 4789 nisi
1605 4734 1809 4791 Jesum
1854 4733 2173 4802 Christum,
2206 4719 2252 4784 D
2284 4739 2342 4791 et
2370 4752 2487 4791 non
2513 4740 2603 4791 est
2630 4735 2749 4791 illis
2779 4733 3146 4791 scandalum.
3181 4755 3210 4783 »
3241 4732 3349 4797 Qui
3385 4733 3564 4789 Deum
3613 4732 3791 4794 amat,
3822 4743 3926 4799 p8.-

525 4818 627 4892 qui
658 4820 730 4875 ad
762 4820 1223 4892 redemptionem
1256 4822 1459 4879 mundi
1487 4823 1682 4879 venire
1711 4822 2040 4896 promissus
2061 4828 2171 4881 est.

520 4910 699 4966 Juxta
726 4926 862 4983 ergo
893 4909 1001 4967 hoc
1036 4910 1332 4982 judicium
1363 4930 1469 4985 ego
1500 4929 1534 4969 a
1564 4917 1619 4969 te
1645 4913 1902 4969 viviﬁcer
1944 4914 2004 4969 in
2054 4913 2171 4970 elo-

522 4998 680 5073 quiis
709 5001 847 5058 tuis.

594 5110 623 5140 «
655 5093 849 5163 Longe
876 5095 966 5148 est
995 5108 1029 5147 a
1059 5092 1460 5163 peccatoribus
1510 5092 1670 5150 salus
1724 5109 1737 5149 :
1790 5092 1930 5164 quia
1954 5093 2173 5165 justifi-

523 5179 784 5237 cationes
831 5186 965 5238 tuas
1018 5199 1134 5238 non
1191 5183 1609 5255 exquisierunt.
1664 5204 1693 5232 »
1742 5182 1916 5239 Salus
1971 5188 2172 5238 nostra

521 5266 788 5341 Christus
819 5270 1036 5344 est,qui
1067 5288 1101 5327 a
1130 5271 1562 5344 negligentibus
1590 5269 1811 5329 Judaais
1830 5269 2168 5343 elongatur:

518 5374 586 5414 eo
638 5360 794 5431 quod
844 5360 905 5416 in
944 5360 1474 5432 justificationibus
1511 5362 1658 5433 legis
1688 5378 1803 5418 non
1834 5359 2174 5434 intelligunt

517 5447 862 5520 ﬁguratum.
1480 5452 1481 5457 “

590 5559 620 5587 ‹‹
651 5538 1051 5596 Miserationes
1083 5544 1193 5597 tum
1224 5541 1421 5598 multae
1464 5545 1623 5614 sunt,
1663 5542 1929 5599 Domine.
1964 5563 1992 5592 »
2023 5541 2171 5606 Quia

518 5626 591 5681 de
622 5627 823 5685 multis
856 5629 1131 5701 periculis
1179 5636 1369 5687 erunt.
1425 5654 1454 5681 «
1504 5633 1839 5687 Secundum
1874 5631 2167 5703 judicium

517 5719 688 5770 tuum
717 5718 945 5776 viviﬁca
976 5736 1088 5778 me.
1125 5743 1153 5771 ι»
1184 5722 1265 5777 Ne
1294 5721 1626 5779 inveniatur
1655 5721 1716 5778 in
1751 5738 1844 5779 me
1886 5722 2043 5794 quod
2066 5722 2165 5794 ju-

517 5803 741 5869 dicium
768 5809 973 5867 mortis
994 5810 1289 5870 absumat.

2283 4841 2409 4883 cem
2441 4842 2575 4881 cum
2609 4825 2889 4881 fratribus
2920 4838 3155 4880 necesse
3184 4826 3274 4878 est
3302 4821 3534 4878 habeat.
3566 4820 3711 4876 Nam
3740 4818 3923 4875 Deum

2281 4912 2428 4971 falso
2459 4930 2657 4970 amore
2687 4913 2898 4986 diligit,
2930 4913 3031 4985 qui
3062 4910 3493 4969 scandalizatur
3521 4911 3581 4965 in
3612 4910 3807 4965 fratre.

2352 5025 2381 5053 ‹‹
2415 5002 2835 5074 Exspectabam
2866 5001 3122 5059 salutare
3148 5006 3343 5070 tuum,
3374 4999 3640 5069 Domine,
3668 5001 3726 5054 et
3756 5011 3920 5052 man-

2280 5093 2418 5149 data
2444 5096 2547 5149 tua
2577 5092 2706 5149 feci.
2728 5112 2757 5148 ι
2791 5093 2995 5150 Jesum
3028 5090 3339 5148 Dominum
3370 5088 3636 5146 omnium
3667 5085 3925 5143 salutare

2278 5187 2642 5256 exspectans,
2674 5199 2741 5240 ea
2770 5200 2898 5255 quae
2928 5183 2988 5237 in
3022 5182 3171 5254 Lege
3214 5184 3273 5238 et
3313 5177 3621 5253 Prophetis
3649 5175 3929 5233 mandata

2279 5273 2529 5343 fuerant,
2563 5273 2691 5329 feci.
3604 5318 3609 5323 .

2350 5386 2380 5414 «
2405 5361 2732 5419 Custodivit
2760 5361 2959 5418 anima
2986 5376 3119 5418 mea
3145 5358 3486 5417 testimonia
3512 5363 3616 5415 tua
3639 5359 3699 5413 et
3723 5353 3926 5412 dilexit

2278 5470 2347 5508 ea
2382 5454 2773 5509 vehementer.
2808 5473 2837 5501 »
2868 5451 3014 5506 Cum
3064 5449 3416 5507 strenuitate
3452 5445 3732 5505 custodia
3777 5442 3921 5501 vali-

2278 5542 2414 5598 dam
2444 5541 2816 5599 dilectionem
2848 5540 3142 5613 apposuit.
3498 5590 3501 5591 ν

2348 5655 2377 5683 ‹‹
2418 5631 2645 5689 Servavi
2692 5633 2980 5704 praecepta
3006 5634 3109 5687 tua
3136 5636 3194 5687 et
3223 5628 3560 5687 testimonia
3604 5630 3755 5683 tua:
3783 5622 3923 5696 quia

2277 5739 2482 5780 omnes
2519 5722 2621 5778 viae
2670 5737 2809 5777 meae
2854 5735 3049 5777 coram
3081 5725 3161 5792 te,
3195 5719 3460 5777 Domine.
3491 5739 3521 5769 »
3550 5718 3749 5774 Servat
3776 5730 3919 5788 prae-

2275 5815 2444 5888 cepta
2470 5810 3051 5885 testimoniaque,qui
3071 5811 3201 5872 vias
3228 5809 3331 5870 Dei
3362 5807 3601 5883 incedit,
3626 5803 3925 5879 necquid—
