4244 6566
301 471 452 537 1277

304 697 817 769 contemplationis
849 697 1133 752 habeatur
1161 697 1490 769 indignum.

1057 878 1188 916 TAU.

374 1027 401 1052 «
434 1002 874 1075 Appropinquet
925 1003 1106 1057 oratio
1167 1019 1294 1058 mea
1346 1003 1402 1058 in
1457 1009 1770 1075 conspectu
1825 1008 1944 1068 tuo,

301 1092 582 1159 Domine;
629 1093 951 1147 secundum
999 1091 1294 1163 eloquium
1349 1097 1512 1147 tuum
1567 1093 1642 1146 da
1690 1091 1833 1146 mihi
1866 1093 1947 1147 in-

301 1181 613 1236 tellectum.
648 1203 674 1230 »
710 1182 1041 1236 Proximam
1076 1181 1176 1236 tibi
1231 1182 1352 1236 fieri
1401 1181 1721 1236 orationem
1755 1198 1945 1236 meam

301 1269 594 1339 deprecor,
631 1269 890 1338 Domine,
925 1271 989 1322 ut
1019 1285 1052 1322 a
1084 1272 1137 1322 te
1166 1267 1526 1322 intellectum
1561 1268 1820 1340 capiens,
1856 1269 1944 1322 ni-

300 1356 383 1412 hil
414 1357 569 1412 aliud
605 1357 719 1412 nisi
752 1358 905 1428 quod
939 1361 1165 1429 oportet
1195 1374 1447 1412 exorem.

373 1470 397 1494 ‹‹
439 1448 689 1502 Introcat
718 1445 1035 1518 postulatio
1065 1463 1196 1500 mea
1247 1445 1304 1500 in
1336 1450 1650 1518 conspectu
1684 1449 1804 1512 tuo,
1836 1446 1945 1501 Do-

302 1537 457 1590 mine
491 1553 502 1589 :
542 1535 865 1590 secundum
918 1534 1216 1606 eloquium
1261 1539 1430 1590 tuum
1477 1534 1632 1606 eripe
1672 1551 1782 1590 me.
1812 1558 1840 1585 »
1879 1535 1949 1589 Ut

302 1641 430 1680 eam
464 1642 566 1696 per
594 1626 832 1681 odorem
865 1625 924 1679 in
956 1629 1121 1680 nocte
1154 1623 1332 1694 hujus
1363 1624 1490 1678 vitae
1523 1625 1831 1697 dignanter
1861 1643 1949 1680 as-

304 1731 566 1780 sumens,
601 1715 672 1769 ab
719 1714 825 1768 hac
877 1715 1247 1786 corruptione
1295 1714 1776 1785 concupiscentiae
1823 1732 1947 1769 car-

305 1803 456 1858 nalis
487 1804 796 1876 eripiatur.

376 1916 402 1939 ‹‹
436 1893 797 1947 Eructabunt
826 1891 981 1947 labia
1013 1909 1140 1947 mea
1171 1893 1480 1964 hymnum,
1515 1911 1647 1949 cum
1680 1893 1947 1949 docueris

1486 475 1983 539 BREVIARIUM
2030 475 2110 539 ΙΝ
2155 477 2534 540 PSALMOS.

303 624 479 680 quam
510 606 569 662 in
603 611 758 676 actu,
780 607 955 674 dicto,
988 606 1074 663 vel
1108 606 1360 679 cogitatu
1389 608 1530 679 agit,
1550 609 1704 680 quod
1735 608 1945 665 divinze
1974 608 2031 675 Α

3543 478 3701 542 1278

2596 614 2924 670 PSALMUS
2963 612 3148 670 CXIX.

2058 706 2345 760 Canticum
2374 705 2663 774 graduum.
2685 703 3027 776 Quindecim
3054 703 3342 774 graduum
3365 701 3576 775 psalmi
3597 720 3700 776 per

2128 778 2412 848 quosdam
2440 782 2741 848 provectus
2765 793 2871 830 nos
2903 775 2970 848 ad
3006 791 3301 848 summam
3325 775 3691 846 perducunt:

2128 853 2192 902 ut
2223 849 2279 902 in
2315 849 2476 902 atriis
2510 847 2738 902 Domini
2790 847 3085 918 possimus
3125 847 3312 901 dicere
3349 865 3360 901 :
3391 848 3520 902 Ecce
3547 864 3698 903 nunc

2128 921 2420 974 bencilz'cite
2449 921 2762 985 Dominum,
2795 934 2979 973 omnes
3000 919 3143 973 servi
3175 919 3414 986 Domini,
3449 920 3509 972 in
3539 921 3701 974 atriis

2125 991 2314 1044 domus
2356 993 2451 1045 Dei
2479 991 2597 1060 ejus
2643 992 2816 1059 (Psal.
2853 1007 3088 1051 cxxxm.
3121 991 3191 1058 1).
3228 990 3294 1043 Et
3344 990 3482 1060 quia
3510 1007 3543 1045 a
3573 989 3694 1061 ple-

2126 1062 2323 1132 risque
2356 1079 2529 1132 super
2559 1062 2650 1116 his
2681 1061 2965 1116 latissime
3013 1062 3374 1132 disputatum
3408 1066 3515 1126 est,
3548 1061 3692 1115 stul-

2125 1131 2250 1188 tum
2283 1138 2371 1188 est
2401 1131 2573 1204 parva
2603 1133 2793 1188 dicere
2823 1132 2965 1188 velle
2997 1149 3098 1204 pro
3133 1131 3382 1204 magnis.

2129 1261 2156 1289 «
2189 1241 2275 1294 Ad
2311 1242 2618 1296 Dominum
2651 1257 2782 1295 cum
2806 1239 3117 1295 tribularer
3147 1239 3410 1309 clamavi,
3436 1244 3492 1294 et
3520 1257 3692 1295 exau-

2054 1329 2196 1384 divit
2227 1346 2338 1384 me.
2372 1353 2399 1379 ››
2433 1334 2571 1384 Tres
2603 1346 2696 1384 res
2726 1329 2784 1384 in
2836 1346 2952 1384 uno
2981 1327 3267 1384 versiculo
3296 1327 3571 1384 velociter
3600 1345 3699 1385 ex-

2056 1416 2348 1489 plicantur
2379 1435 2391 1472 :
2427 1419 2717 1490 angustia,
2743 1434 2962 1489 preces,
2986 1416 3275 1474 exauditio
3307 1432 3319 1470 :
3356 1415 3494 1487 quia
3524 1433 3695 1472 nemo

2054 1506 2391 1573 tribulatur,
2423 1507 2536 1563 nisi
2568 1507 2667 1578 qui
2698 1508 2884 1562 vivere
2913 1507 2971 1562 in
2999 1507 3225 1562 Christo
3260 1505 3351 1577 pie
3382 1506 3694 1561 desiderat.

2057 1594 2293 1665 Oportet
2314 1611 2449 1666 ergo
2482 1599 2547 1650 ut
2579 1613 2690 1650 non
2712 1611 2917 1650 vocum
2945 1594 3212 1659 elatione,
3234 1595 3332 1649 sed
3366 1593 3554 1649 cordis
3586 1593 3696 1648 hu-

2057 1682 2305 1738 militate
2356 1683 2785 1754 proclamemus
2835 1684 2905 1739 ad
2956 1683 3292 1749 Dominum,
3325 1683 3375 1737 si
3425 1683 3698 1754 cupimus

2057 1773 2339 1827 exaudiri.

2131 1883 2159 1910 ‹‹
2189 1863 2456 1927 Domine,
2490 1862 2672 1918 libera
2693 1863 2948 1918 animam
2976 1878 3165 1917 meam
3185 1861 3698 1929 alabiisiniquis.»

307 1997 400 2037 me
425 1981 878 2051 justiﬁcationes
931 1985 1080 2036 tuas.
1118 2006 1138 2034 ι)
1177 1983 1232 2037 Si
1267 2001 1369 2055 per
1411 2000 1619 2054 puram
1653 1981 1948 2037 conscien-
1979 1980 2029 2046 B
2059 1955 2106 2004 Α
2137 1951 2376 2055 δξλάδῗω)
2411 1969 2510 2055 (Ῑηω
2532 1952 2836 2055 ,βδτιεῖῒυω
2866 1949 3548 2055 θοξξλωευξῖῖσηοξξδοιίξω
3582 1967 3702 2007 non

305 2071 449 2124 tiam
482 2073 736 2124 reserata
768 2070 984 2124 fuerint
1017 2088 1050 2126 a
1082 2075 1137 2125 te
1166 2071 1320 2127 labia
1352 2089 1501 2138 mea,
1534 2075 1674 2126 tunc
1706 2071 1949 2143 dignum

304 2158 663 2213 laudationis
696 2159 986 2230 proferam
1019 2159 1305 2232 hymnum
1333 2179 1344 2216 :
1371 2177 1546 2233 quem
1580 2179 1612 2216 a
1634 2161 1751 2216 tuis
1775 2160 1954 2231 justi-

307 2247 675 2302 ficationibus
708 2248 972 2304 imbutus
1002 2250 1262 2304 edoceor.

378 2362 405 2386 ‹‹
440 2337 851 2392 Pronuntiabit
909 2337 1109 2409 lingua
1167 2354 1295 2392 mea
1353 2337 1584 2410 eloquia
1638 2344 1757 2408 tua,
1813 2339 1954 2410 quia

306 2425 586 2480 mandata
616 2429 718 2480 tua
757 2426 1021 2497 aequitas.
1059 2450 1085 2474 ››
1118 2426 1272 2481 Nihil
1306 2431 1393 2481 est
1423 2427 1580 2482 aliud
1613 2428 1672 2482 in
1706 2427 1952 2500 eloquiis

304 2514 444 2580 tuis,
481 2514 745 2579 Domine,
780 2515 891 2570 nisi
923 2532 1055 2586 pax,
1089 2517 1198 2570 nisi
1231 2517 1496 2588 aequitas,
1525 2517 1636 2572 nisi
1672 2516 1810 2572 vita.
1839 2518 1951 2571 [loc

303 2602 477 2657 corde
506 2603 763 2669 credam,
798 2603 907 2658 hoc
936 2603 1111 2660 labiis
1143 2603 1406 2677 eloquar,
1438 2603 1546 2660 hoc
1577 2604 1781 2677 lingua
1813 2622 1948 2678 pro-

304 2689 594 2745 nuntiem.
707 2749 712 2754 _

377 2803 404 2829 «
440 2780 564 2836 Fiat
597 2797 807 2837 manus
839 2785 958 2846 tua,
993 2786 1058 2837 ut
1090 2784 1273 2838 salvet
1304 2800 1396 2838 me
1431 2800 1446 2838 :
1477 2784 1756 2856 quoniam
1785 2800 1950 2838 man-

306 2869 441 2923 data
473 2873 574 2923 tua
602 2869 769 2941 elegi.
806 2893 832 2919 ››
866 2872 1009 2926 Cum
1041 2871 1181 2926 dicit
1213 2875 1246 2942 εξ
1268 2875 1392 2927 Fiat
1418 2889 1617 2927 manus
1649 2883 1762 2940 tua,
1797 2872 1950 2928 desi-

305 2961 447 3028 gnat
498 2958 814 3014 Dominum
864 2961 1244 3027 Salvatorem,
1277 2961 1374 3032 qui
1425 2963 1612 3016 factus
1660 2966 1750 3016 est
1799 2961 1849 3016 ei
1886 2979 1953 3016 ex

307 3047 529 3102 semine
560 3047 738 3102 David
774 3051 1098 3105 secundum
1149 3066 1403 3118 carnem,
1438 3068 1540 3123 per
1597 3068 1770 3122 quem
1805 3051 1955 3106 facta

308 3140 448 3191 sunt
493 3137 764 3192 universa
809 3142 866 3192 et
913 3143 1218 3209 reguntur.
1261 3144 1496 3194 Manum
1528 3139 1622 3194 hic
1671 3141 1954 3195 debemus

307 3225 605 3278 dexteram
639 3225 919 3296 accipere.
954 3226 1218 3281 Postulat
1243 3232 1435 3282 autem
1469 3229 1662 3283 venire
1693 3227 1951 3284 Salvato-

307 3328 429 3367 rem
465 3329 567 3384 per
595 3330 770 3384 quem
804 3331 865 3368 se
900 3319 1136 3370 noverat
1166 3315 1532 3372 salvandum.
1559 3318 1719 3382 Quod
1756 3320 1950 3372 autem
1983 3349 2026 3417 α

305 3401 447 3456 dicit
481 3418 492 3454 :
529 3424 555 3451 «
592 3401 750 3474 Elegi
783 3403 1080 3467 mandata,
1117 3424 1144 3451 ››
1176 3405 1373 3458 omnia
1404 3422 1465 3459 se
1488 3403 1744 3476 pericula
1769 3405 1952 3460 amori

305 3491 538 3546 Domini
571 3492 974 3563 postposuisse
1009 3497 1277 3546 testatur.

378 3603 404 3629 ‹‹
439 3580 754 3652 Concupivi
807 3580 1062 3636 salutare
1109 3586 1300 3648 tuum,
1335 3582 1596 3652 Domine,
1630 3586 1686 3637 et
1733 3582 1824 3638 lex
1856 3587 1957 3640 tua

305 3669 612 3725 meditatio
645 3687 774 3724 mea
803 3674 913 3725 est.
948 3693 975 3718 »
1008 3671 1206 3742 Ipsum
1259 3672 1451 3726 videre
1484 3672 1952 3743 concupiveram,

307 3775 504 3830 quemv
536 3759 606 3813 de
655 3763 817 3814 utero
868 3759 1138 3832 virginali
1189 3759 1304 3814 illis
1353 3760 1545 3815 adhuc
1593 3761 1956 3833 temporibus

304 3849 608 3903 credebam
661 3865 789 3904 esse
837 3854 1174 3904 venturum.
1208 3851 1278 3904 Et
1312 3855 1376 3904 ut
1411 3849 1522 3905 sibi
1573 3849 1723 3906 hanc
1777 3851 1957 3907 scien-

305 3936 447 3992 tiam
483 3939 554 3992 de
581 3937 903 4009 Scripturis
948 3938 1162 3994 divinis
1195 3940 1530 4011 provenisse
1579 3946 1952 4009 monstraret,

306 4025 572 4096 sequitur
604 4044 617 4081 :
656 4047 678 4076 ι
712 4028 782 4081 Et
811 4026 902 4082 lex
931 4035 1030 4082 tua
1060 4027 1358 4083 meditatio
1383 4044 1513 4083 mea
1541 4033 1648 4084 est.
1672 4052 1698 4077 ››
1734 4031 1795 4084 In
1828 4049 1956 4102 pro-

305 4114 496 4186 phetis
527 4115 684 4170 enim
716 4115 1128 4186 concupiverat
1150 4115 1448 4171 Christum
1481 4117 1794 4173 Dominum
1819 4136 1953 4174 nas-

304 4202 582 4272 citurum,
615 4205 685 4257 de
715 4220 831 4273 quo
864 4203 976 4258 Lex
1005 4208 1061 4258 et
1092 4204 1386 4275 Propheta:
1419 4204 1828 4276 loquebantur.

278 4319 281 4322 -
375 4314 402 4340 «
436 4291 603 4346 Vivet
633 4293 831 4346 anima
862 4308 1010 4358 mea,
1039 4297 1097 4348 et
1127 4293 1389 4348 laudabit
1420 4299 1494 4360 te,
1520 4299 1578 4348 et
1600 4295 1826 4366 judicia
1855 4300 1956 4354 tua

303 4380 665 4452 adjuvabunt
696 4397 806 4436 me.
825 4381 1153 4452 nAbsorpta
1176 4385 1414 4437 terrena
1439 4385 1830 4455 corruptionis
1862 4386 1954 4440 in-

304 4470 605 4537 firmitate,
639 4471 827 4524 vivere
858 4486 920 4524 se
952 4470 1264 4525 confitetur
1287 4471 1425 4536 Deo,
1460 4488 1562 4543 per
1592 4473 1951 4544 adjutorium

297 4558 660 4629 judiciorum
692 4559 840 4629 ejus.

380 4667 407 4700 α
435 4647 632 4703 Erravi
663 4648 816 4704 sicut
845 4648 966 4704 ovis
997 4664 1123 4719 quae
1151 4648 1421 4720 perierat,
1455 4649 1686 4720 require
1717 4668 1948 4708 servum

301 4741 492 4804 tuum,
514 4738 653 4807 quia
686 4737 964 4793 mandata
985 4741 1085 4793 tua
1106 4755 1219 4793 non
1242 4755 1374 4794 sum
1397 4737 1638 4795 oblitus.
1675 4761 1696 4790 ι
1728 4740 1959 4802 Fuisse,

302 4830 360 4883 et
381 4828 504 4897 jam
537 4843 650 4881 non
683 4841 830 4897 esse,
866 4843 1028 4882 ovem
1051 4828 1440 4883 errabundam
1463 4829 1638 4884 dicit:
1669 4833 1948 4900 reportari

302 4932 363 4972 se
393 4915 648 4986 pastoris
690 4915 953 4972 humeris
1000 4917 1345 4988 deprecatur
1379 4934 1391 4972 :
1426 4923 1492 4973 ut
1540 4935 1694 4974 nunc
1726 4919 1948 4992 angelis

301 5005 373 5059 de
403 5021 509 5059 sua
538 5004 869 5061 inventione
898 5005 1114 5078 gaudia
1143 5005 1498 5061 tribuantur.
1531 5007 1813 5064 Dominus
1844 5027 1948 5064 au-

303 5097 420 5149 tem
467 5109 582 5148 non
613 5096 701 5148 est
747 5093 989 5160 missus,
1022 5093 1134 5149 nisi
1183 5095 1254 5148 ad
1307 5111 1442 5150 oves
1493 5112 1618 5166 quae
1653 5097 1950 5168 perierunt

303 5182 513 5237 domus
559 5181 736 5238 Israel
784 5182 993 5253 (Matth.
1025 5201 1117 5250 xv,
1146 5184 1257 5254 2i).
1292 5185 1472 5249 Quem
1523 5183 1816 5256 supplices
1847 5187 1946 5242 de-

301 5287 630 5342 precamur,
649 5275 712 5326 ut
724 5270 1084 5342 judiciorum
1101 5274 1227 5344 ejus
1251 5273 1516 5339 factores,
1533 5275 1944 5332 mandatorum

299 5360 592 5430 custodes,
626 5360 1218 5435 testimoniorumque
1239 5367 1596 5419 scrutatores
1617 5365 1824 5432 effecti,
1859 5383 1945 5422 rc-

298 5454 462 5521 perta
491 5450 720 5522 perdita
749 5468 852 5507 ove
899 5453 1051 5522 (Luc.
1084 5470 1175 5521 xv,
1213 5454 1352 5523 4-6),
1385 5451 1677 5508 industria
1708 5454 1947 5526 benigni

300 5540 552 5610 pastoris
585 5541 857 5596 restituta
886 5541 1280 5598 ecclesiastico
1303 5541 1454 5613 ovili,
1478 5543 1660 5599 sacris
1693 5545 1822 5613 eius
1844 5545 1950 5600 hu-

303 5627 480 5683 meris
508 5630 805 5701 reportati,
840 5635 1178 5687 sanctorum
1233 5632 1571 5704 angelorum
1617 5650 1949 5690 mereamur

303 5716 612 5773 consortiis
643 5718 917 5790 gloriari:
952 5721 1064 5792 ipsi
1086 5720 1270 5793 gloria
1297 5738 1430 5778 cum
1463 5726 1674 5778 aeterno
1694 5724 1858 5779 Patre
1890 5728 1947 5779 et

301 5805 516 5878 Spiritu
547 5811 746 5866 sancto
769 5809 828 5867 in
862 5814 1069 5868 cuncta
1091 5810 1303 5870 secula
1333 5812 1702 5872 saeculorum.
1736 5817 1943 5873 Amen.

2062 2041 2325 2109 credunt,
2360 2043 2458 2097 sed
2494 2042 2668 2098 etiam
2700 2041 3023 2098 immundis
3072 2040 3242 2096 labiis
3291 2039 3698 2111 blasphemare

2061 2147 2177 2184 non
2209 2134 2498 2185 metuunt.
2533 2153 2560 2178 «
2595 2132 2660 2185 Et
2689 2149 2724 2187 a
2752 2130 2952 2202 lingua
2980 2129 3199 2185 dolosa.
3225 2151 3254 2178 ››
3285 2129 3373 2183 Ab
3404 2128 3703 2184 haeretico-

2062 2235 2192 2272 rum
2223 2219 2505 2286 doctrina,
2541 2219 2641 2290 qui
2671 2236 2778 2274 nos
2810 2237 2842 2274 a
2874 2224 3027 2274 recta
3050 2219 3182 2274 fidei
3211 2217 3367 2273 linea
3395 2219 3701 2274 exturbare

2062 2307 2348 2362 nituntur.

2137 2417 2164 2446 ‹‹
2194 2397 2341 2462 Quid
2370 2399 2540 2453 detur
2568 2399 2695 2464 tibi,
2726 2403 2829 2454 aut
2849 2398 2984 2470 quid
3009 2400 3336 2470 apponatur
3360 2396 3466 2451 tibi
3498 2397 3571 2451 ad
3595 2395 3704 2452 lin-

2061 2502 2238 2557 guam
2287 2486 2603 2542 dolocam?
2637 2511 2662 2535 η
2695 2489 2782 2542 Ad
2834 2504 2894 2542 se
2943 2486 3190 2542 fideliter
3242 2485 3701 2557 proclamantem

2061 2575 2318 2630 animam
2342 2576 2623 2632 Dominus
2643 2577 2998 2648 interrogare
3019 2576 3251 2647 pietatis
3267 2575 3474 2631 affectu
3497 2575 3704 2646 digna-

2061 2669 2157 2720 tus
2187 2669 2276 2720 est
2310 2683 2323 2720 :
2357 2669 2422 2720 ut
2459 2665 2598 2736 quid
2629 2665 2680 2721 ei
2722 2667 2910 2731 detur,
2945 2669 3047 2720 aut
3078 2664 3218 2736 quid
3269 2667 3599 2735 apponatur
3627 2664 3700 2719 ad

2061 2753 2325 2825 linguam
2357 2754 2618 2810 dolosam
2639 2754 2666 2808 ?
2697 2753 2900 2809 Dicent
2947 2752 3115 2808 multi
3153 2753 3263 2808 hoc
3294 2752 3353 2807 in
3387 2751 3510 2806 loco
3542 2767 3702 2806 com-

2063 2846 2290 2898 mutata
2337 2843 2746 2915 praepositione
2786 2859 2800 2897 ε
2852 2843 3000 2906 Quid
3050 2843 3220 2897 detur
3265 2840 3371 2896 tibi
3425 2841 3706 2898 adversus

2062 2929 2324 3002 linguam
2374 2931 2683 2987 dolosam?
2716 2931 2911 2987 Dicere
2958 2931 3161 2986 volunt
3191 2933 3256 2985 ut
3303 2928 3472 3001 quasi
3502 2945 3571 2983 ex
3604 2927 3702 2984 Dei

2062 3019 2327 3075 doctrina
2359 3021 2556 3076 anima
2585 3020 2686 3075 illa
2717 3020 2937 3076 audiat.

2135 3131 2163 3159 «
2200 3111 2432 3182 Sagittae
2456 3110 2711 3182 potentis
2734 3115 2918 3166 acutae
2941 3126 3073 3165 cum
3107 3107 3461 3164 carbonibus
3486 3105 3706 3163 desola-

2062 3198 2247 3254 toriis.
2285 3220 2312 3247 »
2344 3203 2452 3253 Pro
2501 3199 2846 3255 desolatoriis
2891 3199 3218 3254 carbonibus
3257 3198 3316 3252 in
3353 3197 3584 3252 Hebraeo
3618 3195 3710 3270 ἆρ-

2062 3285 2322 3346 κευθίνοις
2373 3287 2564 3343 habet.
2599 3287 2990 3342 Desolatorem
3024 3289 3160 3357 puto
3212 3289 3268 3340 et
3299 3285 3356 3339 in
3408 3284 3555 3339 Isaia
3585 3301 3712 3340 esse

2064 3375 2396 3440 carbonem,
2423 3375 2521 3445 qui
2553 3375 2623 3429 ad
2648 3375 2803 3430 labia
2825 3375 2955 3445 ejus
2988 3374 3246 3429 defertur
3267 3373 3394 3443 (lsa.
3427 3389 3502 3439 v1,
3535 3372 3609 3443 6),
3643 3377 3710 3427 ut

2068 3468 2275 3534 purget
2304 3463 2444 3519 vitia
2465 3480 2592 3534 quae
2625 3463 2938 3534 loquendo,
2962 3462 3081 3517 sive
3099 3461 3322 3533 optima
3344 3477 3588 3532 quaeque
3619 3464 3707 3515 ta-

2067 3553 2269 3620 cendo,
2300 3557 2685 3607 contraxerat.
2721 3554 2790 3607 Et
2818 3552 2910 3607 hic
2962 3553 3157 3623 itaque
3192 3551 3502 3606 carbonem
3537 3549 3704 3604 simi-

2068 3641 2181 3695 lem
2218 3641 2562 3712 deprecatur
2594 3657 2606 3696 :
2642 3645 2707 3695 ut
2737 3642 2907 3696 detur
2937 3641 2987 3696 ei
3019 3641 3191 3696 carbo
3243 3641 3314 3694 de
3345 3639 3552 3695 altario
3584 3637 3704 3709 Dei,

2067 3730 2167 3801 qui
2204 3730 2260 3784 in
2293 3731 2420 3800 ejus
2451 3729 2620 3785 labiis
2664 3735 3034 3802 peccatorum
3083 3728 3461 3784 solitudinem
3509 3727 3706 3795 faciat,

2067 3819 2122 3874 id
2157 3824 2263 3887 est,
2299 3836 2332 3874 a
2359 3820 2514 3875 vitiis
2543 3836 2676 3875 eum
2710 3824 2943 3892 praestet
2972 3818 3248 3874 alienum.

2145 3931 2171 3962 α
2194 3911 2312 3965 Heu
2328 3909 2490 3979 mihi,
2507 3909 2644 3981 quia
2660 3909 2950 3965 incolatus
2969 3925 3134 3964 meus
3159 3907 3536 3980 prolongatus
3555 3909 3704 3962 est.»

2065 3999 2244 4069 Cujus
2276 3998 2634 4054 conversatio
2666 3997 2726 4051 in
2758 3996 2915 4052 caelis
2941 4001 3048 4061 est,
3073 3995 3478 4068 peregrinatur
3507 3995 3564 4049 in
3596 3993 3704 4049 hoc

2064 4102 2322 4157 corpore,
2347 4090 2403 4141 et
2431 4086 2549 4141 hanc
2571 4084 2956 4157 peregrinatio
2986 4084 3158 4156 longa
3197 4084 3248 4139 ei
3286 4083 3534 4148 videtur,
3568 4081 3707 4154 quia

2065 4175 2217 4245 quod
2251 4175 2508 4246 suscepit
2539 4190 2640 4246 per
2670 4189 2855 4246 spem,
2884 4191 2998 4228 non
3032 4171 3538 4244 contemplaturin
3571 4187 3701 4242 spe-

2065 4263 2172 4318 cie.
2197 4263 2446 4334 Ideoque
2468 4262 2635 4334 quasi
2659 4261 2918 4317 triticum
2941 4260 3092 4316 inter
3115 4259 3311 4331 paleas
3333 4276 3573 4331 gemens
3591 4259 3702 4314 ait:

2065 4375 2092 4400 ‹‹
2128 4351 2387 4407 Habitavi
2407 4369 2539 4406 cum
2564 4351 2964 4406 habitantibus
2985 4350 3186 4406 Cedar.
3213 4371 3239 4397 »
3264 4349 3442 4403 Cedar
3462 4349 3708 4403 tenebrae

2063 4441 2548 4513 interpretantur.
2574 4441 2808 4496 Habitat
2837 4456 2970 4511 ergo
2994 4439 3106 4496 iste
3135 4455 3268 4493 cum
3302 4436 3708 4492 habitantibus

2063 4531 2354 4597 tenebras,
2392 4531 2491 4584 sed
2512 4545 2624 4585 non
2658 4531 3006 4584 obscuratur
3030 4545 3062 4583 a
3092 4525 3347 4582 tenebris
3377 4542 3389 4580 :
3426 4526 3578 4580 sicut
3607 4527 3708 4580 lux

2063 4621 2201 4673 lucet
2227 4621 2286 4673 in
2318 4619 2575 4682 tenebris,
2608 4623 2657 4673 et
2683 4618 2914 4673 tenebras
2945 4633 3063 4671 eam
3094 4632 3204 4670 non
3225 4614 3711 4686 comprehehende-

1994 4715 2043 4781 D
2075 4713 2202 4763 runt
2234 4709 2408 4778 (Joan.
2434 4725 2473 4776 1,
2498 4708 2574 4778 5).
2613 4707 2836 4761 Multum
2867 4707 3043 4761 incola
3072 4707 3182 4776 fuit
3211 4707 3403 4760 anima
3425 4722 3570 4760 mea.
3605 4708 3710 4760 De-

2071 4797 2400 4854 sideraham
2432 4795 2586 4852 enim
2617 4795 2854 4850 dissolvi
2887 4800 2943 4849 ct
2972 4811 3100 4850 esse
3131 4812 3264 4850 cum
3296 4794 3541 4850 Christo.

2131 4910 2156 4935 ‹‹
2192 4886 2336 4940 Cum
2370 4886 2463 4940 his
2494 4885 2591 4957 qui
2627 4886 2876 4941 oderunt
2905 4901 3129 4957 pacem,
3158 4901 3316 4940 eram
3350 4883 3648 4955 pacificus.
3675 4903 3702 4930 »

2059 4975 2315 5047 Implens
2348 4973 2491 5028 illud
2521 4974 2783 5046 Apostoli
2818 4991 2830 5028 :
2867 4974 2926 5028 Si
2963 4975 3222 5046 possibile
3248 4976 3343 5035 cst,
3375 4988 3498 5024 cum
3527 4971 3704 5025 omni-

2059 5064 2155 5118 bus
2206 5063 2518 5119 hominibus
2560 5080 2750 5134 pacem
2797 5063 2999 5118 habete.
3062 5063 3233 5131 (Rom.
3285 5076 3383 5125 ΧΠ,
3437 5059 3543 5126 18).
3597 5059 3699 5112 Est

2055 5170 2192 5225 ergo
2224 5170 2358 5208 cum
2414 5153 2753 5208 odientibus
2785 5167 2984 5224 pacem
3040 5148 3320 5222 pacificus
3370 5147 3606 5212 idcirco,
3641 5151 3704 5202 ut

2056 5242 2140 5298 eis
2171 5259 2373 5314 pacem
2410 5242 2650 5298 liberius
2700 5239 3058 5313 praedicaret.
3095 5262 3122 5288 ‹‹
3157 5239 3388 5292 Etcum
3421 5236 3702 5307 loquebar

2057 5317 2194 5398 illis,
2248 5333 2674 5404 impugnabant
2726 5345 2817 5384 me
2865 5329 3064 5398 gratis.
3104 5351 3129 5375 ››
3166 5326 3263 5382 Ille
3311 5325 3700 5380 annuntiabat

2056 5438 2298 5492 pacem;
2336 5422 2434 5476 sed
2471 5419 2632 5490 pacis
2662 5418 2881 5473 inimici
2935 5436 3044 5472 non
3079 5416 3270 5472 solum
3302 5432 3429 5470 eam
3462 5432 3576 5469 non
3611 5431 3697 5470 re-

2057 5511 2367 5582 cipiebant,
2401 5525 2602 5564 verum
2634 5509 2807 5562 etiam
2843 5508 3035 5578 ipsum
3070 5505 3504 5578 praedicatorem
3537 5503 3697 5576 pacis

2058 5599 2182 5654 suis
2213 5598 2468 5670 nequitis
2502 5597 2944 5669 impugnabant.

2609 5722 2737 5778 PSA
2747 5720 2938 5777 LMUS
2978 5719 3133 5776 CXX.

2057 5815 2343 5872 Canticum
2373 5812 2666 5886 graduum.
2703 5811 2814 5870 Iste
2843 5807 3108 5884 psalmus
3153 5809 3475 5870 secundam
3505 5824 3705 5868 ascen-
