4244 6574
533 445 689 514 im

2027 444 2447 518 APPENDIX.

3786 441 3946 520 ΨΟ

603 579 1146 662 sionem_c_ontinet,
1163 583 1334 657 cujus
1365 584 1575 662 titulus
1598 590 1717 662 est:
1747 584 2030 662 Canticum
2050 599 2179 662 gra-
2207 595 2264 662 Α
2365 603 2392 630 ‹‹
2425 577 2773 650 Jerusalem,
2807 595 2936 651 quae
2967 576 3290 636 aediﬁcatur
3319 580 3385 634 ut
3413 575 3636 634 civitas.
3673 598 3701 626 ››
3735 577 3941 635 Adhuc

603 653 795 738 duum.
830 654 1033 712 Plures
1058 653 1394 738 enim-sunt,
1427 658 1827 732 signiﬁcantes
1857 657 1944 738 (ut
1956 656 2084 726 jam
2116 653 2176 735 in

647 729 793 802 rimo
833 741 1059 802 eorum,
1083 729 1358 802 audistis)
1389 729 1699 786 ascensum
1750 732 2039 802 nostrum,
2075 729 2174 802 (1μῖ

560 853 564 860 .
605 795 756 873 min
785 799 961 873 perde
995 801 1064 873 ad
1101 799 1308 867 Deum,
1341 795 1376 857 a
1417 801 1675 858 convalle
1727 795 2175 873 plorationis,’id

602 871 714 936 est,
747 869 818 926 ab
851 869 1183 930 humilitate
1213 869 1745 930 contribulationis‘.

604 994 634 1025 «
663 975 868 1032 Levavi
916 977 1118 1034 oculos
1168 995 1328 1036 meos
1359 981 1430 1035 ad
1482 984 1730 1036 montes.
1763 1001 1791 1029 υ
1831 975 2176 1050 Spirituales

533 1063 737 1136 utique
767 1067 967 1123 oculos
997 1067 1172 1124 extuli
1204 1071 1275 1125 ad
1309 1069 1534 1125 excelsa
1563 1067 1849 1126 librorum
1883 1083 1896 1121 :
1930 1065 2180 1138 Prophe-

531 1156 726 1210 tarum
776 1155 996 1212 scilicet
1044 1175 1111 1214 ac
1160 1160 1345 1232 Legis.
1382 1181 1409 1208 «
1445 1159 1606 1215 Unde
1653 1157 1845 1213 veniet
1893 1155 2176 1212 auxilium

535 1243 700 1299 mihi.
736 1265 764 1294 »
791 1244 953 1302 Unde
984 1245 1302 1304 Dominum
1353 1248 1754 1304 auxiliatorem
1786 1245 2051 1302 omnium
2083 1261 2177 1300 ve-

535 1332 660 1389 nire
689 1334 965 1410 suspicio.

605 1443 634 1471 «
663 1422 958 1480 Auxilium
992 1442 1187 1482 meum
1219 1445 1254 1483 a
1284 1427 1530 1484 Domino
1580 1428 1682 1499 qui
1717 1425 1851 1482 fecit
1881 1425 2092 1481 caelum
2123 1426 2182 1478 et

533 1511 792 1584 terram.)
826 1535 854 1563 »
885 1514 969 1570 Ab
1013 1515 1139 1588 ipso
1191 1517 1476 1572 auxilium
1508 1515 1826 1590 praestoler,
1859 1531 1962 1586 per
2003 1529 2179 1586 quem

535 1599 700 1656 Pater
727 1602 938 1658 ccelum
968 1608 1304 1678 terramque
1342 1605 1570 1662 locavit.
1607 1606 1749 1660 Hinc
1772 1605 1899 1675 jam
1931 1617 2034 1674 pro
2067 1600 2182 1656 ﬁde

533 1703 643 1745 sua
671 1689 758 1746 vir
799 1691 912 1748 iste
958 1711 992 1748 a
1036 1694 1256 1766 Spiritu
1309 1700 1510 1751 sancto
1560 1708 1908 1766 responsum
1957 1690 2182 1761 accepit

532 1779 968 1856 consolationis.
1005 1783 1097 1838 Ait
1128 1783 1284 1838 enim
1318 1801 1331 1838 :

611 1887 633 1917 ι
662 1867 787 1924 Non
817 1870 914 1924 det
945 1870 1004 1925 in
1035 1872 1490 1928 commotionem
1521 1873 1727 1944 pedem
1769 1876 1960 1927 tuum.
1996 1890 2024 1918 »
2051 1867 2177 1923 Non

532 1956 756 2028 patitur
781 1971 1075 2015 removere
1124 1959 1526 2027 stabilitatem,
1560 1977 1676 2032 qua
1704 1959 1766 2014 in
1811 1975 1877 2015 eo
1906 1959 2177 2014 ﬁrmatus
2207 1970 2255 2036 ι

532 2059 615 2102 es.
649 2068 677 2095 «
713 2046 909 2118 Neque
940 2048 1214 2104 dormitet
1243 2049 1342 2121 qui
1374 2050 1629 2106 custodit
1659 2054 1736 2106 te.
1771 2071 1799 2098 »
1833 2049 1985 2105 Deus
2017 2046 2174 2103 enim

532 2133 591 2189 in
646 2150 710 2191 se
771 2141 1105 2193 manentem
1166 2137 1427 2210 pervigili
1485 2138 1750 2195 custodia
1802 2136 2052 2209 protegit
2111 2150 2177 2190 ac

530 2227 746 2280 tuetur.

607 2333 630 2361 ε
662 2314 807 2371 Ecce
837 2333 951 2370 non
983 2316 1323 2374 dormitabit
1343 2333 1532 2390 neque
1553 2317 1824 2385 dormiet,
1845 2315 1944 2388 qui
1975 2317 2178 2370 custo-

529 2400 617 2456 dit
643 2403 842 2459 Israel.
880 2425 909 2454 »
937 2405 1075 2461 Sine
1123 2406 1243 2462 ulla
1289 2411 1488 2462 autem
1539 2406 1976 2462 intermissione
2005 2421 2040 2460 a
2067 2404 2180 2459 Deo

530 2492 858 2548 custoditur
883 2494 984 2567 qui
1024 2507 1158 2551 eum
1206 2494 1600 2568 spiritualium
1649 2495 1952 2551 oculorum
1985 2493 2176 2549 inten-

527 2580 687 2638 tione
715 2584 1088 2655 perspexerit.

601 2693 630 2720 ‹‹
664 2670 948 2729 Dominu
998 2673 1254 2730 custodit
1299 2679 1376 2731 te.
1413 2698 1440 2725 »
1477 2676 1603 2747 [pse
1632 2675 1731 2746 qui
1782 2673 1992 2730 caelum
2041 2671 2178 2728 fecit

527 2763 585 2816 et
612 2763 852 2829 terram,
886 2762 1025 2836 quia
1055 2763 1136 2819 dii
1166 2764 1267 2837 qui
1297 2781 1426 2822 eam
1469 2782 1585 2821 non
1616 2765 1897 2831 fecerunt,
1930 2765 2178 2836 pereunt

527 2863 596 2906 OX
625 2861 712 2906 ea.

601 2961 631 2990 ‹‹
663 2939 948 2999 Dominus
979 2944 1258 3015 protectio
1287 2948 1429 3000 tua:
1460 2959 1642 3016 super
1655 2959 1899 2999 manum
1929 2942 2175 2998 dexteris

527 3031 661 3083 tuae.
694 3051 723 3080 ››
759 3029 858 3086 Ille
891 3034 947 3086 te
987 3032 1260 3104 protegit,
1294 3047 1365 3087 ne
1413 3048 1562 3104 opus
1591 3037 1762 3087 tuum
1792 3032 2084 3097 dextrum,
2116 3029 2174 3084 id

532 3119 622 3171 est
649 3118 893 3188 bonum,
927 3133 1062 3190 pars
1095 3120 1375 3192 impediat
1404 3119 1661 3176 inimica.

602 3226 632 3255 «
663 3204 771 3261 Per
801 3205 956 3263 diem
989 3208 1074 3264 sol
1106 3224 1220 3265 non
1276 3213 1406 3265 uret
1433 3212 1512 3276 te,
1543 3225 1731 3282 neque
1773 3209 1916 3266 luna
1945 3225 2050 3282 per
2079 3225 2178 3265 no-

527 3297 699 3350 ctam.
736 3317 764 3344 »
795 3295 1001 3374 Justus
1031 3312 1136 3354 nec
1165 3297 1226 3354 in
1261 3299 1556 3372 prosperis
1583 3298 1793 3355 elevari
1825 3303 2037 3372 potest,
2069 3312 2176 3353 nec

533 3383 590 3440 in
621 3384 893 3444 tristibus
931 3387 1124 3459 dejici.
1159 3388 1320 3456 Quod
1350 3388 1410 3444 in
1458 3389 1552 3444 die
1581 3393 1639 3445 et
1668 3393 1854 3454 nocte,
1889 3389 1998 3445 hoc
2025 3392 2086 3444 et
2114 3387 2174 3442 in

535 3472 657 3531 sole
687 3473 1053 3548 signiﬁcatur
1081 3481 1139 3534 et
1167 3477 1330 3534 luna.

565 3630 570 3636 .
605 3585 636 3618 ε
665 3565 948 3622 Dominus
977 3566 1235 3623 custodit
1273 3572 1332 3622 te
1361 3567 1434 3623 ab
1466 3569 1624 3624 omni
1656 3567 1829 3624 malo.
1867 3590 1896 3618 »
1935 3569 2020 3625 Ah
2051 3584 2179 3624 om-

529 3653 706 3710 nibus
733 3652 966 3711 insidiis
1007 3655 1254 3712 inimici.
1307 3679 1335 3706 «
1378 3658 1678 3714 Custodiat
1725 3657 1985 3714 animam
2015 3663 2180 3714 tuam

535 3742 839 3798 Dominus.
880 3766 908 3792 »
938 3743 1021 3800 Ne
1067 3745 1118 3800 ei
1150 3761 1286 3817 pars
1343 3746 1679 3802 dominetur
1725 3747 2035 3818 potestatis
2084 3747 2182 3803 ad-

526 3848 734 3889 νενεω.

602 3943 632 3972 ‹‹
661 3922 943 3980 Dominus
965 3925 1260 3981 custodiat
1280 3925 1589 3983 introitum
1612 3929 1806 3981 tuum.
1831 3946 1854 3976 ι
1885 3925 1986 3982 Per
2007 3941 2183 3998 quem

527 4010 833 4086 ingressus
854 4028 916 4070 es
947 4013 1018 4069 ad
1039 4016 1521 4088 cognoscendum
1543 4015 1787 4071 Patrem.
1823 4037 1844 4064 α
1867 4015 1934 4070 Et
1960 4016 2183 4072 exitum

526 4105 799 4158 tuumex
827 4102 938 4160 hac
974 4120 1132 4160 nunc
1162 4109 1220 4161 et
1243 4119 1432 4178 usque
1458 4104 1522 4160 in
1553 4104 1854 4162 saculum.
1883 4125 1912 4155 υ
1945 4104 2020 4160 Ut
2048 4121 2182 4161 cum

529 4198 564 4245 a
592 4205 831 4264 corpore
879 4193 1210 4260 recesseris,
1243 4211 1351 4250 sua
1399 4193 1671 4250 custodia
1701 4195 2068 4267 protegaris;
2112 4211 2184 4250 ne

531 4279 594 4334 in
623 4280 802 4337 chaos
851 4280 996 4338 illud
1046 4284 1454 4356 praecipiteris,
1487 4284 1588 4339 ubi
1619 4283 1780 4340 dives
1829 4283 2187 4356 conspicitur

527 4370 761 4441 ardens,
795 4373 898 4428 sed
929 4371 989 4427 in
1021 4372 1153 4429 sinu
1183 4373 1438 4429 Abrahze
1469 4389 1605 4429 cum
1636 4372 1853 4429 Lazaro
1885 4373 2187 4445 sempiter-

529 4475 606 4517 na
634 4461 835 4532 requie
864 4461 1183 4534 perfruaris
1214 4463 1364 4535 (Luc.
1393 4479 1508 4530 XVI,
1543 4463 1614 4518 23
1641 4463 1836 4535 seqq).

1079 4569 1211 4625 PSA
1221 4568 1412 4626 LMUS
1451 4567 1633 4626 CXXI.

534 4654 822 4730 Canticum
852 4659 1156 4730 graduum.
1189 4660 1303 4716 Iste
1333 4659 1600 4730 psalmus
1621 4658 1830 4716 tertius
1859 4662 1948 4714 est
1979 4675 2187 4716 ascen—

605 4727 788 4783 sionis
818 4727 1058 4801 gradus,
1087 4746 1288 4786 vocem

605 4801 967 4856 conversatio
997 4801 1224 4858 habetis
1253 4803 1312 4858 in
1344 4803 1525 4859 caelis.

604 4929 633 4958 «
668 4907 920 4964 Laetatus
968 4925 1102 4964 sum
1151 4909 1212 4963 in
1255 4909 1350 4965 his
1380 4926 1507 4981 quae
1557 4909 1718 4966 dicta
1766 4913 1908 4966 sunt
1952 4909 2120 4966 mihi.
2153 4929 2180 4962 ιι

533 4995 699 5053 Dicta
730 4995 875 5054 mihi
926 4997 1159 5055 fuerant
1203 5014 1306 5072 per
1337 4999 1544 5072 Legem
1575 5002 1631 5054 et
1659 4998 1980 5070 Prophetas
2010 5003 2186 5071 atque

533 5086 847 5160 apostolos.
879 5087 991 5144 Sed
1037 5092 1094 5144 et
1123 5104 1229 5161 ego
1260 5087 1390 5144 dico
1442 5104 1510 5143 ea
1550 5105 1678 5160 quae
1725 5103 1831 5160 per
1875 5087 2185 5160 speculum

535 5176 968 5250 cantemplatus
996 5178 1242 5244 fueram,
1262 5183 1320 5233 et
1336 5193 1494 5233 nunc
1526 5176 1668 5233 facie
1697 5179 1769 5233 ad
1791 5176 1995 5234 faciem
2017 5177 2185 5233 video

533 5266 581 5339 (Ι
609 5266 730 5321 Cor.
765 5283 890 5334 xm,
926 5268 1034 5338 12).
1069 5269 1137 5323 Et
1181 5283 1476 5340 quanam,
1508 5266 1755 5339 inquis?
1791 5287 1818 5320 α
1848 5266 1910 5322 In
1940 5267 2184 5322 domum

531 5351 761 5412 Domini
793 5352 1250 5413 ambulabimns.
1287 5379 1316 5406 »
1351 5357 1411 5412 Id
1453 5360 1562 5424 est,
1593 5355 1655 5411 in
1690 5355 1983 5412 caelestem
2014 5355 2182 5412 Jeru-

533 5444 737 5514 Salem,
771 5450 836 5502 ut
859 5445 1013 5503 cives
1044 5445 1374 5503 efﬁciamur
1421 5451 1760 5504 sanctorum
1792 5448 1848 5501 et
1877 5444 2184 5503 domestici

533 5535 652 5590 Dei.

611 5642 638 5674 ι
666 5625 900 5682 Stantes
935 5630 1104 5681 erant
1131 5627 1309 5699 pedes
1340 5626 1525 5682 nostri
1555 5625 1615 5682 in
1647 5625 1812 5682 atriis
1836 5626 1979 5692 tuis,
2009 5625 2182 5682 Jeru-

535 5710 740 5768 salem.
779 5736 800 5762 »
840 5714 1015 5770 Firmi
1045 5715 1106 5771 in
1136 5714 1531 5788 amplitudine
1577 5715 1728 5786 ejus.
1756 5716 1867 5772 Sed
1899 5732 1971 5771 ne
2002 5715 2178 5771 istam

531 5802 822 5860 terrenam
853 5807 1113 5877 putares,
1145 5803 1282 5862 audi
1311 5804 1455 5879 quid
1485 5804 1758 5877 subjecit.

1385 4731 1599 4805 ominis
1646 4730 1978 4803 continens,
2012 4732 2185 4805 cujus
2209 4717 2265 4784 Β

2287 669 2500 740 inquit,
2533 685 2650 724 non
2681 674 2770 723 est
2798 666 3094 738 expletum
3120 667 3432 723 aediﬁcium
3463 666 3712 723 civitatis
3735 667 3938 741 hujus,

2288 759 2390 814 sed
2441 757 2701 828 quotidie
2753 756 3072 812 aediﬁcatur
3118 757 3188 810 de
3227 755 3524 827 lapidibus
3570 755 3714 812 vivis
3763 774 3940 830 super

2287 846 2737 901 fundamentum
2796 843 3200 915 apostolorum
3261 849 3317 899 et
3367 843 3804 917 prophetarum,
3863 847 3936 902 ab

2289 934 2416 1006 ipso
2448 951 2681 989 summa
2713 933 2979 1006 angulari
3011 933 3203 1004 lapide
3233 932 3462 989 Christo
3491 933 3654 1004 Jesu,
3678 935 3830 990 sicut
3857 936 3937 992 ait

2291 1021 2608 1096 Apostolus
2637 1022 2852 1094 (Ephes.
2892 1041 2952 1091 ιι,
2983 1025 3095 1090 20).
3144 1046 3164 1072 α
3201 1021 3382 1094 Cujus
3414 1023 3780 1096 participatio
3810 1025 3935 1095 ejus

2289 1113 2350 1168 in
2382 1113 2662 1186 idipsum.
2697 1134 2724 1162 »
2758 1113 2821 1168 In
2853 1128 2970 1168 uno
3003 1111 3271 1168 Ecclesia
3321 1128 3580 1185 corpore,
3613 1129 3716 1185 per
3743 1113 3933 1172 Chris-

2293 1206 2442 1258 tum.

2367 1311 2394 1344 α
2423 1291 2568 1347 Illuc
2601 1291 2758 1347 enim
2776 1291 3169 1347 ascenderunt
3197 1291 3407 1356 tribus,
3433 1290 3621 1348 tribus
3646 1290 3925 1349 Domini.-

2289 1383 2414 1438 Non
2446 1385 2683 1454 peccato
2705 1381 2988 1446 obnoxiae,
3023 1382 3147 1448 sed,
3173 1380 3416 1436 «tribus
3449 1379 3712 1449 Domini;
3745 1401 3772 1433 ι
3808 1398 3931 1453 que

2289 1474 2707 1545 cognoscentes
2759 1469 3076 1526 Dominum
3132 1470 3299 1542 sequi
3348 1487 3466 1526 non
3515 1469 3868 1527 distulerunt
3915 1487 3929 1526 :

2291 1561 2444 1632 quod
2477 1559 2550 1617 ad
2603 1566 2806 1631 gentes
2853 1564 2942 1615 est
2993 1553 3384 1616 referendum.
3445 1582 3474 1610 «
3507 1559 3928 1616 Testimonium

2290 1649 2488 1707 Israel.
2541 1672 2571 1699 «
2624 1649 2698 1706 Ut
2734 1665 2870 1704 eum
2921 1649 3268 1706 condemnet
3313 1665 3326 1705 :
3379 1649 3517 1720 quia
3562 1647 3660 1704 ille
3711 1664 3840 1704 eum
3871 1649 3932 1705 in

2289 1739 2494 1796 multis
2542 1743 2844 1796 ostensum
2899 1738 3202 1795 miraculis
3239 1755 3356 1795 non
3407 1737 3692 1811 cognovit.
3723 1738 3932 1794 Tribus

2288 1845 2422 1884 vero
2470 1829 2734 1903 gentium
2782 1829 2982 1884 statim
3014 1828 3316 1901 cognitum
3365 1832 3726 1900 receperunt.
3757 1826 3847 1883 Sic
3876 1831 3932 1884 et

2288 1917 2492 1990 regina
2536 1917 2756 1984 Austri,
2806 1917 2895 1973 vel
2945 1917 3233 1986 Ninivite,
3279 1917 3340 1972 in
3390 1916 3568 1988 hujus
3616 1915 3929 1973 testimonii

2280 2007 2505 2078 judicio
2559 2012 2825 2078 surgent,
2859 2011 2916 2062 et
2964 2006 3441 2062 condemnabunt
3487 2021 3623 2061 eum
3671 2006 3818 2075 (Luc.
3851 2023 3928 2072 xx,

2285 2098 2375 2167 31,
2409 2097 2521 2167 32).
2561 2117 2588 2149 α
2616 2096 2700 2151 Ad
2747 2096 3145 2152 conﬁtendum
3195 2094 3419 2151 nomini
3449 2099 3572 2160 tuo,
3607 2095 3864 2150 Domine.
3899 2117 3928 2145 »

2287 2185 2654 2242 Confitentur
2677 2186 2856 2252 enim,
2889 2185 3030 2257 quia
3058 2185 3117 2240 in
3167 2183 3404 2240 nomine
3449 2189 3550 2240 tuo
3581 2201 3751 2240 omne
3780 2200 3930 2256 genu

2288 2275 2556 2331 ﬂectetur
2610 2274 2954 2344 caelestium,
3011 2274 3378 2330 terrestrium
3445 2279 3502 2330 et
3570 2272 3928 2330 infernarum

2288 2365 2554 2437 (Philipp.
2591 2381 2652 2433 ιι,
2689 2366 2778 2437 10)
2813 2381 2826 2420 :
2859 2369 2917 2420 et
2955 2363 3096 2436 quia
3124 2368 3209 2432 tu,
3242 2362 3486 2420 Domine
3514 2363 3655 2420 Jesu
3684 2363 3930 2432 Christe,

2287 2454 2347 2509 in
2378 2453 2566 2528 gloria
2596 2469 2658 2511 es
2687 2453 2791 2510 Dei
2825 2453 3033 2510 Patris.

2363 2544 2568 2610 «Quia
2614 2543 2733 2599 illic
2787 2544 3065 2600 sederunt
3113 2543 3281 2600 sedes
3310 2543 3369 2598 in
3406 2541 3649 2614 judicio.
3687 2564 3714 2590 »
3755 2541 3931 2598 Sedes

2285 2632 2386 2689 Dei
2418 2632 2666 2706 apostoli
2693 2637 2869 2689 sunt:
2903 2649 3080 2705 super
3109 2648 3259 2704 quos
3288 2631 3568 2688 Dominus
3597 2629 3927 2703 requiescit.

2287 2722 2382 2778 Hie
2406 2723 2576 2778 sedes
2604 2722 2893 2778 sedebunt
2913 2737 3094 2794 super
3115 2721 3282 2778 sedes
3315 2719 3646 2788 duodecim,
3659 2719 3928 2790 judican-

2285 2817 2374 2870 tes
2405 2811 2714 2868 duodecim
2736 2811 2930 2867 tribus
2961 2810 3138 2869 Israel
3173 2827 3187 2865 :
3222 2809 3375 2866 sicut
3402 2810 3529 2882 ipse
3555 2809 3638 2866 ait
3667 2809 3724 2864 in
3748 2809 3925 2864 Evan-

2285 2901 2435 2972 gelia
2483 2901 2704 2968 (Matth.
2738 2915 2853 2968 xxx,
2884 2901 2998 2970 28).
3056 2922 3083 2950 «
3113 2899 3293 2956 Sedes
3341 2915 3520 2972 super
3549 2899 3788 2954 domum
3815 2897 3925 2953 Da-

2283 2990 2401 3046 vid.
2435 3011 2464 3041 »
2495 2993 2680 3061 Super
2724 2988 3044 3046 Ecclesiam
3075 2989 3288 3046 Christi
3332 2989 3722 3062 gubernantes
3753 2991 3927 3059 atque

2288 3083 2592 3134 monentes
2622 3095 2751 3135 eam
2781 3077 3266 3151 prteceptionibus
3295 3078 3441 3134 suis.

2358 3190 2388 3219 ‹‹
2421 3168 2640 3242 Rogata
2663 3184 2790 3240 quae
2822 3169 2894 3223 ad
2930 3185 3131 3240 pacem
3151 3171 3290 3224 sunt
3310 3166 3657 3223 Jerusalem.
3679 3189 3706 3216 »
3736 3168 3923 3222 Inter-

2284 3263 2484 3333 rogate
2516 3275 2642 3331 quze
2675 3259 2746 3313 ad
2778 3274 2978 3331 pacem
3000 3257 3330 3331 pertineant
3358 3256 3612 3312 civitatis
3642 3255 3840 3325 hujus,
3869 3256 3924 3312 et

2205 3339 2248 3409 Ο
2286 3347 2604 3420 sequimini
2637 3363 2766 3404 eam
2803 3365 2816 3404 :
2852 3350 2916 3402 ut
2946 3363 3048 3420 per
3084 3346 3454 3403 dilectionem
3485 3345 3646 3418 pacis
3674 3343 3927 3400 fructum

2289 3437 2979 3510 consequaminiezternae
3001 3435 3400 3493 beatitudinis.
3427 3457 3456 3486 «
3481 3435 3548 3491 Et
3578 3433 3940 3491 abundantia

2290 3527 2673 3600 diligentibus
2706 3530 2782 3582 te.
2816 3547 2845 3576 »
2877 3525 3008 3594 Qui,
3033 3525 3250 3583 relictis
3281 3525 3537 3592 caducis,
3563 3525 3742 3581 Deum
3766 3539 3941 3596 super

2291 3617 2491 3674 omnia
2508 3616 2736 3691 diligit;
2770 3615 2898 3687 ipse
2923 3615 3286 3672 abundantia
3306 3615 3595 3671 honorum
3616 3612 3940 3670 caelestium

2297 3706 2642 3780 perfruitur.

2365 3820 2393 3846 ‹‹
2428 3797 2554 3852 Fiat
2597 3811 2708 3867 pax
2758 3794 2819 3850 in
2870 3794 3085 3850 virtute
3111 3797 3236 3850 tua.
3271 3815 3301 3844 »
3353 3792 3632 3850 Dominus
3673 3790 3935 3849 Christus

2291 3889 2382 3943 est
2411 3901 2523 3958 pax
2555 3888 2757 3940 nostra
2788 3901 2802 3940 :
2837 3883 2939 3956 qui
2971 3900 3078 3940 nos
3109 3882 3169 3939 in
3210 3899 3329 3939 uno
3376 3881 3609 3939 vinculo
3639 3880 3936 3938 charitatis

2293 3974 2568 4049 astringit
2597 3989 2611 4028 :
2646 3975 2814 4045 cujus
2862 3973 3046 4029 virtus
3077 3972 3126 4028 si
3175 3972 3542 4030 convalescat
3571 3972 3632 4028 in
3665 3970 3852 4039 nobis,
3885 3973 3942 4026 et

2293 4063 2418 4138 ipse
2447 4079 2682 4136 quoque
2703 4062 3034 4135 pectoribus
3056 4060 3275 4119 nostris
3296 4061 3576 4118 illabitur.
3605 4084 3628 4111 ι
3653 4061 3724 4117 Et
3752 4061 3943 4116 abun-

2295 4154 2499 4210 dantia
2525 4154 2583 4208 in
2613 4151 2879 4210 turribus
2907 4152 3049 4208 tuis.
3084 4173 3112 4202 »
3148 4153 3212 4207 In
3262 4151 3356 4208 his
3385 4150 3807 4208 abundantiam
3836 4151 3941 4208 bo-

2295 4259 2506 4300 norum
2561 4241 2892 4298 caelestium
2927 4240 3052 4297 ﬁeri
3083 4241 3370 4314 Propheta
3402 4238 3682 4312 deposcit,
3716 4239 3813 4312 qui
3846 4254 3942 4295 su-

2295 4332 2728 4406 pereminentes
2781 4331 2993 4387 merito
3042 4335 3328 4403 tanquam
3369 4333 3563 4386 turres
3593 4329 3940 4397 fortissimae,

2294 4421 2446 4478 hanc
2477 4420 2772 4476 civitatem
2825 4423 2882 4475 et
2909 4418 3128 4476 virtute
3171 4418 3471 4488 muniunt,
3502 4421 3561 4475 et
3604 4417 3944 4491 proceritate

2296 4512 2592 4568 decorant.

2369 4625 2396 4652 ‹‹
2429 4605 2674 4674 Propter
2730 4600 2939 4656 fratres
2989 4614 3152 4655 meos
3197 4601 3255 4654 et
3309 4598 3604 4671 proximos
3652 4612 3812 4654 meos
3861 4595 3943 4654 lo-

2297 4691 2518 4766 quebar
2548 4707 2750 4763 pacem
2786 4690 2856 4744 de
2903 4693 2981 4745 te.
3014 4711 3042 4740 »
3076 4688 3149 4745 Ut
3179 4687 3402 4745 scilicet
3445 4691 3504 4744 et
3531 4687 3643 4762 ipsi
3691 4687 3764 4744 ad
3795 4701 3935 4744 con-

2298 4781 2758 4839 summationem
2818 4773 2998 4852 hujus
3056 4777 3284 4834 aediﬁcii
3332 4795 3396 4835 se
3443 4778 3726 4851 perfectos
3783 4770 3941 4833 eahi-

2296 4872 2493 4929 beant.

2374 4962 2674 5032 uPropter
2731 4958 2975 5014 domum
3034 4956 3265 5013 Domini
3315 4955 3413 5014 Dei
3470 4956 3653 5014 nostri
3699 4954 3939 5028 qumsivi

2297 5049 2449 5106 bona
2478 5048 2606 5105 tibi.
2641 5070 2670 5099 »
2700 5047 3077 5103 Predicando
3106 5061 3308 5120 pacem
3339 5045 3620 5119 proximis
3644 5045 3939 5114 fratribus,

2297 5138 2398 5211 qui
2431 5138 2610 5195 efﬁcit
2639 5153 2738 5194 eos
2757 5137 3050 5192 civitatem
3083 5134 3257 5207 Regis
3282 5135 3503 5208 aeterni,
3530 5134 3624 5190 cui
3651 5135 3768 5194 haec
3788 5133 3939 5192 bona

2296 5228 2567 5303 quaesivit
2615 5244 2630 5284 :
2679 5230 2746 5282 ut
2791 5227 2865 5282 ab
2917 5223 3300 5281 universitate
3361 5223 3610 5281 civitatis
3656 5223 3716 5280 in
3765 5239 3941 5282 unam

2295 5322 2423 5392 ejus
2473 5317 2753 5376 transiret
2799 5315 3245 5380 habitationem,
3277 5314 3381 5387 qui
3431 5313 3512 5370 ait
3543 5331 3558 5370 :
3594 5317 3776 5383 Pater,
3817 5329 3944 5388 rogo

2294 5414 2357 5466 ut
2382 5407 2476 5466 ubi
2521 5422 2619 5478 ego
2658 5423 2799 5473 sum,
2833 5409 2884 5463 et
2933 5404 3022 5462 illi
3049 5406 3165 5460 sint
3203 5417 3436 5462 mecum.
3467 5404 3574 5476 Ego
3623 5405 3684 5460 in
3711 5401 3859 5472 illis,
3891 5406 3943 5460 et

2292 5507 2352 5555 tu
2381 5499 2441 5554 in
2468 5514 2554 5554 me
2581 5518 2601 5553 :
2634 5501 2695 5552 ut
2732 5495 2950 5556 videant
2997 5496 3239 5565 gloriam
3267 5509 3445 5551 meam
3471 5513 3494 5550 .·
3522 5495 3658 5567 quia
3684 5493 3935 5552 dilatistt

2290 5604 2378 5645 me
2405 5596 2534 5644 ante
2562 5586 3009 5644 constitutionem
3036 5584 3234 5641 mundi
3262 5585 3442 5656 (Joan.
3473 5599 3609 5656 xvn,
3639 5583 3752 5656 24).

2823 5710 3155 5771 PSALMUS
3181 5709 3396 5769 CXXII.

2293 5803 2578 5862 Canticum
2601 5801 2902 5876 graduum.
2936 5801 3051 5862 Iste
3077 5800 3344 5876 psalmus
3365 5803 3652 5874 quartum
3679 5799 3933 5864 centiam
