4244 6586
583 513 740 577 1383

588 737 671 795 Ne
701 754 810 793 nos
834 736 1079 791 inducas
1110 734 1168 789 in
1202 731 1795 803 tentationem,quam
1827 729 2070 785 suﬂ‘erre
2117 745 2233 783 non

583 827 905 901 possimus.
934 847 963 876 ‹‹
995 824 1066 880 Ut
1100 841 1223 887 non,
1242 823 1558 879 extendant
1577 820 1727 892 justi
1758 820 1831 875 ad
1864 817 2233 890 iniquitatem

584 934 795 974 manus
826 932 984 973 suas.
1018 937 1047 965 ››
1080 914 1152 969 Ut
1180 930 1296 970 non
1318 912 1577 984 cogitent
1607 926 1622 965 :
1650 909 1798 973 Quid
1825 907 1967 963 mihi
2001 907 2237 978 prodest

584 1007 737 1077 quod
761 1006 965 1077 justus
995 1002 1205 1067 sum,si
1239 1018 1470 1073 semper
1500 1001 1925 1073 persequantur
1982 1012 2074 1051 me
2129 995 2234 1049 ini-

586 1097 688 1168 qui
717 1096 745 1151 ?
778 1116 806 1144 ‹‹
836 1094 907 1150 Ut
940 1109 1055 1150 non
1085 1092 1417 1148 extendant.
1454 1114 1481 1139 ››
1514 1089 1624 1145 hoc
1653 1092 1765 1155 est,
1795 1091 1860 1142 ut
1906 1085 2236 1143 sustineant

587 1184 797 1252 malos,
830 1190 884 1238 et
915 1198 1029 1237 non
1062 1180 1277 1236 faciant
1306 1179 1482 1235 mala.

656 1297 684 1325 ‹‹
735 1271 999 1338 Benefac,
1061 1269 1327 1338 Domine,
1388 1268 1557 1324 bonis
1615 1271 1673 1323 et
1734 1265 1909 1323 rectis
1976 1264 2167 1320 corde.
2202 1285 2232 1312 »

582 1363 691 1427 Qui
720 1361 806 1417 vel
838 1359 972 1415 boni
1001 1363 1138 1414 sunt
1168 1358 1226 1412 in
1258 1373 1450 1429 opere,
1504 1354 1593 1411 vel
1644 1354 1785 1410 recti
1829 1352 2119 1409 habentur
2174 1350 2233 1405 in

582 1453 716 1508 ﬁde.

654 1563 683 1590 ‹‹
745 1537 1120 1595 Declinantes
1177 1539 1374 1592 autem
1423 1534 1482 1588 in
1538 1532 1927 1605 obligationes
1985 1528 2236 1584 adducet

581 1628 887 1686 Dominus.
920 1650 948 1679 »
971 1631 1083 1682 Pro
1149 1623 1628 1697 obligationibus,
1670 1620 1885 1694 Aquila
1907 1614 2233 1678 ³διαπλοκάς

584 1719 1001 1791 interpretatus
1014 1721 1105 1772 est
1138 1732 1151 1770 :
1181 1713 1590 1788 Symmachus,
1622 1707 2005 1778 σκολιότητας,
2029 1708 2236 1778 quinta

586 1807 786 1879 editio,
821 1802 1232 1878 διεστραμμένα.
1295 1826 1323 1853 ‹‹
1378 1802 1523 1858 Cum
1583 1800 1961 1873 operantibus
2017 1795 2233 1868 iniqui-

586 1902 790 1952 tatem.
826 1916 853 1945 »
885 1894 953 1950 Hi
987 1894 1141 1965 quia
1170 1890 1477 1963 prazceptis
1523 1889 1621 1945 Dei
1675 1888 1990 1958 declinant,
2048 1886 2233 1941 addu-

2074 503 2500 567 APPENDIX.

600 650 1029 719 brseosceptrum
1062 644 1253 701 habet.
1285 643 1404 699 Hoc
1435 646 1525 698 est
1554 657 1692 715 ergo
1721 642 1878 713 quod
1928 639 2225 712 petimus:
2252 639 2310 707 Α
2339 639 2670 694 membrum
2724 636 2945 693 caeteris
2996 632 3296 689 membris.
3343 654 3370 682 ‹‹

3830 498 3989 560 1284

3433 631 3612 687 Sicut'
3637 632 3864 688 torrens
3929 632 3990 687 in

2344 732 2564 784 austro.
2589 727 2751 784 Sicut
2772 725 2927 782 enim
2961 724 3135 780 ﬂante
3166 726 3363 779 austro
3392 720 3701 777 solvuntur
3749 720 3991 795 glacies,

2344 821 2401 873 et
2428 817 2686 889 impletis
2717 814 3094 881 torrentibus,
3128 812 3319 869 omnis
3349 811 3557 869 horror
3585 827 3718 867 cum
3767 811 3988 884 impetu

2343 924 2450 963 suo
2482 907 2725 961 defluit:
2759 905 2863 977 sic,
2902 905 3079 960 ﬂante
3134 901 3353 974 Spiritu
3400 904 3623 970 sancto,
3685 899 3994 959 solvuntur

2342 999 2579 1068 peccata
2613 999 2850 1050 nostra:
2904 992 3145 1059 scilicet,
3197 995 3283 1059 ut,
3345 993 3580 1062 accepta
3624 990 3990 1059 remissione,

2340 1086 2444 1139 fiat
2473 1083 2643 1139 nobis
2672 1083 2816 1139 illud
2849 1083 3002 1154 quod
3045 1080 3331 1153 scriptum
3389 1085 3477 1136 est
3508 1099 3522 1136 :
3582 1080 3737 1137 Sicut
3790 1080 3992 1150 glacie:

2343 1176 2404 1230 in
2430 1189 2637 1241 sereno,
2671 1174 2959 1230 solvuntur
2984 1180 3209 1244 peccata
3241 1179 3335 1227 tua
3363 1170 3565 1240 (Eccti.
3598 1187 3682 1236 ιιι,
3715 1170 3822 1241 17).

2413 1287 2441 1315 ‹‹
2475 1262 2585 1328 Qui
2614 1262 2908 1319 seminant
2932 1260 2993 1316 in
3015 1259 3310 1331 lacrymis,
3339 1259 3400 1315 in
3452 1258 3664 1332 gaudio
3725 1263 3982 1329 metent;

2342 1350 2735 1409 euntesibant
2762 1355 2821 1407 et
2863 1350 3099 1420 ﬂebant,
3153 1348 3450 1405 mittentes
3516 1348 3744 1405 semina
3798 1364 3925 1404 sua.
3956 1370 3987 1400 ι»

2343 1441 2538 1498 Sancti
2568 1441 2749 1514 igitur
2776 1439 2876 1496 Dei
2937 1438 3374 1496 seminaverunt
3411 1438 3469 1492 in
3524 1436 3798 1511 lacrymis
3854 1454 3987 1495 con-

2346 1529 2636 1601 fessionis,
2668 1532 2725 1585 et
2768 1529 2827 1584 in
2875 1527 3121 1584 diversis
3172 1525 3550 1596 cruciatibus,
3598 1526 3659 1583 in
3721 1527 3989 1598 gentibus

2343 1619 2584 1688 verbum
2616 1618 2747 1674 Dei:
2781 1623 2986 1673 euntes
3015 1622 3073 1672 et
3102 1618 3309 1674 ﬂentes
3333 1632 3511 1688 super
3548 1615 3824 1673 duritiam
3872 1633 3990 1673 cor-

2348 1709 2441 1764 dis
2467 1725 2692 1773 eorum,
2726 1708 2881 1779 quod
2906 1706 2965 1763 in
2993 1706 3189 1762 futuro
3222 1724 3357 1762 cum
3390 1705 3822 1780 manipulorum
3846 1708 3993 1763 fruc-

2343 1798 2503 1853 tibus
2522 1797 2860 1870 portabunt,
2920 1795 3148 1852 dicente
3206 1796 3278 1852 ad
3330 1812 3429 1852 eos
3488 1795 3767 1873 Domino:
3821 1796 3989 1853 Amen

2344 1887 2462 1942 dico
2494 1889 2801 1958 vobis,qaia
2831 1886 3035 1956 ﬂebitis
3066 1902 3158 1941 vos
3185 1889 3235 1940 et
3283 1887 3655 1942 lamentabilis
3678 1903 3705 1951 ,ο
3756 1886 3991 1944 mundus

588 1989 803 2042 cuntur
832 2001 965 2039 cum
997 1983 1089 2038 his
1119 1982 1220 2053 qui
1250 1981 1434 2036 Deum
1458 1980 1752 2052 ignorant,
1797 1981 1861 2033 ut
1892 1975 2071 2033 simili
2104 1991 2235 2031 sen-
2268 2013 2315 2078 Β
2347 1982 2531 2033 autem
2584 1976 2866 2045 gaudebit,
2925 1977 3020 2031 sed
3075 1976 3303 2031 tristitia
3359 1984 3539 2031 vestra
3594 1977 3658 2032 in
3731 1976 3995 2046 gaudium

589 2074 768 2131 tentia
818 2072 1120 2129 feriantur.
1171 2092 1200 2120 «
1262 2070 1387 2125 Pax-
1429 2086 1602 2142 super
1650 2067 1845 2123 Israel.
1890 2089 1918 2116 ››
1975 2065 2239 2121 Christus
2268 2064 2314 2078 "
2349 2066 2889 2138 convertetuonan.
2933 2081 3047 2134 xvx,
3104 2066 3216 2137 20).
3269 2064 3454 2137 Igitur
3498 2068 3556 2121 et
3612 2081 3717 2121 nos
3773 2066 3832 2121 in
3888 2066 3994 2122 tri-

589 2163 875 2220 Dominus
906 2166 995 2218 est
1018 2177 1128 2233 pax
1159 2163 1359 2215 nostra
1416 2158 1537 2229 qui,
1597 2157 1869 2212 auferens
1926 2154 2242 2211 maceriam

588 2251 910 2309 inimicitia
943 2250 1012 2307 de
1044 2249 1236 2305 medio
1259 2248 1597 2303 Judaorum
1646 2262 1712 2302 ac
1757 2245 2043 2318 gentium,
2107 2242 2245 2303 fecit,

593 2347 844 2412 utraque
882 2355 1090 2404 unum,
1136 2337 1292 2408 quod
1347 2339 1473 2391 erat
1520 2340 1655 2391 ante
1703 2334 1952 2391 divisum
2031 2334 2244 2406 (Ephes.

591 2448 655 2503 ιι,
692 2431 779 2497 14,
808 2429 914 2500 15)’

1134 2533 1366 2590 PSALM
1374 2532 1461 2588 US
1492 2532 1700 2588 CXXV.

600 2628 892 2685 Canticum
940 2624 1234 2694 graduum.
1288 2624 1399 2677 Iste
1429 2621 1696 2694 psalmus
1762 2621 2045 2693 septimus
2125 2637 2250 2693 gra-

669 2705 878 2766 duum,
908 2693 1127 2769 profert
1174 2693 1467 2769 canticum
1514 2693 1603 2769 vel
1642 2710 1962 2769 ascensum
1991 2694 2079 2769 in
2133 2708 2247 2764 quo

667 2764 871 2828 ﬁdelis
896 2764 1095 2824 anima
1151 2767 1431 2821 adversus
1487 2765 1803 2837 criminum
1853 2764 2246 2837 captivitatem

575 2864 579 2869 ”
668 2845 727 2899 in
761 2840 1077 2897 Dominum
1099 2837 1351 2894 exsultat
1383 2841 1440 2892 et
1488 2836 1628 2891 dicit
1660 2853 1672 2890 :

669 2991 697 3018 ‹‹
730 2968 797 3022 In
827 2964 1211 3021 convertendo
1244 2961 1529 3017 Dominus
1577 2960 1971 3033 captivitatem
2021 2960 2179 3015 Sion.
2210 2979 2236 3011 ω
2295 3001 2297 3005 ς

598 3056 935 3111 Pervaserat
963 3052 1118 3108 enim
1151 3051 1493 3106 universum
1527 3050 1815 3104 mundum
1864 3054 2033 3105 vetus
2063 3049 2245 3121 capti-

596 3144 747 3200 vitas
776 3141 1056 3198 vitiorum
1093 3158 1105 3196 :
1141 3140 1241 3195 sed
1272 3138 1601 3195 lucescente
1631 3138 1800 3194 nobis
1822 3137 1952 3194 Sole
1977 3138 2242 3208 justitize,

597 3232 851 3305 effugata
871 3235 978 3287 est.
1012 3229 1103 3285 Sic
1133 3234 1189 3284 et
1220 3227 1494 3299 Ecclesia,
1546 3244 1675 3300 quae
1724 3226 2054 3300 specialiter
2107 3228 2246 3283 Sion

599 3325 993 3393 nuncupatur,
1025 3318 1374 3391 apparuit.»
1435 3317 1592 3372 Facti
1652 3334 1859 3373 sumus
1919 3316 2070 3371 sicut
2116 3333 2246 3372 con-

605 3386 855 3469 solati.-u
911 3386 1017 3466 Pro
1061 3386 1362 3474 remotati,
1423 3424 1626 3463 omnes
1679 3407 1896 3479 pariter
1938 3406 2242 3463 editiones.
2276 3386 2318 3453 (ἶ

596 3504 931 3557 somniantes
963 3498 1412 3555 transtulerunt.
1448 3497 1517 3552 Et
1547 3496 1788 3570 pulchre
1845 3496 2242 3553 somniantes:

603 3592 868 3648 nondum
901 3595 990 3646 est
1021 3589 1180 3645 enim
1209 3584 1619 3660 plenalaetitia,
1645 3586 1703 3641 in
1732 3586 2059 3658 captivitate
2115 3584 2248 3642 reli-

603 3679 737 3751 quis
765 3678 1120 3734 constitutis.

675 3790 696 3818 α
733 3767 900 3822 Tunc
957 3764 1244 3837 repletum
1294 3768 1385 3820 est
1421 3763 1633 3837 gaudio
1691 3781 1756 3819 os
1831 3768 2119 3831 nostrum,
2195 3767 2253 3819 et

604 3856 807 3928 lingua
836 3859 1040 3910 nostra
1070 3852 1541 3909 exsultatione.»
1587 3855 1632 3907 Α
1679 3852 1972 3925 spirituali
2019 3858 2076 3907 et
2124 3852 2251 3907 inﬁ-

597 3944 720 4000 nita
742 3943 943 3999 laetitia
962 3943 1050 3999 vel
1112 3960 1176 3998 os
1226 3945 1517 4009 nostrum,
1577 3940 1665 3996 vel
1704 3941 1905 4014 lingua
1949 3941 2248 4013 repletur:

596 4033 735 4105 quia
764 4050 881 4089 non
913 4033 1133 4089 sufﬁcit
1155 4035 1350 4087 tantas
1380 4030 1668 4103 explicare
1695 4030 1899 4087 laudes
1921 4046 2025 4103 pro
2061 4031 2251 4103 gratia

587 4140 705 4197 qua
725 4122 1039 4179 salvamur.

675 4237 695 4264 ι
726 4214 888 4271 Tunc
936 4213 1134 4270 dicent
1154 4212 1307 4268 inter
1343 4216 1566 4284 gentes,
1625 4210 2015 4284 Magnificavit
2073 4211 2233 4268 Domi

596 4320 709 4360 nus
742 4304 928 4359 facere
960 4319 1094 4357 cum
1152 4300 1346 4357 illis.»
1411 4300 1469 4355 Si
1523 4301 1703 4370 enim,
1761 4299 1974 4355 relictis
2032 4301 2217 4356 transi

590 4393 952 4466 toriis,spem
977 4392 1336 4449 collocemus
1368 4391 1426 4445 in
1461 4389 1857 4462 sempiternis,
1920 4393 2056 4443 tunc
2112 4388 2252 4444 dici-

590 4488 693 4539 tur
723 4483 863 4555 quia
902 4498 1151 4555 magnos
1206 4497 1315 4536 nos
1370 4480 1505 4536 fecit
1561 4480 1866 4546 Dominus,
1920 4477 2257 4551 captivitate

591 4571 859 4644 depulsa,
887 4575 944 4627 et
980 4572 1135 4628 sicut
1167 4570 1467 4643 quendam
1503 4572 1708 4642 gentes
1776 4568 1986 4624 timore
2044 4567 2256 4623 territae

596 4662 668 4716 de
700 4660 1021 4716 Israelitico
1070 4658 1286 4732 populo
1334 4659 1727 4731 loquebantur
1781 4658 2087 4714 dicentes:
2132 4657 2255 4714 Sic-

2353 2155 2650 2212 bulatione
2680 2155 3023 2223 clamantes,
3070 2154 3365 2211 elevemus
3414 2148 3627 2211 mentis
3675 2154 3872 2211 oculos
3919 2157 3992 2213 ad

2299 2287 2304 2293 .
2353 2244 2755 2303 auxiliatorem
2788 2244 2993 2313 Deum,
3029 2248 3093 2299 ut
3125 2247 3292 2299 eruat
3345 2260 3453 2300 nos
3500 2259 3535 2300 a
3588 2243 3754 2301 saevis
3808 2244 3991 2300 denti-

2355 2336 2467 2391 bus
2496 2334 2827 2390 invidorum
2863 2334 3128 2389 :auferat
3165 2350 3201 2389 a
3239 2332 3408 2389 nobis
3460 2336 3754 2404 sceptrum
3808 2333 3991 2390 domi-

2356 2424 2611 2481 nationis
2642 2424 2880 2497 iniquaa,
2914 2428 2978 2479 ut
3009 2422 3184 2479 solita
3202 2422 3576 2479 miseratione
3602 2421 3833 2495 largita,
3853 2423 3991 2479 dum

2356 2532 2391 2569 a
2420 2513 2752 2586 captivitate
2779 2513 3056 2569 vitiorum
3109 2511 3490 2583 absolvimur,
3535 2511 3785 2567 coelestis
3834 2512 3994 2568 Jeru-

2356 2603 2539 2660 salem
2571 2603 2813 2659 aadiﬁcio
2844 2608 3128 2675 tanquam
3158 2602 3268 2657 vivi
3301 2600 3525 2674 lapides
3582 2604 3995 2657 connectamur

2870 2727 3198 2783 PSALMUS
3242 2725 3475 2783 CXXVI.

2354 2821 2646 2877 Canticum
2679 2817 2954 2887 graduum
3004 2816 3335 2873 Salomonis.
3394 2816 3528 2872 Ideo
3584 2812 3847 2888 psalmus
3880 2815 3989 2872 iste

2426 2890 2753 2946 Salomonis
2784 2888 2954 2944 titulo
2985 2893 3344 2960 praenotatur
3390 2904 3403 2960 ς
3459 2892 3524 2942 ut
3576 2889 3700 2960 ipse
3751 2888 3992 2943 fabrica-

2427 2966 2517 3016 tor
2542 2961 2743 3032 templi
2800 2958 3004 3015 doceat
3058 2976 3120 3032 se
3167 2976 3283 3032 non
3319 2958 3506 3032 valere
3555 2958 3992 3032 aediﬁcationem

2427 3035 2557 3103 ejus
2586 3030 2996 3088 consummare
3027 3030 3400 3088 sineDomini
3433 3030 3667 3087 auxilio.

2427 3164 2454 3191 ‹‹
2488 3140 2611 3196 Nisi
2642 3139 2925 3196 Dominus
2956 3138 3327 3195 aedificaverit
3356 3139 3618 3211 domum,
3668 3140 3728 3196 in
3779 3155 3991 3195 vanum

2353 3229 2621 3286 laborant
2642 3229 2739 3301 qui
2767 3229 3055 3285 aedificant
3087 3245 3236 3284 eam.
3272 3249 3300 3278 ››
3340 3226 3455 3284 Nos
3512 3245 3739 3300 sumus,
3796 3245 3995 3285 secun-

2356 3319 2499 3374 dum
2530 3317 2940 3391 Appostolum,
2987 3318 3090 3374 Dei
3144 3316 3430 3390 templum
3463 3316 3537 3389 (II
3596 3318 3714 3374 Cor.
3746 3335 3822 3386 v1,
3858 3319 3947 3386 16)
3977 3333 3990 3372 :

2358 3408 2459 3480 qui
2481 3408 2595 3464 nisi
2637 3426 2738 3481 per
2784 3408 3093 3464 Dominum
3140 3411 3405 3463 nostrum
3444 3407 3645 3464 Jesum
3702 3406 3993 3463 Christum

2357 3498 2713 3554 aediﬁcemur
2740 3514 2917 3571 super
2946 3498 3329 3553 fundamenta
3354 3496 3751 3569 apostolorum
3781 3502 3838 3553 et
3868 3512 3997 3570 pro-

2357 3588 2689 3659 phetarum,
2720 3588 2914 3644 inanis
2944 3587 3054 3642 erit
3093 3586 3579 3659 philosophorum
3634 3590 3690 3643 et
3749 3585 3997 3658 reliquo-

2359 3695 2491 3734 rum
2523 3676 2892 3733 sazcularium
2923 3677 3228 3732 doctorum
3255 3674 3581 3732 aedificatio.

2431 3792 2458 3817 ‹‹
2494 3767 2617 3825 Nisi
2648 3767 2934 3824 Dominus
2961 3766 3304 3822 custodierit
3332 3765 3646 3835 civitatem,
3680 3766 3739 3821 in
3785 3782 3995 3823 vanum

2359 3858 2770 3914 laboraverunt
2800 3857 2899 3928 qui
2922 3855 3262 3911 custodiunt
3290 3871 3439 3911 eam.
3475 3876 3503 3905 »
3536 3853 3748 3911 Fidelis
3802 3856 3995 3912 anima

2363 3947 2563 4003 civitas
2596 3945 2880 4018 accipitur
2906 3945 3107 4001 aeterni
3140 3944 3333 4017 Regis,
3369 3961 3500 4016 quae
3529 3944 3750 4001 civibus
3808 3944 3994 4015 bonis,

2363 4037 2421 4092 id
2451 4040 2558 4105 est,
2594 4034 2859 4091 honestis
2889 4034 3152 4091 moribus
3211 4034 3628 4105 frequentatur,
3662 4050 3835 4106 quam
3868 4033 3995 4090 nul-

2363 4127 2481 4182 lius
2512 4129 2701 4197 potest
2732 4124 2880 4180 tueri
2912 4123 3198 4192 custodia,
3230 4122 3342 4179 nisi
3372 4120 3533 4179 illius
3563 4123 3663 4194 qui
3696 4140 3809 4179 non
3867 4123 3994 4179 dor-

2367 4216 2584 4273 mitans
2612 4214 2864 4287 protegit
2893 4214 3092 4270 Isarel.

2436 4328 2464 4356 ‹‹
2495 4304 2725 4359 Vanum
2756 4307 2844 4359 est
2871 4303 3036 4358 vobis
3083 4305 3217 4358 ante
3274 4302 3466 4360 lucem
3523 4319 3778 4377 surgere.
3808 4323 3836 4356 ιι
3895 4302 4001 4370 Qui

2366 4400 2499 4451 ante
2555 4392 2744 4449 lucem
2805 4392 3014 4466 surgit,
3075 4396 3392 4448 nocturnas
3459 4392 3726 4449 tenebras
3789 4391 4001 4464 palpat.

2364 4484 2455 4539 Sic
2485 4488 2542 4540 et
2598 4481 2934 4556 qui,relicto
2986 4481 3283 4555 Evangelii
3342 4482 3582 4547 lumine,
3617 4482 3688 4537 ad
3738 4481 4002 4554 superius

2366 4574 2589 4630 dictum
2622 4574 2835 4645 dogma
2865 4571 3185 4641 transierit,
3246 4571 3306 4626 in
3363 4570 3621 4628 tenebris
3677 4587 4003 4629 commora-

2364 4668 2480 4735 tur,
2514 4679 2620 4719 nec
2669 4666 2861 4735 potest
2916 4661 3231 4718 Dominicae
3290 4659 3732 4718 resurrectionis
3786 4658 4003 4733 perfrui

595 4750 747 4805 cavit
772 4752 920 4805 Deus
953 4765 1136 4821 aquas
1168 4748 1347 4804 maris
1378 4752 1436 4804 et
1462 4747 1736 4804 Jordanis
1794 4748 1866 4803 ad
1916 4748 2248 4819 ingressum
2283 4761 2327 4828 D
2363 4753 2647 4811 claritate.
2683 4776 2711 4802 «
2743 4751 2970 4825 Surgite
3001 4755 3312 4823 postquam
3345 4749 3629 4820 sederitis,
3684 4750 3784 4823 qui
3842 4766 4000 4806 man-

597 4838 851 4895 ﬁliarum
871 4835 1049 4894 Israel
1100 4837 1294 4910 (Exod.
1340 4855 1457 4905 xxv,
1514 4839 1628 4893 22:
1688 4842 1855 4896 Josue
1901 4855 1962 4905 ιι,
2026 4838 2134 4907 16),
2185 4837 2247 4893 In

595 4929 706 4985 hoc
736 4945 873 5001 ergo
905 4927 1118 5001 gaudio
1144 4926 1507 4983 conﬁtemur.
1571 4966 1587 4977 .

671 5042 699 5069 «
728 5018 874 5083 Quia
905 5017 1304 5091 magniﬁcavit
1333 5017 1613 5073 Dominus
1662 5017 1849 5073 facere
1889 5016 2196 5073 nobiscum
2231 5019 2251 5072 Ξ

594 5111 733 5166 facti
776 5125 986 5165 sumus
1034 5107 1317 5163 laetantes.
1356 5130 1382 5156 »
1439 5106 1848 5163 Serviebamus
1890 5107 2055 5179 prius
2104 5107 2251 5163 Pha-

594 5199 779 5267 raoni,
831 5198 889 5253 id
931 5202 1038 5263 est,
1100 5197 1536 5253 exterminatori
1596 5197 1655 5251 in
1713 5196 1876 5252 duris
1924 5196 2246 5269 operibus:

596 5305 752 5344 nunc
775 5292 971 5343 autem
1006 5287 1293 5343 servimus
1336 5288 1457 5359 regi
1510 5284 1753 5353 ccelesti,
1814 5287 1983 5357 cujus
2031 5287 2247 5359 jugum

596 5394 771 5433 suave
802 5381 965 5431 estet
991 5375 1276 5432 onusleve
1306 5377 1512 5447 (Matth.
1544 5393 1622 5447 χι,
1656 5376 1766 5449 30).

669 5466 1028 5533 «Converte,
1082 5464 1347 5533 Domine,
1411 5465 1810 5538 captivitatem
1896 5468 2180 5521 nostram.
2217 5487 2248 5516 η

570 5558 975 5611 Communem
1020 5571 1081 5609 se
1128 5554 1522 5627 captivitatem
1564 5555 1778 5611 habere
1827 5571 1961 5610 cum
2020 5553 2248 5625 reliquo

574 5644 811 5715 'populo
843 5643 1130 5718 PrOpbeta
1161 5644 1374 5700 fatetur
1407 5662 1419 5699 :
1455 5644 1597 5716 quia
1651 5646 2006 5716 compatitur
2064 5660 2249 5700 unum

672 5770 689 5804 ¹
746 5766 862 5823 Hoc
892 5767 1016 5825 loco
1049 5764 1163 5824 non
1191 5774 1508 5840 potuerunt
1557 5769 1843 5827 editiones
1898 5774 2120 5827 veteres
2158 5789 2248 5829 re-

599 5838 843 5903 stituere
870 5854 1038 5898 voces
1064 5838 1454 5915 interpretum
1484 5842 1838 5917 Graecorum,
1868 5858 1999 5917 qua:
2046 5842 2251 5919 legun-

2358 4844 2588 4900 ducatis
2660 4857 2872 4914 panem
2931 4840 3168 4896 doloris.
3216 4863 3237 4889 υ
3299 4839 3406 4906 Qui
3465 4840 3522 4895 in
3606 4837 4004 4895 humiliatione

2334 4931 2684 5006 .quiescitis,
2715 4928 3044 4996 elevamini,
3076 4946 3179 4985 vos
3210 4930 3309 5002 qui
3342 4929 3401 4985 in
3427 4929 3701 5001 peccatis,
3722 4927 3808 4986 vel
3840 4932 4002 4984 natos

2360 5038 2509 5091 esse,
2541 5019 2627 5076 vel
2660 5020 2849 5075 vivere
2879 5017 3258 5087 meministis,
3289 5022 3345 5073 et
3396 5019 3470 5074 ad
3528 5018 3715 5074 Deum
3758 5016 4003 5073 transire

2360 5110 2726 5168 desideratis.
2761 5109 2884 5165 Vel.
2920 5129 2941 5157 α
2984 5108 3091 5172 Qui
3152 5108 3524 5164 manducetis
3582 5124 3790 5181 panem
3846 5106 4002 5162 dolo-

2360 5202 2463 5258 ris.
2502 5224 2528 5250 »
2560 5201 2666 5256 Pro
2697 5198 3248 5266 dotore,Theodotio,
3271 5201 3329 5253 et
3375 5197 3580 5269 quinta
3628 5196 3800 5253 editio
3858 5196 4001 5253 idola

2358 5288 2723 5363 interpretati
2781 5294 2960 5345 sunt:
3024 5292 3188 5343 sexta
3242 5303 3397 5358 vero,
3456 5302 3713 5343 errorem.
3788 5287 3999 5341 Sensus

2359 5382 2557 5452 itaque
2592 5381 2767 5452 juxta
2809 5376 3135 5450 simplicem
3178 5376 3623 5449 intelligentiam
3695 5375 3804 5432 iste
3867 5379 3998 5435 est:

2357 5471 2494 5527 Sine
2524 5486 2701 5525 causa
2732 5467 2990 5524 diluculo
3021 5467 3094 5522 ad
3126 5465 3414 5539 templum
3445 5465 3699 5535 curritis,
3734 5470 3791 5522 et
3819 5465 3999 5521 Deum

2360 5562 2601 5617 adorare
2633 5576 2734 5616 vos
2765 5555 3023 5627 creditis,
3084 5557 3185 5630 qui
3240 5556 3398 5613 idola
3455 5556 3672 5629 pariter
3727 5552 4001 5612 adoratis.

2358 5655 2417 5707 et
2447 5649 2754 5707 immundo
2785 5645 3093 5704 vescimini
3124 5664 3294 5720 pane.

2356 5781 2456 5834 tur
2484 5778 2542 5833 in
2588 5792 2737 5832 mss.
2788 5772 3093 5832 codicibus
3123 5773 3369 5834 .nostris
3429 5772 3738 5850 paululum
3794 5772 4006 5846 depra-

2356 5854 2508 5913 vata.
2536 5851 2723 5907 Mser.
3970 5882 3975 5887 ~
