4244 6568
319 519 476 587 1285

321 742 535 817 aliquis
584 742 1021 814 interrogasset,
1084 742 1316 814 quando
1376 742 1484 799 hoc
1537 743 1615 799 sit
1646 743 1885 812 factum,
1918 743 1969 799 ei

321 834 572 890 dicitur:
608 854 636 881 ‹‹
667 833 811 888 Cum
858 831 1083 887 dederit
1139 830 1364 887 dilectis
1423 832 1548 887 suis
1608 849 1968 889 somnum.»

321 922 525 979 Dilecti
557 920 745 977 sancti
795 924 960 991 sunt,
1021 919 1135 992 qui'
1178 924 1309 992 post
1359 937 1633 976 somnum
1667 923 1969 993 praesentis

318 1012 448 1068 vitae
483 1010 575 1065 hic
619 1010 938 1065 dormitare
985 1009 1293 1065 videntur:
1344 1014 1408 1064 ut
1454 1010 1514 1064 in
1548 1011 1971 1066 resurrectione

322 1101 391 1157 ad
436 1100 617 1155 vitam
665 1102 940 1153 aeternam
1000 1102 1338 1153 mereantur
1384 1098 1728 1169 pervenire:
1766 1120 1793 1149 ‹‹
1829 1100 1969 1155 Ecce

320 1188 629 1245 haereditas
686 1186 916 1242 Domini
972 1185 1075 1241 filii
1129 1203 1351 1243 merces
1408 1189 1633 1243 fructus
1662 1188 1902 1243 ventris.
1940 1210 1962 1238 ι

322 1279 465 1334 Cum
496 1275 718 1333 sanctis
752 1275 825 1331 ab
857 1275 964 1331 hoc
993 1275 1202 1332 szesulo
1253 1281 1486 1347 accepto
1516 1276 1731 1349 quietis
1763 1292 1968 1332 somno

318 1365 720 1435 discesserint,
782 1368 923 1420 tunc
984 1365 1125 1419 ﬁent
1182 1363 1492 1420 haereditas
1549 1365 1798 1431 Domini,
1830 1364 1969 1436 quia

312 1455 438 1527 jam
462 1471 578 1510 non
600 1454 907 1524 subjacent
930 1453 1374 1509 tentationibus.
1404 1453 1513 1509 Sed
1537 1457 1595 1508 et
1624 1453 1750 1525 ipse
1778 1453 1970 1508 Domi-

320 1526 453 1613 nus,
496 1548 673 1600 natus
703 1559 773 1599 ex
799 1542 1060 1614 Virgine,
1095 1543 1287 1597 factus
1335 1546 1423 1597 est
1473 1543 1698 1598 fructus
1725 1543 1964 1598 ventris.

319 1635 501 1704 Cujus
531 1636 840 1705 assumpta
898 1631 1239 1687 humanitas
1296 1631 1448 1687 hanc
1507 1632 1729 1703 accepit
1759 1647 1972 1687 merce-

320 1724 574 1790 dem,ut
629 1726 829 1793 gentes
887 1726 1103 1776 vocatae
1161 1722 1218 1775 in
1279 1719 1436 1790 filiis,
1498 1721 1620 1775 sint
1662 1720 1968 1776 beereditas

322 1814 472 1884 ejus.
531 1811 685 1867 Dedit
729 1811 828 1882 eis,
889 1810 1100 1881 inquit,
1154 1816 1466 1881 potestatem
1495 1810 1639 1880 ﬁlios
1694 1812 1795 1865 Dei
1848 1811 1970 1879 ﬁeri

324 1903 421 1972 qui
448 1900 677 1957 credunt
704 1902 765 1956 in
794 1901 1022 1955 nomine
1049 1899 1165 1969 ejus
1190 1899 1373 1969 (Joan.
1407 1916 1449 1966 1,
1482 1899 1592 1970 16).

282 1988 283 1991 “
396 2012 426 2040 ‹‹
460 1990 621 2045 Sicut
651 1990 876 2061 sagittae
906 1989 966 2043 in
999 2004 1176 2044 manu
1208 1989 1484 2059 potentis,
1516 1989 1598 2043 ita
1630 1987 1732 2042 filii
1765 2002 1967 2042 excus-

325 2095 547 2135 sorum.
610 2102 633 2130 ι
703 2078 1009 2148 Excussos,
1082 2078 1379 2149 expeditos
1444 2082 1500 2133 et
1554 2078 1843 2133 accinctos
1900 2093 1933 2131 a

325 2167 593 2241 praelium
623 2172 808 2234 vocat,
833 2166 989 2239 quod
1018 2167 1261 2222 verbum
1292 2172 1349 2222 et
1378 2167 1437 2221 in
1468 2167 1663 2222 Esdrae
1691 2166 1855 2221 libris
1881 2166 1976 2220 Se-

327 2256 635 2329 ptuaginta
656 2256 1007 2327 Interpretes
1029 2255 1461 2312 transtulerunt
1496 2256 1569 2328 (II
1593 2255 1749 2312 Esdr.
1781 2272 1837 2326 v,
1863 2255 1972 2324 13).

399 2367 429 2397 ι(
460 2346 673 2402 Beatus
713 2346 803 2401 vir
846 2345 947 2418 qui
994 2343 1258 2417 implevit
1303 2345 1661 2402 desiderium
1701 2360 1877 2401 suum
1908 2360 1977 2399 ex

327 2434 469 2492 illis.
496 2456 525 2487 »
553 2437 658 2491 Pro
678 2435 945 2491 desiderio
968 2434 1026 2489 in
1055 2435 1292 2491 Hebraeo
1332 2436 1651 2506 pharetram
1678 2434 1871 2489 habet.
1905 2433 1978 2487 Ut

326 2524 470 2595 quia
499 2526 755 2596 sagittas
792 2524 1153 2597 praemiserat
1198 2524 1258 2579 in
1307 2524 1805 2597 comparationem
1837 2538 1977 2578 san-

328 2617 578 2683 ctorum,
622 2617 1048 2685 consequenter
1098 2614 1434 2685 pharetram
1490 2613 1723 2685 sagittis
1770 2611 1981 2667 inferat

329 2700 693 2773 explendam.
733 2725 753 2753 ι
790 2702 916 2758 Non
956 2702 1346 2758 confundetur
1388 2718 1520 2758 cum
1569 2701 1839 2773 loquetur
1868 2701 1979 2755 ini-

331 2790 504 2847 micis
543 2790 668 2847 suis
696 2790 757 2846 in
815 2795 1001 2864 porta.
1035 2815 1058 2844 ι
1128 2792 1315 2861 Porta,
1366 2792 1556 2861 janua
1609 2792 1729 2847 sive
1760 2791 1977 2846 ostium

332 2880 458 2952 ipse
489 2883 579 2935 est
610 2880 713 2952 qui
744 2880 859 2935 ait:
898 2882 1009 2949 Ego
1052 2897 1176 2935 sum
1221 2882 1460 2941 ostium;
1510 2896 1609 2952 per
1636 2896 1725 2935 me
1781 2882 1831 2934 si
1858 2880 1982 2951 quis

326 2970 637 3041 introierit,
694 2970 1005 3025 salvabitur
1061 2971 1237 3041 (Joan.
1298 2988 1353 3040 x,
1413 2972 1489 3038 9).
1550 2974 1697 3042 Ergo
1756 2970 1854 3041 qui
1912 2968 1982 3024 de

332 3055 472 3113 ﬁliis
496 3074 875 3114 exeussorum
899 3059 1050 3115 ﬁxus
1071 3059 1130 3113 in
1149 3058 1375 3114 Christo
1395 3062 1504 3126 est,
1526 3075 1643 3115 non
1665 3058 1983 3114 confunde-

338 3152 435 3201 tur
462 3147 523 3202 in
555 3146 649 3201 die
669 3146 880 3217 judicii
905 3165 919 3203 :
952 3164 1087 3203 cum
1109 3148 1540 3219 exprobraverit
1563 3146 1815 3202 inimicis
1839 3146 1985 3219 legis

341 3234 440 3289 Dei
469 3234 924 3291 inobedientiam
976 3239 1034 3290 et
1090 3235 1553 3307 perversitatem,
1604 3235 1691 3291 vel
1750 3252 1984 3291 omnem

341 3322 627 3379 malitiam
670 3323 953 3395 ipsorum.

845 3492 1178 3549 PSALMUS
1216 3493 1478 3549 CXXVII.

342 3604 632 3660 Canticum
660 3599 961 3671 graduum.
1011 3601 1124 3655 Iste
1170 3600 1438 3671 psalmus
1490 3599 1549 3654 in
1598 3615 1751 3671 nono
1782 3614 1984 3653 ascen-

410 3674 595 3731 sionis
624 3670 834 3745 gradu,
863 3671 959 3745 vel,
988 3670 1237 3745 cantico,
1280 3672 1557 3745 timorem
1588 3670 1985 3727 dilectionem-

411 3762 524 3818 que
554 3743 917 3801 Dominicam
948 3743 1231 3814 insinuat,
1262 3743 1461 3800 dicens
1488 3760 1501 3799 :

411 3922 435 3951 (ι
474 3900 633 3956 Beati
663 3915 865 3955 omnes
898 3897 1000 3970 qui
1029 3897 1238 3953 timent
1278 3896 1614 3965 Dominum,
1647 3894 1747 3967 qui
1779 3895 1983 3950 ambu-

341 3988 464 4044 lant
496 3989 555 4043 in
586 3988 691 4044 viis
726 3989 873 4059 ejus.
910 4009 937 4036 »
982 3986 1087 4051 Qui
1138 4003 1273 4041 cum
1329 3985 1536 4041 timore
1575 3985 1892 4056 jungentes
1924 3996 1986 4038 se

342 4078 440 4133 Dei
472 4075 791 4146 dilectioni,
842 4078 1179 4130 exercentur
1234 4074 1292 4128 in
1348 4073 1441 4129 his
1499 4090 1627 4145 quae
1671 4071 1984 4145 prophetae,

341 4165 611 4238 apostoli,
645 4162 1011 4236 evangelista:
1051 4162 1530 4235 praedicaverunt.

419 4278 441 4307 α
477 4254 731 4309 Labores
757 4253 1055 4307 fructuum
1077 4256 1311 4309 tuorum
1331 4252 1714 4307 manducabis
1739 4269 1752 4308 :
1775 4252 1985 4307 beatus

343 4359 424 4415 es,
459 4347 515 4398 et
548 4342 693 4398 bene
722 4341 831 4397 tibi
856 4341 986 4396 erit.
1013 4363 1041 4390 n
1070 4341 1321 4397 Labores
1343 4341 1638 4397 fructuum
1664 4345 1821 4409 sunt,
1850 4356 1985 4397 cum

343 4433 518 4489 homo
550 4435 848 4488 exercetur
873 4430 934 4485 in
966 4432 1209 4495 mundo,
1260 4435 1326 4485 ut
1371 4432 1443 4486 ad
1494 4430 1833 4486 aeternitatis
1864 4431 1983 4485 fru-

343 4526 502 4578 ctum
543 4519 729 4594 possit
759 4519 1048 4576 accedere.
1084 4518 1227 4573 Nam
1279 4517 1568 4575 laboriose
1616 4535 1719 4591 per
1747 4519 1853 4574 has
1883 4518 1986 4573 Dei

340 4610 466 4667 vias
498 4610 806 4678 inceditur,
842 4608 993 4665 sicut
1024 4608 1149 4680 ipse
1198 4607 1317 4663 ait:
1368 4610 1530 4665 Arcta
1575 4612 1626 4664 et
1671 4623 1989 4665 aerumnosa

340 4701 435 4756 via
464 4702 544 4755 est
600 4714 726 4770 quae
778 4698 929 4755 ducit
984 4698 1053 4753 ad
1109 4698 1286 4753 vitam
1340 4697 1555 4766 (Matth.
1590 4715 1689 4765 v11,
1725 4699 1833 4769 14).
1874 4698 1987 4754 Sed

1476 520 1971 585 BREVIABIUM
2017 523 2095 584 IN
2138 525 2525 587 PSALMOS.

397 673 420 704 ι
452 654 600 710 Cum
653 650 877 708 dederit
929 650 1158 709 dilectis
1215 652 1339 709 suis
1396 669 1695 710 somnum.
1726 673 1752 706 ι)
1789 654 1965 718 Quasi
1994 660 2050 726 Α

3572 524 3599 592 1
3611 528 3726 593 286

2154 679 2181 706 α
2214 658 2357 713 Ecce
2388 657 2472 713 sic
2503 656 2880 713 benedicatur
2934 657 3131 728 homo,
3190 659 3291 731 qui
3345 660 3513 717 timet
3535 664 3727 719 Domi-

2080 759 2242 799 num.
2274 765 2301 794 »
2334 744 2435 799 His
2467 744 2671 815 utique
2700 744 3086 817 locupletatur
3114 746 3353 806 divitiis.

2155 854 2182 884 «
2209 832 2517 888 Benedicat
2570 838 2627 888 te
2688 834 2967 890 Dominus
3022 851 3090 890 ex
3136 836 3292 892 Sion.
3328 859 3355 887 »
3394 838 3500 902 Qui
3532 839 3592 896 in
3624 847 3726 899 Ec-

2079 920 2258 977 clesia
2282 926 2503 994 regnat.
2539 944 2566 971 «
2600 922 2669 977 Et
2699 921 2895 979 videas
2918 941 3043 995 quae
3067 925 3220 981 bona
3239 931 3377 982 sunt
3395 928 3721 987 Jerusalem

2078 1010 2354 1066 omnibus
2383 1010 2591 1066 diebus
2620 1012 2746 1067 vitae
2774 1016 2909 1068 tuae.
2949 1036 2977 1062 »
3029 1016 3091 1068 In
3131 1014 3233 1071 illa
3262 1016 3480 1073 caelesti
3514 1031 3721 1089 matre,

2077 1099 2147 1153 de
2179 1115 2297 1170 qua
2323 1099 2381 1153 in
2433 1099 2563 1155 aliis
2610 1102 2988 1171 exposuimus
3037 1103 3318 1175 psalmis:
3358 1107 3415 1162 in
3451 1124 3568 1179 qua
3593 1110 3721 1166 vitae

2076 1192 2370 1259 perpetuae
2402 1188 2555 1244 bona
2582 1188 2761 1245 visuri
2794 1195 2932 1246 sunt
2961 1192 3164 1248 sancti.
3653 1232 3661 1239 .

2156 1300 2176 1325 α
2211 1277 2280 1331 Et
2306 1276 2506 1333 videas
2536 1276 2691 1333 filios
2722 1278 2979 1335 ﬁliorum
3009 1284 3268 1339 tuorum.
3303 1305 3332 1334 »
3365 1284 3720 1346 Retributio-

2079 1381 2213 1420 nem
2267 1370 2571 1438 captantes
2619 1383 2859 1438 operum
2907 1368 3214 1426 bonorum.
3250 1394 3277 1421 ‹‹
3312 1375 3519 1431 Pacem
3549 1393 3727 1449 super

2081 1453 2279 1510 Israel.
2318 1476 2338 1503 ι
2375 1454 2490 1511 Pax
2520 1460 2739 1522 nostra,
2770 1456 2944 1513 Jesus
2982 1458 3265 1528 Christus,
3291 1462 3516 1534 jugiter
3546 1482 3725 1539 super

2080 1548 2334 1599 mentem
2368 1560 2430 1600 se
2460 1543 2751 1601 videntem
2783 1547 3046 1618 aspiciat.

2573 1732 2892 1788 PSAIMUS
2940 1734 3223 1792 CXXVIII.

2079 1820 2360 1876 Canticum
2390 1820 2683 1889 graduum.
2741 1823 2855 1878 Iste
2912 1823 3175 1948 qsalmus
3232 1827 3526 1885 decimum
3560 1832 3728 1888 nobis

2150 1893 2364 1948 nrofert
2392 1892 2479 1947 vel
2508 1893 2825 1948 canticum.
2857 1911 2921 1948 ve
2973 1912 3303 1948 ascensum-
3339 1900 3461 1948 aui-
3494 1917 3558 1948 ex
3579 1920 3715 1948 νηηρ

2150 1892 2479 1970 profertvel
2508 1893 2825 1970 canticum,
2857 1892 2942 1970 vel
2973 1912 3305 1970 ascensum,
3339 1900 3461 1970 qui,
3494 1917 3561 1957 ex
3579 1920 3715 1959 voce

2147 1964 2488 2035 prophetica
2516 1964 2823 2031 inchoans,
2854 1967 3036 2027 .docet
3065 1964 3426 2026 incessanter
3445 1964 3726 2030 resistere

1935 2035 1972 2130 ἃ
1998 2037 2047 2103 Β
2147 2035 2425 2106 nequitiis
2454 2035 2961 2108 impugnantibus,
2994 2055 3065 2094 ne
3095 2056 3202 2095 nos
3231 2049 3584 2114 expugnent.

2159 2225 2186 2253 ‹‹
2217 2207 2377 2275 Saepe
2421 2209 2896 2276 expugnaverunt
2953 2223 3045 2262 me
3098 2225 3131 2264 a
3175 2209 3483 2280 juventute
3512 2229 3663 2271 mea.
3698 2236 3726 2264 »

2086 2291 2235 2347 Dicit
2265 2308 2327 2348 se
2356 2293 2691 2364 impugnari
2723 2294 2795 2349 ab
2849 2295 3017 2351 initio
3065 2297 3251 2355 aetatis
3297 2316 3415 2356 suae
3465 2300 3729 2373 vir'iste;

2085 2382 2185 2437 sed
2232 2398 2265 2436 a
2320 2381 2538 2452 quibus
2590 2382 2991 2455 impugnetur,
3048 2384 3216 2442 silet:
3278 2392 3343 2444 ut
3370 2388 3733 2463 intelligatur

2086 2469 2226 2543 quia
2255 2486 2452 2543 pugna
2481 2488 2516 2526 a
2545 2470 2777 2527 diabolo
2815 2473 3090 2530 mittitur.
3124 2475 3344 2534 Poteris
3372 2477 3463 2535 vel
3495 2480 3567 2535 de
3596 2497 3729 2554 pro-

2084 2559 2320 2615 batione
2344 2559 2476 2624 Job,
2508 2560 2596 2615 vel
2628 2560 2698 2615 de
2729 2561 3042 2619 traditione
3087 2564 3297 2621 Christi
3342 2584 3378 2622 a
3406 2568 3562 2625 Juda
3591 2569 3730 2625 faci-

2087 2646 2204 2703 lius
2234 2647 2343 2703 hoc
2368 2648 2686 2704 advertere.

2165 2761 2185 2786 α
2218 2736 2382 2792 Dicat
2412 2753 2567 2792 nunc
2616 2737 2813 2810 Israel,
2860 2740 3021 2812 Saepe
3069 2749 3548 2816 expugnaverunt
3578 2763 3671 2803 me
3701 2763 3737 2804 a

2082 2826 2394 2896 juventute
2424 2842 2574 2897 mea,
2607 2827 2822 2883 etenim
2855 2845 2970 2884 non
3003 2835 3321 2901 potuerunt
3341 2832 3504 2889 mihi.
3530 2856 3559 2884 »
3590 2839 3737 2908 Ergo

2091 2914 2191 2986 qui
2226 2914 2400 2970 Israel
2431 2920 2539 2989 est,
2571 2914 2670 2970 ille
2701 2921 2891 2988 potest
2929 2918 3139 2992 dicere,
3189 2921 3328 2993 quia
3358 2922 3740 2996 impugnatur

2092 3004 2368 3060 omnibus
2427 3005 2633 3059 diebus
2702 3006 2830 3061 vitaz
2900 3025 3039 3063 suae.
3123 3010 3229 3065 Sed
3306 3027 3420 3067 non
3477 3012 3527 3068 ei
3587 3030 3738 3085 prce-

2093 3092 2243 3149 valet
2271 3093 2394 3149 haec
2424 3088 2639 3165 pugna,
2674 3094 2813 3167 quia
2840 3096 3126 3154 Dominus
3156 3104 3381 3172 pugnat
3408 3117 3511 3173 pro
3542 3119 3628 3158 eo.

2170 3202 2197 3233 α
2226 3182 2417 3254 Supra
2446 3183 2687 3238 dorsum
2710 3201 2907 3240 meum
2930 3186 3359 3244 fabricaverunt
3383 3195 3737 3261 peccatores,

2094 3269 2584 3342 prolongaverunt
2604 3271 2973 3343 iniquitatem
2995 3274 3127 3330 sibi.
3152 3299 3175 3329 ι
3205 3277 3437 3349 Jugiter
3455 3279 3528 3335 ad
3554 3284 3737 3338 Deum

2095 3358 2350 3414 currenti
2380 3363 2437 3414 et
2465 3360 2538 3414 ad
2567 3359 2852 3431 ampliora
2877 3363 3135 3419 tendenti
3175 3364 3537 3422 fabricantur
3564 3384 3599 3423 a
3623 3372 3736 3424 ter-

2096 3464 2168 3520 go
2194 3446 2586 3519 nequitiarum
2620 3448 2923 3517 machinae,
2966 3452 3105 3522 quia
3151 3452 3210 3507 in
3261 3458 3497 3526 aspectu
3527 3455 3739 3529 exponi

2096 3552 2209 3591 non
2244 3539 2505 3607 possunt.
2538 3536 2643 3591 Sed
2674 3552 2808 3593 cum
2840 3539 2911 3593 ad
2942 3540 3210 3597 eti‘ectum
3235 3559 3349 3598 non
3371 3544 3737 3616 perveniunt,
3830 3602 3833 3609 ,

2095 3624 2207 3679 sibi
2236 3624 2347 3696 ipsi
2397 3624 2783 3698 prolongant:
2834 3628 2907 3683 ob
2957 3628 3015 3685 id
3068 3630 3404 3701 invidendo,
3436 3637 3737 3706 peccatum

2095 3713 2495 3787 ultionemque
2524 3715 2781 3771 divinam
2840 3716 2898 3773 in
2955 3735 3018 3775 se
3074 3725 3406 3792 provocant.
3464 3722 3743 3795 Sequitur

2094 3821 2251 3861 801m
2279 3820 2293 3859 ἶ

2169 3914 2196 3946 α
2225 3894 2722 3969 Dominusjustus
2741 3898 3009 3956 concidet
3027 3902 3275 3956 cervices
3292 3904 3681 3973 peccatorum.
3711 3924 3742 3954 »

2095 3988 2205 4040 Pro
2234 3984 2535 4041 cervicibus
2566 3985 2624 4040 in
2673 3986 2911 4042 Hebraeo
2958 3988 3134 4043 habet
3176 3989 3418 4058 vincula,
3471 3990 3556 4046 vel
3586 3995 3739 4048 cate-

2094 4089 2214 4141 nas,
2248 4078 2314 4129 ut
2340 4074 2418 4129 sit
2446 4090 2694 4130 sensus:
2728 4074 2817 4129 Illi
2875 4074 2975 4146 qui
3007 4092 3100 4132 me
3160 4076 3284 4134 suis
3338 4078 3572 4135 insidiis
3601 4079 3739 4136 hinc

2094 4163 2229 4218 inde
2278 4162 2654 4231 vallaverant,
2714 4163 2890 4219 etiam
2950 4163 3208 4221 vinctum
3266 4168 3580 4236 tenebant;
3612 4169 3735 4240 sed,

2096 4251 2411 4308 auxiliante
2442 4251 2707 4320 Domino,
2740 4268 2944 4310 omnes
2982 4269 3165 4310 nexus
3195 4255 3371 4312 soluti
3401 4261 3558 4313 sunt.

2168 4364 2196 4391 ‹‹
2229 4341 2679 4397 Confundantur
2707 4346 2764 4397 et
2809 4348 3223 4400 convertantur
3260 4350 3582 4403 retrorsum
3613 4363 3739 4403 om-

2095 4448 2199 4487 nes
2226 4431 2325 4503 qui
2356 4431 2607 4487 oderunt
2645 4431 2804 4487 Sion.
2833 4454 2861 4484 »
2921 4433 3260 4501 Ecclesiam,
3318 4451 3445 4506 quae
3496 4440 3584 4492 est
3612 4452 3738 4492 cor-

2096 4537 2207 4592 pus
2238 4519 2475 4587 Christi,
2510 4520 2679 4591 cujus
2709 4537 2817 4577 nos
2848 4523 3113 4578 membra
3150 4540 3379 4580 sumus.

2170 4632 2198 4659 ‹‹
2230 4609 2400 4664 Fiant
2445 4608 2597 4665 sicut
2644 4609 2842 4665 fenum
2890 4610 3301 4669 aedificiorum:
3353 4615 3508 4687 quod
3540 4615 3738 4688 prius-

2096 4714 2274 4770 quam
2306 4696 2604 4765 evellatur,
2665 4698 2891 4757 arescit.
2932 4722 2953 4750 ιι
3014 4704 3142 4757 Non
3202 4702 3321 4759 haec
3378 4703 3451 4760 de
3478 4704 3737 4762 aediﬁciis

343 4789 438 4846 hic
468 4788 633 4846 labor
681 4788 912 4845 aeternis
964 4787 1250 4843 fructibus
1301 4787 1674 4859 adimpletur,
1725 4803 1859 4842 cum
1890 4787 1989 4842 ho-
2019 4773 2067 4840 Ι)
2097 4787 2157 4842 in
2190 4791 2353 4859 petra
2377 4785 2581 4842 locatis
2604 4786 2899 4860 dicuntur,
2932 4789 3033 4846 sed
3066 4791 3159 4847 his
3208 4808 3335 4865 quae
3365 4794 3535 4866 quasi
3565 4793 3738 4851 citius

343 4896 440 4936 mo
470 4895 619 4953 pane
647 4878 746 4934 illo
778 4877 996 4934 caelesti
1027 4875 1435 4948 locupletatur.
1485 4880 1605 4932 Hoc
1647 4877 1804 4933 enim
1835 4877 1988 4933 desi-

343 4969 504 5025 derio
534 4971 592 5023 et
632 4965 730 5023 ille
771 4966 1295 5039 compungebatur,
1342 4964 1444 5037 qui
1490 4965 1752 5022 dicebat:
1788 4968 1991 5023 Beatus

344 5059 444 5129 qui
470 5057 885 5113 manducauerit
913 5071 1115 5127 panem
1144 5056 1208 5110 in
1236 5069 1403 5123 regno
1448 5055 1550 5111 Dei
1575 5052 1710 5124 (Luc
1734 5073 1846 5127 xxv,
1878 5056 1987 5127 15).

419 5151 631 5204 «Uxor
676 5150 777 5202 tua
833 5145 985 5202 sicut
1038 5144 1174 5200 vitis
1229 5144 1557 5213 abundans,
1617 5144 1676 5199 in
1708 5144 1989 5203 lateribus

345 5239 557 5294 domus
587 5241 719 5293 tute.
757 5257 780 5287 ι
811 5235 984 5303 Uxor,
1008 5236 1176 5306 juxta
1194 5232 1559 5289 Salomonem
1585 5234 1764 5305 (Prov.
1786 5252 1887 5302 vn,
1912 5236 1985 5308 4).

345 5327 634 5400 sapientia
654 5326 959 5398 accipitur,
983 5341 1109 5396 quae
1149 5324 1209 5378 in
1233 5322 1440 5378 animze
1463 5324 1793 5379 emundatze
1817 5326 1989 5381 domo

343 5421 629 5489 tanquam
661 5415 923 5488 speciosa
952 5413 1086 5469 vitis
1118 5413 1391 5483 adducta,
1440 5413 1499 5467 in
1539 5411 1820 5469 lateribus
1851 5431 1991 5487 ope-

343 5518 476 5579 rum
508 5509 841 5562 nostrorum
883 5502 1235 5559 extenditur.

421 5617 443 5643 α
482 5593 608 5649 Filii
640 5594 727 5649 tui
786 5593 938 5650 sicut
994 5589 1228 5647 novellis
1287 5590 1590 5660 olivarum,
1651 5592 1709 5647 in
1741 5592 1988 5649 circuitu

344 5698 560 5739 mensae
588 5687 723 5739 tuae.
755 5706 783 5734 »
814 5687 997 5739 Actus
1025 5682 1309 5737 bonorum
1345 5681 1403 5736 in
1436 5680 1678 5738 circuitu
1710 5683 1987 5739 doctrina:

334 5770 597 5829 scelestis
620 5772 1125 5846 assistentes,cum
1148 5770 1503 5845 pinguedine
1532 5771 1692 5844 pacis
1712 5775 1768 5829 et
1787 5772 1989 5830 obum-

343 5859 607 5927 bratione
635 5859 886 5919 virtutis.

2099 4876 2327 4933 ruitura
2363 4893 2539 4948 super
2585 4893 2824 4934 arenam
2869 4884 3205 4953 ponuntur:
3255 4884 3411 4955 quod
3462 4884 3534 4940 ad
3565 4900 3741 4957 opera

2100 4965 2290 5022 carnis
2321 4965 2595 5037 respicit:
2629 4966 2689 5022 in
2719 4968 2936 5039 quibus
2966 4988 3080 5027 non
3132 4971 3305 5027 modo
3352 4971 3581 5027 nullum
3612 4988 3740 5045 gra-

2099 5070 2238 5109 num
2273 5053 2553 5112 bonitatis
2599 5056 2910 5127 invenitur,
2958 5075 3160 5115 verum
3204 5059 3378 5115 etiam
3423 5064 3738 5132 antequam

2099 5144 2170 5199 ad
2202 5143 2627 5201 incrementum
2660 5145 2891 5220 aliquod
2922 5148 3175 5215 veniant,
3209 5147 3591 5206 exsiccantur.

2177 5254 2198 5283 α
2230 5234 2312 5289 De
2340 5251 2455 5306 quo
2485 5251 2598 5290 non
2632 5234 2890 5307 implevit
2908 5253 3147 5292 manum
3171 5254 3338 5294 suam
3361 5239 3458 5310 qui
3480 5244 3676 5297 metet.
3705 5262 3735 5292 »

2098 5325 2206 5393 Qui
2248 5324 2687 5380 retributionem
2744 5324 2981 5397 dignam
3038 5327 3228 5399 operis
3283 5328 3376 5383 sui
3408 5329 3736 5385 mercedem

2101 5432 2214 5470 non
2247 5413 2477 5485 recepit.
2513 5435 2540 5461 «
2566 5412 2683 5470 Nec
2701 5412 2896 5469 sinum
2922 5431 3094 5470 suum
3136 5414 3235 5487 qui
3259 5415 3591 5490 manipulos
3614 5418 3737 5474 col-

2098 5501 2258 5576 liget.
2294 5523 2323 5552 »
2355 5500 2461 5567 Qui
2492 5517 2593 5572 per
2640 5502 3010 5559 conscientiae
3056 5504 3392 5578 puritatem,
3441 5510 3498 5562 et
3543 5506 3593 5563 si
3624 5508 3733 5563 mi-

2100 5608 2210 5646 nus
2268 5590 2461 5657 habet,
2519 5588 2880 5648 voluntatem
2934 5596 3130 5649 tamen
3188 5594 3403 5651 bonam
3446 5595 3734 5654 adhibuit.

2099 5680 2347 5752 Ideoque
2378 5696 2412 5734 a
2441 5683 2574 5748 Deo,
2610 5683 2893 5751 tanquam
2924 5681 2971 5737 si
3003 5680 3252 5738 multum
3301 5683 3579 5753 dedisset,
3612 5703 3734 5743 ma-

2097 5769 2332 5842 nipulos
2378 5767 2574 5838 refert,
2633 5769 2786 5828 sicut
2836 5770 3010 5830 vidua
3075 5771 3148 5829 de
3202 5772 3433 5832 duobus
3489 5756 3738 5843 minutis

2096 5857 2401 5939 (Harman,
2432 5858 2639 5934 42-44).
