  <div class='ocr_page' id='page_1' title='image "/cluster/home/n/w/nwhite01/storage/ocr_20150623/26/umn.31951002477320a/643.png"; bbox 0 0 4244 6600; ppageno 0'>
   <div class='ocr_carea' id='block_1_1' title="bbox 546 513 704 577">
    <p class='ocr_par' dir='ltr' id='par_1_1' title="bbox 546 513 704 577">
     <span class='ocr_line' id='line_1_1' title="bbox 546 513 704 577; baseline -0.019 0"><span class='ocrx_word' id='word_1_1' title='bbox 546 517 574 577; x_wconf 71' lang='lat'>!</span> <span class='ocrx_word' id='word_1_2' title='bbox 585 513 704 576; x_wconf 69' lang='lat'>387</span> 
     </span>
    </p>
   </div>
   <div class='ocr_carea' id='block_1_2' title="bbox 2041 491 2463 558">
    <p class='ocr_par' dir='ltr' id='par_1_2' title="bbox 2041 491 2463 558">
     <span class='ocr_line' id='line_1_2' title="bbox 2041 491 2463 558; baseline -0.019 0"><span class='ocrx_word' id='word_1_3' title='bbox 2041 491 2463 558; x_wconf 83' lang='lat' dir='ltr'>APPENDIX.</span> 
     </span>
    </p>
   </div>
   <div class='ocr_carea' id='block_1_3' title="bbox 3799 485 3960 564">
    <p class='ocr_par' dir='ltr' id='par_1_3' title="bbox 3799 485 3960 564">
     <span class='ocr_line' id='line_1_3' title="bbox 3799 485 3960 564; baseline -0.006 1"><span class='ocrx_word' id='word_1_4' title='bbox 3799 485 3960 564; x_wconf 65' lang='grc'>1288</span> 
     </span>
    </p>
   </div>
   <div class='ocr_carea' id='block_1_4' title="bbox 619 615 3960 713">
    <p class='ocr_par' dir='ltr' id='par_1_4' title="bbox 619 615 3960 713">
     <span class='ocr_line' id='line_1_4' title="bbox 619 615 3960 713; baseline -0.008 -15"><span class='ocrx_word' id='word_1_5' title='bbox 619 670 649 698; x_wconf 87' lang='grc'>‹‹</span> <span class='ocrx_word' id='word_1_6' title='bbox 682 645 751 702; x_wconf 91' lang='lat' dir='ltr'>Et</span> <span class='ocrx_word' id='word_1_7' title='bbox 781 661 894 702; x_wconf 92' lang='lat' dir='ltr'>non</span> <span class='ocrx_word' id='word_1_8' title='bbox 940 643 1213 700; x_wconf 64' lang='lat' dir='ltr'>diierunt</span> <span class='ocrx_word' id='word_1_9' title='bbox 1263 639 1362 713; x_wconf 87' lang='lat' dir='ltr'>qui</span> <span class='ocrx_word' id='word_1_10' title='bbox 1420 635 1830 712; x_wconf 71' lang='lat' dir='ltr'>praeteribant:</span> <span class='ocrx_word' id='word_1_11' title='bbox 1864 628 2193 690; x_wconf 81' lang='lat' dir='ltr'>Benedictio</span> <span class='ocrx_word' id='word_1_12' title='bbox 2222 629 2273 696; x_wconf 82' lang='grc' dir='ltr'>Α</span> <span class='ocrx_word' id='word_1_13' title='bbox 2305 625 2461 681; x_wconf 86' lang='lat' dir='ltr'>libus</span> <span class='ocrx_word' id='word_1_14' title='bbox 2491 623 2610 713; x_wconf 86' lang='lat' dir='ltr'>tuis</span> <span class='ocrx_word' id='word_1_15' title='bbox 2641 637 2816 713; x_wconf 78' lang='lat' dir='ltr'>super</span> <span class='ocrx_word' id='word_1_16' title='bbox 2846 636 3022 713; x_wconf 65' lang='lat' dir='ltr'>me._»</span> <span class='ocrx_word' id='word_1_17' title='bbox 3055 619 3192 713; x_wconf 63' lang='lat' dir='ltr'>Qua)</span> <span class='ocrx_word' id='word_1_18' title='bbox 3221 631 3434 690; x_wconf 80' lang='lat' dir='ltr'>magna</span> <span class='ocrx_word' id='word_1_19' title='bbox 3475 615 3771 713; x_wconf 78' lang='lat' dir='ltr'>mirabilia</span> <span class='ocrx_word' id='word_1_20' title='bbox 3797 615 3960 682; x_wconf 83' lang='lat' dir='ltr'>vide-</span> 
     </span>
    </p>
   </div>
   <div class='ocr_carea' id='block_1_5' title="bbox 551 717 2202 806">
    <p class='ocr_par' dir='ltr' id='par_1_5' title="bbox 551 717 2202 806">
     <span class='ocr_line' id='line_1_5' title="bbox 551 717 2202 806; baseline -0.012 -13"><span class='ocrx_word' id='word_1_21' title='bbox 551 734 779 793; x_wconf 91' lang='lat' dir='ltr'>Domini</span> <span class='ocrx_word' id='word_1_22' title='bbox 813 749 991 806; x_wconf 82' lang='lat' dir='ltr'>super</span> <span class='ocrx_word' id='word_1_23' title='bbox 1016 749 1140 796; x_wconf 89' lang='lat' dir='ltr'>vos.</span> <span class='ocrx_word' id='word_1_24' title='bbox 1176 753 1204 782; x_wconf 85' lang='lat'>»</span> <span class='ocrx_word' id='word_1_25' title='bbox 1247 730 1373 786; x_wconf 87' lang='lat' dir='ltr'>Non</span> <span class='ocrx_word' id='word_1_26' title='bbox 1419 743 1518 784; x_wconf 86' lang='lat' dir='ltr'>eos</span> <span class='ocrx_word' id='word_1_27' title='bbox 1564 724 1986 782; x_wconf 84' lang='lat' dir='ltr'>benedixerunt</span> <span class='ocrx_word' id='word_1_28' title='bbox 2014 717 2202 775; x_wconf 78' lang='lat' dir='ltr'>sancti</span> 
     </span>
    </p>
   </div>
   <div class='ocr_carea' id='block_1_6' title="bbox 550 813 2201 896">
    <p class='ocr_par' dir='ltr' id='par_1_6' title="bbox 550 813 2201 896">
     <span class='ocr_line' id='line_1_6' title="bbox 550 813 2201 896; baseline -0.013 -13"><span class='ocrx_word' id='word_1_29' title='bbox 550 826 651 888; x_wconf 85' lang='lat' dir='ltr'>Dei</span> <span class='ocrx_word' id='word_1_30' title='bbox 682 841 697 888; x_wconf 83' lang='lat'><strong>;</strong></span> <span class='ocrx_word' id='word_1_31' title='bbox 733 823 831 896; x_wconf 87' lang='lat' dir='ltr'>qui</span> <span class='ocrx_word' id='word_1_32' title='bbox 865 839 968 896; x_wconf 90' lang='lat' dir='ltr'>pro</span> <span class='ocrx_word' id='word_1_33' title='bbox 999 819 1181 877; x_wconf 87' lang='lat' dir='ltr'>nihilo</span> <span class='ocrx_word' id='word_1_34' title='bbox 1213 818 1497 876; x_wconf 81' lang='lat' dir='ltr'>habentes</span> <span class='ocrx_word' id='word_1_35' title='bbox 1523 815 1682 870; x_wconf 90' lang='lat' dir='ltr'>hunc</span> <span class='ocrx_word' id='word_1_36' title='bbox 1724 813 2035 880; x_wconf 90' lang='lat' dir='ltr'>mundum,</span> <span class='ocrx_word' id='word_1_37' title='bbox 2066 825 2201 880; x_wconf 91' lang='lat' dir='ltr'>per-</span> 
     </span>
    </p>
   </div>
   <div class='ocr_carea' id='block_1_7' title="bbox 549 899 2202 972">
    <p class='ocr_par' dir='ltr' id='par_1_7' title="bbox 549 899 2202 972">
     <span class='ocr_line' id='line_1_7' title="bbox 549 899 2202 972; baseline -0.013 1"><span class='ocrx_word' id='word_1_38' title='bbox 549 913 915 972; x_wconf 90' lang='lat' dir='ltr'>transierunt</span> <span class='ocrx_word' id='word_1_39' title='bbox 943 911 1016 968; x_wconf 89' lang='lat' dir='ltr'>ad</span> <span class='ocrx_word' id='word_1_40' title='bbox 1053 907 1310 966; x_wconf 87' lang='lat' dir='ltr'>ccelestia</span> <span class='ocrx_word' id='word_1_41' title='bbox 1362 911 1418 962; x_wconf 86' lang='lat' dir='ltr'>et</span> <span class='ocrx_word' id='word_1_42' title='bbox 1465 909 1696 960; x_wconf 65' lang='lat' dir='ltr'>aeterna.</span> <span class='ocrx_word' id='word_1_43' title='bbox 1730 923 1758 953; x_wconf 82' lang='lat'><strong>«</strong></span> <span class='ocrx_word' id='word_1_44' title='bbox 1791 899 2202 956; x_wconf 85' lang='lat' dir='ltr'>Benediximus</span> 
     </span>
    </p>
   </div>
   <div class='ocr_carea' id='block_1_8' title="bbox 549 985 2200 1063">
    <p class='ocr_par' dir='ltr' id='par_1_8' title="bbox 549 985 2200 1063">
     <span class='ocr_line' id='line_1_8' title="bbox 549 985 2200 1063; baseline -0.012 -5"><span class='ocrx_word' id='word_1_45' title='bbox 549 1003 720 1060; x_wconf 87' lang='lat' dir='ltr'>vobis</span> <span class='ocrx_word' id='word_1_46' title='bbox 751 1002 811 1057; x_wconf 87' lang='lat' dir='ltr'>in</span> <span class='ocrx_word' id='word_1_47' title='bbox 843 998 1084 1056; x_wconf 87' lang='lat' dir='ltr'>nomine</span> <span class='ocrx_word' id='word_1_48' title='bbox 1115 995 1367 1052; x_wconf 87' lang='lat' dir='ltr'>Domini.</span> <span class='ocrx_word' id='word_1_49' title='bbox 1394 1018 1416 1047; x_wconf 75' lang='grc' dir='ltr'><strong><em>ι</em></strong></span> <span class='ocrx_word' id='word_1_50' title='bbox 1454 993 1549 1063; x_wconf 88' lang='lat' dir='ltr'>Ut,</span> <span class='ocrx_word' id='word_1_51' title='bbox 1581 990 1797 1047; x_wconf 79' lang='lat' dir='ltr'>relictis</span> <span class='ocrx_word' id='word_1_52' title='bbox 1820 985 2200 1044; x_wconf 80' lang='lat' dir='ltr'>infructuosis</span> 
     </span>
    </p>
   </div>
   <div class='ocr_carea' id='block_1_9' title="bbox 551 1082 2200 1162">
    <p class='ocr_par' dir='ltr' id='par_1_9' title="bbox 551 1082 2200 1162">
     <span class='ocr_line' id='line_1_9' title="bbox 551 1082 2200 1162; baseline -0.012 -14"><span class='ocrx_word' id='word_1_53' title='bbox 551 1091 851 1162; x_wconf 88' lang='lat' dir='ltr'>aridisque</span> <span class='ocrx_word' id='word_1_54' title='bbox 882 1087 1176 1161; x_wconf 84' lang='lat' dir='ltr'>operibus,</span> <span class='ocrx_word' id='word_1_55' title='bbox 1210 1101 1275 1140; x_wconf 90' lang='lat' dir='ltr'>ea</span> <span class='ocrx_word' id='word_1_56' title='bbox 1327 1082 1555 1149; x_wconf 89' lang='lat' dir='ltr'>seratis,</span> <span class='ocrx_word' id='word_1_57' title='bbox 1606 1097 1736 1152; x_wconf 61' lang='lat' dir='ltr'>qua;</span> <span class='ocrx_word' id='word_1_58' title='bbox 1783 1083 1840 1134; x_wconf 91' lang='lat' dir='ltr'>et</span> <span class='ocrx_word' id='word_1_59' title='bbox 1871 1089 2200 1134; x_wconf 81' lang='lat' dir='ltr'>messorum</span> 
     </span>
    </p>
   </div>
   <div class='ocr_carea' id='block_1_10' title="bbox 554 1164 2202 1249">
    <p class='ocr_par' dir='ltr' id='par_1_10' title="bbox 554 1164 2202 1249">
     <span class='ocr_line' id='line_1_10' title="bbox 554 1164 2202 1249; baseline -0.012 -11"><span class='ocrx_word' id='word_1_60' title='bbox 554 1196 822 1247; x_wconf 89' lang='lat' dir='ltr'>manum,</span> <span class='ocrx_word' id='word_1_61' title='bbox 847 1182 903 1234; x_wconf 91' lang='lat' dir='ltr'>et</span> <span class='ocrx_word' id='word_1_62' title='bbox 923 1175 1322 1249; x_wconf 87' lang='lat' dir='ltr'>colligentium</span> <span class='ocrx_word' id='word_1_63' title='bbox 1347 1168 1677 1243; x_wconf 83' lang='lat' dir='ltr'>manipulos</span> <span class='ocrx_word' id='word_1_64' title='bbox 1698 1167 1960 1240; x_wconf 88' lang='lat' dir='ltr'>repleant</span> <span class='ocrx_word' id='word_1_65' title='bbox 1983 1164 2202 1221; x_wconf 91' lang='lat' dir='ltr'>sinum.</span> 
     </span>
    </p>
   </div>
   <div class='ocr_carea' id='block_1_11' title="bbox 1071 1284 1678 1346">
    <p class='ocr_par' dir='ltr' id='par_1_11' title="bbox 1071 1284 1678 1346">
     <span class='ocr_line' id='line_1_11' title="bbox 1071 1284 1678 1346; baseline -0.012 0"><span class='ocrx_word' id='word_1_66' title='bbox 1071 1288 1400 1346; x_wconf 84' lang='lat' dir='ltr'>PSALMUS</span> <span class='ocrx_word' id='word_1_67' title='bbox 1445 1284 1678 1342; x_wconf 85' lang='lat' dir='ltr'>CXXIX.</span> 
     </span>
    </p>
   </div>
   <div class='ocr_carea' id='block_1_12' title="bbox 556 1387 2208 1471">
    <p class='ocr_par' dir='ltr' id='par_1_12' title="bbox 556 1387 2208 1471">
     <span class='ocr_line' id='line_1_12' title="bbox 556 1387 2208 1471; baseline -0.012 -11"><span class='ocrx_word' id='word_1_68' title='bbox 556 1402 853 1460; x_wconf 77' lang='lat' dir='ltr'>Canticum</span> <span class='ocrx_word' id='word_1_69' title='bbox 882 1399 1184 1471; x_wconf 53' lang='lat' dir='ltr'>graduum.</span> <span class='ocrx_word' id='word_1_70' title='bbox 1205 1396 1316 1451; x_wconf 87' lang='lat' dir='ltr'>Iste</span> <span class='ocrx_word' id='word_1_71' title='bbox 1351 1393 1617 1471; x_wconf 71' lang='lat' dir='ltr'>psalmus</span> <span class='ocrx_word' id='word_1_72' title='bbox 1640 1389 2017 1471; x_wconf 82' lang='lat' dir='ltr'>undecimum</span> <span class='ocrx_word' id='word_1_73' title='bbox 2038 1387 2208 1468; x_wconf 76' lang='lat' dir='ltr'>nobis</span> 
     </span>
    </p>
   </div>
   <div class='ocr_carea' id='block_1_13' title="bbox 627 1456 2206 1542">
    <p class='ocr_par' dir='ltr' id='par_1_13' title="bbox 627 1456 2206 1542">
     <span class='ocr_line' id='line_1_13' title="bbox 627 1456 2206 1542; baseline -0.011 -12"><span class='ocrx_word' id='word_1_74' title='bbox 627 1456 990 1530; x_wconf 69' lang='lat' dir='ltr'>ascensionis</span> <span class='ocrx_word' id='word_1_75' title='bbox 1049 1467 1297 1542; x_wconf 86' lang='lat' dir='ltr'>gradum</span> <span class='ocrx_word' id='word_1_76' title='bbox 1353 1456 1585 1542; x_wconf 66' lang='lat' dir='ltr'>pandit</span> <span class='ocrx_word' id='word_1_77' title='bbox 1624 1467 1680 1519; x_wconf 88' lang='lat' dir='ltr'>et</span> <span class='ocrx_word' id='word_1_78' title='bbox 1722 1461 2071 1542; x_wconf 73' lang='lat' dir='ltr'>canticum:</span> <span class='ocrx_word' id='word_1_79' title='bbox 2105 1456 2206 1530; x_wconf 90' lang='lat' dir='ltr'>qui</span> 
     </span>
    </p>
   </div>
   <div class='ocr_carea' id='block_1_14' title="bbox 628 1535 2209 1603">
    <p class='ocr_par' dir='ltr' id='par_1_14' title="bbox 628 1535 2209 1603">
     <span class='ocr_line' id='line_1_14' title="bbox 628 1535 2209 1603; baseline -0.01 -2"><span class='ocrx_word' id='word_1_80' title='bbox 628 1543 818 1601; x_wconf 92' lang='lat' dir='ltr'>ﬁdelis</span> <span class='ocrx_word' id='word_1_81' title='bbox 843 1535 1458 1598; x_wconf 54' lang='lat' dir='ltr'>animae&#39;conatum&#39;ad</span> <span class='ocrx_word' id='word_1_82' title='bbox 1487 1535 1694 1592; x_wconf 89' lang='lat' dir='ltr'>altiora</span> <span class='ocrx_word' id='word_1_83' title='bbox 1716 1535 2051 1590; x_wconf 81' lang='lat' dir='ltr'>tendentem</span> <span class='ocrx_word' id='word_1_84' title='bbox 2075 1546 2209 1603; x_wconf 91' lang='lat' dir='ltr'>pro-</span> 
     </span>
    </p>
   </div>
   <div class='ocr_carea' id='block_1_15' title="bbox 628 1605 2208 1686">
    <p class='ocr_par' dir='ltr' id='par_1_15' title="bbox 628 1605 2208 1686">
     <span class='ocr_line' id='line_1_15' title="bbox 628 1605 2208 1686; baseline -0.011 -14"><span class='ocrx_word' id='word_1_85' title='bbox 628 1619 839 1686; x_wconf 83' lang='lat' dir='ltr'>ferens,</span> <span class='ocrx_word' id='word_1_86' title='bbox 887 1614 1030 1669; x_wconf 85' lang='lat' dir='ltr'>dum</span> <span class='ocrx_word' id='word_1_87' title='bbox 1086 1629 1152 1686; x_wconf 83' lang='lat' dir='ltr'>se</span> <span class='ocrx_word' id='word_1_88' title='bbox 1187 1612 1246 1686; x_wconf 88' lang='lat' dir='ltr'>i_n</span> <span class='ocrx_word' id='word_1_89' title='bbox 1304 1609 1594 1686; x_wconf 79' lang='lat' dir='ltr'>profundo</span> <span class='ocrx_word' id='word_1_90' title='bbox 1652 1605 2208 1686; x_wconf 43' lang='lat' dir='ltr'>quasiimmersum</span> 
     </span>
    </p>
   </div>
   <div class='ocr_carea' id='block_1_16' title="bbox 627 1675 2208 1814">
    <p class='ocr_par' dir='ltr' id='par_1_16' title="bbox 627 1675 2208 1814">
     <span class='ocr_line' id='line_1_16' title="bbox 627 1675 2208 1814; baseline -0.009 -71"><span class='ocrx_word' id='word_1_91' title='bbox 627 1675 914 1814; x_wconf 57' lang='lat' dir='ltr'>gueritur,</span> <span class='ocrx_word' id='word_1_92' title='bbox 947 1700 1056 1740; x_wconf 91' lang='lat' dir='ltr'>nos</span> <span class='ocrx_word' id='word_1_93' title='bbox 1087 1683 1158 1738; x_wconf 89' lang='lat' dir='ltr'>ad</span> <span class='ocrx_word' id='word_1_94' title='bbox 1200 1675 1583 1754; x_wconf 78' lang='lat' dir='ltr'>intelligenda</span> <span class='ocrx_word' id='word_1_95' title='bbox 1631 1675 1887 1734; x_wconf 70' lang='lat' dir='ltr'>caelestia</span> <span class='ocrx_word' id='word_1_96' title='bbox 1916 1679 2208 1746; x_wconf 89' lang='lat' dir='ltr'>provocat,</span> 
     </span>
     <span class='ocr_line' id='line_1_17' title="bbox 671 1774 867 1814; baseline -0.01 0"><span class='ocrx_word' id='word_1_97' title='bbox 671 1774 867 1814; x_wconf 77' lang='lat' dir='ltr'>icens:</span> 
     </span>
    </p>
   </div>
   <div class='ocr_carea' id='block_1_17' title="bbox 671 1774 867 1815">
    <p class='ocr_par' dir='ltr' id='par_1_17' title="bbox 671 1774 867 1815">
     <span class='ocr_line' id='line_1_18' title="bbox 671 1774 867 1815; baseline -0.01 -1"><span class='ocrx_word' id='word_1_98' title='bbox 671 1774 867 1815; x_wconf 72' lang='grc' dir='ltr'>ιοθηει</span> 
     </span>
    </p>
   </div>
   <div class='ocr_carea' id='block_1_18' title="bbox 631 1850 2210 1934">
    <p class='ocr_par' dir='ltr' id='par_1_18' title="bbox 631 1850 2210 1934">
     <span class='ocr_line' id='line_1_19' title="bbox 631 1850 2210 1934; baseline -0.009 -15"><span class='ocrx_word' id='word_1_99' title='bbox 631 1888 658 1914; x_wconf 91' lang='grc'>‹‹</span> <span class='ocrx_word' id='word_1_100' title='bbox 693 1863 774 1919; x_wconf 90' lang='lat' dir='ltr'>De</span> <span class='ocrx_word' id='word_1_101' title='bbox 803 1859 1111 1934; x_wconf 84' lang='lat' dir='ltr'>profundis</span> <span class='ocrx_word' id='word_1_102' title='bbox 1143 1856 1384 1914; x_wconf 83' lang='lat' dir='ltr'>clamavi</span> <span class='ocrx_word' id='word_1_103' title='bbox 1419 1857 1489 1911; x_wconf 87' lang='lat' dir='ltr'>ad</span> <span class='ocrx_word' id='word_1_104' title='bbox 1523 1861 1600 1922; x_wconf 88' lang='lat' dir='ltr'>te,</span> <span class='ocrx_word' id='word_1_105' title='bbox 1630 1853 1872 1910; x_wconf 90' lang='lat' dir='ltr'>Domine</span> <span class='ocrx_word' id='word_1_106' title='bbox 1902 1871 1913 1908; x_wconf 91' lang='lat'>:</span> <span class='ocrx_word' id='word_1_107' title='bbox 1944 1850 2210 1921; x_wconf 91' lang='lat' dir='ltr'>Domine,</span> 
     </span>
    </p>
   </div>
   <div class='ocr_carea' id='block_1_19' title="bbox 560 1939 2211 2016">
    <p class='ocr_par' dir='ltr' id='par_1_19' title="bbox 560 1939 2211 2016">
     <span class='ocr_line' id='line_1_20' title="bbox 560 1939 2211 2016; baseline -0.011 -6"><span class='ocrx_word' id='word_1_108' title='bbox 560 1952 770 2011; x_wconf 87' lang='lat' dir='ltr'>exaudi</span> <span class='ocrx_word' id='word_1_109' title='bbox 809 1949 1130 2007; x_wconf 87' lang='lat' dir='ltr'>orationem</span> <span class='ocrx_word' id='word_1_110' title='bbox 1181 1962 1391 2002; x_wconf 86' lang='lat' dir='ltr'>meam.</span> <span class='ocrx_word' id='word_1_111' title='bbox 1428 1967 1454 1993; x_wconf 88' lang='lat'>»</span> <span class='ocrx_word' id='word_1_112' title='bbox 1505 1945 1585 2000; x_wconf 92' lang='lat' dir='ltr'>De</span> <span class='ocrx_word' id='word_1_113' title='bbox 1629 1941 1937 2016; x_wconf 85' lang='lat' dir='ltr'>profundis</span> <span class='ocrx_word' id='word_1_114' title='bbox 1969 1939 2211 2006; x_wconf 88' lang='lat' dir='ltr'>clamat,</span> 
     </span>
    </p>
   </div>
   <div class='ocr_carea' id='block_1_20' title="bbox 561 2003 2293 2115">
    <p class='ocr_par' dir='ltr' id='par_1_20' title="bbox 561 2003 2293 2115">
     <span class='ocr_line' id='line_1_21' title="bbox 561 2003 2293 2115; baseline -0.008 -17"><span class='ocrx_word' id='word_1_115' title='bbox 815 2003 1206 2097; x_wconf 69' lang='lat' dir='ltr'>altitudinem</span> <span class='ocrx_word' id='word_1_116' title='bbox 1239 2035 1576 2091; x_wconf 84' lang='lat' dir='ltr'>divitiarum</span> <span class='ocrx_word' id='word_1_117' title='bbox 1611 2003 1912 2104; x_wconf 66' lang='lat' dir='ltr'>sapientiae</span> <span class='ocrx_word' id='word_1_118' title='bbox 1939 2029 2079 2096; x_wconf 84' lang='lat' dir='ltr'>Dei;</span> <span class='ocrx_word' id='word_1_119' title='bbox 2113 2003 2216 2100; x_wconf 84' lang='lat' dir='ltr'>qui</span> <span class='ocrx_word' id='word_1_120' title='bbox 2247 2003 2293 2070; x_wconf 77' lang='grc' dir='ltr'><strong>Β</strong></span> 
     </span>
    </p>
   </div>
   <div class='ocr_carea' id='block_1_21' title="bbox 555 2118 2212 2206">
    <p class='ocr_par' dir='ltr' id='par_1_21' title="bbox 555 2118 2212 2206">
     <span class='ocr_line' id='line_1_22' title="bbox 555 2118 2212 2206; baseline -0.01 -17"><span class='ocrx_word' id='word_1_121' title='bbox 555 2131 989 2206; x_wconf 85' lang='lat' dir='ltr'>persecutiones</span> <span class='ocrx_word' id='word_1_122' title='bbox 1019 2127 1276 2201; x_wconf 89' lang='lat' dir='ltr'>patitur;</span> <span class='ocrx_word' id='word_1_123' title='bbox 1309 2124 1407 2197; x_wconf 86' lang='lat' dir='ltr'>qui</span> <span class='ocrx_word' id='word_1_124' title='bbox 1445 2139 1579 2179; x_wconf 90' lang='lat' dir='ltr'>eum</span> <span class='ocrx_word' id='word_1_125' title='bbox 1626 2120 1989 2177; x_wconf 87' lang='lat' dir='ltr'>misericordi</span> <span class='ocrx_word' id='word_1_126' title='bbox 2019 2118 2212 2189; x_wconf 87' lang='lat' dir='ltr'>suspi-</span> 
     </span>
    </p>
   </div>
   <div class='ocr_carea' id='block_1_22' title="bbox 564 2221 1044 2293">
    <p class='ocr_par' dir='ltr' id='par_1_22' title="bbox 564 2221 1044 2293">
     <span class='ocr_line' id='line_1_23' title="bbox 564 2221 1044 2293; baseline -0.015 -15"><span class='ocrx_word' id='word_1_127' title='bbox 564 2222 650 2278; x_wconf 88' lang='lat' dir='ltr'>rio</span> <span class='ocrx_word' id='word_1_128' title='bbox 682 2221 1044 2293; x_wconf 84' lang='lat' dir='ltr'>deprecatur.</span> 
     </span>
    </p>
   </div>
   <div class='ocr_carea' id='block_1_23' title="bbox 635 2299 2211 2366">
    <p class='ocr_par' dir='ltr' id='par_1_23' title="bbox 635 2299 2211 2366">
     <span class='ocr_line' id='line_1_24' title="bbox 635 2299 2211 2366; baseline -0.006 -4"><span class='ocrx_word' id='word_1_129' title='bbox 635 2334 664 2363; x_wconf 83' lang='lat'>«</span> <span class='ocrx_word' id='word_1_130' title='bbox 716 2310 883 2366; x_wconf 85' lang='lat' dir='ltr'>Fiant</span> <span class='ocrx_word' id='word_1_131' title='bbox 938 2323 1107 2363; x_wconf 85' lang='lat' dir='ltr'>aures</span> <span class='ocrx_word' id='word_1_132' title='bbox 1162 2309 1277 2360; x_wconf 79' lang='lat' dir='ltr'>tuae</span> <span class='ocrx_word' id='word_1_133' title='bbox 1344 2303 1714 2358; x_wconf 88' lang='lat' dir='ltr'>intendentes</span> <span class='ocrx_word' id='word_1_134' title='bbox 1771 2300 1828 2354; x_wconf 90' lang='lat' dir='ltr'>in</span> <span class='ocrx_word' id='word_1_135' title='bbox 1889 2299 2211 2354; x_wconf 89' lang='lat' dir='ltr'>orationem</span> 
     </span>
    </p>
   </div>
   <div class='ocr_carea' id='block_1_24' title="bbox 558 2388 2212 2460">
    <p class='ocr_par' dir='ltr' id='par_1_24' title="bbox 558 2388 2212 2460">
     <span class='ocr_line' id='line_1_25' title="bbox 558 2388 2212 2460; baseline -0.01 -3"><span class='ocrx_word' id='word_1_136' title='bbox 558 2399 712 2458; x_wconf 81' lang='lat' dir='ltr'>servi</span> <span class='ocrx_word' id='word_1_137' title='bbox 742 2399 852 2454; x_wconf 89' lang='lat' dir='ltr'>tui.</span> <span class='ocrx_word' id='word_1_138' title='bbox 891 2419 920 2448; x_wconf 88' lang='lat'>»</span> <span class='ocrx_word' id='word_1_139' title='bbox 946 2395 1071 2451; x_wconf 88' lang='lat' dir='ltr'>Non</span> <span class='ocrx_word' id='word_1_140' title='bbox 1111 2393 1206 2449; x_wconf 91' lang='lat' dir='ltr'>hic</span> <span class='ocrx_word' id='word_1_141' title='bbox 1232 2390 1527 2448; x_wconf 84' lang='lat' dir='ltr'>carnalem</span> <span class='ocrx_word' id='word_1_142' title='bbox 1560 2406 1760 2446; x_wconf 90' lang='lat' dir='ltr'>aurem</span> <span class='ocrx_word' id='word_1_143' title='bbox 1786 2388 2076 2460; x_wconf 86' lang='lat' dir='ltr'>Propheta</span> <span class='ocrx_word' id='word_1_144' title='bbox 2107 2402 2212 2458; x_wconf 91' lang='lat' dir='ltr'>po-</span> 
     </span>
    </p>
   </div>
   <div class='ocr_carea' id='block_1_25' title="bbox 554 2475 2211 2553">
    <p class='ocr_par' dir='ltr' id='par_1_25' title="bbox 554 2475 2211 2553">
     <span class='ocr_line' id='line_1_26' title="bbox 554 2475 2211 2553; baseline -0.008 -8"><span class='ocrx_word' id='word_1_145' title='bbox 554 2488 763 2553; x_wconf 89' lang='lat' dir='ltr'>stulat,</span> <span class='ocrx_word' id='word_1_146' title='bbox 798 2486 992 2542; x_wconf 90' lang='lat' dir='ltr'>sciens</span> <span class='ocrx_word' id='word_1_147' title='bbox 1022 2484 1205 2540; x_wconf 90' lang='lat' dir='ltr'>Deum</span> <span class='ocrx_word' id='word_1_148' title='bbox 1256 2483 1666 2553; x_wconf 87' lang='lat' dir='ltr'>incorporeum</span> <span class='ocrx_word' id='word_1_149' title='bbox 1713 2495 1862 2544; x_wconf 90' lang='lat' dir='ltr'>esse,</span> <span class='ocrx_word' id='word_1_150' title='bbox 1897 2477 1997 2533; x_wconf 90' lang='lat' dir='ltr'>sed</span> <span class='ocrx_word' id='word_1_151' title='bbox 2031 2475 2211 2532; x_wconf 83' lang='lat' dir='ltr'>virtu-</span> 
     </span>
    </p>
   </div>
   <div class='ocr_carea' id='block_1_26' title="bbox 557 2567 1942 2649">
    <p class='ocr_par' dir='ltr' id='par_1_26' title="bbox 557 2567 1942 2649">
     <span class='ocr_line' id='line_1_27' title="bbox 557 2567 1942 2649; baseline -0.01 -14"><span class='ocrx_word' id='word_1_152' title='bbox 557 2585 682 2635; x_wconf 82' lang='lat' dir='ltr'>tem</span> <span class='ocrx_word' id='word_1_153' title='bbox 716 2593 832 2649; x_wconf 89' lang='lat' dir='ltr'>qua</span> <span class='ocrx_word' id='word_1_154' title='bbox 861 2591 1002 2632; x_wconf 88' lang='lat' dir='ltr'>suos</span> <span class='ocrx_word' id='word_1_155' title='bbox 1030 2571 1304 2629; x_wconf 86' lang='lat' dir='ltr'>exaudire</span> <span class='ocrx_word' id='word_1_156' title='bbox 1334 2571 1632 2642; x_wconf 80' lang='lat' dir='ltr'>dignatur,</span> <span class='ocrx_word' id='word_1_157' title='bbox 1665 2567 1942 2639; x_wconf 83' lang='lat' dir='ltr'>exposcit.</span> 
     </span>
    </p>
   </div>
   <div class='ocr_carea' id='block_1_27' title="bbox 630 2653 2206 2737">
    <p class='ocr_par' dir='ltr' id='par_1_27' title="bbox 630 2653 2206 2737">
     <span class='ocr_line' id='line_1_28' title="bbox 630 2653 2206 2737; baseline -0.006 -19"><span class='ocrx_word' id='word_1_158' title='bbox 630 2692 657 2718; x_wconf 60' lang='grc' dir='ltr'>«ι</span> <span class='ocrx_word' id='word_1_159' title='bbox 691 2667 750 2723; x_wconf 92' lang='lat' dir='ltr'>Si</span> <span class='ocrx_word' id='word_1_160' title='bbox 781 2663 1123 2737; x_wconf 84' lang='lat' dir='ltr'>iniquitates</span> <span class='ocrx_word' id='word_1_161' title='bbox 1162 2658 1576 2729; x_wconf 87' lang='lat' dir='ltr'>observaveris,</span> <span class='ocrx_word' id='word_1_162' title='bbox 1629 2657 1911 2713; x_wconf 90' lang='lat' dir='ltr'>Domine:</span> <span class='ocrx_word' id='word_1_163' title='bbox 1945 2653 2206 2721; x_wconf 89' lang='lat' dir='ltr'>Domine,</span> 
     </span>
    </p>
   </div>
   <div class='ocr_carea' id='block_1_28' title="bbox 553 2744 2206 2830">
    <p class='ocr_par' dir='ltr' id='par_1_28' title="bbox 553 2744 2206 2830">
     <span class='ocr_line' id='line_1_29' title="bbox 553 2744 2206 2830; baseline -0.008 -18"><span class='ocrx_word' id='word_1_164' title='bbox 553 2757 690 2830; x_wconf 89' lang='lat' dir='ltr'>quis</span> <span class='ocrx_word' id='word_1_165' title='bbox 702 2751 1060 2812; x_wconf 73' lang='lat' dir='ltr'>sustinebit?</span> <span class='ocrx_word' id='word_1_166' title='bbox 1081 2773 1109 2800; x_wconf 84' lang='lat'>»</span> <span class='ocrx_word' id='word_1_167' title='bbox 1126 2749 1186 2806; x_wconf 89' lang='lat' dir='ltr'>Si</span> <span class='ocrx_word' id='word_1_168' title='bbox 1209 2749 1390 2819; x_wconf 91' lang='lat' dir='ltr'>enim,</span> <span class='ocrx_word' id='word_1_169' title='bbox 1412 2745 1851 2819; x_wconf 84' lang='lat' dir='ltr'>transgrediens</span> <span class='ocrx_word' id='word_1_170' title='bbox 1873 2744 2031 2816; x_wconf 87' lang='lat' dir='ltr'>leges</span> <span class='ocrx_word' id='word_1_171' title='bbox 2054 2749 2206 2810; x_wconf 88' lang='lat' dir='ltr'>tuas,</span> 
     </span>
    </p>
   </div>
   <div class='ocr_carea' id='block_1_29' title="bbox 553 2833 2207 2921">
    <p class='ocr_par' dir='ltr' id='par_1_29' title="bbox 553 2833 2207 2921">
     <span class='ocr_line' id='line_1_30' title="bbox 553 2833 2207 2921; baseline -0.01 -17"><span class='ocrx_word' id='word_1_172' title='bbox 553 2846 786 2921; x_wconf 80' lang='lat' dir='ltr'>generis</span> <span class='ocrx_word' id='word_1_173' title='bbox 827 2841 1071 2899; x_wconf 85' lang='lat' dir='ltr'>humani</span> <span class='ocrx_word' id='word_1_174' title='bbox 1099 2839 1386 2912; x_wconf 84' lang='lat' dir='ltr'>fragilitas</span> <span class='ocrx_word' id='word_1_175' title='bbox 1436 2836 1656 2892; x_wconf 86' lang='lat' dir='ltr'>ultione</span> <span class='ocrx_word' id='word_1_176' title='bbox 1705 2840 1808 2892; x_wconf 90' lang='lat' dir='ltr'>tua</span> <span class='ocrx_word' id='word_1_177' title='bbox 1830 2833 2096 2907; x_wconf 86' lang='lat' dir='ltr'>protinus</span> <span class='ocrx_word' id='word_1_178' title='bbox 2126 2833 2207 2888; x_wconf 87' lang='lat' dir='ltr'>fe-</span> 
     </span>
    </p>
   </div>
   <div class='ocr_carea' id='block_1_30' title="bbox 556 2926 1490 3004">
    <p class='ocr_par' dir='ltr' id='par_1_30' title="bbox 556 2926 1490 3004">
     <span class='ocr_line' id='line_1_31' title="bbox 556 2926 1490 3004; baseline -0.013 -12"><span class='ocrx_word' id='word_1_179' title='bbox 556 2936 766 3003; x_wconf 89' lang='lat' dir='ltr'>riatur,</span> <span class='ocrx_word' id='word_1_180' title='bbox 798 2932 930 3004; x_wconf 91' lang='lat' dir='ltr'>quis</span> <span class='ocrx_word' id='word_1_181' title='bbox 959 2931 1202 2988; x_wconf 75' lang='lat' dir='ltr'>evadere</span> <span class='ocrx_word' id='word_1_182' title='bbox 1232 2926 1490 2999; x_wconf 82' lang='lat' dir='ltr'>poterit?</span> 
     </span>
    </p>
   </div>
   <div class='ocr_carea' id='block_1_31' title="bbox 629 3012 2212 3092">
    <p class='ocr_par' dir='ltr' id='par_1_31' title="bbox 629 3012 2212 3092">
     <span class='ocr_line' id='line_1_32' title="bbox 629 3012 2212 3092; baseline -0.004 -17"><span class='ocrx_word' id='word_1_183' title='bbox 629 3047 658 3076; x_wconf 89' lang='grc'>‹‹</span> <span class='ocrx_word' id='word_1_184' title='bbox 689 3022 836 3088; x_wconf 85' lang='lat' dir='ltr'>Quia</span> <span class='ocrx_word' id='word_1_185' title='bbox 865 3020 1020 3092; x_wconf 82' lang='lat' dir='ltr'>apud</span> <span class='ocrx_word' id='word_1_186' title='bbox 1052 3023 1108 3074; x_wconf 91' lang='lat' dir='ltr'>te</span> <span class='ocrx_word' id='word_1_187' title='bbox 1159 3014 1496 3088; x_wconf 88' lang='lat' dir='ltr'>propitiatio</span> <span class='ocrx_word' id='word_1_188' title='bbox 1550 3019 1658 3070; x_wconf 91' lang='lat' dir='ltr'>est.</span> <span class='ocrx_word' id='word_1_189' title='bbox 1696 3037 1717 3065; x_wconf 77' lang='grc' dir='ltr'><strong><em>ι</em></strong></span> <span class='ocrx_word' id='word_1_190' title='bbox 1788 3017 1873 3067; x_wconf 89' lang='lat' dir='ltr'>Tu</span> <span class='ocrx_word' id='word_1_191' title='bbox 1915 3012 2071 3068; x_wconf 90' lang='lat' dir='ltr'>enim</span> <span class='ocrx_word' id='word_1_192' title='bbox 2105 3028 2212 3068; x_wconf 88' lang='lat' dir='ltr'>nos</span> 
     </span>
    </p>
   </div>
   <div class='ocr_carea' id='block_1_32' title="bbox 557 3101 2209 3177">
    <p class='ocr_par' dir='ltr' id='par_1_32' title="bbox 557 3101 2209 3177">
     <span class='ocr_line' id='line_1_33' title="bbox 557 3101 2209 3177; baseline -0.007 -8"><span class='ocrx_word' id='word_1_193' title='bbox 557 3108 968 3169; x_wconf 88' lang='lat' dir='ltr'>reconciliabis</span> <span class='ocrx_word' id='word_1_194' title='bbox 990 3105 1149 3164; x_wconf 86' lang='lat' dir='ltr'>Patri</span> <span class='ocrx_word' id='word_1_195' title='bbox 1180 3121 1284 3177; x_wconf 88' lang='lat' dir='ltr'>per</span> <span class='ocrx_word' id='word_1_196' title='bbox 1312 3119 1563 3159; x_wconf 88' lang='lat' dir='ltr'>crucem.</span> <span class='ocrx_word' id='word_1_197' title='bbox 1597 3125 1627 3152; x_wconf 89' lang='grc'>‹‹</span> <span class='ocrx_word' id='word_1_198' title='bbox 1660 3102 1729 3157; x_wconf 88' lang='lat' dir='ltr'>Et</span> <span class='ocrx_word' id='word_1_199' title='bbox 1758 3105 1992 3173; x_wconf 88' lang='lat' dir='ltr'>propter</span> <span class='ocrx_word' id='word_1_200' title='bbox 2021 3101 2209 3174; x_wconf 87' lang='lat' dir='ltr'>legem</span> 
     </span>
    </p>
   </div>
   <div class='ocr_carea' id='block_1_33' title="bbox 565 3191 2213 3261">
    <p class='ocr_par' dir='ltr' id='par_1_33' title="bbox 565 3191 2213 3261">
     <span class='ocr_line' id='line_1_34' title="bbox 565 3191 2213 3261; baseline -0.007 -3"><span class='ocrx_word' id='word_1_201' title='bbox 565 3207 727 3258; x_wconf 86' lang='lat' dir='ltr'>tuam</span> <span class='ocrx_word' id='word_1_202' title='bbox 786 3197 1043 3255; x_wconf 89' lang='lat' dir='ltr'>sustinui</span> <span class='ocrx_word' id='word_1_203' title='bbox 1091 3200 1172 3261; x_wconf 90' lang='lat' dir='ltr'>te,</span> <span class='ocrx_word' id='word_1_204' title='bbox 1231 3193 1496 3250; x_wconf 90' lang='lat' dir='ltr'>Domine.</span> <span class='ocrx_word' id='word_1_205' title='bbox 1533 3213 1560 3240; x_wconf 80' lang='lat' dir='ltr'>n</span> <span class='ocrx_word' id='word_1_206' title='bbox 1618 3193 1729 3246; x_wconf 68' lang='lat' dir='ltr'>Lex</span> <span class='ocrx_word' id='word_1_207' title='bbox 1783 3191 2092 3261; x_wconf 68' lang='lat' dir='ltr'>spiritantia</span> <span class='ocrx_word' id='word_1_208' title='bbox 2133 3195 2213 3246; x_wconf 73' lang='lat' dir='ltr'>est</span> 
     </span>
    </p>
   </div>
   <div class='ocr_carea' id='block_1_34' title="bbox 559 3279 2210 3360">
    <p class='ocr_par' dir='ltr' id='par_1_34' title="bbox 559 3279 2210 3360">
     <span class='ocr_line' id='line_1_35' title="bbox 559 3279 2210 3360; baseline -0.007 -13"><span class='ocrx_word' id='word_1_209' title='bbox 559 3291 737 3360; x_wconf 84' lang='lat' dir='ltr'>(Rom.</span> <span class='ocrx_word' id='word_1_210' title='bbox 768 3303 844 3358; x_wconf 76' lang='lat' dir='ltr'>vn,</span> <span class='ocrx_word' id='word_1_211' title='bbox 880 3287 970 3356; x_wconf 83' lang='grc'>14)</span> <span class='ocrx_word' id='word_1_212' title='bbox 999 3290 1059 3342; x_wconf 89' lang='lat' dir='ltr'>et</span> <span class='ocrx_word' id='word_1_213' title='bbox 1087 3283 1394 3340; x_wconf 88' lang='lat' dir='ltr'>continens</span> <span class='ocrx_word' id='word_1_214' title='bbox 1440 3279 1617 3336; x_wconf 86' lang='lat' dir='ltr'>verba</span> <span class='ocrx_word' id='word_1_215' title='bbox 1660 3280 1792 3335; x_wconf 65' lang='lat' dir='ltr'>vita:</span> <span class='ocrx_word' id='word_1_216' title='bbox 1821 3297 1833 3334; x_wconf 91' lang='lat'>:</span> <span class='ocrx_word' id='word_1_217' title='bbox 1867 3296 2046 3351; x_wconf 88' lang='lat' dir='ltr'>quam</span> <span class='ocrx_word' id='word_1_218' title='bbox 2077 3297 2210 3336; x_wconf 88' lang='lat' dir='ltr'>sus-</span> 
     </span>
    </p>
   </div>
   <div class='ocr_carea' id='block_1_35' title="bbox 561 3343 2454 3444">
    <p class='ocr_par' dir='ltr' id='par_1_35' title="bbox 561 3343 2454 3444">
     <span class='ocr_line' id='line_1_36' title="bbox 561 3343 2454 3444; baseline -0.011 -9"><span class='ocrx_word' id='word_1_219' title='bbox 779 3343 1084 3442; x_wconf 77' lang='lat' dir='ltr'>debemus,</span> <span class='ocrx_word' id='word_1_220' title='bbox 1117 3389 1191 3430; x_wconf 92' lang='lat' dir='ltr'>ne</span> <span class='ocrx_word' id='word_1_221' title='bbox 1244 3374 1548 3444; x_wconf 87' lang='lat' dir='ltr'>peccantes</span> <span class='ocrx_word' id='word_1_222' title='bbox 1600 3369 1660 3424; x_wconf 90' lang='lat' dir='ltr'>in</span> <span class='ocrx_word' id='word_1_223' title='bbox 1712 3385 1839 3425; x_wconf 82' lang='lat' dir='ltr'>eam</span> <span class='ocrx_word' id='word_1_224' title='bbox 1885 3343 2001 3440; x_wconf 35' lang='lat' dir='ltr'>lper</span> <span class='ocrx_word' id='word_1_225' title='bbox 2030 3368 2215 3441; x_wconf 82' lang='lat' dir='ltr'>legem</span> <span class='ocrx_word' id='word_1_226' title='bbox 2246 3376 2290 3444; x_wconf 72' lang='grc' dir='ltr'><strong>ρ</strong></span> <span class='ocrx_word' id='word_1_227' title='bbox 2328 3343 2454 3444; x_wconf 40' lang='lat' dir='ltr'>Ofb;</span> 
     </span>
    </p>
   </div>
   <div class='ocr_carea' id='block_1_36' title="bbox 561 3467 975 3540">
    <p class='ocr_par' dir='ltr' id='par_1_36' title="bbox 561 3467 975 3540">
     <span class='ocr_line' id='line_1_37' title="bbox 561 3467 975 3540; baseline -0.01 -15"><span class='ocrx_word' id='word_1_228' title='bbox 561 3467 975 3540; x_wconf 89' lang='lat' dir='ltr'>dijudicemur.</span> 
     </span>
    </p>
   </div>
   <div class='ocr_carea' id='block_1_37' title="bbox 631 3549 2214 3615">
    <p class='ocr_par' dir='ltr' id='par_1_37' title="bbox 631 3549 2214 3615">
     <span class='ocr_line' id='line_1_38' title="bbox 631 3549 2214 3615; baseline -0.007 -1"><span class='ocrx_word' id='word_1_229' title='bbox 631 3579 662 3608; x_wconf 84' lang='lat'><strong>«</strong></span> <span class='ocrx_word' id='word_1_230' title='bbox 694 3554 990 3613; x_wconf 87' lang='lat' dir='ltr'>Sustinuit</span> <span class='ocrx_word' id='word_1_231' title='bbox 1047 3553 1246 3610; x_wconf 90' lang='lat' dir='ltr'>anima</span> <span class='ocrx_word' id='word_1_232' title='bbox 1302 3567 1434 3605; x_wconf 87' lang='lat' dir='ltr'>mea</span> <span class='ocrx_word' id='word_1_233' title='bbox 1493 3549 1828 3615; x_wconf 90' lang='lat' dir='ltr'>Dominum,</span> <span class='ocrx_word' id='word_1_234' title='bbox 1876 3570 1904 3598; x_wconf 83' lang='lat'><strong><em>»</em></strong></span> <span class='ocrx_word' id='word_1_235' title='bbox 1964 3553 2073 3604; x_wconf 87' lang='lat' dir='ltr'>etc.</span> <span class='ocrx_word' id='word_1_236' title='bbox 2107 3571 2134 3597; x_wconf 91' lang='grc'>‹‹</span> <span class='ocrx_word' id='word_1_237' title='bbox 2167 3551 2214 3603; x_wconf 85' lang='grc' dir='ltr'><strong>Α</strong></span> 
     </span>
    </p>
   </div>
   <div class='ocr_carea' id='block_1_38' title="bbox 562 3635 2216 3710">
    <p class='ocr_par' dir='ltr' id='par_1_38' title="bbox 562 3635 2216 3710">
     <span class='ocr_line' id='line_1_39' title="bbox 562 3635 2216 3710; baseline -0.006 -8"><span class='ocrx_word' id='word_1_238' title='bbox 562 3646 830 3702; x_wconf 87' lang='lat' dir='ltr'>custodia</span> <span class='ocrx_word' id='word_1_239' title='bbox 886 3643 1182 3700; x_wconf 87' lang='lat' dir='ltr'>matutina</span> <span class='ocrx_word' id='word_1_240' title='bbox 1239 3655 1428 3710; x_wconf 90' lang='lat' dir='ltr'>usque</span> <span class='ocrx_word' id='word_1_241' title='bbox 1481 3637 1553 3693; x_wconf 82' lang='lat' dir='ltr'>ad</span> <span class='ocrx_word' id='word_1_242' title='bbox 1613 3643 1864 3693; x_wconf 90' lang='lat' dir='ltr'>noctem.</span> <span class='ocrx_word' id='word_1_243' title='bbox 1913 3660 1940 3686; x_wconf 84' lang='lat'>»</span> <span class='ocrx_word' id='word_1_244' title='bbox 1999 3637 2082 3692; x_wconf 86' lang='lat' dir='ltr'>Ab</span> <span class='ocrx_word' id='word_1_245' title='bbox 2116 3635 2216 3692; x_wconf 87' lang='lat' dir='ltr'>illa</span> 
     </span>
    </p>
   </div>
   <div class='ocr_carea' id='block_1_39' title="bbox 559 3725 2216 3803">
    <p class='ocr_par' dir='ltr' id='par_1_39' title="bbox 559 3725 2216 3803">
     <span class='ocr_line' id='line_1_40' title="bbox 559 3725 2216 3803; baseline -0.007 -12"><span class='ocrx_word' id='word_1_246' title='bbox 559 3733 852 3791; x_wconf 89' lang='lat' dir='ltr'>matutina</span> <span class='ocrx_word' id='word_1_247' title='bbox 881 3733 1027 3788; x_wconf 88' lang='lat' dir='ltr'>hora</span> <span class='ocrx_word' id='word_1_248' title='bbox 1073 3748 1191 3803; x_wconf 88' lang='lat' dir='ltr'>qua</span> <span class='ocrx_word' id='word_1_249' title='bbox 1239 3729 1299 3783; x_wconf 91' lang='lat' dir='ltr'>in</span> <span class='ocrx_word' id='word_1_250' title='bbox 1346 3727 1577 3782; x_wconf 89' lang='lat' dir='ltr'>vineam</span> <span class='ocrx_word' id='word_1_251' title='bbox 1625 3725 1986 3782; x_wconf 89' lang='lat' dir='ltr'>Dominicam</span> <span class='ocrx_word' id='word_1_252' title='bbox 2017 3729 2106 3782; x_wconf 88' lang='lat' dir='ltr'>est</span> <span class='ocrx_word' id='word_1_253' title='bbox 2137 3725 2216 3781; x_wconf 84' lang='lat' dir='ltr'>lo-</span> 
     </span>
    </p>
   </div>
   <div class='ocr_carea' id='block_1_40' title="bbox 564 3814 2215 3893">
    <p class='ocr_par' dir='ltr' id='par_1_40' title="bbox 564 3814 2215 3893">
     <span class='ocr_line' id='line_1_41' title="bbox 564 3814 2215 3893; baseline -0.007 -14"><span class='ocrx_word' id='word_1_254' title='bbox 564 3829 752 3893; x_wconf 91' lang='lat' dir='ltr'>catus,</span> <span class='ocrx_word' id='word_1_255' title='bbox 805 3837 968 3893; x_wconf 90' lang='lat' dir='ltr'>spem</span> <span class='ocrx_word' id='word_1_256' title='bbox 1025 3835 1194 3875; x_wconf 91' lang='lat' dir='ltr'>suam</span> <span class='ocrx_word' id='word_1_257' title='bbox 1255 3817 1315 3871; x_wconf 91' lang='lat' dir='ltr'>in</span> <span class='ocrx_word' id='word_1_258' title='bbox 1370 3814 1531 3870; x_wconf 90' lang='lat' dir='ltr'>illam</span> <span class='ocrx_word' id='word_1_259' title='bbox 1587 3814 1784 3868; x_wconf 85' lang='lat' dir='ltr'>deﬁxit</span> <span class='ocrx_word' id='word_1_260' title='bbox 1843 3815 2069 3885; x_wconf 86' lang='lat' dir='ltr'>horam,</span> <span class='ocrx_word' id='word_1_261' title='bbox 2098 3830 2215 3885; x_wconf 88' lang='lat' dir='ltr'>qua</span> 
     </span>
    </p>
   </div>
   <div class='ocr_carea' id='block_1_41' title="bbox 563 3902 2209 3977">
    <p class='ocr_par' dir='ltr' id='par_1_41' title="bbox 563 3902 2209 3977">
     <span class='ocr_line' id='line_1_42' title="bbox 563 3902 2209 3977; baseline -0.007 -8"><span class='ocrx_word' id='word_1_262' title='bbox 563 3911 874 3969; x_wconf 89' lang='lat' dir='ltr'>denarium</span> <span class='ocrx_word' id='word_1_263' title='bbox 907 3907 1191 3965; x_wconf 88' lang='lat' dir='ltr'>mercedis</span> <span class='ocrx_word' id='word_1_264' title='bbox 1220 3904 1487 3977; x_wconf 90' lang='lat' dir='ltr'>accipiat.</span> <span class='ocrx_word' id='word_1_265' title='bbox 1545 3904 1592 3958; x_wconf 87' lang='lat' dir='ltr'><strong>A</strong></span> <span class='ocrx_word' id='word_1_266' title='bbox 1646 3902 1845 3975; x_wconf 88' lang='lat' dir='ltr'>vigilia</span> <span class='ocrx_word' id='word_1_267' title='bbox 1901 3903 2209 3958; x_wconf 88' lang='lat' dir='ltr'>matutina.</span> 
     </span>
    </p>
   </div>
   <div class='ocr_carea' id='block_1_42' title="bbox 561 3992 2214 4074">
    <p class='ocr_par' dir='ltr' id='par_1_42' title="bbox 561 3992 2214 4074">
     <span class='ocr_line' id='line_1_43' title="bbox 561 3992 2214 4074; baseline -0.008 -15"><span class='ocrx_word' id='word_1_268' title='bbox 561 4024 591 4053; x_wconf 80' lang='grc' dir='ltr'>α</span> <span class='ocrx_word' id='word_1_269' title='bbox 628 4003 831 4074; x_wconf 82' lang='lat' dir='ltr'>Sperat</span> <span class='ocrx_word' id='word_1_270' title='bbox 861 3998 1038 4055; x_wconf 86' lang='lat' dir='ltr'>Israel</span> <span class='ocrx_word' id='word_1_271' title='bbox 1069 3998 1127 4052; x_wconf 92' lang='lat' dir='ltr'>in</span> <span class='ocrx_word' id='word_1_272' title='bbox 1159 3995 1495 4052; x_wconf 90' lang='lat' dir='ltr'>Dominum.</span> <span class='ocrx_word' id='word_1_273' title='bbox 1529 4014 1558 4044; x_wconf 85' lang='grc'>››</span> <span class='ocrx_word' id='word_1_274' title='bbox 1607 3993 1695 4046; x_wconf 81' lang='lat' dir='ltr'>Ab</span> <span class='ocrx_word' id='word_1_275' title='bbox 1745 4009 1810 4048; x_wconf 88' lang='lat' dir='ltr'>eo</span> <span class='ocrx_word' id='word_1_276' title='bbox 1852 3993 2006 4064; x_wconf 89' lang='lat' dir='ltr'>quod</span> <span class='ocrx_word' id='word_1_277' title='bbox 2038 3993 2090 4048; x_wconf 91' lang='lat' dir='ltr'>ei</span> <span class='ocrx_word' id='word_1_278' title='bbox 2120 3992 2214 4047; x_wconf 93' lang='lat' dir='ltr'>lu-</span> 
     </span>
    </p>
   </div>
   <div class='ocr_carea' id='block_1_43' title="bbox 564 4081 2214 4156">
    <p class='ocr_par' dir='ltr' id='par_1_43' title="bbox 564 4081 2214 4156">
     <span class='ocr_line' id='line_1_44' title="bbox 564 4081 2214 4156; baseline -0.006 -8"><span class='ocrx_word' id='word_1_279' title='bbox 564 4107 699 4148; x_wconf 89' lang='lat' dir='ltr'>men</span> <span class='ocrx_word' id='word_1_280' title='bbox 753 4089 1012 4146; x_wconf 88' lang='lat' dir='ltr'>veritatis</span> <span class='ocrx_word' id='word_1_281' title='bbox 1071 4086 1280 4156; x_wconf 83' lang='lat' dir='ltr'>illuxit,</span> <span class='ocrx_word' id='word_1_282' title='bbox 1340 4081 1742 4139; x_wconf 88' lang='lat' dir='ltr'>indeﬁcienter</span> <span class='ocrx_word' id='word_1_283' title='bbox 1797 4081 2055 4138; x_wconf 88' lang='lat' dir='ltr'>coelestia</span> <span class='ocrx_word' id='word_1_284' title='bbox 2079 4099 2214 4138; x_wconf 89' lang='lat' dir='ltr'>con-</span> 
     </span>
    </p>
   </div>
   <div class='ocr_carea' id='block_1_44' title="bbox 559 4179 897 4252">
    <p class='ocr_par' dir='ltr' id='par_1_44' title="bbox 559 4179 897 4252">
     <span class='ocr_line' id='line_1_45' title="bbox 559 4179 897 4252; baseline -0.006 -16"><span class='ocrx_word' id='word_1_285' title='bbox 559 4179 897 4252; x_wconf 88' lang='lat' dir='ltr'>templetur.</span> 
     </span>
    </p>
   </div>
   <div class='ocr_carea' id='block_1_45' title="bbox 644 4260 2218 4341">
    <p class='ocr_par' dir='ltr' id='par_1_45' title="bbox 644 4260 2218 4341">
     <span class='ocr_line' id='line_1_46' title="bbox 644 4260 2218 4341; baseline -0.004 -17"><span class='ocrx_word' id='word_1_286' title='bbox 644 4291 672 4324; x_wconf 73' lang='grc' dir='ltr'><strong>α</strong></span> <span class='ocrx_word' id='word_1_287' title='bbox 704 4269 848 4335; x_wconf 86' lang='lat' dir='ltr'>Quia</span> <span class='ocrx_word' id='word_1_288' title='bbox 878 4269 1032 4341; x_wconf 89' lang='lat' dir='ltr'>apud</span> <span class='ocrx_word' id='word_1_289' title='bbox 1069 4266 1378 4322; x_wconf 81' lang='lat' dir='ltr'>Dominum</span> <span class='ocrx_word' id='word_1_290' title='bbox 1429 4260 1847 4332; x_wconf 86' lang='lat' dir='ltr'>misericordia,</span> <span class='ocrx_word' id='word_1_291' title='bbox 1883 4285 1910 4313; x_wconf 86' lang='grc'>››</span> <span class='ocrx_word' id='word_1_292' title='bbox 1936 4264 2080 4318; x_wconf 85' lang='lat' dir='ltr'>Cum</span> <span class='ocrx_word' id='word_1_293' title='bbox 2113 4278 2218 4335; x_wconf 89' lang='lat' dir='ltr'>pro</span> 
     </span>
    </p>
   </div>
   <div class='ocr_carea' id='block_1_46' title="bbox 565 4352 2216 4427">
    <p class='ocr_par' dir='ltr' id='par_1_46' title="bbox 565 4352 2216 4427">
     <span class='ocr_line' id='line_1_47' title="bbox 565 4352 2216 4427; baseline -0.006 -11"><span class='ocrx_word' id='word_1_294' title='bbox 565 4360 738 4417; x_wconf 88' lang='lat' dir='ltr'>nobis</span> <span class='ocrx_word' id='word_1_295' title='bbox 795 4359 971 4414; x_wconf 88' lang='lat' dir='ltr'>homo</span> <span class='ocrx_word' id='word_1_296' title='bbox 1027 4355 1154 4413; x_wconf 89' lang='lat' dir='ltr'>ﬁeri</span> <span class='ocrx_word' id='word_1_297' title='bbox 1185 4355 1463 4427; x_wconf 88' lang='lat' dir='ltr'>dignatus</span> <span class='ocrx_word' id='word_1_298' title='bbox 1494 4361 1602 4412; x_wconf 86' lang='lat' dir='ltr'>est.</span> <span class='ocrx_word' id='word_1_299' title='bbox 1645 4372 1667 4401; x_wconf 73' lang='grc' dir='ltr'>ι</span> <span class='ocrx_word' id='word_1_300' title='bbox 1701 4359 1766 4410; x_wconf 80' lang='lat' dir='ltr'>Et</span> <span class='ocrx_word' id='word_1_301' title='bbox 1796 4354 2032 4425; x_wconf 87' lang='lat' dir='ltr'>copiosa</span> <span class='ocrx_word' id='word_1_302' title='bbox 2061 4352 2216 4424; x_wconf 86' lang='lat' dir='ltr'>apud</span> 
     </span>
    </p>
   </div>
   <div class='ocr_carea' id='block_1_47' title="bbox 567 4445 2216 4518">
    <p class='ocr_par' dir='ltr' id='par_1_47' title="bbox 567 4445 2216 4518">
     <span class='ocr_line' id='line_1_48' title="bbox 567 4445 2216 4518; baseline -0.005 -13"><span class='ocrx_word' id='word_1_303' title='bbox 567 4449 753 4507; x_wconf 90' lang='lat' dir='ltr'>Deum</span> <span class='ocrx_word' id='word_1_304' title='bbox 785 4453 874 4504; x_wconf 92' lang='lat' dir='ltr'>est</span> <span class='ocrx_word' id='word_1_305' title='bbox 902 4445 1249 4518; x_wconf 87' lang='lat' dir='ltr'>redemptio.</span> <span class='ocrx_word' id='word_1_306' title='bbox 1282 4469 1305 4498; x_wconf 77' lang='grc' dir='ltr'><strong><em>ι</em></strong></span> <span class='ocrx_word' id='word_1_307' title='bbox 1357 4446 1502 4502; x_wconf 86' lang='lat' dir='ltr'>Cum</span> <span class='ocrx_word' id='word_1_308' title='bbox 1552 4464 1667 4503; x_wconf 90' lang='lat' dir='ltr'>non</span> <span class='ocrx_word' id='word_1_309' title='bbox 1706 4461 1870 4512; x_wconf 88' lang='lat' dir='ltr'>auro,</span> <span class='ocrx_word' id='word_1_310' title='bbox 1903 4458 2094 4514; x_wconf 91' lang='lat' dir='ltr'>neque</span> <span class='ocrx_word' id='word_1_311' title='bbox 2123 4458 2216 4497; x_wconf 88' lang='lat' dir='ltr'>ar-</span> 
     </span>
    </p>
   </div>
   <div class='ocr_carea' id='block_1_48' title="bbox 567 4533 1941 4610">
    <p class='ocr_par' dir='ltr' id='par_1_48' title="bbox 567 4533 1941 4610">
     <span class='ocr_line' id='line_1_49' title="bbox 567 4533 1941 4610; baseline -0.004 -16"><span class='ocrx_word' id='word_1_312' title='bbox 567 4543 771 4610; x_wconf 89' lang='lat' dir='ltr'>gento,</span> <span class='ocrx_word' id='word_1_313' title='bbox 804 4537 903 4593; x_wconf 91' lang='lat' dir='ltr'>sed</span> <span class='ocrx_word' id='word_1_314' title='bbox 937 4537 1191 4609; x_wconf 88' lang='lat' dir='ltr'>pretioso</span> <span class='ocrx_word' id='word_1_315' title='bbox 1223 4550 1331 4590; x_wconf 92' lang='lat' dir='ltr'>nos</span> <span class='ocrx_word' id='word_1_316' title='bbox 1359 4535 1646 4608; x_wconf 86' lang='lat' dir='ltr'>sanguine</span> <span class='ocrx_word' id='word_1_317' title='bbox 1677 4533 1941 4592; x_wconf 88' lang='lat' dir='ltr'>redemit.</span> 
     </span>
    </p>
   </div>
   <div class='ocr_carea' id='block_1_49' title="bbox 641 4621 2216 4698">
    <p class='ocr_par' dir='ltr' id='par_1_49' title="bbox 641 4621 2216 4698">
     <span class='ocr_line' id='line_1_50' title="bbox 641 4621 2216 4698; baseline -0.002 -20"><span class='ocrx_word' id='word_1_318' title='bbox 641 4649 670 4678; x_wconf 86' lang='grc'>‹‹</span> <span class='ocrx_word' id='word_1_319' title='bbox 704 4628 776 4682; x_wconf 87' lang='lat' dir='ltr'>Et</span> <span class='ocrx_word' id='word_1_320' title='bbox 805 4626 929 4698; x_wconf 92' lang='lat' dir='ltr'>ipse</span> <span class='ocrx_word' id='word_1_321' title='bbox 959 4625 1206 4681; x_wconf 88' lang='lat' dir='ltr'>redimet</span> <span class='ocrx_word' id='word_1_322' title='bbox 1233 4623 1411 4680; x_wconf 90' lang='lat' dir='ltr'>Israel</span> <span class='ocrx_word' id='word_1_323' title='bbox 1448 4642 1516 4681; x_wconf 80' lang='lat' dir='ltr'>ex</span> <span class='ocrx_word' id='word_1_324' title='bbox 1563 4625 1839 4682; x_wconf 91' lang='lat' dir='ltr'>omnibus</span> <span class='ocrx_word' id='word_1_325' title='bbox 1892 4621 2216 4694; x_wconf 89' lang='lat' dir='ltr'>iniquitati-</span> 
     </span>
    </p>
   </div>
   <div class='ocr_carea' id='block_1_50' title="bbox 569 4710 2298 4821">
    <p class='ocr_par' dir='ltr' id='par_1_50' title="bbox 569 4710 2298 4821">
     <span class='ocr_line' id='line_1_51' title="bbox 569 4710 2298 4821; baseline -0.005 -48"><span class='ocrx_word' id='word_1_326' title='bbox 569 4719 681 4773; x_wconf 83' lang='lat' dir='ltr'>bus</span> <span class='ocrx_word' id='word_1_327' title='bbox 712 4732 936 4771; x_wconf 88' lang='lat' dir='ltr'>eorum.</span> <span class='ocrx_word' id='word_1_328' title='bbox 975 4738 996 4765; x_wconf 76' lang='grc'><strong>1</strong></span> <span class='ocrx_word' id='word_1_329' title='bbox 1031 4715 1159 4786; x_wconf 88' lang='lat' dir='ltr'>Ipse</span> <span class='ocrx_word' id='word_1_330' title='bbox 1217 4714 1371 4770; x_wconf 92' lang='lat' dir='ltr'>enim</span> <span class='ocrx_word' id='word_1_331' title='bbox 1422 4715 1626 4780; x_wconf 88' lang='lat' dir='ltr'>Filius,</span> <span class='ocrx_word' id='word_1_332' title='bbox 1677 4716 2005 4770; x_wconf 88' lang='lat' dir='ltr'>introeunte</span> <span class='ocrx_word' id='word_1_333' title='bbox 2035 4710 2218 4783; x_wconf 88' lang='lat' dir='ltr'>pleni-</span> <span class='ocrx_word' id='word_1_334' title='bbox 2253 4755 2298 4821; x_wconf 66' lang='grc' dir='ltr'>υ</span> 
     </span>
    </p>
   </div>
   <div class='ocr_carea' id='block_1_51' title="bbox 567 4799 2219 4876">
    <p class='ocr_par' dir='ltr' id='par_1_51' title="bbox 567 4799 2219 4876">
     <span class='ocr_line' id='line_1_52' title="bbox 567 4799 2219 4876; baseline -0.004 -14"><span class='ocrx_word' id='word_1_335' title='bbox 567 4805 778 4862; x_wconf 86' lang='lat' dir='ltr'>tudine</span> <span class='ocrx_word' id='word_1_336' title='bbox 808 4805 1100 4876; x_wconf 85' lang='lat' dir='ltr'>gentium,</span> <span class='ocrx_word' id='word_1_337' title='bbox 1131 4802 1424 4875; x_wconf 88' lang='lat' dir='ltr'>reliquum</span> <span class='ocrx_word' id='word_1_338' title='bbox 1448 4804 1649 4874; x_wconf 90' lang='lat' dir='ltr'>Israel,</span> <span class='ocrx_word' id='word_1_339' title='bbox 1674 4804 1922 4860; x_wconf 90' lang='lat' dir='ltr'>remissa</span> <span class='ocrx_word' id='word_1_340' title='bbox 1943 4799 2219 4872; x_wconf 89' lang='lat' dir='ltr'>iniquita-</span> 
     </span>
    </p>
   </div>
   <div class='ocr_carea' id='block_1_52' title="bbox 569 4892 946 4962">
    <p class='ocr_par' dir='ltr' id='par_1_52' title="bbox 569 4892 946 4962">
     <span class='ocr_line' id='line_1_53' title="bbox 569 4892 946 4962; baseline -0.011 -10"><span class='ocrx_word' id='word_1_341' title='bbox 569 4899 646 4962; x_wconf 88' lang='lat' dir='ltr'>te,</span> <span class='ocrx_word' id='word_1_342' title='bbox 679 4892 946 4952; x_wconf 89' lang='lat' dir='ltr'>salvabit.</span> 
     </span>
    </p>
   </div>
   <div class='ocr_carea' id='block_1_53' title="bbox 1117 5001 1683 5058">
    <p class='ocr_par' dir='ltr' id='par_1_53' title="bbox 1117 5001 1683 5058">
     <span class='ocr_line' id='line_1_54' title="bbox 1117 5001 1683 5058; baseline 0.004 -4"><span class='ocrx_word' id='word_1_343' title='bbox 1117 5001 1446 5058; x_wconf 88' lang='lat' dir='ltr'>PSALMUS</span> <span class='ocrx_word' id='word_1_344' title='bbox 1485 5001 1683 5058; x_wconf 84' lang='lat' dir='ltr'>CXXX.</span> 
     </span>
    </p>
   </div>
   <div class='ocr_carea' id='block_1_54' title="bbox 571 5105 2219 5182">
    <p class='ocr_par' dir='ltr' id='par_1_54' title="bbox 571 5105 2219 5182">
     <span class='ocr_line' id='line_1_55' title="bbox 571 5105 2219 5182; baseline -0.005 -14"><span class='ocrx_word' id='word_1_345' title='bbox 571 5111 859 5168; x_wconf 79' lang='lat' dir='ltr'>Canticum</span> <span class='ocrx_word' id='word_1_346' title='bbox 910 5108 1208 5180; x_wconf 84' lang='lat' dir='ltr'>graduum.</span> <span class='ocrx_word' id='word_1_347' title='bbox 1262 5111 1373 5182; x_wconf 89' lang='lat' dir='ltr'>Iste</span> <span class='ocrx_word' id='word_1_348' title='bbox 1427 5108 1690 5182; x_wconf 79' lang='lat' dir='ltr'>psalmus</span> <span class='ocrx_word' id='word_1_349' title='bbox 1744 5106 2132 5182; x_wconf 79' lang='lat' dir='ltr'>duodecimae</span> <span class='ocrx_word' id='word_1_350' title='bbox 2163 5105 2219 5159; x_wconf 89' lang='lat' dir='ltr'>in</span> 
     </span>
    </p>
   </div>
   <div class='ocr_carea' id='block_1_55' title="bbox 641 5178 2222 5251">
    <p class='ocr_par' dir='ltr' id='par_1_55' title="bbox 641 5178 2222 5251">
     <span class='ocr_line' id='line_1_56' title="bbox 641 5178 2222 5251; baseline -0.004 -14"><span class='ocrx_word' id='word_1_351' title='bbox 641 5183 752 5238; x_wconf 88' lang='lat' dir='ltr'>hac</span> <span class='ocrx_word' id='word_1_352' title='bbox 777 5178 1142 5248; x_wconf 79' lang='lat' dir='ltr'>ascensione,</span> <span class='ocrx_word' id='word_1_353' title='bbox 1189 5181 1275 5236; x_wconf 91' lang='lat' dir='ltr'>vel</span> <span class='ocrx_word' id='word_1_354' title='bbox 1308 5178 1540 5247; x_wconf 82' lang='lat' dir='ltr'>cantici,</span> <span class='ocrx_word' id='word_1_355' title='bbox 1573 5180 1663 5236; x_wconf 90' lang='lat' dir='ltr'>vel</span> <span class='ocrx_word' id='word_1_356' title='bbox 1693 5180 1910 5251; x_wconf 85' lang='lat' dir='ltr'>gradus</span> <span class='ocrx_word' id='word_1_357' title='bbox 1951 5178 2222 5245; x_wconf 90' lang='lat' dir='ltr'>habetur,</span> 
     </span>
    </p>
   </div>
   <div class='ocr_carea' id='block_1_56' title="bbox 643 5250 2223 5382">
    <p class='ocr_par' dir='ltr' id='par_1_56' title="bbox 643 5250 2223 5382">
     <span class='ocr_line' id='line_1_57' title="bbox 643 5250 2223 5382; baseline -0.003 -74"><span class='ocrx_word' id='word_1_358' title='bbox 643 5253 744 5382; x_wconf 58' lang='lat' dir='ltr'>aui</span> <span class='ocrx_word' id='word_1_359' title='bbox 765 5270 882 5336; x_wconf 44' lang='lat' dir='ltr'>.nos</span> <span class='ocrx_word' id='word_1_360' title='bbox 913 5271 986 5335; x_wconf 53' lang='lat' dir='ltr'>ea</span> <span class='ocrx_word' id='word_1_361' title='bbox 1011 5270 1261 5324; x_wconf 88' lang='lat' dir='ltr'>persona</span> <span class='ocrx_word' id='word_1_362' title='bbox 1292 5252 1592 5324; x_wconf 70' lang='lat' dir='ltr'>Propheta:</span> <span class='ocrx_word' id='word_1_363' title='bbox 1613 5250 2004 5307; x_wconf 88' lang='lat' dir='ltr'>humilitatem</span> <span class='ocrx_word' id='word_1_364' title='bbox 2047 5264 2223 5332; x_wconf 82' lang='lat' dir='ltr'>quam</span> 
     </span>
     <span class='ocr_line' id='line_1_58' title="bbox 689 5321 2223 5382; baseline -0.005 0"><span class='ocrx_word' id='word_1_365' title='bbox 689 5326 912 5382; x_wconf 78' lang='lat' dir='ltr'>hristus</span> <span class='ocrx_word' id='word_1_366' title='bbox 972 5342 1032 5380; x_wconf 81' lang='lat' dir='ltr'>1n</span> <span class='ocrx_word' id='word_1_367' title='bbox 1089 5341 1262 5381; x_wconf 88' lang='lat' dir='ltr'>carne</span> <span class='ocrx_word' id='word_1_368' title='bbox 1313 5328 1649 5382; x_wconf 71' lang='lat' dir='ltr'>aestaturus</span> <span class='ocrx_word' id='word_1_369' title='bbox 1707 5328 1832 5380; x_wconf 89' lang='lat' dir='ltr'>erat</span> <span class='ocrx_word' id='word_1_370' title='bbox 1889 5323 2107 5382; x_wconf 87' lang='lat' dir='ltr'>edocet.</span> <span class='ocrx_word' id='word_1_371' title='bbox 2136 5321 2223 5377; x_wconf 86' lang='lat' dir='ltr'>d1-</span> 
     </span>
    </p>
   </div>
   <div class='ocr_carea' id='block_1_57' title="bbox 689 5319 2224 5397">
    <p class='ocr_par' dir='ltr' id='par_1_57' title="bbox 689 5319 2224 5397">
     <span class='ocr_line' id='line_1_59' title="bbox 689 5319 2224 5397; baseline -0.005 -15"><span class='ocrx_word' id='word_1_372' title='bbox 689 5325 912 5382; x_wconf 90' lang='lat' dir='ltr'>hristus</span> <span class='ocrx_word' id='word_1_373' title='bbox 972 5319 1032 5380; x_wconf 77' lang='lat' dir='ltr'>in</span> <span class='ocrx_word' id='word_1_374' title='bbox 1089 5341 1262 5381; x_wconf 88' lang='lat' dir='ltr'>carne</span> <span class='ocrx_word' id='word_1_375' title='bbox 1313 5319 1649 5397; x_wconf 77' lang='lat' dir='ltr'>gestaturus</span> <span class='ocrx_word' id='word_1_376' title='bbox 1707 5328 1832 5380; x_wconf 87' lang='lat' dir='ltr'>erat</span> <span class='ocrx_word' id='word_1_377' title='bbox 1889 5319 2107 5388; x_wconf 81' lang='lat' dir='ltr'>edocet,</span> <span class='ocrx_word' id='word_1_378' title='bbox 2136 5319 2224 5377; x_wconf 90' lang='lat' dir='ltr'>di-</span> 
     </span>
    </p>
   </div>
   <div class='ocr_carea' id='block_1_58' title="bbox 643 5414 818 5454">
    <p class='ocr_par' dir='ltr' id='par_1_58' title="bbox 643 5414 818 5454">
     <span class='ocr_line' id='line_1_60' title="bbox 643 5414 818 5454; baseline 0 -1"><span class='ocrx_word' id='word_1_379' title='bbox 643 5414 818 5454; x_wconf 90' lang='lat' dir='ltr'>cens:</span> 
     </span>
    </p>
   </div>
   <div class='ocr_carea' id='block_1_59' title="bbox 647 5488 2222 5550">
    <p class='ocr_par' dir='ltr' id='par_1_59' title="bbox 647 5488 2222 5550">
     <span class='ocr_line' id='line_1_61' title="bbox 647 5488 2222 5550; baseline -0.003 -1"><span class='ocrx_word' id='word_1_380' title='bbox 647 5517 675 5544; x_wconf 88' lang='lat'><strong>«</strong></span> <span class='ocrx_word' id='word_1_381' title='bbox 709 5493 974 5550; x_wconf 88' lang='lat' dir='ltr'>Domine.</span> <span class='ocrx_word' id='word_1_382' title='bbox 1010 5509 1126 5548; x_wconf 87' lang='lat' dir='ltr'>non</span> <span class='ocrx_word' id='word_1_383' title='bbox 1156 5498 1244 5548; x_wconf 90' lang='lat' dir='ltr'>est</span> <span class='ocrx_word' id='word_1_384' title='bbox 1292 5492 1608 5549; x_wconf 83' lang='lat' dir='ltr'>exaltatum</span> <span class='ocrx_word' id='word_1_385' title='bbox 1657 5510 1756 5550; x_wconf 92' lang='lat' dir='ltr'>cor</span> <span class='ocrx_word' id='word_1_386' title='bbox 1802 5507 2020 5548; x_wconf 90' lang='lat' dir='ltr'>meum.</span> <span class='ocrx_word' id='word_1_387' title='bbox 2055 5511 2076 5538; x_wconf 73' lang='grc' dir='ltr'>ιο</span> <span class='ocrx_word' id='word_1_388' title='bbox 2111 5488 2222 5545; x_wconf 91' lang='lat' dir='ltr'>Sed</span> 
     </span>
    </p>
   </div>
   <div class='ocr_carea' id='block_1_60' title="bbox 575 5577 2228 5654">
    <p class='ocr_par' dir='ltr' id='par_1_60' title="bbox 575 5577 2228 5654">
     <span class='ocr_line' id='line_1_62' title="bbox 575 5577 2228 5654; baseline -0.002 -17"><span class='ocrx_word' id='word_1_389' title='bbox 575 5583 634 5637; x_wconf 92' lang='lat' dir='ltr'>in</span> <span class='ocrx_word' id='word_1_390' title='bbox 668 5582 1018 5638; x_wconf 89' lang='lat' dir='ltr'>contritione</span> <span class='ocrx_word' id='word_1_391' title='bbox 1046 5588 1104 5638; x_wconf 91' lang='lat' dir='ltr'>et</span> <span class='ocrx_word' id='word_1_392' title='bbox 1133 5581 1541 5639; x_wconf 89' lang='lat' dir='ltr'>humiliatione</span> <span class='ocrx_word' id='word_1_393' title='bbox 1571 5583 1698 5654; x_wconf 92' lang='lat' dir='ltr'>ejus</span> <span class='ocrx_word' id='word_1_394' title='bbox 1723 5581 1906 5639; x_wconf 91' lang='lat' dir='ltr'>obtuli</span> <span class='ocrx_word' id='word_1_395' title='bbox 1926 5579 2029 5636; x_wconf 86' lang='lat' dir='ltr'>tibi</span> <span class='ocrx_word' id='word_1_396' title='bbox 2053 5577 2228 5635; x_wconf 81' lang='lat' dir='ltr'>sacri-</span> 
     </span>
    </p>
   </div>
   <div class='ocr_carea' id='block_1_61' title="bbox 574 5668 2219 5744">
    <p class='ocr_par' dir='ltr' id='par_1_61' title="bbox 574 5668 2219 5744">
     <span class='ocr_line' id='line_1_63' title="bbox 574 5668 2219 5744; baseline -0.001 -19"><span class='ocrx_word' id='word_1_397' title='bbox 574 5670 772 5726; x_wconf 86' lang='lat' dir='ltr'>ﬁcium</span> <span class='ocrx_word' id='word_1_398' title='bbox 807 5671 1178 5744; x_wconf 88' lang='lat' dir='ltr'>acceptabile.</span> <span class='ocrx_word' id='word_1_399' title='bbox 1214 5695 1240 5722; x_wconf 82' lang='lat'><strong>«</strong></span> <span class='ocrx_word' id='word_1_400' title='bbox 1274 5671 1474 5744; x_wconf 89' lang='lat' dir='ltr'>Neque</span> <span class='ocrx_word' id='word_1_401' title='bbox 1501 5671 1635 5729; x_wconf 87' lang='lat' dir='ltr'>elati</span> <span class='ocrx_word' id='word_1_402' title='bbox 1667 5677 1806 5728; x_wconf 90' lang='lat' dir='ltr'>sunt</span> <span class='ocrx_word' id='word_1_403' title='bbox 1843 5669 1994 5728; x_wconf 90' lang='lat' dir='ltr'>oculi</span> <span class='ocrx_word' id='word_1_404' title='bbox 2028 5668 2162 5724; x_wconf 91' lang='lat' dir='ltr'>mei.</span> <span class='ocrx_word' id='word_1_405' title='bbox 2191 5687 2219 5722; x_wconf 68' lang='grc' dir='ltr'><strong>η</strong></span> 
     </span>
    </p>
   </div>
   <div class='ocr_carea' id='block_1_62' title="bbox 574 5759 1879 5834">
    <p class='ocr_par' dir='ltr' id='par_1_62' title="bbox 574 5759 1879 5834">
     <span class='ocr_line' id='line_1_64' title="bbox 574 5759 1879 5834; baseline -0.002 -15"><span class='ocrx_word' id='word_1_406' title='bbox 574 5759 650 5820; x_wconf 88' lang='lat' dir='ltr'>Ut</span> <span class='ocrx_word' id='word_1_407' title='bbox 679 5759 1017 5815; x_wconf 88' lang='lat' dir='ltr'>transitoria</span> <span class='ocrx_word' id='word_1_408' title='bbox 1047 5761 1527 5834; x_wconf 78' lang='lat' dir='ltr'>concupiscerent</span> <span class='ocrx_word' id='word_1_409' title='bbox 1556 5765 1612 5816; x_wconf 89' lang='lat' dir='ltr'>et</span> <span class='ocrx_word' id='word_1_410' title='bbox 1642 5762 1879 5817; x_wconf 85' lang='lat' dir='ltr'>caduca.</span> 
     </span>
    </p>
   </div>
   <div class='ocr_carea' id='block_1_63' title="bbox 649 5848 2228 5927">
    <p class='ocr_par' dir='ltr' id='par_1_63' title="bbox 649 5848 2228 5927">
     <span class='ocr_line' id='line_1_65' title="bbox 649 5848 2228 5927; baseline -0.004 -15"><span class='ocrx_word' id='word_1_411' title='bbox 649 5871 680 5912; x_wconf 76' lang='grc' dir='ltr'>ιι</span> <span class='ocrx_word' id='word_1_412' title='bbox 710 5848 910 5927; x_wconf 84' lang='lat' dir='ltr'>Neque</span> <span class='ocrx_word' id='word_1_413' title='bbox 943 5850 1235 5908; x_wconf 83' lang='lat' dir='ltr'>ambulavi</span> <span class='ocrx_word' id='word_1_414' title='bbox 1264 5851 1324 5908; x_wconf 91' lang='lat' dir='ltr'>in</span> <span class='ocrx_word' id='word_1_415' title='bbox 1357 5852 1626 5927; x_wconf 86' lang='lat' dir='ltr'>magnis:</span> <span class='ocrx_word' id='word_1_416' title='bbox 1677 5867 1863 5927; x_wconf 85' lang='lat' dir='ltr'>neque</span> <span class='ocrx_word' id='word_1_417' title='bbox 1902 5851 1962 5909; x_wconf 87' lang='lat' dir='ltr'>in</span> <span class='ocrx_word' id='word_1_418' title='bbox 1994 5848 2228 5910; x_wconf 83' lang='lat' dir='ltr'>mirabi-</span> 
     </span>
    </p>
   </div>
   <div class='ocr_carea' id='block_1_64' title="bbox 2308 705 3960 780">
    <p class='ocr_par' dir='ltr' id='par_1_64' title="bbox 2308 705 3960 780">
     <span class='ocr_line' id='line_1_66' title="bbox 2308 705 3960 780; baseline -0.004 -10"><span class='ocrx_word' id='word_1_419' title='bbox 2308 717 2526 770; x_wconf 86' lang='lat' dir='ltr'>bantur</span> <span class='ocrx_word' id='word_1_420' title='bbox 2550 711 2908 778; x_wconf 90' lang='lat' dir='ltr'>hominibus,</span> <span class='ocrx_word' id='word_1_421' title='bbox 2964 709 3024 764; x_wconf 92' lang='lat' dir='ltr'>in</span> <span class='ocrx_word' id='word_1_422' title='bbox 3055 707 3148 764; x_wconf 91' lang='lat' dir='ltr'>his</span> <span class='ocrx_word' id='word_1_423' title='bbox 3207 724 3323 764; x_wconf 82' lang='lat' dir='ltr'>non</span> <span class='ocrx_word' id='word_1_424' title='bbox 3372 705 3608 775; x_wconf 87' lang='lat' dir='ltr'>incessi,</span> <span class='ocrx_word' id='word_1_425' title='bbox 3642 721 3713 764; x_wconf 86' lang='lat' dir='ltr'>ne</span> <span class='ocrx_word' id='word_1_426' title='bbox 3738 722 3834 762; x_wconf 90' lang='lat' dir='ltr'>me</span> <span class='ocrx_word' id='word_1_427' title='bbox 3861 723 3960 780; x_wconf 58' lang='lat' dir='ltr'>ups-</span> 
     </span>
    </p>
   </div>
   <div class='ocr_carea' id='block_1_65' title="bbox 2311 804 2648 876">
    <p class='ocr_par' dir='ltr' id='par_1_65' title="bbox 2311 804 2648 876">
     <span class='ocr_line' id='line_1_67' title="bbox 2311 804 2648 876; baseline -0.009 -17"><span class='ocrx_word' id='word_1_428' title='bbox 2311 804 2648 876; x_wconf 88' lang='lat' dir='ltr'>primerent.</span> 
     </span>
    </p>
   </div>
   <div class='ocr_carea' id='block_1_66' title="bbox 2383 883 3959 948">
    <p class='ocr_par' dir='ltr' id='par_1_66' title="bbox 2383 883 3959 948">
     <span class='ocr_line' id='line_1_68' title="bbox 2383 883 3959 948; baseline 0.001 -6"><span class='ocrx_word' id='word_1_429' title='bbox 2383 916 2410 942; x_wconf 90' lang='grc'>‹‹</span> <span class='ocrx_word' id='word_1_430' title='bbox 2445 893 2500 947; x_wconf 89' lang='lat' dir='ltr'>Si</span> <span class='ocrx_word' id='word_1_431' title='bbox 2551 909 2668 948; x_wconf 89' lang='lat' dir='ltr'>non</span> <span class='ocrx_word' id='word_1_432' title='bbox 2735 887 3037 946; x_wconf 88' lang='lat' dir='ltr'>humiliter</span> <span class='ocrx_word' id='word_1_433' title='bbox 3113 885 3477 944; x_wconf 88' lang='lat' dir='ltr'>sentiebam:</span> <span class='ocrx_word' id='word_1_434' title='bbox 3555 884 3659 942; x_wconf 91' lang='lat' dir='ltr'>sed</span> <span class='ocrx_word' id='word_1_435' title='bbox 3717 883 3959 944; x_wconf 75' lang='lat' dir='ltr'>exaltavi</span> 
     </span>
    </p>
   </div>
   <div class='ocr_carea' id='block_1_67' title="bbox 2313 974 3960 1048">
    <p class='ocr_par' dir='ltr' id='par_1_67' title="bbox 2313 974 3960 1048">
     <span class='ocr_line' id='line_1_69' title="bbox 2313 974 3960 1048; baseline -0.005 -10"><span class='ocrx_word' id='word_1_436' title='bbox 2313 982 2572 1038; x_wconf 89' lang='lat' dir='ltr'>animam</span> <span class='ocrx_word' id='word_1_437' title='bbox 2607 996 2817 1035; x_wconf 85' lang='lat' dir='ltr'>meam.</span> <span class='ocrx_word' id='word_1_438' title='bbox 2854 1001 2881 1028; x_wconf 84' lang='lat'><strong>»</strong></span> <span class='ocrx_word' id='word_1_439' title='bbox 2928 975 3180 1032; x_wconf 87' lang='lat' dir='ltr'>Humilis</span> <span class='ocrx_word' id='word_1_440' title='bbox 3226 975 3465 1048; x_wconf 86' lang='lat' dir='ltr'>quidem</span> <span class='ocrx_word' id='word_1_441' title='bbox 3512 978 3604 1032; x_wconf 89' lang='lat' dir='ltr'>est</span> <span class='ocrx_word' id='word_1_442' title='bbox 3631 974 3824 1039; x_wconf 89' lang='lat' dir='ltr'>corde,</span> <span class='ocrx_word' id='word_1_443' title='bbox 3857 975 3960 1036; x_wconf 86' lang='lat' dir='ltr'>sed</span> 
     </span>
    </p>
   </div>
   <div class='ocr_carea' id='block_1_68' title="bbox 2313 1062 3958 1127">
    <p class='ocr_par' dir='ltr' id='par_1_68' title="bbox 2313 1062 3958 1127">
     <span class='ocr_line' id='line_1_70' title="bbox 2313 1062 3958 1127; baseline -0.005 0"><span class='ocrx_word' id='word_1_444' title='bbox 2313 1070 2577 1127; x_wconf 81' lang='lat' dir='ltr'>excelsus</span> <span class='ocrx_word' id='word_1_445' title='bbox 2607 1074 2697 1126; x_wconf 87' lang='lat' dir='ltr'>est</span> <span class='ocrx_word' id='word_1_446' title='bbox 2723 1085 2918 1125; x_wconf 90' lang='lat' dir='ltr'>sensu.</span> <span class='ocrx_word' id='word_1_447' title='bbox 2949 1065 3261 1122; x_wconf 88' lang='lat' dir='ltr'>Humiliter</span> <span class='ocrx_word' id='word_1_448' title='bbox 3282 1063 3602 1120; x_wconf 89' lang='lat' dir='ltr'>sentiebam</span> <span class='ocrx_word' id='word_1_449' title='bbox 3625 1062 3684 1120; x_wconf 92' lang='lat' dir='ltr'>in</span> <span class='ocrx_word' id='word_1_450' title='bbox 3707 1063 3917 1122; x_wconf 85' lang='lat' dir='ltr'>saeculo</span> <span class='ocrx_word' id='word_1_451' title='bbox 3941 1078 3958 1119; x_wconf 89' lang='lat'>:</span> 
     </span>
    </p>
   </div>
   <div class='ocr_carea' id='block_1_69' title="bbox 2314 1152 3478 1217">
    <p class='ocr_par' dir='ltr' id='par_1_69' title="bbox 2314 1152 3478 1217">
     <span class='ocr_line' id='line_1_71' title="bbox 2314 1152 3478 1217; baseline -0.008 0"><span class='ocrx_word' id='word_1_452' title='bbox 2314 1161 2414 1217; x_wconf 91' lang='lat' dir='ltr'>sed</span> <span class='ocrx_word' id='word_1_453' title='bbox 2447 1159 2704 1215; x_wconf 87' lang='lat' dir='ltr'>animam</span> <span class='ocrx_word' id='word_1_454' title='bbox 2736 1173 2926 1214; x_wconf 90' lang='lat' dir='ltr'>meam</span> <span class='ocrx_word' id='word_1_455' title='bbox 2958 1154 3202 1213; x_wconf 83' lang='lat' dir='ltr'>exaltavi</span> <span class='ocrx_word' id='word_1_456' title='bbox 3225 1154 3284 1209; x_wconf 91' lang='lat' dir='ltr'>in</span> <span class='ocrx_word' id='word_1_457' title='bbox 3315 1152 3478 1211; x_wconf 79' lang='lat' dir='ltr'>ccelo.</span> 
     </span>
    </p>
   </div>
   <div class='ocr_carea' id='block_1_70' title="bbox 2391 1241 3961 1321">
    <p class='ocr_par' dir='ltr' id='par_1_70' title="bbox 2391 1241 3961 1321">
     <span class='ocr_line' id='line_1_72' title="bbox 2391 1241 3961 1321; baseline -0.004 -16"><span class='ocrx_word' id='word_1_458' title='bbox 2391 1274 2411 1300; x_wconf 74' lang='grc' dir='ltr'><strong><em>α</em></strong></span> <span class='ocrx_word' id='word_1_459' title='bbox 2448 1250 2612 1306; x_wconf 89' lang='lat' dir='ltr'>Sicut</span> <span class='ocrx_word' id='word_1_460' title='bbox 2641 1247 2742 1321; x_wconf 90' lang='lat' dir='ltr'>qui</span> <span class='ocrx_word' id='word_1_461' title='bbox 2781 1247 3107 1304; x_wconf 88' lang='lat' dir='ltr'>ablactatus</span> <span class='ocrx_word' id='word_1_462' title='bbox 3153 1250 3242 1300; x_wconf 86' lang='lat' dir='ltr'>est</span> <span class='ocrx_word' id='word_1_463' title='bbox 3285 1260 3320 1299; x_wconf 89' lang='lat' dir='ltr'>a</span> <span class='ocrx_word' id='word_1_464' title='bbox 3367 1247 3552 1302; x_wconf 86' lang='lat' dir='ltr'>matre</span> <span class='ocrx_word' id='word_1_465' title='bbox 3602 1259 3734 1315; x_wconf 83' lang='lat' dir='ltr'>sua,</span> <span class='ocrx_word' id='word_1_466' title='bbox 3763 1241 3847 1298; x_wconf 89' lang='lat' dir='ltr'>ita</span> <span class='ocrx_word' id='word_1_467' title='bbox 3873 1258 3961 1298; x_wconf 60' lang='grc' dir='ltr'>πιθα</span> 
     </span>
    </p>
   </div>
   <div class='ocr_carea' id='block_1_71' title="bbox 2314 1331 3967 1404">
    <p class='ocr_par' dir='ltr' id='par_1_71' title="bbox 2314 1331 3967 1404">
     <span class='ocr_line' id='line_1_73' title="bbox 2314 1331 3967 1404; baseline -0.005 -10"><span class='ocrx_word' id='word_1_468' title='bbox 2314 1339 2538 1395; x_wconf 91' lang='lat' dir='ltr'>tribues</span> <span class='ocrx_word' id='word_1_469' title='bbox 2571 1339 2629 1393; x_wconf 91' lang='lat' dir='ltr'>in</span> <span class='ocrx_word' id='word_1_470' title='bbox 2667 1337 2926 1394; x_wconf 89' lang='lat' dir='ltr'>animam</span> <span class='ocrx_word' id='word_1_471' title='bbox 2984 1349 3261 1390; x_wconf 86' lang='lat' dir='ltr'>meam.»</span> <span class='ocrx_word' id='word_1_472' title='bbox 3318 1331 3478 1388; x_wconf 86' lang='lat' dir='ltr'>Nihil</span> <span class='ocrx_word' id='word_1_473' title='bbox 3533 1331 3591 1386; x_wconf 89' lang='lat' dir='ltr'>in</span> <span class='ocrx_word' id='word_1_474' title='bbox 3654 1331 3967 1404; x_wconf 78' lang='lat' dir='ltr'>sepuerile</span> 
     </span>
    </p>
   </div>
   <div class='ocr_carea' id='block_1_72' title="bbox 2319 1420 3963 1500">
    <p class='ocr_par' dir='ltr' id='par_1_72' title="bbox 2319 1420 3963 1500">
     <span class='ocr_line' id='line_1_74' title="bbox 2319 1420 3963 1500; baseline -0.006 -15"><span class='ocrx_word' id='word_1_475' title='bbox 2319 1429 2530 1485; x_wconf 90' lang='lat' dir='ltr'>sentit:</span> <span class='ocrx_word' id='word_1_476' title='bbox 2566 1427 2707 1500; x_wconf 87' lang='lat' dir='ltr'>quia</span> <span class='ocrx_word' id='word_1_477' title='bbox 2736 1425 2932 1481; x_wconf 89' lang='lat' dir='ltr'>cibum</span> <span class='ocrx_word' id='word_1_478' title='bbox 2964 1423 3136 1480; x_wconf 88' lang='lat' dir='ltr'>lactis</span> <span class='ocrx_word' id='word_1_479' title='bbox 3187 1421 3491 1487; x_wconf 84' lang='lat' dir='ltr'>excedens,</span> <span class='ocrx_word' id='word_1_480' title='bbox 3537 1421 3609 1476; x_wconf 91' lang='lat' dir='ltr'>ad</span> <span class='ocrx_word' id='word_1_481' title='bbox 3642 1420 3963 1492; x_wconf 75' lang='lat' dir='ltr'>perfectum</span> 
     </span>
    </p>
   </div>
   <div class='ocr_carea' id='block_1_73' title="bbox 2319 1507 3957 1591">
    <p class='ocr_par' dir='ltr' id='par_1_73' title="bbox 2319 1507 3957 1591">
     <span class='ocr_line' id='line_1_75' title="bbox 2319 1507 3957 1591; baseline -0.004 -18"><span class='ocrx_word' id='word_1_482' title='bbox 2319 1516 2578 1591; x_wconf 88' lang='lat' dir='ltr'>pervenit</span> <span class='ocrx_word' id='word_1_483' title='bbox 2609 1516 2820 1583; x_wconf 89' lang='lat' dir='ltr'>virum,</span> <span class='ocrx_word' id='word_1_484' title='bbox 2850 1513 2948 1569; x_wconf 92' lang='lat' dir='ltr'>illo</span> <span class='ocrx_word' id='word_1_485' title='bbox 2983 1529 3138 1568; x_wconf 91' lang='lat' dir='ltr'>nunc</span> <span class='ocrx_word' id='word_1_486' title='bbox 3184 1527 3355 1583; x_wconf 90' lang='lat' dir='ltr'>pane,</span> <span class='ocrx_word' id='word_1_487' title='bbox 3416 1510 3514 1582; x_wconf 91' lang='lat' dir='ltr'>qui</span> <span class='ocrx_word' id='word_1_488' title='bbox 3571 1510 3641 1570; x_wconf 90' lang='lat' dir='ltr'>de</span> <span class='ocrx_word' id='word_1_489' title='bbox 3672 1507 3830 1566; x_wconf 74' lang='lat' dir='ltr'>melis</span> <span class='ocrx_word' id='word_1_490' title='bbox 3856 1509 3957 1571; x_wconf 56' lang='lat' dir='ltr'>aﬂ—</span> 
     </span>
    </p>
   </div>
   <div class='ocr_carea' id='block_1_74' title="bbox 2315 1605 2852 1673">
    <p class='ocr_par' dir='ltr' id='par_1_74' title="bbox 2315 1605 2852 1673">
     <span class='ocr_line' id='line_1_76' title="bbox 2315 1605 2852 1673; baseline -0.011 -9"><span class='ocrx_word' id='word_1_491' title='bbox 2315 1607 2493 1673; x_wconf 89' lang='lat' dir='ltr'>venit,</span> <span class='ocrx_word' id='word_1_492' title='bbox 2527 1605 2602 1661; x_wconf 91' lang='lat' dir='ltr'>ali</span> <span class='ocrx_word' id='word_1_493' title='bbox 2634 1608 2852 1660; x_wconf 84' lang='lat' dir='ltr'>exorat.</span> 
     </span>
    </p>
   </div>
   <div class='ocr_carea' id='block_1_75' title="bbox 2394 1687 3969 1767">
    <p class='ocr_par' dir='ltr' id='par_1_75' title="bbox 2394 1687 3969 1767">
     <span class='ocr_line' id='line_1_77' title="bbox 2394 1687 3969 1767; baseline -0.003 -19"><span class='ocrx_word' id='word_1_494' title='bbox 2394 1696 2658 1767; x_wconf 81' lang='lat' dir='ltr'>«Speret</span> <span class='ocrx_word' id='word_1_495' title='bbox 2717 1691 2891 1748; x_wconf 89' lang='lat' dir='ltr'>Israel</span> <span class='ocrx_word' id='word_1_496' title='bbox 2948 1691 3008 1747; x_wconf 92' lang='lat' dir='ltr'>in</span> <span class='ocrx_word' id='word_1_497' title='bbox 3069 1689 3335 1758; x_wconf 88' lang='lat' dir='ltr'>Domino,</span> <span class='ocrx_word' id='word_1_498' title='bbox 3398 1704 3470 1745; x_wconf 88' lang='lat' dir='ltr'>ex</span> <span class='ocrx_word' id='word_1_499' title='bbox 3533 1687 3644 1744; x_wconf 89' lang='lat' dir='ltr'>hoc</span> <span class='ocrx_word' id='word_1_500' title='bbox 3699 1704 3856 1744; x_wconf 89' lang='lat' dir='ltr'>nunc</span> <span class='ocrx_word' id='word_1_501' title='bbox 3911 1691 3969 1756; x_wconf 76' lang='lat' dir='ltr'>et</span> 
     </span>
    </p>
   </div>
   <div class='ocr_carea' id='block_1_76' title="bbox 2322 1777 3968 1857">
    <p class='ocr_par' dir='ltr' id='par_1_76' title="bbox 2322 1777 3968 1857">
     <span class='ocr_line' id='line_1_78' title="bbox 2322 1777 3968 1857; baseline -0.005 -17"><span class='ocrx_word' id='word_1_502' title='bbox 2322 1801 2508 1857; x_wconf 89' lang='lat' dir='ltr'>usque</span> <span class='ocrx_word' id='word_1_503' title='bbox 2533 1784 2594 1840; x_wconf 94' lang='lat' dir='ltr'>in</span> <span class='ocrx_word' id='word_1_504' title='bbox 2623 1781 2924 1838; x_wconf 66' lang='lat' dir='ltr'>saeculum.</span> <span class='ocrx_word' id='word_1_505' title='bbox 2961 1803 2988 1832; x_wconf 83' lang='grc'>››</span> <span class='ocrx_word' id='word_1_506' title='bbox 3020 1783 3194 1836; x_wconf 90' lang='lat' dir='ltr'>Docet</span> <span class='ocrx_word' id='word_1_507' title='bbox 3223 1783 3288 1835; x_wconf 89' lang='lat' dir='ltr'>ut</span> <span class='ocrx_word' id='word_1_508' title='bbox 3334 1777 3496 1835; x_wconf 90' lang='lat' dir='ltr'>nullo</span> <span class='ocrx_word' id='word_1_509' title='bbox 3544 1778 3659 1834; x_wconf 84' lang='lat' dir='ltr'>ﬁne</span> <span class='ocrx_word' id='word_1_510' title='bbox 3689 1777 3968 1850; x_wconf 73' lang='lat' dir='ltr'>temporis</span> 
     </span>
    </p>
   </div>
   <div class='ocr_carea' id='block_1_77' title="bbox 2322 1866 3968 1946">
    <p class='ocr_par' dir='ltr' id='par_1_77' title="bbox 2322 1866 3968 1946">
     <span class='ocr_line' id='line_1_79' title="bbox 2322 1866 3968 1946; baseline -0.004 -16"><span class='ocrx_word' id='word_1_511' title='bbox 2322 1892 2454 1946; x_wconf 89' lang='lat' dir='ltr'>spes</span> <span class='ocrx_word' id='word_1_512' title='bbox 2486 1877 2686 1929; x_wconf 88' lang='lat' dir='ltr'>nostra</span> <span class='ocrx_word' id='word_1_513' title='bbox 2715 1871 3056 1928; x_wconf 86' lang='lat' dir='ltr'>claudatur:</span> <span class='ocrx_word' id='word_1_514' title='bbox 3091 1873 3156 1924; x_wconf 89' lang='lat' dir='ltr'>ut</span> <span class='ocrx_word' id='word_1_515' title='bbox 3184 1885 3287 1941; x_wconf 91' lang='lat' dir='ltr'>per</span> <span class='ocrx_word' id='word_1_516' title='bbox 3339 1883 3504 1940; x_wconf 89' lang='lat' dir='ltr'>spem</span> <span class='ocrx_word' id='word_1_517' title='bbox 3550 1866 3850 1940; x_wconf 56' lang='lat' dir='ltr'>praesentis</span> <span class='ocrx_word' id='word_1_518' title='bbox 3878 1866 3968 1923; x_wconf 85' lang='lat' dir='ltr'>vi-</span> 
     </span>
    </p>
   </div>
   <div class='ocr_carea' id='block_1_78' title="bbox 2323 1957 3362 2031">
    <p class='ocr_par' dir='ltr' id='par_1_78' title="bbox 2323 1957 3362 2031">
     <span class='ocr_line' id='line_1_80' title="bbox 2323 1957 3362 2031; baseline -0.008 -11"><span class='ocrx_word' id='word_1_519' title='bbox 2323 1969 2394 2019; x_wconf 73' lang='lat' dir='ltr'>tae</span> <span class='ocrx_word' id='word_1_520' title='bbox 2429 1963 2584 2020; x_wconf 89' lang='lat' dir='ltr'>bona</span> <span class='ocrx_word' id='word_1_521' title='bbox 2613 1961 2792 2018; x_wconf 85' lang='lat' dir='ltr'>futuri</span> <span class='ocrx_word' id='word_1_522' title='bbox 2815 1958 3010 2016; x_wconf 75' lang='lat' dir='ltr'>saeculi</span> <span class='ocrx_word' id='word_1_523' title='bbox 3039 1957 3362 2031; x_wconf 90' lang='lat' dir='ltr'>capiamus.</span> 
     </span>
    </p>
   </div>
   <div class='ocr_carea' id='block_1_79' title="bbox 2857 2100 3448 2159">
    <p class='ocr_par' dir='ltr' id='par_1_79' title="bbox 2857 2100 3448 2159">
     <span class='ocr_line' id='line_1_81' title="bbox 2857 2100 3448 2159; baseline -0.005 -1"><span class='ocrx_word' id='word_1_524' title='bbox 2857 2101 3184 2159; x_wconf 82' lang='lat' dir='ltr'>PSALMUS</span> <span class='ocrx_word' id='word_1_525' title='bbox 3215 2100 3448 2156; x_wconf 86' lang='lat' dir='ltr'>CXXXI.</span> 
     </span>
    </p>
   </div>
   <div class='ocr_carea' id='block_1_80' title="bbox 2326 2206 3974 2283">
    <p class='ocr_par' dir='ltr' id='par_1_80' title="bbox 2326 2206 3974 2283">
     <span class='ocr_line' id='line_1_82' title="bbox 2326 2206 3974 2283; baseline -0.005 -12"><span class='ocrx_word' id='word_1_526' title='bbox 2326 2216 2606 2272; x_wconf 74' lang='lat' dir='ltr'>Canticum</span> <span class='ocrx_word' id='word_1_527' title='bbox 2643 2213 2936 2283; x_wconf 84' lang='lat' dir='ltr'>graduum.</span> <span class='ocrx_word' id='word_1_528' title='bbox 2989 2211 3103 2283; x_wconf 88' lang='lat' dir='ltr'>Iste</span> <span class='ocrx_word' id='word_1_529' title='bbox 3150 2208 3416 2283; x_wconf 83' lang='lat' dir='ltr'>psalmus</span> <span class='ocrx_word' id='word_1_530' title='bbox 3468 2207 3721 2262; x_wconf 87' lang='lat' dir='ltr'>habetur</span> <span class='ocrx_word' id='word_1_531' title='bbox 3747 2206 3806 2283; x_wconf 81' lang='lat' dir='ltr'>in</span> <span class='ocrx_word' id='word_1_532' title='bbox 3837 2223 3974 2264; x_wconf 87' lang='lat' dir='ltr'>can-</span> 
     </span>
    </p>
   </div>
   <div class='ocr_carea' id='block_1_81' title="bbox 2393 2278 3966 2362">
    <p class='ocr_par' dir='ltr' id='par_1_81' title="bbox 2393 2278 3966 2362">
     <span class='ocr_line' id='line_1_83' title="bbox 2393 2278 3966 2362; baseline -0.006 -20"><span class='ocrx_word' id='word_1_533' title='bbox 2393 2287 2524 2362; x_wconf 72' lang='lat' dir='ltr'>ticis</span> <span class='ocrx_word' id='word_1_534' title='bbox 2556 2278 2909 2362; x_wconf 77' lang='lat' dir='ltr'>tredecimus</span> <span class='ocrx_word' id='word_1_535' title='bbox 2942 2278 3538 2362; x_wconf 45' lang='lat' dir='ltr'>graduum‘gﬂuinper</span> <span class='ocrx_word' id='word_1_536' title='bbox 3567 2278 3966 2334; x_wconf 86' lang='lat' dir='ltr'>ascensionem</span> 
     </span>
    </p>
   </div>
   <div class='ocr_carea' id='block_1_82' title="bbox 2393 2299 3977 2431">
    <p class='ocr_par' dir='ltr' id='par_1_82' title="bbox 2393 2299 3977 2431">
     <span class='ocr_line' id='line_1_84' title="bbox 2393 2299 3966 2408; baseline -0.006 -66"><span class='ocrx_word' id='word_1_537' title='bbox 2393 2299 2524 2342; x_wconf 78' lang='lat' dir='ltr'>tlcis</span> <span class='ocrx_word' id='word_1_538' title='bbox 2556 2299 2909 2341; x_wconf 79' lang='lat' dir='ltr'>tredecunus</span> <span class='ocrx_word' id='word_1_539' title='bbox 2940 2299 3232 2408; x_wconf 57' lang='lat' dir='ltr'>grauuum</span> <span class='ocrx_word' id='word_1_540' title='bbox 3259 2299 3271 2334; x_wconf 89' lang='lat'>:</span> <span class='ocrx_word' id='word_1_541' title='bbox 3303 2299 3404 2362; x_wconf 68' lang='lat' dir='ltr'>qm</span> <span class='ocrx_word' id='word_1_542' title='bbox 3437 2299 3538 2351; x_wconf 87' lang='lat' dir='ltr'>per</span> <span class='ocrx_word' id='word_1_543' title='bbox 3567 2299 3966 2334; x_wconf 73' lang='lat' dir='ltr'>ascensnonem</span> 
     </span>
     <span class='ocr_line' id='line_1_85' title="bbox 2393 2350 3977 2431; baseline -0.006 -17"><span class='ocrx_word' id='word_1_544' title='bbox 2393 2359 2756 2431; x_wconf 79' lang='lat' dir='ltr'>profectuum</span> <span class='ocrx_word' id='word_1_545' title='bbox 2787 2356 2860 2431; x_wconf 80' lang='lat' dir='ltr'>de</span> <span class='ocrx_word' id='word_1_546' title='bbox 2905 2371 2937 2409; x_wconf 91' lang='lat' dir='ltr'>a</span> <span class='ocrx_word' id='word_1_547' title='bbox 2980 2356 3153 2431; x_wconf 77' lang='lat' dir='ltr'>ventu</span> <span class='ocrx_word' id='word_1_548' title='bbox 3211 2350 3338 2407; x_wconf 84' lang='lat' dir='ltr'>Filu</span> <span class='ocrx_word' id='word_1_549' title='bbox 3395 2351 3496 2407; x_wconf 89' lang='lat' dir='ltr'>Dei</span> <span class='ocrx_word' id='word_1_550' title='bbox 3553 2365 3622 2406; x_wconf 81' lang='lat' dir='ltr'>ex</span> <span class='ocrx_word' id='word_1_551' title='bbox 3673 2365 3811 2405; x_wconf 85' lang='lat' dir='ltr'>voce</span> <span class='ocrx_word' id='word_1_552' title='bbox 3839 2365 3977 2423; x_wconf 84' lang='lat' dir='ltr'>pro-</span> 
     </span>
    </p>
   </div>
   <div class='ocr_carea' id='block_1_83' title="bbox 2395 2425 3298 2502">
    <p class='ocr_par' dir='ltr' id='par_1_83' title="bbox 2395 2425 3298 2502">
     <span class='ocr_line' id='line_1_86' title="bbox 2395 2425 3298 2502; baseline -0.009 -16"><span class='ocrx_word' id='word_1_553' title='bbox 2395 2425 2628 2502; x_wconf 81' lang='lat' dir='ltr'>phetica</span> <span class='ocrx_word' id='word_1_554' title='bbox 2658 2445 2764 2485; x_wconf 91' lang='lat' dir='ltr'>nos</span> <span class='ocrx_word' id='word_1_555' title='bbox 2795 2428 3014 2492; x_wconf 90' lang='lat' dir='ltr'>edocet,</span> <span class='ocrx_word' id='word_1_556' title='bbox 3056 2425 3258 2481; x_wconf 89' lang='lat' dir='ltr'>dicens</span> <span class='ocrx_word' id='word_1_557' title='bbox 3285 2441 3298 2479; x_wconf 91' lang='lat'>:</span> 
     </span>
    </p>
   </div>
   <div class='ocr_carea' id='block_1_84' title="bbox 2394 2528 3965 2613">
    <p class='ocr_par' dir='ltr' id='par_1_84' title="bbox 2394 2528 3965 2613">
     <span class='ocr_line' id='line_1_87' title="bbox 2394 2528 3965 2613; baseline -0.004 -23"><span class='ocrx_word' id='word_1_558' title='bbox 2394 2561 2422 2586; x_wconf 91' lang='grc'><strong><em>‹‹</em></strong></span> <span class='ocrx_word' id='word_1_559' title='bbox 2456 2540 2761 2599; x_wconf 80' lang='lat' dir='ltr'>Memento,</span> <span class='ocrx_word' id='word_1_560' title='bbox 2799 2533 3058 2613; x_wconf 84' lang='lat' dir='ltr'>Domine,</span> <span class='ocrx_word' id='word_1_561' title='bbox 3092 2531 3292 2587; x_wconf 89' lang='lat' dir='ltr'>David.</span> <span class='ocrx_word' id='word_1_562' title='bbox 3329 2552 3357 2579; x_wconf 87' lang='grc'><strong>››</strong></span> <span class='ocrx_word' id='word_1_563' title='bbox 3391 2529 3574 2585; x_wconf 85' lang='lat' dir='ltr'>Filius</span> <span class='ocrx_word' id='word_1_564' title='bbox 3603 2528 3965 2601; x_wconf 51' lang='lat' dir='ltr'>omnipoten‘</span> 
     </span>
    </p>
   </div>
   <div class='ocr_carea' id='block_1_85' title="bbox 2321 2617 3971 2696">
    <p class='ocr_par' dir='ltr' id='par_1_85' title="bbox 2321 2617 3971 2696">
     <span class='ocr_line' id='line_1_88' title="bbox 2321 2617 3971 2696; baseline -0.007 -13"><span class='ocrx_word' id='word_1_565' title='bbox 2321 2627 2397 2683; x_wconf 90' lang='lat' dir='ltr'>tis</span> <span class='ocrx_word' id='word_1_566' title='bbox 2416 2625 2538 2696; x_wconf 89' lang='lat' dir='ltr'>Dei,</span> <span class='ocrx_word' id='word_1_567' title='bbox 2572 2628 2987 2696; x_wconf 86' lang='lat' dir='ltr'>assumpturus</span> <span class='ocrx_word' id='word_1_568' title='bbox 3013 2637 3246 2677; x_wconf 88' lang='lat' dir='ltr'>carnem</span> <span class='ocrx_word' id='word_1_569' title='bbox 3268 2636 3369 2693; x_wconf 88' lang='lat' dir='ltr'>pro</span> <span class='ocrx_word' id='word_1_570' title='bbox 3391 2617 3850 2690; x_wconf 86' lang='lat' dir='ltr'>redemptionem</span> <span class='ocrx_word' id='word_1_571' title='bbox 3874 2633 3971 2690; x_wconf 83' lang='lat' dir='ltr'>po-</span> 
     </span>
    </p>
   </div>
   <div class='ocr_carea' id='block_1_86' title="bbox 2327 2706 3970 2788">
    <p class='ocr_par' dir='ltr' id='par_1_86' title="bbox 2327 2706 3970 2788">
     <span class='ocr_line' id='line_1_89' title="bbox 2327 2706 3970 2788; baseline -0.005 -17"><span class='ocrx_word' id='word_1_572' title='bbox 2327 2715 2470 2788; x_wconf 85' lang='lat' dir='ltr'>puli,</span> <span class='ocrx_word' id='word_1_573' title='bbox 2507 2714 2682 2770; x_wconf 91' lang='lat' dir='ltr'>David</span> <span class='ocrx_word' id='word_1_574' title='bbox 2715 2729 2776 2770; x_wconf 89' lang='lat' dir='ltr'>se</span> <span class='ocrx_word' id='word_1_575' title='bbox 2805 2712 2987 2768; x_wconf 81' lang='lat' dir='ltr'>voluit</span> <span class='ocrx_word' id='word_1_576' title='bbox 3018 2709 3380 2781; x_wconf 88' lang='lat' dir='ltr'>nuncupari:</span> <span class='ocrx_word' id='word_1_577' title='bbox 3433 2709 3562 2779; x_wconf 83' lang='lat' dir='ltr'>ejus</span> <span class='ocrx_word' id='word_1_578' title='bbox 3607 2706 3832 2764; x_wconf 87' lang='lat' dir='ltr'>scilicet</span> <span class='ocrx_word' id='word_1_579' title='bbox 3859 2724 3970 2763; x_wconf 82' lang='lat' dir='ltr'>uo-</span> 
     </span>
    </p>
   </div>
   <div class='ocr_carea' id='block_1_87' title="bbox 2323 2799 3968 2872">
    <p class='ocr_par' dir='ltr' id='par_1_87' title="bbox 2323 2799 3968 2872">
     <span class='ocr_line' id='line_1_90' title="bbox 2323 2799 3968 2872; baseline -0.006 -11"><span class='ocrx_word' id='word_1_580' title='bbox 2323 2806 2480 2861; x_wconf 88' lang='lat' dir='ltr'>mine</span> <span class='ocrx_word' id='word_1_581' title='bbox 2508 2804 2814 2871; x_wconf 87' lang='lat' dir='ltr'>vocitatus,</span> <span class='ocrx_word' id='word_1_582' title='bbox 2843 2803 2914 2857; x_wconf 91' lang='lat' dir='ltr'>de</span> <span class='ocrx_word' id='word_1_583' title='bbox 2944 2802 3114 2872; x_wconf 85' lang='lat' dir='ltr'>cujus</span> <span class='ocrx_word' id='word_1_584' title='bbox 3141 2815 3350 2872; x_wconf 88' lang='lat' dir='ltr'>genere</span> <span class='ocrx_word' id='word_1_585' title='bbox 3396 2801 3818 2869; x_wconf 83' lang='lat' dir='ltr'>assumpturus</span> <span class='ocrx_word' id='word_1_586' title='bbox 3848 2799 3968 2851; x_wconf 74' lang='lat' dir='ltr'>erat</span> 
     </span>
    </p>
   </div>
   <div class='ocr_carea' id='block_1_88' title="bbox 2322 2885 3965 2966">
    <p class='ocr_par' dir='ltr' id='par_1_88' title="bbox 2322 2885 3965 2966">
     <span class='ocr_line' id='line_1_91' title="bbox 2322 2885 3965 2966; baseline -0.007 -15"><span class='ocrx_word' id='word_1_587' title='bbox 2322 2900 2378 2951; x_wconf 89' lang='lat' dir='ltr'>et</span> <span class='ocrx_word' id='word_1_588' title='bbox 2410 2910 2642 2966; x_wconf 90' lang='lat' dir='ltr'>corpus.</span> <span class='ocrx_word' id='word_1_589' title='bbox 2676 2915 2703 2942; x_wconf 75' lang='lat' dir='ltr'>n</span> <span class='ocrx_word' id='word_1_590' title='bbox 2738 2893 2808 2948; x_wconf 88' lang='lat' dir='ltr'>Et</span> <span class='ocrx_word' id='word_1_591' title='bbox 2838 2891 3030 2946; x_wconf 89' lang='lat' dir='ltr'>omnis</span> <span class='ocrx_word' id='word_1_592' title='bbox 3078 2887 3550 2944; x_wconf 90' lang='lat' dir='ltr'>mansuetudinis</span> <span class='ocrx_word' id='word_1_593' title='bbox 3599 2887 3747 2957; x_wconf 90' lang='lat' dir='ltr'>ejus.</span> <span class='ocrx_word' id='word_1_594' title='bbox 3782 2906 3812 2935; x_wconf 83' lang='lat'><strong>»</strong></span> <span class='ocrx_word' id='word_1_595' title='bbox 3843 2885 3965 2941; x_wconf 84' lang='lat' dir='ltr'>Non</span> 
     </span>
    </p>
   </div>
   <div class='ocr_carea' id='block_1_89' title="bbox 2323 2977 3967 3053">
    <p class='ocr_par' dir='ltr' id='par_1_89' title="bbox 2323 2977 3967 3053">
     <span class='ocr_line' id='line_1_92' title="bbox 2323 2977 3967 3053; baseline -0.007 -13"><span class='ocrx_word' id='word_1_596' title='bbox 2323 2982 2638 3050; x_wconf 85' lang='lat' dir='ltr'>contendit,</span> <span class='ocrx_word' id='word_1_597' title='bbox 2672 2997 2858 3053; x_wconf 90' lang='lat' dir='ltr'>neque</span> <span class='ocrx_word' id='word_1_598' title='bbox 2889 2979 3202 3036; x_wconf 88' lang='lat' dir='ltr'>clamavit:</span> <span class='ocrx_word' id='word_1_599' title='bbox 3240 2977 3341 3034; x_wconf 89' lang='lat' dir='ltr'>sed</span> <span class='ocrx_word' id='word_1_600' title='bbox 3389 2977 3543 3033; x_wconf 88' lang='lat' dir='ltr'>sicut</span> <span class='ocrx_word' id='word_1_601' title='bbox 3588 2991 3777 3048; x_wconf 87' lang='lat' dir='ltr'>agnus</span> <span class='ocrx_word' id='word_1_602' title='bbox 3807 2991 3967 3030; x_wconf 84' lang='lat' dir='ltr'>man-</span> 
     </span>
    </p>
   </div>
   <div class='ocr_carea' id='block_1_90' title="bbox 2322 3062 3963 3137">
    <p class='ocr_par' dir='ltr' id='par_1_90' title="bbox 2322 3062 3963 3137">
     <span class='ocr_line' id='line_1_93' title="bbox 2322 3062 3963 3137; baseline -0.008 -8"><span class='ocrx_word' id='word_1_603' title='bbox 2322 3077 2525 3130; x_wconf 88' lang='lat' dir='ltr'>suetus</span> <span class='ocrx_word' id='word_1_604' title='bbox 2581 3071 2876 3126; x_wconf 90' lang='lat' dir='ltr'>duductus</span> <span class='ocrx_word' id='word_1_605' title='bbox 2929 3073 3019 3124; x_wconf 91' lang='lat' dir='ltr'>est</span> <span class='ocrx_word' id='word_1_606' title='bbox 3074 3068 3143 3124; x_wconf 89' lang='lat' dir='ltr'>ad</span> <span class='ocrx_word' id='word_1_607' title='bbox 3199 3066 3498 3123; x_wconf 88' lang='lat' dir='ltr'>victimam</span> <span class='ocrx_word' id='word_1_608' title='bbox 3555 3066 3681 3137; x_wconf 76' lang='lat' dir='ltr'>(Im.</span> <span class='ocrx_word' id='word_1_609' title='bbox 3727 3062 3963 3134; x_wconf 76' lang='lat' dir='ltr'>xu1,2;</span> 
     </span>
    </p>
   </div>
   <div class='ocr_carea' id='block_1_91' title="bbox 2323 3163 2538 3231">
    <p class='ocr_par' dir='ltr' id='par_1_91' title="bbox 2323 3163 2538 3231">
     <span class='ocr_line' id='line_1_94' title="bbox 2323 3163 2538 3231; baseline -0.019 -13"><span class='ocrx_word' id='word_1_610' title='bbox 2323 3180 2421 3218; x_wconf 83' lang='lat' dir='ltr'>LII.</span> <span class='ocrx_word' id='word_1_611' title='bbox 2461 3163 2538 3231; x_wconf 89' lang='lat'>7).</span> 
     </span>
    </p>
   </div>
   <div class='ocr_carea' id='block_1_92' title="bbox 2398 3243 3965 3321">
    <p class='ocr_par' dir='ltr' id='par_1_92' title="bbox 2398 3243 3965 3321">
     <span class='ocr_line' id='line_1_95' title="bbox 2398 3243 3965 3321; baseline -0.003 -19"><span class='ocrx_word' id='word_1_612' title='bbox 2398 3275 2425 3302; x_wconf 85' lang='lat'>«</span> <span class='ocrx_word' id='word_1_613' title='bbox 2459 3253 2622 3308; x_wconf 89' lang='lat' dir='ltr'>Sicut</span> <span class='ocrx_word' id='word_1_614' title='bbox 2679 3248 2903 3321; x_wconf 89' lang='lat' dir='ltr'>juravit</span> <span class='ocrx_word' id='word_1_615' title='bbox 2951 3247 3235 3303; x_wconf 89' lang='lat' dir='ltr'>Domino:</span> <span class='ocrx_word' id='word_1_616' title='bbox 3296 3249 3496 3301; x_wconf 89' lang='lat' dir='ltr'>votum</span> <span class='ocrx_word' id='word_1_617' title='bbox 3544 3243 3696 3300; x_wconf 89' lang='lat' dir='ltr'>vovit</span> <span class='ocrx_word' id='word_1_618' title='bbox 3725 3243 3839 3299; x_wconf 89' lang='lat' dir='ltr'>Deo</span> <span class='ocrx_word' id='word_1_619' title='bbox 3868 3246 3965 3299; x_wconf 82' lang='lat' dir='ltr'>Ja-</span> 
     </span>
    </p>
   </div>
   <div class='ocr_carea' id='block_1_93' title="bbox 2492 3332 3969 3408">
    <p class='ocr_par' dir='ltr' id='par_1_93' title="bbox 2492 3332 3969 3408">
     <span class='ocr_line' id='line_1_96' title="bbox 2492 3332 3969 3408; baseline -0.001 -18"><span class='ocrx_word' id='word_1_620' title='bbox 2492 3363 2518 3390; x_wconf 89' lang='grc'><strong>››</strong></span> <span class='ocrx_word' id='word_1_621' title='bbox 2549 3341 2960 3395; x_wconf 89' lang='lat' dir='ltr'>Juramentum</span> <span class='ocrx_word' id='word_1_622' title='bbox 2993 3353 3060 3392; x_wconf 93' lang='lat' dir='ltr'>ac</span> <span class='ocrx_word' id='word_1_623' title='bbox 3110 3339 3312 3391; x_wconf 90' lang='lat' dir='ltr'>votum</span> <span class='ocrx_word' id='word_1_624' title='bbox 3362 3339 3598 3408; x_wconf 87' lang='lat' dir='ltr'>propter</span> <span class='ocrx_word' id='word_1_625' title='bbox 3637 3332 3969 3389; x_wconf 89' lang='lat' dir='ltr'>ﬁrmitatem</span> 
     </span>
    </p>
   </div>
   <div class='ocr_carea' id='block_1_94' title="bbox 2329 3421 3968 3501">
    <p class='ocr_par' dir='ltr' id='par_1_94' title="bbox 2329 3421 3968 3501">
     <span class='ocr_line' id='line_1_97' title="bbox 2329 3421 3968 3501; baseline -0.007 -14"><span class='ocrx_word' id='word_1_626' title='bbox 2329 3430 2602 3488; x_wconf 89' lang='lat' dir='ltr'>dictionis</span> <span class='ocrx_word' id='word_1_627' title='bbox 2635 3427 2850 3501; x_wconf 89' lang='lat' dir='ltr'>posuit,</span> <span class='ocrx_word' id='word_1_628' title='bbox 2901 3443 2973 3481; x_wconf 89' lang='lat' dir='ltr'>nc</span> <span class='ocrx_word' id='word_1_629' title='bbox 3019 3441 3124 3480; x_wconf 92' lang='lat' dir='ltr'>nos</span> <span class='ocrx_word' id='word_1_630' title='bbox 3176 3425 3581 3480; x_wconf 89' lang='lat' dir='ltr'>dubitaremus</span> <span class='ocrx_word' id='word_1_631' title='bbox 3630 3424 3834 3495; x_wconf 90' lang='lat' dir='ltr'>sequi:</span> <span class='ocrx_word' id='word_1_632' title='bbox 3867 3421 3968 3478; x_wconf 89' lang='lat' dir='ltr'>sed</span> 
     </span>
    </p>
   </div>
   <div class='ocr_carea' id='block_1_95' title="bbox 2327 3511 3968 3595">
    <p class='ocr_par' dir='ltr' id='par_1_95' title="bbox 2327 3511 3968 3595">
     <span class='ocr_line' id='line_1_98' title="bbox 2327 3511 3968 3595; baseline -0.007 -18"><span class='ocrx_word' id='word_1_633' title='bbox 2327 3521 2467 3595; x_wconf 88' lang='lat' dir='ltr'>quid</span> <span class='ocrx_word' id='word_1_634' title='bbox 2497 3518 2732 3575; x_wconf 89' lang='lat' dir='ltr'>interim</span> <span class='ocrx_word' id='word_1_635' title='bbox 2762 3515 3029 3581; x_wconf 88' lang='lat' dir='ltr'>voluerit,</span> <span class='ocrx_word' id='word_1_636' title='bbox 3062 3514 3307 3587; x_wconf 88' lang='lat' dir='ltr'>dignum</span> <span class='ocrx_word' id='word_1_637' title='bbox 3338 3517 3426 3569; x_wconf 88' lang='lat' dir='ltr'>est</span> <span class='ocrx_word' id='word_1_638' title='bbox 3474 3513 3754 3569; x_wconf 88' lang='lat' dir='ltr'>contueri.</span> <span class='ocrx_word' id='word_1_639' title='bbox 3787 3535 3815 3563; x_wconf 84' lang='lat'>«</span> <span class='ocrx_word' id='word_1_640' title='bbox 3850 3511 3968 3567; x_wconf 82' lang='lat' dir='ltr'>Me-</span> 
     </span>
    </p>
   </div>
   <div class='ocr_carea' id='block_1_96' title="bbox 2323 3600 3966 3679">
    <p class='ocr_par' dir='ltr' id='par_1_96' title="bbox 2323 3600 3966 3679">
     <span class='ocr_line' id='line_1_99' title="bbox 2323 3600 3966 3679; baseline -0.007 -12"><span class='ocrx_word' id='word_1_641' title='bbox 2323 3616 2540 3679; x_wconf 88' lang='lat' dir='ltr'>mento,</span> <span class='ocrx_word' id='word_1_642' title='bbox 2593 3607 2857 3674; x_wconf 90' lang='lat' dir='ltr'>Domine,</span> <span class='ocrx_word' id='word_1_643' title='bbox 2916 3605 3094 3662; x_wconf 89' lang='lat' dir='ltr'>David</span> <span class='ocrx_word' id='word_1_644' title='bbox 3154 3611 3211 3660; x_wconf 93' lang='lat' dir='ltr'>et</span> <span class='ocrx_word' id='word_1_645' title='bbox 3249 3603 3443 3660; x_wconf 90' lang='lat' dir='ltr'>omnis</span> <span class='ocrx_word' id='word_1_646' title='bbox 3498 3600 3966 3658; x_wconf 81' lang='lat' dir='ltr'>mansuetudinis</span> 
     </span>
    </p>
   </div>
   <div class='ocr_carea' id='block_1_97' title="bbox 2323 3691 3969 3772">
    <p class='ocr_par' dir='ltr' id='par_1_97' title="bbox 2323 3691 3969 3772">
     <span class='ocr_line' id='line_1_100' title="bbox 2323 3691 3969 3772; baseline -0.007 -15"><span class='ocrx_word' id='word_1_647' title='bbox 2323 3702 2466 3772; x_wconf 82' lang='lat' dir='ltr'>ejus.</span> <span class='ocrx_word' id='word_1_648' title='bbox 2526 3699 2686 3753; x_wconf 90' lang='lat' dir='ltr'>Sicut</span> <span class='ocrx_word' id='word_1_649' title='bbox 2731 3696 2956 3766; x_wconf 89' lang='lat' dir='ltr'>juravit</span> <span class='ocrx_word' id='word_1_650' title='bbox 3011 3694 3338 3751; x_wconf 87' lang='lat' dir='ltr'>Domino.»</span> <span class='ocrx_word' id='word_1_651' title='bbox 3397 3697 3506 3748; x_wconf 88' lang='lat' dir='ltr'>Pro</span> <span class='ocrx_word' id='word_1_652' title='bbox 3560 3709 3626 3748; x_wconf 90' lang='lat' dir='ltr'>eo</span> <span class='ocrx_word' id='word_1_653' title='bbox 3673 3691 3823 3763; x_wconf 87' lang='lat' dir='ltr'>quod</span> <span class='ocrx_word' id='word_1_654' title='bbox 3877 3694 3969 3747; x_wconf 90' lang='lat' dir='ltr'>est</span> 
     </span>
    </p>
   </div>
   <div class='ocr_carea' id='block_1_98' title="bbox 2323 3779 3968 3855">
    <p class='ocr_par' dir='ltr' id='par_1_98' title="bbox 2323 3779 3968 3855">
     <span class='ocr_line' id='line_1_101' title="bbox 2323 3779 3968 3855; baseline -0.006 -11"><span class='ocrx_word' id='word_1_655' title='bbox 2323 3793 2486 3855; x_wconf 75' lang='lat' dir='ltr'>sicut,</span> <span class='ocrx_word' id='word_1_656' title='bbox 2519 3787 2576 3842; x_wconf 90' lang='lat' dir='ltr'>in</span> <span class='ocrx_word' id='word_1_657' title='bbox 2611 3785 2848 3840; x_wconf 62' lang='lat' dir='ltr'>Ilebrmo</span> <span class='ocrx_word' id='word_1_658' title='bbox 2907 3783 3084 3838; x_wconf 88' lang='lat' dir='ltr'>habet</span> <span class='ocrx_word' id='word_1_659' title='bbox 3139 3785 3270 3854; x_wconf 79' lang='lat' dir='ltr'>qui:</span> <span class='ocrx_word' id='word_1_660' title='bbox 3331 3787 3396 3837; x_wconf 90' lang='lat' dir='ltr'>ut</span> <span class='ocrx_word' id='word_1_661' title='bbox 3446 3782 3524 3836; x_wconf 90' lang='lat' dir='ltr'>sit</span> <span class='ocrx_word' id='word_1_662' title='bbox 3580 3796 3823 3836; x_wconf 85' lang='lat' dir='ltr'>sensus:</span> <span class='ocrx_word' id='word_1_663' title='bbox 3855 3779 3968 3834; x_wconf 86' lang='lat' dir='ltr'>Me—</span> 
     </span>
    </p>
   </div>
   <div class='ocr_carea' id='block_1_99' title="bbox 2325 3868 3971 3941">
    <p class='ocr_par' dir='ltr' id='par_1_99' title="bbox 2325 3868 3971 3941">
     <span class='ocr_line' id='line_1_102' title="bbox 2325 3868 3971 3941; baseline -0.007 -6"><span class='ocrx_word' id='word_1_664' title='bbox 2325 3881 2541 3941; x_wconf 88' lang='lat' dir='ltr'>mento,</span> <span class='ocrx_word' id='word_1_665' title='bbox 2576 3873 2841 3941; x_wconf 89' lang='lat' dir='ltr'>Domine,</span> <span class='ocrx_word' id='word_1_666' title='bbox 2896 3873 3098 3937; x_wconf 88' lang='lat' dir='ltr'>David,</span> <span class='ocrx_word' id='word_1_667' title='bbox 3147 3877 3203 3928; x_wconf 90' lang='lat' dir='ltr'>et</span> <span class='ocrx_word' id='word_1_668' title='bbox 3255 3870 3448 3928; x_wconf 88' lang='lat' dir='ltr'>omnis</span> <span class='ocrx_word' id='word_1_669' title='bbox 3506 3868 3971 3932; x_wconf 84' lang='lat' dir='ltr'>mansuetudinis</span> 
     </span>
    </p>
   </div>
   <div class='ocr_carea' id='block_1_100' title="bbox 2323 3957 3969 4039">
    <p class='ocr_par' dir='ltr' id='par_1_100' title="bbox 2323 3957 3969 4039">
     <span class='ocr_line' id='line_1_103' title="bbox 2323 3957 3969 4039; baseline -0.007 -15"><span class='ocrx_word' id='word_1_670' title='bbox 2323 3969 2473 4039; x_wconf 88' lang='lat' dir='ltr'>ejus,</span> <span class='ocrx_word' id='word_1_671' title='bbox 2531 3964 2632 4037; x_wconf 89' lang='lat' dir='ltr'>qui</span> <span class='ocrx_word' id='word_1_672' title='bbox 2683 3961 2901 4035; x_wconf 90' lang='lat' dir='ltr'>juravit</span> <span class='ocrx_word' id='word_1_673' title='bbox 2957 3961 3227 4032; x_wconf 87' lang='lat' dir='ltr'>Domino,</span> <span class='ocrx_word' id='word_1_674' title='bbox 3298 3967 3355 4017; x_wconf 91' lang='lat' dir='ltr'>et</span> <span class='ocrx_word' id='word_1_675' title='bbox 3411 3965 3610 4016; x_wconf 88' lang='lat' dir='ltr'>votum</span> <span class='ocrx_word' id='word_1_676' title='bbox 3667 3958 3801 4016; x_wconf 76' lang='lat' dir='ltr'>fecit</span> <span class='ocrx_word' id='word_1_677' title='bbox 3853 3957 3969 4015; x_wconf 86' lang='lat' dir='ltr'>Deo</span> 
     </span>
    </p>
   </div>
   <div class='ocr_carea' id='block_1_101' title="bbox 2323 4057 2523 4112">
    <p class='ocr_par' dir='ltr' id='par_1_101' title="bbox 2323 4057 2523 4112">
     <span class='ocr_line' id='line_1_104' title="bbox 2323 4057 2523 4112; baseline -0.01 0"><span class='ocrx_word' id='word_1_678' title='bbox 2323 4057 2523 4112; x_wconf 91' lang='lat' dir='ltr'>Jacob.</span> 
     </span>
    </p>
   </div>
   <div class='ocr_carea' id='block_1_102' title="bbox 2398 4136 3970 4200">
    <p class='ocr_par' dir='ltr' id='par_1_102' title="bbox 2398 4136 3970 4200">
     <span class='ocr_line' id='line_1_105' title="bbox 2398 4136 3970 4200; baseline -0.003 -5"><span class='ocrx_word' id='word_1_679' title='bbox 2398 4171 2424 4196; x_wconf 86' lang='grc'>‹‹</span> <span class='ocrx_word' id='word_1_680' title='bbox 2458 4145 2517 4200; x_wconf 89' lang='lat' dir='ltr'>Si</span> <span class='ocrx_word' id='word_1_681' title='bbox 2551 4143 2826 4199; x_wconf 87' lang='lat' dir='ltr'>introiero</span> <span class='ocrx_word' id='word_1_682' title='bbox 2856 4142 2916 4198; x_wconf 90' lang='lat' dir='ltr'>in</span> <span class='ocrx_word' id='word_1_683' title='bbox 2966 4139 3411 4198; x_wconf 90' lang='lat' dir='ltr'>tabernaculum</span> <span class='ocrx_word' id='word_1_684' title='bbox 3459 4139 3669 4195; x_wconf 91' lang='lat' dir='ltr'>domus</span> <span class='ocrx_word' id='word_1_685' title='bbox 3709 4153 3886 4194; x_wconf 65' lang='lat' dir='ltr'>meae:</span> <span class='ocrx_word' id='word_1_686' title='bbox 3919 4136 3970 4192; x_wconf 89' lang='lat' dir='ltr'>si</span> 
     </span>
    </p>
   </div>
   <div class='ocr_carea' id='block_1_103' title="bbox 2326 4228 3970 4294">
    <p class='ocr_par' dir='ltr' id='par_1_103' title="bbox 2326 4228 3970 4294">
     <span class='ocr_line' id='line_1_106' title="bbox 2326 4228 3970 4294; baseline -0.007 -2"><span class='ocrx_word' id='word_1_687' title='bbox 2326 4235 2642 4292; x_wconf 78' lang='lat' dir='ltr'>escendero</span> <span class='ocrx_word' id='word_1_688' title='bbox 2674 4233 2731 4289; x_wconf 90' lang='lat' dir='ltr'>in</span> <span class='ocrx_word' id='word_1_689' title='bbox 2764 4232 2979 4289; x_wconf 90' lang='lat' dir='ltr'>lectum</span> <span class='ocrx_word' id='word_1_690' title='bbox 3013 4231 3182 4286; x_wconf 88' lang='lat' dir='ltr'>strati</span> <span class='ocrx_word' id='word_1_691' title='bbox 3215 4230 3331 4286; x_wconf 92' lang='lat' dir='ltr'>mei</span> <span class='ocrx_word' id='word_1_692' title='bbox 3356 4248 3368 4286; x_wconf 92' lang='lat'>:</span> <span class='ocrx_word' id='word_1_693' title='bbox 3394 4228 3442 4285; x_wconf 92' lang='lat' dir='ltr'>si</span> <span class='ocrx_word' id='word_1_694' title='bbox 3465 4228 3675 4285; x_wconf 91' lang='lat' dir='ltr'>dedero</span> <span class='ocrx_word' id='word_1_695' title='bbox 3699 4242 3970 4294; x_wconf 87' lang='lat' dir='ltr'>somnum</span> 
     </span>
    </p>
   </div>
   <div class='ocr_carea' id='block_1_104' title="bbox 2328 4317 3974 4394">
    <p class='ocr_par' dir='ltr' id='par_1_104' title="bbox 2328 4317 3974 4394">
     <span class='ocr_line' id='line_1_107' title="bbox 2328 4317 3974 4394; baseline -0.007 -11"><span class='ocrx_word' id='word_1_696' title='bbox 2328 4324 2514 4383; x_wconf 87' lang='lat' dir='ltr'>oculis</span> <span class='ocrx_word' id='word_1_697' title='bbox 2540 4324 2834 4391; x_wconf 89' lang='lat' dir='ltr'>meis,aut</span> <span class='ocrx_word' id='word_1_698' title='bbox 2875 4320 3170 4394; x_wconf 86' lang='lat' dir='ltr'>palpebris</span> <span class='ocrx_word' id='word_1_699' title='bbox 3206 4321 3351 4376; x_wconf 91' lang='lat' dir='ltr'>meis</span> <span class='ocrx_word' id='word_1_700' title='bbox 3392 4317 3883 4383; x_wconf 82' lang='lat' dir='ltr'>dormitationem,</span> <span class='ocrx_word' id='word_1_701' title='bbox 3918 4318 3974 4373; x_wconf 86' lang='lat' dir='ltr'>et</span> 
     </span>
    </p>
   </div>
   <div class='ocr_carea' id='block_1_105' title="bbox 2328 4404 3972 4487">
    <p class='ocr_par' dir='ltr' id='par_1_105' title="bbox 2328 4404 3972 4487">
     <span class='ocr_line' id='line_1_108' title="bbox 2328 4404 3972 4487; baseline -0.007 -16"><span class='ocrx_word' id='word_1_702' title='bbox 2328 4417 2590 4487; x_wconf 88' lang='lat' dir='ltr'>requiem</span> <span class='ocrx_word' id='word_1_703' title='bbox 2621 4411 2985 4484; x_wconf 89' lang='lat' dir='ltr'>temporibus</span> <span class='ocrx_word' id='word_1_704' title='bbox 3016 4409 3199 4466; x_wconf 87' lang='lat' dir='ltr'>meis:</span> <span class='ocrx_word' id='word_1_705' title='bbox 3235 4410 3418 4465; x_wconf 90' lang='lat' dir='ltr'>donec</span> <span class='ocrx_word' id='word_1_706' title='bbox 3469 4407 3756 4468; x_wconf 87' lang='lat' dir='ltr'>inveniam</span> <span class='ocrx_word' id='word_1_707' title='bbox 3783 4404 3972 4468; x_wconf 87' lang='lat' dir='ltr'>locum</span> 
     </span>
    </p>
   </div>
   <div class='ocr_carea' id='block_1_106' title="bbox 2330 4495 3974 4574">
    <p class='ocr_par' dir='ltr' id='par_1_106' title="bbox 2330 4495 3974 4574">
     <span class='ocr_line' id='line_1_109' title="bbox 2330 4495 3974 4574; baseline -0.007 -13"><span class='ocrx_word' id='word_1_708' title='bbox 2330 4504 2598 4574; x_wconf 87' lang='lat' dir='ltr'>Domino,</span> <span class='ocrx_word' id='word_1_709' title='bbox 2648 4499 3093 4558; x_wconf 89' lang='lat' dir='ltr'>tabernaculum</span> <span class='ocrx_word' id='word_1_710' title='bbox 3138 4499 3253 4554; x_wconf 88' lang='lat' dir='ltr'>Deo</span> <span class='ocrx_word' id='word_1_711' title='bbox 3301 4496 3502 4554; x_wconf 84' lang='lat' dir='ltr'>Jacob.</span> <span class='ocrx_word' id='word_1_712' title='bbox 3536 4518 3565 4547; x_wconf 89' lang='grc'>››</span> <span class='ocrx_word' id='word_1_713' title='bbox 3615 4519 3643 4546; x_wconf 86' lang='grc'><em>‹‹</em></span> <span class='ocrx_word' id='word_1_714' title='bbox 3690 4495 3974 4551; x_wconf 84' lang='lat' dir='ltr'>Taberna-</span> 
     </span>
    </p>
   </div>
   <div class='ocr_carea' id='block_1_107' title="bbox 2330 4585 3976 4654">
    <p class='ocr_par' dir='ltr' id='par_1_107' title="bbox 2330 4585 3976 4654">
     <span class='ocr_line' id='line_1_110' title="bbox 2330 4585 3976 4654; baseline -0.006 -4"><span class='ocrx_word' id='word_1_715' title='bbox 2330 4593 2529 4650; x_wconf 91' lang='lat' dir='ltr'>culum</span> <span class='ocrx_word' id='word_1_716' title='bbox 2561 4593 2771 4648; x_wconf 88' lang='lat' dir='ltr'>domus</span> <span class='ocrx_word' id='word_1_717' title='bbox 2800 4613 2828 4642; x_wconf 85' lang='lat'>»</span> <span class='ocrx_word' id='word_1_718' title='bbox 2863 4589 3158 4646; x_wconf 81' lang='lat' dir='ltr'>caelestem</span> <span class='ocrx_word' id='word_1_719' title='bbox 3199 4587 3400 4644; x_wconf 90' lang='lat' dir='ltr'>sedem</span> <span class='ocrx_word' id='word_1_720' title='bbox 3447 4587 3668 4644; x_wconf 89' lang='lat' dir='ltr'>indicat</span> <span class='ocrx_word' id='word_1_721' title='bbox 3701 4603 3714 4641; x_wconf 90' lang='lat'>:</span> <span class='ocrx_word' id='word_1_722' title='bbox 3747 4585 3806 4642; x_wconf 90' lang='lat' dir='ltr'>in</span> <span class='ocrx_word' id='word_1_723' title='bbox 3837 4588 3976 4654; x_wconf 81' lang='lat' dir='ltr'>stra-</span> 
     </span>
    </p>
   </div>
   <div class='ocr_carea' id='block_1_108' title="bbox 2327 4673 3973 4750">
    <p class='ocr_par' dir='ltr' id='par_1_108' title="bbox 2327 4673 3973 4750">
     <span class='ocr_line' id='line_1_111' title="bbox 2327 4673 3973 4750; baseline -0.005 -11"><span class='ocrx_word' id='word_1_724' title='bbox 2327 4688 2388 4739; x_wconf 91' lang='lat' dir='ltr'>to</span> <span class='ocrx_word' id='word_1_725' title='bbox 2419 4699 2552 4739; x_wconf 88' lang='lat' dir='ltr'>vero</span> <span class='ocrx_word' id='word_1_726' title='bbox 2584 4681 2737 4750; x_wconf 91' lang='lat' dir='ltr'>lecti,</span> <span class='ocrx_word' id='word_1_727' title='bbox 2769 4680 2828 4736; x_wconf 89' lang='lat' dir='ltr'>in</span> <span class='ocrx_word' id='word_1_728' title='bbox 2879 4679 3183 4736; x_wconf 91' lang='lat' dir='ltr'>oculorum</span> <span class='ocrx_word' id='word_1_729' title='bbox 3229 4693 3457 4747; x_wconf 89' lang='lat' dir='ltr'>somno,</span> <span class='ocrx_word' id='word_1_730' title='bbox 3507 4675 3567 4731; x_wconf 91' lang='lat' dir='ltr'>in</span> <span class='ocrx_word' id='word_1_731' title='bbox 3615 4673 3973 4736; x_wconf 87' lang='lat' dir='ltr'>dormitatio-</span> 
     </span>
    </p>
   </div>
   <div class='ocr_carea' id='block_1_109' title="bbox 2332 4765 3975 4845">
    <p class='ocr_par' dir='ltr' id='par_1_109' title="bbox 2332 4765 3975 4845">
     <span class='ocr_line' id='line_1_112' title="bbox 2332 4765 3975 4845; baseline -0.002 -16"><span class='ocrx_word' id='word_1_732' title='bbox 2332 4789 2404 4829; x_wconf 89' lang='lat' dir='ltr'>ne</span> <span class='ocrx_word' id='word_1_733' title='bbox 2434 4770 2870 4845; x_wconf 88' lang='lat' dir='ltr'>palpebrarum,</span> <span class='ocrx_word' id='word_1_734' title='bbox 2919 4768 3006 4824; x_wconf 91' lang='lat' dir='ltr'>vel</span> <span class='ocrx_word' id='word_1_735' title='bbox 3058 4766 3501 4838; x_wconf 85' lang='lat' dir='ltr'>intemporum</span> <span class='ocrx_word' id='word_1_736' title='bbox 3551 4765 3768 4836; x_wconf 87' lang='lat' dir='ltr'>requie,</span> <span class='ocrx_word' id='word_1_737' title='bbox 3810 4768 3975 4826; x_wconf 77' lang='lat' dir='ltr'>aeter-</span> 
     </span>
    </p>
   </div>
   <div class='ocr_carea' id='block_1_110' title="bbox 2334 4853 3975 4933">
    <p class='ocr_par' dir='ltr' id='par_1_110' title="bbox 2334 4853 3975 4933">
     <span class='ocr_line' id='line_1_113' title="bbox 2334 4853 3975 4933; baseline -0.005 -15"><span class='ocrx_word' id='word_1_738' title='bbox 2334 4877 2469 4918; x_wconf 88' lang='lat' dir='ltr'>nam</span> <span class='ocrx_word' id='word_1_739' title='bbox 2503 4860 2781 4933; x_wconf 88' lang='lat' dir='ltr'>quietem,</span> <span class='ocrx_word' id='word_1_740' title='bbox 2814 4875 2941 4930; x_wconf 74' lang='lat' dir='ltr'>qua:</span> <span class='ocrx_word' id='word_1_741' title='bbox 2973 4873 3276 4929; x_wconf 88' lang='lat' dir='ltr'>nunquam</span> <span class='ocrx_word' id='word_1_742' title='bbox 3314 4853 3705 4928; x_wconf 86' lang='lat' dir='ltr'>abrumpitur,</span> <span class='ocrx_word' id='word_1_743' title='bbox 3737 4853 3975 4910; x_wconf 89' lang='lat' dir='ltr'>demon-</span> 
     </span>
    </p>
   </div>
   <div class='ocr_carea' id='block_1_111' title="bbox 2333 4941 3972 5021">
    <p class='ocr_par' dir='ltr' id='par_1_111' title="bbox 2333 4941 3972 5021">
     <span class='ocr_line' id='line_1_114' title="bbox 2333 4941 3972 5021; baseline -0.007 -14"><span class='ocrx_word' id='word_1_744' title='bbox 2333 4949 2555 5007; x_wconf 88' lang='lat' dir='ltr'>stravit.</span> <span class='ocrx_word' id='word_1_745' title='bbox 2610 4950 2671 5004; x_wconf 91' lang='lat' dir='ltr'>In</span> <span class='ocrx_word' id='word_1_746' title='bbox 2731 4947 2946 5021; x_wconf 91' lang='lat' dir='ltr'>quibus</span> <span class='ocrx_word' id='word_1_747' title='bbox 3004 4963 3118 5002; x_wconf 90' lang='lat' dir='ltr'>non</span> <span class='ocrx_word' id='word_1_748' title='bbox 3169 4961 3231 5002; x_wconf 91' lang='lat' dir='ltr'>se</span> <span class='ocrx_word' id='word_1_749' title='bbox 3287 4945 3612 5002; x_wconf 87' lang='lat' dir='ltr'>rediturum</span> <span class='ocrx_word' id='word_1_750' title='bbox 3649 4941 3972 5018; x_wconf 83' lang='lat' dir='ltr'>pollicetur,</span> 
     </span>
    </p>
   </div>
   <div class='ocr_carea' id='block_1_112' title="bbox 2334 5032 3974 5114">
    <p class='ocr_par' dir='ltr' id='par_1_112' title="bbox 2334 5032 3974 5114">
     <span class='ocr_line' id='line_1_115' title="bbox 2334 5032 3974 5114; baseline -0.007 -16"><span class='ocrx_word' id='word_1_751' title='bbox 2334 5041 2447 5098; x_wconf 89' lang='lat' dir='ltr'>nisi</span> <span class='ocrx_word' id='word_1_752' title='bbox 2480 5041 2643 5114; x_wconf 92' lang='lat' dir='ltr'>prius</span> <span class='ocrx_word' id='word_1_753' title='bbox 2676 5039 2735 5094; x_wconf 91' lang='lat' dir='ltr'>in</span> <span class='ocrx_word' id='word_1_754' title='bbox 2766 5038 3002 5095; x_wconf 91' lang='lat' dir='ltr'>homine</span> <span class='ocrx_word' id='word_1_755' title='bbox 3029 5037 3274 5111; x_wconf 90' lang='lat' dir='ltr'>dignum</span> <span class='ocrx_word' id='word_1_756' title='bbox 3326 5039 3436 5092; x_wconf 90' lang='lat' dir='ltr'>Deo</span> <span class='ocrx_word' id='word_1_757' title='bbox 3483 5035 3640 5092; x_wconf 88' lang='lat' dir='ltr'>Patri</span> <span class='ocrx_word' id='word_1_758' title='bbox 3669 5033 3858 5092; x_wconf 89' lang='lat' dir='ltr'>locum</span> <span class='ocrx_word' id='word_1_759' title='bbox 3888 5032 3974 5094; x_wconf 80' lang='lat' dir='ltr'>vel</span> 
     </span>
    </p>
   </div>
   <div class='ocr_carea' id='block_1_113' title="bbox 2333 5125 3974 5202">
    <p class='ocr_par' dir='ltr' id='par_1_113' title="bbox 2333 5125 3974 5202">
     <span class='ocr_line' id='line_1_116' title="bbox 2333 5125 3974 5202; baseline -0.006 -14"><span class='ocrx_word' id='word_1_760' title='bbox 2333 5130 2600 5188; x_wconf 83' lang='lat' dir='ltr'>Ecclesiae</span> <span class='ocrx_word' id='word_1_761' title='bbox 2658 5127 3160 5202; x_wconf 86' lang='lat' dir='ltr'>congregationem</span> <span class='ocrx_word' id='word_1_762' title='bbox 3225 5143 3333 5182; x_wconf 89' lang='lat' dir='ltr'>sua</span> <span class='ocrx_word' id='word_1_763' title='bbox 3390 5125 3811 5183; x_wconf 88' lang='lat' dir='ltr'>resurrectione</span> <span class='ocrx_word' id='word_1_764' title='bbox 3839 5139 3974 5179; x_wconf 91' lang='lat' dir='ltr'>con-</span> 
     </span>
    </p>
   </div>
   <div class='ocr_carea' id='block_1_114' title="bbox 2333 5224 2603 5277">
    <p class='ocr_par' dir='ltr' id='par_1_114' title="bbox 2333 5224 2603 5277">
     <span class='ocr_line' id='line_1_117' title="bbox 2333 5224 2603 5277; baseline -0.011 0"><span class='ocrx_word' id='word_1_765' title='bbox 2333 5224 2603 5277; x_wconf 88' lang='lat' dir='ltr'>strueret.</span> 
     </span>
    </p>
   </div>
   <div class='ocr_carea' id='block_1_115' title="bbox 2412 5303 3976 5379">
    <p class='ocr_par' dir='ltr' id='par_1_115' title="bbox 2412 5303 3976 5379">
     <span class='ocr_line' id='line_1_118' title="bbox 2412 5303 3976 5379; baseline -0.002 -13"><span class='ocrx_word' id='word_1_766' title='bbox 2412 5334 2437 5360; x_wconf 81' lang='grc'>‹‹</span> <span class='ocrx_word' id='word_1_767' title='bbox 2494 5315 2631 5366; x_wconf 81' lang='lat' dir='ltr'>Ecce</span> <span class='ocrx_word' id='word_1_768' title='bbox 2691 5309 3023 5366; x_wconf 90' lang='lat' dir='ltr'>audivimus</span> <span class='ocrx_word' id='word_1_769' title='bbox 3075 5323 3204 5363; x_wconf 88' lang='lat' dir='ltr'>eam</span> <span class='ocrx_word' id='word_1_770' title='bbox 3263 5305 3323 5361; x_wconf 88' lang='lat' dir='ltr'>in</span> <span class='ocrx_word' id='word_1_771' title='bbox 3381 5306 3651 5379; x_wconf 86' lang='lat' dir='ltr'>Ephrata.</span> <span class='ocrx_word' id='word_1_772' title='bbox 3716 5328 3744 5356; x_wconf 84' lang='lat'>»</span> <span class='ocrx_word' id='word_1_773' title='bbox 3802 5303 3976 5377; x_wconf 83' lang='lat' dir='ltr'>Regio</span> 
     </span>
    </p>
   </div>
   <div class='ocr_carea' id='block_1_116' title="bbox 2335 5393 3976 5471">
    <p class='ocr_par' dir='ltr' id='par_1_116' title="bbox 2335 5393 3976 5471">
     <span class='ocr_line' id='line_1_119' title="bbox 2335 5393 3976 5471; baseline -0.005 -15"><span class='ocrx_word' id='word_1_774' title='bbox 2335 5399 2628 5457; x_wconf 89' lang='lat' dir='ltr'>Bethleem</span> <span class='ocrx_word' id='word_1_775' title='bbox 2663 5416 2849 5471; x_wconf 88' lang='lat' dir='ltr'>usque</span> <span class='ocrx_word' id='word_1_776' title='bbox 2879 5397 3051 5453; x_wconf 91' lang='lat' dir='ltr'>hodie</span> <span class='ocrx_word' id='word_1_777' title='bbox 3105 5394 3434 5467; x_wconf 89' lang='lat' dir='ltr'>appellatur</span> <span class='ocrx_word' id='word_1_778' title='bbox 3489 5395 3758 5468; x_wconf 86' lang='lat' dir='ltr'>Ephrata.</span> <span class='ocrx_word' id='word_1_779' title='bbox 3790 5393 3976 5466; x_wconf 81' lang='lat' dir='ltr'>Hujus</span> 
     </span>
    </p>
   </div>
   <div class='ocr_carea' id='block_1_117' title="bbox 2335 5483 3979 5559">
    <p class='ocr_par' dir='ltr' id='par_1_117' title="bbox 2335 5483 3979 5559">
     <span class='ocr_line' id='line_1_120' title="bbox 2335 5483 3979 5559; baseline -0.004 -15"><span class='ocrx_word' id='word_1_780' title='bbox 2335 5489 2412 5545; x_wconf 89' lang='lat' dir='ltr'>rei</span> <span class='ocrx_word' id='word_1_781' title='bbox 2465 5494 2521 5544; x_wconf 93' lang='lat' dir='ltr'>et</span> <span class='ocrx_word' id='word_1_782' title='bbox 2578 5487 2701 5544; x_wconf 79' lang='lat' dir='ltr'>aliae</span> <span class='ocrx_word' id='word_1_783' title='bbox 2757 5487 3063 5559; x_wconf 71' lang='lat' dir='ltr'>Scriptura:</span> <span class='ocrx_word' id='word_1_784' title='bbox 3122 5489 3299 5541; x_wconf 85' lang='lat' dir='ltr'>testes</span> <span class='ocrx_word' id='word_1_785' title='bbox 3357 5489 3514 5542; x_wconf 92' lang='lat' dir='ltr'>sunt.</span> <span class='ocrx_word' id='word_1_786' title='bbox 3570 5483 3979 5558; x_wconf 77' lang='lat' dir='ltr'>Ephrataipsa</span> 
     </span>
    </p>
   </div>
   <div class='ocr_carea' id='block_1_118' title="bbox 2334 5572 3977 5647">
    <p class='ocr_par' dir='ltr' id='par_1_118' title="bbox 2334 5572 3977 5647">
     <span class='ocr_line' id='line_1_121' title="bbox 2334 5572 3977 5647; baseline -0.005 -12"><span class='ocrx_word' id='word_1_787' title='bbox 2334 5583 2424 5636; x_wconf 88' lang='lat' dir='ltr'>est</span> <span class='ocrx_word' id='word_1_788' title='bbox 2476 5577 2791 5634; x_wconf 89' lang='lat' dir='ltr'>Bethleem.</span> <span class='ocrx_word' id='word_1_789' title='bbox 2827 5575 2934 5632; x_wconf 91' lang='lat' dir='ltr'>Ubi</span> <span class='ocrx_word' id='word_1_790' title='bbox 2992 5575 3248 5647; x_wconf 87' lang='lat' dir='ltr'>primum</span> <span class='ocrx_word' id='word_1_791' title='bbox 3307 5573 3565 5630; x_wconf 88' lang='lat' dir='ltr'>Ecclesia</span> <span class='ocrx_word' id='word_1_792' title='bbox 3620 5577 3708 5630; x_wconf 89' lang='lat' dir='ltr'>est</span> <span class='ocrx_word' id='word_1_793' title='bbox 3753 5572 3977 5639; x_wconf 85' lang='lat' dir='ltr'>audita,</span> 
     </span>
    </p>
   </div>
   <div class='ocr_carea' id='block_1_119' title="bbox 2333 5665 3977 5740">
    <p class='ocr_par' dir='ltr' id='par_1_119' title="bbox 2333 5665 3977 5740">
     <span class='ocr_line' id='line_1_122' title="bbox 2333 5665 3977 5740; baseline -0.004 -16"><span class='ocrx_word' id='word_1_794' title='bbox 2333 5668 2391 5724; x_wconf 92' lang='lat' dir='ltr'>id</span> <span class='ocrx_word' id='word_1_795' title='bbox 2419 5673 2526 5737; x_wconf 88' lang='lat' dir='ltr'>est,</span> <span class='ocrx_word' id='word_1_796' title='bbox 2560 5668 2619 5723; x_wconf 91' lang='lat' dir='ltr'>in</span> <span class='ocrx_word' id='word_1_797' title='bbox 2651 5684 2770 5740; x_wconf 89' lang='lat' dir='ltr'>qua</span> <span class='ocrx_word' id='word_1_798' title='bbox 2823 5665 3090 5722; x_wconf 84' lang='lat' dir='ltr'>Christus</span> <span class='ocrx_word' id='word_1_799' title='bbox 3145 5667 3428 5732; x_wconf 86' lang='lat' dir='ltr'>Dominus</span> <span class='ocrx_word' id='word_1_800' title='bbox 3486 5680 3717 5722; x_wconf 86' lang='lat' dir='ltr'>carnem</span> <span class='ocrx_word' id='word_1_801' title='bbox 3749 5678 3977 5719; x_wconf 90' lang='lat' dir='ltr'>assum-</span> 
     </span>
    </p>
   </div>
   <div class='ocr_carea' id='block_1_120' title="bbox 2337 5752 3977 5831">
    <p class='ocr_par' dir='ltr' id='par_1_120' title="bbox 2337 5752 3977 5831">
     <span class='ocr_line' id='line_1_123' title="bbox 2337 5752 3977 5831; baseline -0.004 -16"><span class='ocrx_word' id='word_1_802' title='bbox 2337 5759 2469 5831; x_wconf 86' lang='lat' dir='ltr'>psit.</span> <span class='ocrx_word' id='word_1_803' title='bbox 2499 5758 2564 5814; x_wconf 90' lang='lat' dir='ltr'>In</span> <span class='ocrx_word' id='word_1_804' title='bbox 2595 5756 2703 5813; x_wconf 91' lang='lat' dir='ltr'>hac</span> <span class='ocrx_word' id='word_1_805' title='bbox 2733 5761 2792 5812; x_wconf 91' lang='lat' dir='ltr'>et</span> <span class='ocrx_word' id='word_1_806' title='bbox 2821 5754 3036 5812; x_wconf 82' lang='lat' dir='ltr'>Rachel</span> <span class='ocrx_word' id='word_1_807' title='bbox 3067 5755 3239 5813; x_wconf 89' lang='lat' dir='ltr'>Israel</span> <span class='ocrx_word' id='word_1_808' title='bbox 3286 5755 3495 5812; x_wconf 90' lang='lat' dir='ltr'>dilecta</span> <span class='ocrx_word' id='word_1_809' title='bbox 3546 5752 3794 5827; x_wconf 89' lang='lat' dir='ltr'>quiescit</span> <span class='ocrx_word' id='word_1_810' title='bbox 3821 5753 3977 5824; x_wconf 75' lang='lat' dir='ltr'>(Gen.</span> 
     </span>
    </p>
   </div>
   <div class='ocr_carea' id='block_1_121' title="bbox 2335 5843 3981 5923">
    <p class='ocr_par' dir='ltr' id='par_1_121' title="bbox 2335 5843 3981 5923">
     <span class='ocr_line' id='line_1_124' title="bbox 2335 5843 3981 5923; baseline -0.001 -18"><span class='ocrx_word' id='word_1_811' title='bbox 2335 5864 2506 5918; x_wconf 79' lang='lat' dir='ltr'>xxxv,</span> <span class='ocrx_word' id='word_1_812' title='bbox 2539 5848 2647 5921; x_wconf 84' lang='grc'>19),</span> <span class='ocrx_word' id='word_1_813' title='bbox 2701 5863 2827 5922; x_wconf 67' lang='lat' dir='ltr'>quas</span> <span class='ocrx_word' id='word_1_814' title='bbox 2886 5849 3089 5923; x_wconf 84' lang='lat' dir='ltr'>typum</span> <span class='ocrx_word' id='word_1_815' title='bbox 3136 5845 3320 5921; x_wconf 87' lang='lat' dir='ltr'>gessit</span> <span class='ocrx_word' id='word_1_816' title='bbox 3376 5843 3659 5904; x_wconf 65' lang='lat' dir='ltr'>Ecclesiae.</span> <span class='ocrx_word' id='word_1_817' title='bbox 3696 5863 3726 5898; x_wconf 75' lang='grc' dir='ltr'>ιι</span> <span class='ocrx_word' id='word_1_818' title='bbox 3755 5843 3981 5908; x_wconf 80' lang='lat' dir='ltr'>Inveni-</span> 
     </span>
    </p>
   </div>
  </div>
