  <div class='ocr_page' id='page_1' title='image "/cluster/home/n/w/nwhite01/storage/ocr_20150623/26/umn.31951002477320a/644.png"; bbox 0 0 4244 6590; ppageno 0'>
   <div class='ocr_carea' id='block_1_1' title="bbox 326 441 483 504">
    <p class='ocr_par' dir='ltr' id='par_1_1' title="bbox 326 441 483 504">
     <span class='ocr_line' id='line_1_1' title="bbox 326 441 483 504; baseline 0.013 -2"><span class='ocrx_word' id='word_1_1' title='bbox 326 441 483 504; x_wconf 74' lang='grc'><strong>1289</strong></span> 
     </span>
    </p>
   </div>
   <div class='ocr_carea' id='block_1_2' title="bbox 1488 444 2550 507">
    <p class='ocr_par' dir='ltr' id='par_1_2' title="bbox 1488 444 2550 507">
     <span class='ocr_line' id='line_1_2' title="bbox 1488 444 2550 507; baseline -0.001 -2"><span class='ocrx_word' id='word_1_2' title='bbox 1488 444 1990 507; x_wconf 77' lang='lat' dir='ltr'><strong>BREVIARIUM</strong></span> <span class='ocrx_word' id='word_1_3' title='bbox 2035 446 2121 506; x_wconf 86' lang='lat' dir='ltr'><strong>1M</strong></span> <span class='ocrx_word' id='word_1_4' title='bbox 2169 445 2550 507; x_wconf 81' lang='lat' dir='ltr'><strong>PSALMUS.</strong></span> 
     </span>
    </p>
   </div>
   <div class='ocr_carea' id='block_1_3' title="bbox 3573 449 3734 512">
    <p class='ocr_par' dir='ltr' id='par_1_3' title="bbox 3573 449 3734 512">
     <span class='ocr_line' id='line_1_3' title="bbox 3573 449 3734 512; baseline 0.025 -4"><span class='ocrx_word' id='word_1_5' title='bbox 3573 449 3734 512; x_wconf 73' lang='grc'><strong>1290</strong></span> 
     </span>
    </p>
   </div>
   <div class='ocr_carea' id='block_1_4' title="bbox 326 574 3733 651">
    <p class='ocr_par' dir='ltr' id='par_1_4' title="bbox 326 574 3733 651">
     <span class='ocr_line' id='line_1_4' title="bbox 326 574 3733 651; baseline 0.002 -22"><span class='ocrx_word' id='word_1_6' title='bbox 326 590 463 630; x_wconf 84' lang='lat' dir='ltr'><strong>mus</strong></span> <span class='ocrx_word' id='word_1_7' title='bbox 522 590 651 630; x_wconf 90' lang='lat' dir='ltr'><strong>eam</strong></span> <span class='ocrx_word' id='word_1_8' title='bbox 709 574 768 629; x_wconf 90' lang='lat' dir='ltr'><strong>in</strong></span> <span class='ocrx_word' id='word_1_9' title='bbox 820 574 1045 646; x_wconf 88' lang='lat' dir='ltr'><strong>campis</strong></span> <span class='ocrx_word' id='word_1_10' title='bbox 1100 574 1275 631; x_wconf 64' lang='lat' dir='ltr'><strong>silvae.</strong></span> <span class='ocrx_word' id='word_1_11' title='bbox 1308 596 1336 625; x_wconf 83' lang='lat'><strong>»</strong></span> <span class='ocrx_word' id='word_1_12' title='bbox 1390 576 1450 630; x_wconf 90' lang='lat' dir='ltr'><strong>In</strong></span> <span class='ocrx_word' id='word_1_13' title='bbox 1512 575 1806 648; x_wconf 80' lang='lat' dir='ltr'><strong>gentibus,</strong></span> <span class='ocrx_word' id='word_1_14' title='bbox 1845 579 2054 648; x_wconf 74' lang='lat' dir='ltr'><strong>quaeA</strong></span> <span class='ocrx_word' id='word_1_15' title='bbox 2088 576 2259 650; x_wconf 78' lang='grc' dir='ltr'>χήρα,</span> <span class='ocrx_word' id='word_1_16' title='bbox 2310 579 2367 630; x_wconf 89' lang='lat' dir='ltr'><strong>et</strong></span> <span class='ocrx_word' id='word_1_17' title='bbox 2424 575 2662 631; x_wconf 72' lang='lat' dir='ltr'><strong>Hebraea</strong></span> <span class='ocrx_word' id='word_1_18' title='bbox 2708 574 3031 644; x_wconf 82' lang='lat' dir='ltr'><strong>volumina,</strong></span> <span class='ocrx_word' id='word_1_19' title='bbox 3070 579 3129 632; x_wconf 87' lang='lat' dir='ltr'><strong>et</strong></span> <span class='ocrx_word' id='word_1_20' title='bbox 3183 576 3295 648; x_wconf 84' lang='lat' dir='ltr'>ipsi</span> <span class='ocrx_word' id='word_1_21' title='bbox 3347 578 3733 651; x_wconf 76' lang='lat' dir='ltr'><strong>Septuaginta</strong></span> 
     </span>
    </p>
   </div>
   <div class='ocr_carea' id='block_1_5' title="bbox 324 662 1968 737">
    <p class='ocr_par' dir='ltr' id='par_1_5' title="bbox 324 662 1968 737">
     <span class='ocr_line' id='line_1_5' title="bbox 324 662 1968 737; baseline 0 -18"><span class='ocrx_word' id='word_1_22' title='bbox 324 663 490 736; x_wconf 90' lang='lat' dir='ltr'><strong>prius</strong></span> <span class='ocrx_word' id='word_1_23' title='bbox 529 662 745 719; x_wconf 91' lang='lat' dir='ltr'><strong>diaboli</strong></span> <span class='ocrx_word' id='word_1_24' title='bbox 802 670 986 731; x_wconf 76' lang='lat' dir='ltr'><strong>erant,</strong></span> <span class='ocrx_word' id='word_1_25' title='bbox 1047 664 1263 720; x_wconf 78' lang='lat' dir='ltr'><strong>cubilia</strong></span> <span class='ocrx_word' id='word_1_26' title='bbox 1317 680 1471 719; x_wconf 91' lang='lat' dir='ltr'><strong>nunc</strong></span> <span class='ocrx_word' id='word_1_27' title='bbox 1529 670 1725 721; x_wconf 91' lang='lat' dir='ltr'><strong>autem</strong></span> <span class='ocrx_word' id='word_1_28' title='bbox 1758 666 1968 737; x_wconf 83' lang='lat' dir='ltr'>campi,</span> 
     </span>
    </p>
   </div>
   <div class='ocr_carea' id='block_1_6' title="bbox 327 752 1270 809">
    <p class='ocr_par' dir='ltr' id='par_1_6' title="bbox 327 752 1270 809">
     <span class='ocr_line' id='line_1_6' title="bbox 327 752 1270 809; baseline -0.001 -2"><span class='ocrx_word' id='word_1_29' title='bbox 327 752 643 807; x_wconf 90' lang='lat' dir='ltr'><strong>Dominum</strong></span> <span class='ocrx_word' id='word_1_30' title='bbox 676 752 934 808; x_wconf 90' lang='lat' dir='ltr'><strong>colentes</strong></span> <span class='ocrx_word' id='word_1_31' title='bbox 966 752 1270 809; x_wconf 87' lang='lat' dir='ltr'><strong>fructiferi.</strong></span> 
     </span>
    </p>
   </div>
   <div class='ocr_carea' id='block_1_7' title="bbox 312 841 1970 915">
    <p class='ocr_par' dir='ltr' id='par_1_7' title="bbox 312 841 1970 915">
     <span class='ocr_line' id='line_1_7' title="bbox 312 841 1970 915; baseline 0.001 -20"><span class='ocrx_word' id='word_1_32' title='bbox 312 876 316 883; x_wconf 68' lang='grc' dir='ltr'><em>η</em></span> <span class='ocrx_word' id='word_1_33' title='bbox 397 863 426 891; x_wconf 89' lang='grc'>‹‹</span> <span class='ocrx_word' id='word_1_34' title='bbox 460 842 817 897; x_wconf 90' lang='lat' dir='ltr'><strong>Intrabimus</strong></span> <span class='ocrx_word' id='word_1_35' title='bbox 870 842 929 896; x_wconf 90' lang='lat' dir='ltr'><strong>in</strong></span> <span class='ocrx_word' id='word_1_36' title='bbox 984 841 1428 897; x_wconf 77' lang='lat' dir='ltr'><strong>tabernaculum</strong></span> <span class='ocrx_word' id='word_1_37' title='bbox 1488 843 1673 898; x_wconf 85' lang='lat' dir='ltr'><strong>Dei.»</strong></span> <span class='ocrx_word' id='word_1_38' title='bbox 1723 843 1838 899; x_wconf 84' lang='lat' dir='ltr'><strong>Nos</strong></span> <span class='ocrx_word' id='word_1_39' title='bbox 1869 843 1970 915; x_wconf 88' lang='lat' dir='ltr'><strong>qui</strong></span> 
     </span>
    </p>
   </div>
   <div class='ocr_carea' id='block_1_8' title="bbox 324 930 1966 1003">
    <p class='ocr_par' dir='ltr' id='par_1_8' title="bbox 324 930 1966 1003">
     <span class='ocr_line' id='line_1_8' title="bbox 324 930 1966 1003; baseline 0.002 -18"><span class='ocrx_word' id='word_1_40' title='bbox 324 931 384 986; x_wconf 88' lang='lat' dir='ltr'><strong>in</strong></span> <span class='ocrx_word' id='word_1_41' title='bbox 419 947 537 986; x_wconf 88' lang='lat' dir='ltr'><strong>una</strong></span> <span class='ocrx_word' id='word_1_42' title='bbox 568 931 741 987; x_wconf 90' lang='lat' dir='ltr'><strong>domo</strong></span> <span class='ocrx_word' id='word_1_43' title='bbox 771 930 1038 986; x_wconf 71' lang='lat' dir='ltr'><strong>Ecclesia:</strong></span> <span class='ocrx_word' id='word_1_44' title='bbox 1071 947 1173 1002; x_wconf 92' lang='lat' dir='ltr'><strong>per</strong></span> <span class='ocrx_word' id='word_1_45' title='bbox 1202 931 1515 986; x_wconf 90' lang='lat' dir='ltr'><strong>Dominum</strong></span> <span class='ocrx_word' id='word_1_46' title='bbox 1559 948 1966 1003; x_wconf 87' lang='lat' dir='ltr'><strong>aggregamur,</strong></span> 
     </span>
    </p>
   </div>
   <div class='ocr_carea' id='block_1_9' title="bbox 323 1018 1963 1091">
    <p class='ocr_par' dir='ltr' id='par_1_9' title="bbox 323 1018 1963 1091">
     <span class='ocr_line' id='line_1_9' title="bbox 323 1018 1963 1091; baseline 0.001 -22"><span class='ocrx_word' id='word_1_47' title='bbox 323 1040 351 1069; x_wconf 90' lang='grc'><em>‹‹</em></span> <span class='ocrx_word' id='word_1_48' title='bbox 381 1018 769 1075; x_wconf 83' lang='lat' dir='ltr'><strong>Adorabimus</strong></span> <span class='ocrx_word' id='word_1_49' title='bbox 802 1019 859 1075; x_wconf 91' lang='lat' dir='ltr'><strong>in</strong></span> <span class='ocrx_word' id='word_1_50' title='bbox 907 1018 1030 1074; x_wconf 92' lang='lat' dir='ltr'><strong>loco</strong></span> <span class='ocrx_word' id='word_1_51' title='bbox 1075 1019 1175 1073; x_wconf 90' lang='lat' dir='ltr'><strong>ubi</strong></span> <span class='ocrx_word' id='word_1_52' title='bbox 1224 1024 1511 1074; x_wconf 89' lang='lat' dir='ltr'><strong>steterunt</strong></span> <span class='ocrx_word' id='word_1_53' title='bbox 1556 1021 1728 1090; x_wconf 85' lang='lat' dir='ltr'><strong>pedes</strong></span> <span class='ocrx_word' id='word_1_54' title='bbox 1760 1022 1963 1091; x_wconf 83' lang='lat' dir='ltr'><strong>ejus.»</strong></span> 
     </span>
    </p>
   </div>
   <div class='ocr_carea' id='block_1_10' title="bbox 319 1107 1966 1180">
    <p class='ocr_par' dir='ltr' id='par_1_10' title="bbox 319 1107 1966 1180">
     <span class='ocr_line' id='line_1_10' title="bbox 319 1107 1966 1180; baseline 0.001 -18"><span class='ocrx_word' id='word_1_55' title='bbox 319 1108 383 1162; x_wconf 88' lang='lat' dir='ltr'><strong>In</strong></span> <span class='ocrx_word' id='word_1_56' title='bbox 430 1124 546 1179; x_wconf 90' lang='lat' dir='ltr'><strong>quo</strong></span> <span class='ocrx_word' id='word_1_57' title='bbox 593 1107 1033 1179; x_wconf 77' lang='lat' dir='ltr'><strong>praedicationes</strong></span> <span class='ocrx_word' id='word_1_58' title='bbox 1080 1107 1412 1179; x_wconf 60' lang='lat' dir='ltr'><strong>apostolicis</strong></span> <span class='ocrx_word' id='word_1_59' title='bbox 1461 1108 1805 1178; x_wconf 89' lang='lat' dir='ltr'><strong>audiuntur,</strong></span> <span class='ocrx_word' id='word_1_60' title='bbox 1838 1124 1966 1180; x_wconf 69' lang='lat' dir='ltr'><strong>qum</strong></span> 
     </span>
    </p>
   </div>
   <div class='ocr_carea' id='block_1_11' title="bbox 318 1188 1694 1268">
    <p class='ocr_par' dir='ltr' id='par_1_11' title="bbox 318 1188 1694 1268">
     <span class='ocr_line' id='line_1_11' title="bbox 318 1188 1694 1268; baseline 0.001 -18"><span class='ocrx_word' id='word_1_61' title='bbox 318 1188 392 1251; x_wconf 85' lang='lat' dir='ltr'><strong>ut</strong></span> <span class='ocrx_word' id='word_1_62' title='bbox 412 1197 586 1268; x_wconf 84' lang='lat' dir='ltr'><strong>pedes</strong></span> <span class='ocrx_word' id='word_1_63' title='bbox 619 1196 914 1252; x_wconf 83' lang='lat' dir='ltr'><strong>sustinent</strong></span> <span class='ocrx_word' id='word_1_64' title='bbox 942 1200 1129 1251; x_wconf 90' lang='lat' dir='ltr'><strong>totum</strong></span> <span class='ocrx_word' id='word_1_65' title='bbox 1157 1213 1372 1268; x_wconf 90' lang='lat' dir='ltr'><strong>corpus</strong></span> <span class='ocrx_word' id='word_1_66' title='bbox 1404 1196 1694 1251; x_wconf 67' lang='lat' dir='ltr'><strong>Ecclesiae.</strong></span> 
     </span>
    </p>
   </div>
   <div class='ocr_carea' id='block_1_12' title="bbox 310 1284 1965 1357">
    <p class='ocr_par' dir='ltr' id='par_1_12' title="bbox 310 1284 1965 1357">
     <span class='ocr_line' id='line_1_12' title="bbox 310 1284 1965 1357; baseline 0.001 -17"><span class='ocrx_word' id='word_1_67' title='bbox 310 1332 317 1336; x_wconf 91' lang='lat'><strong>.</strong></span> <span class='ocrx_word' id='word_1_68' title='bbox 391 1307 419 1335; x_wconf 84' lang='lat'><strong>«</strong></span> <span class='ocrx_word' id='word_1_69' title='bbox 449 1286 726 1356; x_wconf 82' lang='lat' dir='ltr'><strong>Exsurge,</strong></span> <span class='ocrx_word' id='word_1_70' title='bbox 764 1285 1023 1353; x_wconf 89' lang='lat' dir='ltr'><strong>Domine,</strong></span> <span class='ocrx_word' id='word_1_71' title='bbox 1046 1284 1106 1340; x_wconf 91' lang='lat' dir='ltr'><strong>in</strong></span> <span class='ocrx_word' id='word_1_72' title='bbox 1130 1286 1389 1357; x_wconf 83' lang='lat' dir='ltr'><strong>requiem</strong></span> <span class='ocrx_word' id='word_1_73' title='bbox 1422 1289 1605 1341; x_wconf 91' lang='lat' dir='ltr'><strong>tuam.</strong></span> <span class='ocrx_word' id='word_1_74' title='bbox 1639 1308 1666 1337; x_wconf 82' lang='lat'>»</span> <span class='ocrx_word' id='word_1_75' title='bbox 1698 1287 1830 1342; x_wconf 89' lang='lat' dir='ltr'><strong>Jam</strong></span> <span class='ocrx_word' id='word_1_76' title='bbox 1864 1303 1965 1341; x_wconf 84' lang='lat' dir='ltr'><strong>ex-</strong></span> 
     </span>
    </p>
   </div>
   <div class='ocr_carea' id='block_1_13' title="bbox 315 1373 1963 1447">
    <p class='ocr_par' dir='ltr' id='par_1_13' title="bbox 315 1373 1963 1447">
     <span class='ocr_line' id='line_1_13' title="bbox 315 1373 1963 1447; baseline 0 -17"><span class='ocrx_word' id='word_1_77' title='bbox 315 1375 487 1447; x_wconf 89' lang='lat' dir='ltr'><strong>plesti</strong></span> <span class='ocrx_word' id='word_1_78' title='bbox 528 1376 956 1445; x_wconf 87' lang='lat' dir='ltr'><strong>juramentum,</strong></span> <span class='ocrx_word' id='word_1_79' title='bbox 1006 1373 1313 1429; x_wconf 81' lang='lat' dir='ltr'><strong>reddidisti</strong></span> <span class='ocrx_word' id='word_1_80' title='bbox 1370 1378 1606 1430; x_wconf 88' lang='lat' dir='ltr'><strong>votum:</strong></span> <span class='ocrx_word' id='word_1_81' title='bbox 1637 1376 1761 1445; x_wconf 90' lang='lat' dir='ltr'><strong>jam</strong></span> <span class='ocrx_word' id='word_1_82' title='bbox 1799 1374 1963 1431; x_wconf 92' lang='lat' dir='ltr'><strong>inve-</strong></span> 
     </span>
    </p>
   </div>
   <div class='ocr_carea' id='block_1_14' title="bbox 317 1462 1963 1534">
    <p class='ocr_par' dir='ltr' id='par_1_14' title="bbox 317 1462 1963 1534">
     <span class='ocr_line' id='line_1_14' title="bbox 317 1462 1963 1534; baseline 0.001 -16"><span class='ocrx_word' id='word_1_83' title='bbox 317 1463 455 1519; x_wconf 88' lang='lat' dir='ltr'><strong>nisti</strong></span> <span class='ocrx_word' id='word_1_84' title='bbox 498 1464 691 1518; x_wconf 82' lang='lat' dir='ltr'><strong>locum</strong></span> <span class='ocrx_word' id='word_1_85' title='bbox 748 1464 906 1520; x_wconf 86' lang='lat' dir='ltr'><strong>Deo:</strong></span> <span class='ocrx_word' id='word_1_86' title='bbox 960 1463 1088 1533; x_wconf 88' lang='lat' dir='ltr'><strong>jam</strong></span> <span class='ocrx_word' id='word_1_87' title='bbox 1146 1462 1473 1534; x_wconf 86' lang='lat' dir='ltr'><strong>produxisti</strong></span> <span class='ocrx_word' id='word_1_88' title='bbox 1532 1478 1600 1518; x_wconf 83' lang='lat' dir='ltr'><strong>ex</strong></span> <span class='ocrx_word' id='word_1_89' title='bbox 1656 1463 1833 1519; x_wconf 80' lang='lat' dir='ltr'><strong>latere</strong></span> <span class='ocrx_word' id='word_1_90' title='bbox 1862 1468 1963 1519; x_wconf 92' lang='lat' dir='ltr'><strong>tuo</strong></span> 
     </span>
    </p>
   </div>
   <div class='ocr_carea' id='block_1_15' title="bbox 310 1551 1962 1624">
    <p class='ocr_par' dir='ltr' id='par_1_15' title="bbox 310 1551 1962 1624">
     <span class='ocr_line' id='line_1_15' title="bbox 310 1551 1962 1624; baseline 0 -16"><span class='ocrx_word' id='word_1_91' title='bbox 310 1552 668 1623; x_wconf 13' lang='lat' dir='ltr'><strong>(Ecclesium:</strong></span> <span class='ocrx_word' id='word_1_92' title='bbox 702 1567 948 1624; x_wconf 84' lang='lat' dir='ltr'><strong>exsurge</strong></span> <span class='ocrx_word' id='word_1_93' title='bbox 992 1569 1147 1606; x_wconf 90' lang='lat' dir='ltr'><strong>nunc</strong></span> <span class='ocrx_word' id='word_1_94' title='bbox 1198 1553 1268 1606; x_wconf 85' lang='lat' dir='ltr'><strong>ab</strong></span> <span class='ocrx_word' id='word_1_95' title='bbox 1319 1551 1541 1619; x_wconf 88' lang='lat' dir='ltr'><strong>inferis,</strong></span> <span class='ocrx_word' id='word_1_96' title='bbox 1595 1557 1877 1609; x_wconf 89' lang='lat' dir='ltr'><strong>revertere</strong></span> <span class='ocrx_word' id='word_1_97' title='bbox 1904 1552 1962 1608; x_wconf 89' lang='lat' dir='ltr'><strong>in</strong></span> 
     </span>
    </p>
   </div>
   <div class='ocr_carea' id='block_1_16' title="bbox 318 1640 1960 1712">
    <p class='ocr_par' dir='ltr' id='par_1_16' title="bbox 318 1640 1960 1712">
     <span class='ocr_line' id='line_1_16' title="bbox 318 1640 1960 1712; baseline -0.002 -14"><span class='ocrx_word' id='word_1_98' title='bbox 318 1640 785 1712; x_wconf 83' lang='lat' dir='ltr'><strong>tabernaculum,</strong></span> <span class='ocrx_word' id='word_1_99' title='bbox 819 1640 1021 1697; x_wconf 86' lang='lat' dir='ltr'><strong>abiens</strong></span> <span class='ocrx_word' id='word_1_100' title='bbox 1052 1640 1111 1694; x_wconf 91' lang='lat' dir='ltr'><strong>in</strong></span> <span class='ocrx_word' id='word_1_101' title='bbox 1154 1640 1421 1711; x_wconf 76' lang='lat' dir='ltr'><strong>requiem</strong></span> <span class='ocrx_word' id='word_1_102' title='bbox 1448 1658 1461 1697; x_wconf 92' lang='lat'><strong>:</strong></span> <span class='ocrx_word' id='word_1_103' title='bbox 1515 1641 1585 1695; x_wconf 90' lang='lat' dir='ltr'><strong>de</strong></span> <span class='ocrx_word' id='word_1_104' title='bbox 1615 1641 1830 1711; x_wconf 89' lang='lat' dir='ltr'><strong>quibus</strong></span> <span class='ocrx_word' id='word_1_105' title='bbox 1861 1658 1960 1696; x_wconf 89' lang='lat' dir='ltr'><strong>su-</strong></span> 
     </span>
    </p>
   </div>
   <div class='ocr_carea' id='block_1_17' title="bbox 322 1726 1963 1801">
    <p class='ocr_par' dir='ltr' id='par_1_17' title="bbox 322 1726 1963 1801">
     <span class='ocr_line' id='line_1_17' title="bbox 322 1726 1963 1801; baseline 0.001 -18"><span class='ocrx_word' id='word_1_106' title='bbox 322 1728 523 1801; x_wconf 85' lang='lat' dir='ltr'><strong>perius</strong></span> <span class='ocrx_word' id='word_1_107' title='bbox 551 1733 642 1783; x_wconf 89' lang='lat' dir='ltr'><strong>est</strong></span> <span class='ocrx_word' id='word_1_108' title='bbox 669 1727 921 1783; x_wconf 92' lang='lat' dir='ltr'><strong>locutus.</strong></span> <span class='ocrx_word' id='word_1_109' title='bbox 952 1727 1019 1782; x_wconf 88' lang='lat' dir='ltr'><strong>Et</strong></span> <span class='ocrx_word' id='word_1_110' title='bbox 1049 1742 1163 1782; x_wconf 90' lang='lat' dir='ltr'><strong>non</strong></span> <span class='ocrx_word' id='word_1_111' title='bbox 1213 1726 1403 1783; x_wconf 90' lang='lat' dir='ltr'><strong>solum</strong></span> <span class='ocrx_word' id='word_1_112' title='bbox 1451 1730 1536 1790; x_wconf 88' lang='lat' dir='ltr'><strong>tu,</strong></span> <span class='ocrx_word' id='word_1_113' title='bbox 1568 1729 1694 1795; x_wconf 91' lang='lat' dir='ltr'><strong>sed,</strong></span> <span class='ocrx_word' id='word_1_114' title='bbox 1726 1751 1754 1777; x_wconf 85' lang='lat'><strong>«</strong></span> <span class='ocrx_word' id='word_1_115' title='bbox 1787 1729 1873 1783; x_wconf 91' lang='lat' dir='ltr'><strong>Tu</strong></span> <span class='ocrx_word' id='word_1_116' title='bbox 1905 1732 1963 1784; x_wconf 90' lang='lat' dir='ltr'><strong>et</strong></span> 
     </span>
    </p>
   </div>
   <div class='ocr_carea' id='block_1_18' title="bbox 313 1814 1960 1888">
    <p class='ocr_par' dir='ltr' id='par_1_18' title="bbox 313 1814 1960 1888">
     <span class='ocr_line' id='line_1_18' title="bbox 313 1814 1960 1888; baseline -0.001 -15"><span class='ocrx_word' id='word_1_117' title='bbox 313 1832 448 1873; x_wconf 89' lang='lat' dir='ltr'><strong>arca</strong></span> <span class='ocrx_word' id='word_1_118' title='bbox 478 1815 956 1871; x_wconf 83' lang='lat' dir='ltr'><strong>sanctificationis</strong></span> <span class='ocrx_word' id='word_1_119' title='bbox 980 1819 1114 1871; x_wconf 63' lang='lat' dir='ltr'><strong>tuae.</strong></span> <span class='ocrx_word' id='word_1_120' title='bbox 1146 1838 1173 1863; x_wconf 86' lang='grc'><strong>››</strong></span> <span class='ocrx_word' id='word_1_121' title='bbox 1220 1818 1441 1888; x_wconf 91' lang='lat' dir='ltr'><strong>Corpus</strong></span> <span class='ocrx_word' id='word_1_122' title='bbox 1481 1814 1703 1871; x_wconf 87' lang='lat' dir='ltr'><strong>scilicet</strong></span> <span class='ocrx_word' id='word_1_123' title='bbox 1731 1832 1960 1872; x_wconf 90' lang='lat' dir='ltr'><strong>assum-</strong></span> 
     </span>
    </p>
   </div>
   <div class='ocr_carea' id='block_1_19' title="bbox 315 1905 1960 1979">
    <p class='ocr_par' dir='ltr' id='par_1_19' title="bbox 315 1905 1960 1979">
     <span class='ocr_line' id='line_1_19' title="bbox 315 1905 1960 1979; baseline 0.001 -18"><span class='ocrx_word' id='word_1_124' title='bbox 315 1910 509 1979; x_wconf 86' lang='lat' dir='ltr'><strong>ptum,</strong></span> <span class='ocrx_word' id='word_1_125' title='bbox 541 1922 657 1977; x_wconf 89' lang='lat' dir='ltr'><strong>quo</strong></span> <span class='ocrx_word' id='word_1_126' title='bbox 688 1905 964 1960; x_wconf 83' lang='lat' dir='ltr'><strong>divinitas</strong></span> <span class='ocrx_word' id='word_1_127' title='bbox 1004 1906 1331 1975; x_wconf 81' lang='lat' dir='ltr'><strong>tegebatur.</strong></span> <span class='ocrx_word' id='word_1_128' title='bbox 1362 1907 1407 1959; x_wconf 92' lang='lat' dir='ltr'><strong>A</strong></span> <span class='ocrx_word' id='word_1_129' title='bbox 1456 1921 1572 1977; x_wconf 93' lang='lat' dir='ltr'><strong>quo</strong></span> <span class='ocrx_word' id='word_1_130' title='bbox 1602 1905 1717 1977; x_wconf 88' lang='lat' dir='ltr'><strong>via,</strong></span> <span class='ocrx_word' id='word_1_131' title='bbox 1747 1905 1960 1962; x_wconf 87' lang='lat' dir='ltr'><strong>veritas</strong></span> 
     </span>
    </p>
   </div>
   <div class='ocr_carea' id='block_1_20' title="bbox 314 1993 1122 2049">
    <p class='ocr_par' dir='ltr' id='par_1_20' title="bbox 314 1993 1122 2049">
     <span class='ocr_line' id='line_1_20' title="bbox 314 1993 1122 2049; baseline -0.002 0"><span class='ocrx_word' id='word_1_132' title='bbox 314 1999 372 2049; x_wconf 91' lang='lat' dir='ltr'><strong>et</strong></span> <span class='ocrx_word' id='word_1_133' title='bbox 399 1993 519 2049; x_wconf 90' lang='lat' dir='ltr'><strong>vita</strong></span> <span class='ocrx_word' id='word_1_134' title='bbox 548 1993 716 2049; x_wconf 92' lang='lat' dir='ltr'><strong>nobis</strong></span> <span class='ocrx_word' id='word_1_135' title='bbox 748 1997 984 2048; x_wconf 89' lang='lat' dir='ltr'><strong>ostensa</strong></span> <span class='ocrx_word' id='word_1_136' title='bbox 1012 1997 1122 2048; x_wconf 90' lang='lat' dir='ltr'><strong>est.</strong></span> 
     </span>
    </p>
   </div>
   <div class='ocr_carea' id='block_1_21' title="bbox 304 2080 1960 2154">
    <p class='ocr_par' dir='ltr' id='par_1_21' title="bbox 304 2080 1960 2154">
     <span class='ocr_line' id='line_1_21' title="bbox 304 2080 1960 2154; baseline 0.002 -18"><span class='ocrx_word' id='word_1_137' title='bbox 304 2132 309 2136; x_wconf 90' lang='lat'><strong>.</strong></span> <span class='ocrx_word' id='word_1_138' title='bbox 389 2105 417 2132; x_wconf 90' lang='grc'><strong>‹‹</strong></span> <span class='ocrx_word' id='word_1_139' title='bbox 450 2082 787 2137; x_wconf 88' lang='lat' dir='ltr'><strong>Sacerdotes</strong></span> <span class='ocrx_word' id='word_1_140' title='bbox 815 2081 903 2135; x_wconf 91' lang='lat' dir='ltr'><strong>tui</strong></span> <span class='ocrx_word' id='word_1_141' title='bbox 935 2080 1256 2137; x_wconf 89' lang='lat' dir='ltr'><strong>induantur</strong></span> <span class='ocrx_word' id='word_1_142' title='bbox 1283 2082 1531 2153; x_wconf 88' lang='lat' dir='ltr'><strong>justitia.</strong></span> <span class='ocrx_word' id='word_1_143' title='bbox 1564 2104 1593 2133; x_wconf 80' lang='lat'><strong>»</strong></span> <span class='ocrx_word' id='word_1_144' title='bbox 1630 2082 1960 2154; x_wconf 70' lang='lat' dir='ltr'><strong>Utjustitiaa</strong></span> 
     </span>
    </p>
   </div>
   <div class='ocr_carea' id='block_1_22' title="bbox 316 2170 1958 2243">
    <p class='ocr_par' dir='ltr' id='par_1_22' title="bbox 316 2170 1958 2243">
     <span class='ocr_line' id='line_1_22' title="bbox 316 2170 1958 2243; baseline 0.001 -17"><span class='ocrx_word' id='word_1_145' title='bbox 316 2171 496 2227; x_wconf 90' lang='lat' dir='ltr'><strong>lorica</strong></span> <span class='ocrx_word' id='word_1_146' title='bbox 552 2170 764 2239; x_wconf 88' lang='lat' dir='ltr'><strong>induti,</strong></span> <span class='ocrx_word' id='word_1_147' title='bbox 816 2186 931 2226; x_wconf 91' lang='lat' dir='ltr'><strong>non</strong></span> <span class='ocrx_word' id='word_1_148' title='bbox 993 2171 1331 2226; x_wconf 83' lang='lat' dir='ltr'><strong>sancientur</strong></span> <span class='ocrx_word' id='word_1_149' title='bbox 1386 2189 1420 2227; x_wconf 90' lang='lat' dir='ltr'><strong>a</strong></span> <span class='ocrx_word' id='word_1_150' title='bbox 1452 2170 1671 2243; x_wconf 89' lang='lat' dir='ltr'><strong>jaculis</strong></span> <span class='ocrx_word' id='word_1_151' title='bbox 1714 2172 1958 2229; x_wconf 90' lang='lat' dir='ltr'><strong>inimici.</strong></span> 
     </span>
    </p>
   </div>
   <div class='ocr_carea' id='block_1_23' title="bbox 315 2258 1854 2318">
    <p class='ocr_par' dir='ltr' id='par_1_23' title="bbox 315 2258 1854 2318">
     <span class='ocr_line' id='line_1_23' title="bbox 315 2258 1854 2318; baseline 0.005 -7"><span class='ocrx_word' id='word_1_152' title='bbox 315 2282 344 2311; x_wconf 83' lang='lat'><strong><em>«</em></strong></span> <span class='ocrx_word' id='word_1_153' title='bbox 377 2260 450 2315; x_wconf 88' lang='lat' dir='ltr'><strong>Et</strong></span> <span class='ocrx_word' id='word_1_154' title='bbox 476 2259 664 2316; x_wconf 88' lang='lat' dir='ltr'><strong>sancti</strong></span> <span class='ocrx_word' id='word_1_155' title='bbox 692 2260 780 2314; x_wconf 92' lang='lat' dir='ltr'><strong>tui</strong></span> <span class='ocrx_word' id='word_1_156' title='bbox 809 2258 1118 2315; x_wconf 82' lang='lat' dir='ltr'><strong>exsultent.</strong></span> <span class='ocrx_word' id='word_1_157' title='bbox 1156 2280 1184 2309; x_wconf 87' lang='lat'>»</span> <span class='ocrx_word' id='word_1_158' title='bbox 1219 2260 1280 2315; x_wconf 91' lang='lat' dir='ltr'><strong>In</strong></span> <span class='ocrx_word' id='word_1_159' title='bbox 1308 2258 1644 2317; x_wconf 77' lang='lat' dir='ltr'><strong>cmlestibus</strong></span> <span class='ocrx_word' id='word_1_160' title='bbox 1664 2261 1854 2318; x_wconf 89' lang='lat' dir='ltr'><strong>bonis.</strong></span> 
     </span>
    </p>
   </div>
   <div class='ocr_carea' id='block_1_24' title="bbox 298 2349 1960 2421">
    <p class='ocr_par' dir='ltr' id='par_1_24' title="bbox 298 2349 1960 2421">
     <span class='ocr_line' id='line_1_24' title="bbox 298 2349 1960 2421; baseline -0.001 -15"><span class='ocrx_word' id='word_1_161' title='bbox 298 2400 307 2406; x_wconf 77' lang='grc'>,</span> <span class='ocrx_word' id='word_1_162' title='bbox 394 2372 421 2400; x_wconf 86' lang='grc'><em>‹‹</em></span> <span class='ocrx_word' id='word_1_163' title='bbox 450 2349 697 2421; x_wconf 76' lang='lat' dir='ltr'><strong>Propter</strong></span> <span class='ocrx_word' id='word_1_164' title='bbox 734 2349 911 2403; x_wconf 87' lang='lat' dir='ltr'><strong>David</strong></span> <span class='ocrx_word' id='word_1_165' title='bbox 965 2364 1197 2404; x_wconf 89' lang='lat' dir='ltr'><strong>servum</strong></span> <span class='ocrx_word' id='word_1_166' title='bbox 1242 2353 1409 2404; x_wconf 92' lang='lat' dir='ltr'><strong>tuum</strong></span> <span class='ocrx_word' id='word_1_167' title='bbox 1460 2366 1575 2405; x_wconf 93' lang='lat' dir='ltr'><strong>non</strong></span> <span class='ocrx_word' id='word_1_168' title='bbox 1618 2353 1845 2405; x_wconf 89' lang='lat' dir='ltr'><strong>avertas</strong></span> <span class='ocrx_word' id='word_1_169' title='bbox 1876 2349 1960 2405; x_wconf 86' lang='lat' dir='ltr'><strong>fa-</strong></span> 
     </span>
    </p>
   </div>
   <div class='ocr_carea' id='block_1_25' title="bbox 323 2437 1963 2511">
    <p class='ocr_par' dir='ltr' id='par_1_25' title="bbox 323 2437 1963 2511">
     <span class='ocr_line' id='line_1_25' title="bbox 323 2437 1963 2511; baseline -0.001 -16"><span class='ocrx_word' id='word_1_170' title='bbox 323 2440 471 2495; x_wconf 89' lang='lat' dir='ltr'><strong>ciem</strong></span> <span class='ocrx_word' id='word_1_171' title='bbox 504 2437 717 2493; x_wconf 88' lang='lat' dir='ltr'><strong>Christi</strong></span> <span class='ocrx_word' id='word_1_172' title='bbox 768 2437 875 2493; x_wconf 91' lang='lat' dir='ltr'><strong>tui.</strong></span> <span class='ocrx_word' id='word_1_173' title='bbox 912 2460 939 2487; x_wconf 87' lang='lat'>»</span> <span class='ocrx_word' id='word_1_174' title='bbox 996 2442 1240 2510; x_wconf 87' lang='lat' dir='ltr'><strong>Propter</strong></span> <span class='ocrx_word' id='word_1_175' title='bbox 1280 2437 1448 2494; x_wconf 91' lang='lat' dir='ltr'><strong>illum</strong></span> <span class='ocrx_word' id='word_1_176' title='bbox 1497 2439 1597 2511; x_wconf 89' lang='lat' dir='ltr'><strong>qui</strong></span> <span class='ocrx_word' id='word_1_177' title='bbox 1644 2454 1713 2495; x_wconf 87' lang='lat' dir='ltr'><strong>ex</strong></span> <span class='ocrx_word' id='word_1_178' title='bbox 1742 2438 1963 2495; x_wconf 89' lang='lat' dir='ltr'><strong>semine</strong></span> 
     </span>
    </p>
   </div>
   <div class='ocr_carea' id='block_1_26' title="bbox 318 2526 1966 2598">
    <p class='ocr_par' dir='ltr' id='par_1_26' title="bbox 318 2526 1966 2598">
     <span class='ocr_line' id='line_1_26' title="bbox 318 2526 1966 2598; baseline -0.002 -14"><span class='ocrx_word' id='word_1_179' title='bbox 318 2528 500 2584; x_wconf 90' lang='lat' dir='ltr'><strong>David</strong></span> <span class='ocrx_word' id='word_1_180' title='bbox 559 2527 806 2582; x_wconf 90' lang='lat' dir='ltr'><strong>formam</strong></span> <span class='ocrx_word' id='word_1_181' title='bbox 862 2526 1130 2583; x_wconf 90' lang='lat' dir='ltr'><strong>servilem</strong></span> <span class='ocrx_word' id='word_1_182' title='bbox 1189 2527 1467 2598; x_wconf 84' lang='lat' dir='ltr'><strong>suscepit,</strong></span> <span class='ocrx_word' id='word_1_183' title='bbox 1518 2544 1631 2583; x_wconf 90' lang='lat' dir='ltr'><strong>non</strong></span> <span class='ocrx_word' id='word_1_184' title='bbox 1670 2531 1966 2584; x_wconf 88' lang='lat' dir='ltr'><strong>avertatur</strong></span> 
     </span>
    </p>
   </div>
   <div class='ocr_carea' id='block_1_27' title="bbox 317 2614 1965 2688">
    <p class='ocr_par' dir='ltr' id='par_1_27' title="bbox 317 2614 1965 2688">
     <span class='ocr_line' id='line_1_27' title="bbox 317 2614 1965 2688; baseline -0.001 -16"><span class='ocrx_word' id='word_1_185' title='bbox 317 2615 555 2672; x_wconf 86' lang='lat' dir='ltr'><strong>claritas</strong></span> <span class='ocrx_word' id='word_1_186' title='bbox 612 2614 886 2686; x_wconf 84' lang='lat' dir='ltr'><strong>imaginis</strong></span> <span class='ocrx_word' id='word_1_187' title='bbox 943 2620 1055 2670; x_wconf 62' lang='lat' dir='ltr'><strong>tuae</strong></span> <span class='ocrx_word' id='word_1_188' title='bbox 1109 2632 1144 2670; x_wconf 90' lang='lat' dir='ltr'><strong>a</strong></span> <span class='ocrx_word' id='word_1_189' title='bbox 1199 2616 1441 2683; x_wconf 89' lang='lat' dir='ltr'><strong>sanctis,</strong></span> <span class='ocrx_word' id='word_1_190' title='bbox 1503 2616 1561 2670; x_wconf 90' lang='lat' dir='ltr'><strong>in</strong></span> <span class='ocrx_word' id='word_1_191' title='bbox 1594 2616 1811 2688; x_wconf 91' lang='lat' dir='ltr'><strong>quibus</strong></span> <span class='ocrx_word' id='word_1_192' title='bbox 1839 2616 1965 2688; x_wconf 84' lang='lat' dir='ltr'><strong>ipse</strong></span> 
     </span>
    </p>
   </div>
   <div class='ocr_carea' id='block_1_28' title="bbox 318 2702 1535 2769">
    <p class='ocr_par' dir='ltr' id='par_1_28' title="bbox 318 2702 1535 2769">
     <span class='ocr_line' id='line_1_28' title="bbox 318 2702 1535 2769; baseline -0.001 -10"><span class='ocrx_word' id='word_1_193' title='bbox 318 2703 585 2759; x_wconf 86' lang='lat' dir='ltr'><strong>Christus</strong></span> <span class='ocrx_word' id='word_1_194' title='bbox 617 2702 929 2769; x_wconf 88' lang='lat' dir='ltr'><strong>inhabitat,</strong></span> <span class='ocrx_word' id='word_1_195' title='bbox 961 2704 1064 2758; x_wconf 92' lang='lat' dir='ltr'><strong>sed</strong></span> <span class='ocrx_word' id='word_1_196' title='bbox 1096 2702 1389 2759; x_wconf 89' lang='lat' dir='ltr'><strong>illuminet</strong></span> <span class='ocrx_word' id='word_1_197' title='bbox 1418 2720 1535 2760; x_wconf 89' lang='lat' dir='ltr'><strong>eos.</strong></span> 
     </span>
    </p>
   </div>
   <div class='ocr_carea' id='block_1_29' title="bbox 308 2790 1964 2864">
    <p class='ocr_par' dir='ltr' id='par_1_29' title="bbox 308 2790 1964 2864">
     <span class='ocr_line' id='line_1_29' title="bbox 308 2790 1964 2864; baseline 0.003 -22"><span class='ocrx_word' id='word_1_198' title='bbox 308 2847 317 2853; x_wconf 86' lang='lat'>_</span> <span class='ocrx_word' id='word_1_199' title='bbox 396 2812 419 2842; x_wconf 73' lang='grc' dir='ltr'><strong>ε</strong></span> <span class='ocrx_word' id='word_1_200' title='bbox 450 2792 679 2848; x_wconf 90' lang='lat' dir='ltr'><strong>Juravit</strong></span> <span class='ocrx_word' id='word_1_201' title='bbox 710 2791 995 2847; x_wconf 90' lang='lat' dir='ltr'><strong>Dominus</strong></span> <span class='ocrx_word' id='word_1_202' title='bbox 1025 2790 1205 2847; x_wconf 86' lang='lat' dir='ltr'><strong>David</strong></span> <span class='ocrx_word' id='word_1_203' title='bbox 1252 2793 1576 2864; x_wconf 86' lang='lat' dir='ltr'><strong>veritatem,</strong></span> <span class='ocrx_word' id='word_1_204' title='bbox 1605 2798 1663 2848; x_wconf 92' lang='lat' dir='ltr'><strong>et</strong></span> <span class='ocrx_word' id='word_1_205' title='bbox 1693 2809 1805 2848; x_wconf 89' lang='lat' dir='ltr'><strong>non</strong></span> <span class='ocrx_word' id='word_1_206' title='bbox 1838 2792 1964 2847; x_wconf 80' lang='lat' dir='ltr'><strong>fru-</strong></span> 
     </span>
    </p>
   </div>
   <div class='ocr_carea' id='block_1_30' title="bbox 320 2880 1965 2953">
    <p class='ocr_par' dir='ltr' id='par_1_30' title="bbox 320 2880 1965 2953">
     <span class='ocr_line' id='line_1_30' title="bbox 320 2880 1965 2953; baseline -0.001 -15"><span class='ocrx_word' id='word_1_207' title='bbox 320 2881 602 2938; x_wconf 88' lang='lat' dir='ltr'><strong>strabitur</strong></span> <span class='ocrx_word' id='word_1_208' title='bbox 649 2897 806 2936; x_wconf 92' lang='lat' dir='ltr'><strong>eum.</strong></span> <span class='ocrx_word' id='word_1_209' title='bbox 845 2904 865 2929; x_wconf 74' lang='grc' dir='ltr'><strong><em>ν</em></strong></span> <span class='ocrx_word' id='word_1_210' title='bbox 906 2885 1017 2935; x_wconf 92' lang='lat' dir='ltr'><strong>Deo</strong></span> <span class='ocrx_word' id='word_1_211' title='bbox 1073 2880 1297 2936; x_wconf 87' lang='lat' dir='ltr'><strong>homini</strong></span> <span class='ocrx_word' id='word_1_212' title='bbox 1354 2882 1521 2937; x_wconf 89' lang='lat' dir='ltr'><strong>Pater</strong></span> <span class='ocrx_word' id='word_1_213' title='bbox 1559 2882 1723 2953; x_wconf 91' lang='lat' dir='ltr'><strong>jurat</strong></span> <span class='ocrx_word' id='word_1_214' title='bbox 1750 2881 1965 2937; x_wconf 89' lang='lat' dir='ltr'><strong>verita-</strong></span> 
     </span>
    </p>
   </div>
   <div class='ocr_carea' id='block_1_31' title="bbox 320 2970 1962 3043">
    <p class='ocr_par' dir='ltr' id='par_1_31' title="bbox 320 2970 1962 3043">
     <span class='ocr_line' id='line_1_31' title="bbox 320 2970 1962 3043; baseline 0 -18"><span class='ocrx_word' id='word_1_215' title='bbox 320 2976 465 3039; x_wconf 88' lang='lat' dir='ltr'><strong>tem,</strong></span> <span class='ocrx_word' id='word_1_216' title='bbox 504 2987 681 3043; x_wconf 88' lang='lat' dir='ltr'><strong>quam</strong></span> <span class='ocrx_word' id='word_1_217' title='bbox 738 2986 855 3026; x_wconf 93' lang='lat' dir='ltr'><strong>non</strong></span> <span class='ocrx_word' id='word_1_218' title='bbox 912 2973 1171 3038; x_wconf 89' lang='lat' dir='ltr'><strong>evacuat,</strong></span> <span class='ocrx_word' id='word_1_219' title='bbox 1232 2971 1333 3025; x_wconf 88' lang='lat' dir='ltr'><strong>sed</strong></span> <span class='ocrx_word' id='word_1_220' title='bbox 1385 2970 1667 3043; x_wconf 89' lang='lat' dir='ltr'><strong>adimplet</strong></span> <span class='ocrx_word' id='word_1_221' title='bbox 1723 2971 1962 3026; x_wconf 88' lang='lat' dir='ltr'><strong>dicens:</strong></span> 
     </span>
    </p>
   </div>
   <div class='ocr_carea' id='block_1_32' title="bbox 328 3058 1965 3131">
    <p class='ocr_par' dir='ltr' id='par_1_32' title="bbox 328 3058 1965 3131">
     <span class='ocr_line' id='line_1_32' title="bbox 328 3058 1965 3131; baseline 0.001 -17"><span class='ocrx_word' id='word_1_222' title='bbox 328 3079 351 3108; x_wconf 77' lang='grc' dir='ltr'>ι</span> <span class='ocrx_word' id='word_1_223' title='bbox 384 3064 463 3115; x_wconf 92' lang='lat' dir='ltr'><strong>De</strong></span> <span class='ocrx_word' id='word_1_224' title='bbox 491 3059 683 3115; x_wconf 88' lang='lat' dir='ltr'><strong>fructu</strong></span> <span class='ocrx_word' id='word_1_225' title='bbox 716 3058 933 3115; x_wconf 90' lang='lat' dir='ltr'><strong>ventris</strong></span> <span class='ocrx_word' id='word_1_226' title='bbox 964 3059 1048 3113; x_wconf 90' lang='lat' dir='ltr'><strong>tui</strong></span> <span class='ocrx_word' id='word_1_227' title='bbox 1069 3074 1282 3131; x_wconf 89' lang='lat' dir='ltr'><strong>ponam</strong></span> <span class='ocrx_word' id='word_1_228' title='bbox 1305 3075 1480 3131; x_wconf 88' lang='lat' dir='ltr'><strong>super</strong></span> <span class='ocrx_word' id='word_1_229' title='bbox 1504 3060 1703 3116; x_wconf 90' lang='lat' dir='ltr'><strong>sedem</strong></span> <span class='ocrx_word' id='word_1_230' title='bbox 1725 3063 1909 3116; x_wconf 90' lang='lat' dir='ltr'><strong>tuam.</strong></span> <span class='ocrx_word' id='word_1_231' title='bbox 1937 3081 1965 3109; x_wconf 84' lang='lat'><strong>»</strong></span> 
     </span>
    </p>
   </div>
   <div class='ocr_carea' id='block_1_33' title="bbox 321 3148 1969 3221">
    <p class='ocr_par' dir='ltr' id='par_1_33' title="bbox 321 3148 1969 3221">
     <span class='ocr_line' id='line_1_33' title="bbox 321 3148 1969 3221; baseline -0.002 -16"><span class='ocrx_word' id='word_1_232' title='bbox 321 3149 437 3205; x_wconf 88' lang='lat' dir='ltr'><strong>Nos</strong></span> <span class='ocrx_word' id='word_1_233' title='bbox 470 3164 679 3204; x_wconf 91' lang='lat' dir='ltr'><strong>sumus</strong></span> <span class='ocrx_word' id='word_1_234' title='bbox 710 3148 935 3203; x_wconf 88' lang='lat' dir='ltr'><strong>fructus</strong></span> <span class='ocrx_word' id='word_1_235' title='bbox 966 3149 1185 3203; x_wconf 90' lang='lat' dir='ltr'><strong>ventris</strong></span> <span class='ocrx_word' id='word_1_236' title='bbox 1215 3149 1364 3219; x_wconf 88' lang='lat' dir='ltr'><strong>ejus,</strong></span> <span class='ocrx_word' id='word_1_237' title='bbox 1404 3165 1553 3219; x_wconf 89' lang='lat' dir='ltr'><strong>quos</strong></span> <span class='ocrx_word' id='word_1_238' title='bbox 1583 3148 1969 3221; x_wconf 89' lang='lat' dir='ltr'><strong>spiritualiter</strong></span> 
     </span>
    </p>
   </div>
   <div class='ocr_carea' id='block_1_34' title="bbox 321 3226 1969 3308">
    <p class='ocr_par' dir='ltr' id='par_1_34' title="bbox 321 3226 1969 3308">
     <span class='ocr_line' id='line_1_34' title="bbox 321 3226 1969 3308; baseline 0 -16"><span class='ocrx_word' id='word_1_239' title='bbox 321 3226 602 3307; x_wconf 72' lang='lat' dir='ltr'><strong>tanquam</strong></span> <span class='ocrx_word' id='word_1_240' title='bbox 661 3252 730 3291; x_wconf 87' lang='lat' dir='ltr'><strong>ex</strong></span> <span class='ocrx_word' id='word_1_241' title='bbox 788 3238 953 3291; x_wconf 89' lang='lat' dir='ltr'><strong>utero</strong></span> <span class='ocrx_word' id='word_1_242' title='bbox 1017 3237 1333 3306; x_wconf 86' lang='lat' dir='ltr'><strong>generavit.</strong></span> <span class='ocrx_word' id='word_1_243' title='bbox 1388 3236 1496 3302; x_wconf 83' lang='lat' dir='ltr'><strong>Qui</strong></span> <span class='ocrx_word' id='word_1_244' title='bbox 1552 3236 1601 3291; x_wconf 91' lang='lat' dir='ltr'><strong>si</strong></span> <span class='ocrx_word' id='word_1_245' title='bbox 1662 3237 1969 3308; x_wconf 88' lang='lat' dir='ltr'><strong>sequentia</strong></span> 
     </span>
    </p>
   </div>
   <div class='ocr_carea' id='block_1_35' title="bbox 323 3322 2038 3396">
    <p class='ocr_par' dir='ltr' id='par_1_35' title="bbox 323 3322 2038 3396">
     <span class='ocr_line' id='line_1_35' title="bbox 323 3322 2038 3396; baseline 0 -16"><span class='ocrx_word' id='word_1_246' title='bbox 323 3324 746 3390; x_wconf 86' lang='lat' dir='ltr'><strong>custodiamus,</strong></span> <span class='ocrx_word' id='word_1_247' title='bbox 779 3322 1118 3379; x_wconf 86' lang='lat' dir='ltr'><strong>sedebimus</strong></span> <span class='ocrx_word' id='word_1_248' title='bbox 1142 3340 1321 3395; x_wconf 89' lang='lat' dir='ltr'><strong>super</strong></span> <span class='ocrx_word' id='word_1_249' title='bbox 1350 3325 1547 3381; x_wconf 87' lang='lat' dir='ltr'><strong>sedem</strong></span> <span class='ocrx_word' id='word_1_250' title='bbox 1580 3326 1727 3396; x_wconf 88' lang='lat' dir='ltr'><strong>ejus,</strong></span> <span class='ocrx_word' id='word_1_251' title='bbox 1762 3330 1819 3381; x_wconf 93' lang='lat' dir='ltr'><strong>et</strong></span> <span class='ocrx_word' id='word_1_252' title='bbox 1848 3342 1963 3381; x_wconf 89' lang='lat' dir='ltr'><strong>non</strong></span> <span class='ocrx_word' id='word_1_253' title='bbox 1995 3323 2038 3391; x_wconf 88' lang='lat' dir='ltr'>C</span> 
     </span>
    </p>
   </div>
   <div class='ocr_carea' id='block_1_36' title="bbox 326 3411 1965 3483">
    <p class='ocr_par' dir='ltr' id='par_1_36' title="bbox 326 3411 1965 3483">
     <span class='ocr_line' id='line_1_36' title="bbox 326 3411 1965 3483; baseline -0.001 -13"><span class='ocrx_word' id='word_1_254' title='bbox 326 3413 521 3470; x_wconf 89' lang='lat' dir='ltr'><strong>solum</strong></span> <span class='ocrx_word' id='word_1_255' title='bbox 551 3429 678 3483; x_wconf 91' lang='lat' dir='ltr'><strong>nos,</strong></span> <span class='ocrx_word' id='word_1_256' title='bbox 712 3428 914 3467; x_wconf 88' lang='lat' dir='ltr'><strong>verum</strong></span> <span class='ocrx_word' id='word_1_257' title='bbox 950 3411 1125 3467; x_wconf 90' lang='lat' dir='ltr'><strong>etiam</strong></span> <span class='ocrx_word' id='word_1_258' title='bbox 1167 3416 1224 3467; x_wconf 89' lang='lat' dir='ltr'><strong>et</strong></span> <span class='ocrx_word' id='word_1_259' title='bbox 1254 3412 1358 3467; x_wconf 86' lang='lat' dir='ltr'><strong>ﬁlii</strong></span> <span class='ocrx_word' id='word_1_260' title='bbox 1402 3413 1606 3469; x_wconf 90' lang='lat' dir='ltr'><strong>nostri.</strong></span> <span class='ocrx_word' id='word_1_261' title='bbox 1642 3414 1737 3469; x_wconf 88' lang='lat' dir='ltr'><strong>Ait</strong></span> <span class='ocrx_word' id='word_1_262' title='bbox 1766 3414 1920 3468; x_wconf 92' lang='lat' dir='ltr'><strong>enim</strong></span> <span class='ocrx_word' id='word_1_263' title='bbox 1953 3430 1965 3468; x_wconf 90' lang='lat'><strong>:</strong></span> 
     </span>
    </p>
   </div>
   <div class='ocr_carea' id='block_1_37' title="bbox 398 3499 1971 3569">
    <p class='ocr_par' dir='ltr' id='par_1_37' title="bbox 398 3499 1971 3569">
     <span class='ocr_line' id='line_1_37' title="bbox 398 3499 1971 3569; baseline -0.001 -12"><span class='ocrx_word' id='word_1_264' title='bbox 398 3524 425 3551; x_wconf 89' lang='grc'><strong>‹‹</strong></span> <span class='ocrx_word' id='word_1_265' title='bbox 456 3502 515 3558; x_wconf 92' lang='lat' dir='ltr'><strong>Si</strong></span> <span class='ocrx_word' id='word_1_266' title='bbox 574 3500 959 3558; x_wconf 88' lang='lat' dir='ltr'><strong>custodierint</strong></span> <span class='ocrx_word' id='word_1_267' title='bbox 1015 3499 1119 3555; x_wconf 83' lang='lat' dir='ltr'><strong>ﬁlii</strong></span> <span class='ocrx_word' id='word_1_268' title='bbox 1173 3504 1592 3557; x_wconf 87' lang='lat' dir='ltr'><strong>testamentum</strong></span> <span class='ocrx_word' id='word_1_269' title='bbox 1649 3518 1870 3569; x_wconf 90' lang='lat' dir='ltr'><strong>meum,</strong></span> <span class='ocrx_word' id='word_1_270' title='bbox 1914 3506 1971 3556; x_wconf 91' lang='lat' dir='ltr'><strong>et</strong></span> 
     </span>
    </p>
   </div>
   <div class='ocr_carea' id='block_1_38' title="bbox 322 3588 1969 3661">
    <p class='ocr_par' dir='ltr' id='par_1_38' title="bbox 322 3588 1969 3661">
     <span class='ocr_line' id='line_1_38' title="bbox 322 3588 1969 3661; baseline -0.001 -13"><span class='ocrx_word' id='word_1_271' title='bbox 322 3590 661 3648; x_wconf 87' lang='lat' dir='ltr'><strong>testimonia</strong></span> <span class='ocrx_word' id='word_1_272' title='bbox 692 3605 821 3645; x_wconf 90' lang='lat' dir='ltr'><strong>mea</strong></span> <span class='ocrx_word' id='word_1_273' title='bbox 864 3588 986 3645; x_wconf 60' lang='lat' dir='ltr'><strong>hac</strong></span> <span class='ocrx_word' id='word_1_274' title='bbox 1034 3606 1160 3661; x_wconf 79' lang='lat' dir='ltr'><strong>quae</strong></span> <span class='ocrx_word' id='word_1_275' title='bbox 1218 3590 1433 3646; x_wconf 91' lang='lat' dir='ltr'><strong>docebo</strong></span> <span class='ocrx_word' id='word_1_276' title='bbox 1481 3607 1602 3660; x_wconf 93' lang='lat' dir='ltr'><strong>eos,</strong></span> <span class='ocrx_word' id='word_1_277' title='bbox 1652 3597 1708 3646; x_wconf 91' lang='lat' dir='ltr'><strong>et</strong></span> <span class='ocrx_word' id='word_1_278' title='bbox 1738 3590 1841 3646; x_wconf 84' lang='lat' dir='ltr'><strong>ﬁlii</strong></span> <span class='ocrx_word' id='word_1_279' title='bbox 1874 3607 1969 3646; x_wconf 91' lang='lat' dir='ltr'><strong>eo-</strong></span> 
     </span>
    </p>
   </div>
   <div class='ocr_carea' id='block_1_39' title="bbox 326 3677 1972 3752">
    <p class='ocr_par' dir='ltr' id='par_1_39' title="bbox 326 3677 1972 3752">
     <span class='ocr_line' id='line_1_39' title="bbox 326 3677 1972 3752; baseline -0.002 -16"><span class='ocrx_word' id='word_1_280' title='bbox 326 3697 458 3736; x_wconf 90' lang='lat' dir='ltr'><strong>rum</strong></span> <span class='ocrx_word' id='word_1_281' title='bbox 492 3696 681 3752; x_wconf 90' lang='lat' dir='ltr'><strong>usque</strong></span> <span class='ocrx_word' id='word_1_282' title='bbox 738 3678 797 3733; x_wconf 92' lang='lat' dir='ltr'><strong>in</strong></span> <span class='ocrx_word' id='word_1_283' title='bbox 857 3677 1139 3735; x_wconf 67' lang='lat' dir='ltr'><strong>saeculum</strong></span> <span class='ocrx_word' id='word_1_284' title='bbox 1194 3677 1412 3750; x_wconf 82' lang='lat' dir='ltr'><strong>saeculi,</strong></span> <span class='ocrx_word' id='word_1_285' title='bbox 1473 3678 1757 3734; x_wconf 91' lang='lat' dir='ltr'><strong>sedebunt</strong></span> <span class='ocrx_word' id='word_1_286' title='bbox 1794 3695 1972 3750; x_wconf 90' lang='lat' dir='ltr'><strong>super</strong></span> 
     </span>
    </p>
   </div>
   <div class='ocr_carea' id='block_1_40' title="bbox 325 3766 1968 3839">
    <p class='ocr_par' dir='ltr' id='par_1_40' title="bbox 325 3766 1968 3839">
     <span class='ocr_line' id='line_1_40' title="bbox 325 3766 1968 3839; baseline -0.001 -13"><span class='ocrx_word' id='word_1_287' title='bbox 325 3771 523 3833; x_wconf 85' lang='lat' dir='ltr'><strong>sedem</strong></span> <span class='ocrx_word' id='word_1_288' title='bbox 560 3784 774 3825; x_wconf 89' lang='lat' dir='ltr'><strong>meam.</strong></span> <span class='ocrx_word' id='word_1_289' title='bbox 802 3790 830 3817; x_wconf 85' lang='lat'>»</span> <span class='ocrx_word' id='word_1_290' title='bbox 858 3768 918 3824; x_wconf 90' lang='lat' dir='ltr'><strong>Si</strong></span> <span class='ocrx_word' id='word_1_291' title='bbox 947 3772 1366 3824; x_wconf 90' lang='lat' dir='ltr'><strong>testamentum</strong></span> <span class='ocrx_word' id='word_1_292' title='bbox 1392 3768 1521 3839; x_wconf 89' lang='lat' dir='ltr'><strong>ejus</strong></span> <span class='ocrx_word' id='word_1_293' title='bbox 1544 3766 1968 3835; x_wconf 87' lang='lat' dir='ltr'><strong>custodiamus,</strong></span> 
     </span>
    </p>
   </div>
   <div class='ocr_carea' id='block_1_41' title="bbox 325 3856 1970 3930">
    <p class='ocr_par' dir='ltr' id='par_1_41' title="bbox 325 3856 1970 3930">
     <span class='ocr_line' id='line_1_41' title="bbox 325 3856 1970 3930; baseline -0.001 -15"><span class='ocrx_word' id='word_1_294' title='bbox 325 3859 529 3915; x_wconf 89' lang='lat' dir='ltr'><strong>sedere</strong></span> <span class='ocrx_word' id='word_1_295' title='bbox 552 3874 657 3913; x_wconf 89' lang='lat' dir='ltr'><strong>nos</strong></span> <span class='ocrx_word' id='word_1_296' title='bbox 680 3856 850 3913; x_wconf 86' lang='lat' dir='ltr'><strong>faciet</strong></span> <span class='ocrx_word' id='word_1_297' title='bbox 898 3856 958 3911; x_wconf 90' lang='lat' dir='ltr'><strong>in</strong></span> <span class='ocrx_word' id='word_1_298' title='bbox 1012 3856 1379 3913; x_wconf 77' lang='lat' dir='ltr'><strong>cmlestibus:</strong></span> <span class='ocrx_word' id='word_1_299' title='bbox 1432 3857 1583 3914; x_wconf 90' lang='lat' dir='ltr'><strong>sicut</strong></span> <span class='ocrx_word' id='word_1_300' title='bbox 1628 3858 1970 3930; x_wconf 86' lang='lat' dir='ltr'><strong>aitAposto-</strong></span> 
     </span>
    </p>
   </div>
   <div class='ocr_carea' id='block_1_42' title="bbox 324 3946 1969 4023">
    <p class='ocr_par' dir='ltr' id='par_1_42' title="bbox 324 3946 1969 4023">
     <span class='ocr_line' id='line_1_42' title="bbox 324 3946 1969 4023; baseline -0.001 -21"><span class='ocrx_word' id='word_1_301' title='bbox 324 3947 677 4023; x_wconf 84' lang='lat' dir='ltr'><strong>lus(Ephes.</strong></span> <span class='ocrx_word' id='word_1_302' title='bbox 712 3964 775 4016; x_wconf 79' lang='grc' dir='ltr'><strong>ιι,</strong></span> <span class='ocrx_word' id='word_1_303' title='bbox 806 3948 901 4015; x_wconf 89' lang='lat'><strong>6):</strong></span> <span class='ocrx_word' id='word_1_304' title='bbox 932 3946 1208 4003; x_wconf 74' lang='lat' dir='ltr'><strong>Sedebant</strong></span> <span class='ocrx_word' id='word_1_305' title='bbox 1255 3963 1428 4018; x_wconf 75' lang='lat' dir='ltr'><strong>super</strong></span> <span class='ocrx_word' id='word_1_306' title='bbox 1464 3947 1647 4002; x_wconf 82' lang='lat' dir='ltr'><strong>sedem</strong></span> <span class='ocrx_word' id='word_1_307' title='bbox 1693 3948 1829 4018; x_wconf 78' lang='lat' dir='ltr'><strong>ejus.</strong></span> <span class='ocrx_word' id='word_1_308' title='bbox 1861 3946 1969 4002; x_wconf 87' lang='lat' dir='ltr'><strong>Sed</strong></span> 
     </span>
    </p>
   </div>
   <div class='ocr_carea' id='block_1_43' title="bbox 304 4035 1969 4108">
    <p class='ocr_par' dir='ltr' id='par_1_43' title="bbox 304 4035 1969 4108">
     <span class='ocr_line' id='line_1_43' title="bbox 304 4035 1969 4108; baseline -0.004 -11"><span class='ocrx_word' id='word_1_309' title='bbox 304 4040 383 4097; x_wconf 87' lang='lat' dir='ltr'><strong>et</strong></span> <span class='ocrx_word' id='word_1_310' title='bbox 410 4036 522 4108; x_wconf 91' lang='lat' dir='ltr'><strong>ipsi</strong></span> <span class='ocrx_word' id='word_1_311' title='bbox 551 4036 837 4093; x_wconf 90' lang='lat' dir='ltr'><strong>sedebunt</strong></span> <span class='ocrx_word' id='word_1_312' title='bbox 887 4052 1065 4108; x_wconf 86' lang='lat' dir='ltr'><strong>super</strong></span> <span class='ocrx_word' id='word_1_313' title='bbox 1095 4037 1293 4091; x_wconf 90' lang='lat' dir='ltr'><strong>sedem</strong></span> <span class='ocrx_word' id='word_1_314' title='bbox 1340 4038 1469 4108; x_wconf 86' lang='lat' dir='ltr'><strong>ejus</strong></span> <span class='ocrx_word' id='word_1_315' title='bbox 1500 4036 1716 4108; x_wconf 90' lang='lat' dir='ltr'><strong>quibus</strong></span> <span class='ocrx_word' id='word_1_316' title='bbox 1747 4035 1969 4091; x_wconf 89' lang='lat' dir='ltr'><strong>dictum</strong></span> 
     </span>
    </p>
   </div>
   <div class='ocr_carea' id='block_1_44' title="bbox 297 4123 1973 4197">
    <p class='ocr_par' dir='ltr' id='par_1_44' title="bbox 297 4123 1973 4197">
     <span class='ocr_line' id='line_1_44' title="bbox 297 4123 1973 4197; baseline -0.001 -16"><span class='ocrx_word' id='word_1_317' title='bbox 297 4129 456 4197; x_wconf 77' lang='lat' dir='ltr'><strong>est:</strong></span> <span class='ocrx_word' id='word_1_318' title='bbox 514 4125 782 4181; x_wconf 82' lang='lat' dir='ltr'><strong>Sedebitis</strong></span> <span class='ocrx_word' id='word_1_319' title='bbox 854 4140 1018 4195; x_wconf 83' lang='lat' dir='ltr'><strong>super</strong></span> <span class='ocrx_word' id='word_1_320' title='bbox 1086 4123 1365 4180; x_wconf 80' lang='lat' dir='ltr'><strong>duodecim</strong></span> <span class='ocrx_word' id='word_1_321' title='bbox 1436 4124 1603 4194; x_wconf 81' lang='lat' dir='ltr'><strong>sedes,</strong></span> <span class='ocrx_word' id='word_1_322' title='bbox 1663 4124 1973 4195; x_wconf 80' lang='lat' dir='ltr'><strong>judicantes</strong></span> 
     </span>
    </p>
   </div>
   <div class='ocr_carea' id='block_1_45' title="bbox 298 4211 1974 4285">
    <p class='ocr_par' dir='ltr' id='par_1_45' title="bbox 298 4211 1974 4285">
     <span class='ocr_line' id='line_1_45' title="bbox 298 4211 1974 4285; baseline -0.001 -16"><span class='ocrx_word' id='word_1_323' title='bbox 298 4212 611 4285; x_wconf 77' lang='lat' dir='ltr'><strong>duodecim</strong></span> <span class='ocrx_word' id='word_1_324' title='bbox 659 4213 835 4269; x_wconf 73' lang='lat' dir='ltr'><strong>tribus</strong></span> <span class='ocrx_word' id='word_1_325' title='bbox 863 4212 1037 4268; x_wconf 78' lang='lat' dir='ltr'><strong>Israel</strong></span> <span class='ocrx_word' id='word_1_326' title='bbox 1095 4211 1303 4285; x_wconf 78' lang='lat' dir='ltr'><strong>(Matth.</strong></span> <span class='ocrx_word' id='word_1_327' title='bbox 1357 4230 1474 4282; x_wconf 87' lang='lat' dir='ltr'><strong>xIx,</strong></span> <span class='ocrx_word' id='word_1_328' title='bbox 1531 4213 1644 4285; x_wconf 82' lang='lat'><strong>28).</strong></span> <span class='ocrx_word' id='word_1_329' title='bbox 1676 4213 1974 4269; x_wconf 88' lang='lat' dir='ltr'><strong>Sedebunt</strong></span> 
     </span>
    </p>
   </div>
   <div class='ocr_carea' id='block_1_46' title="bbox 1990 1957 2038 2023">
    <p class='ocr_par' dir='ltr' id='par_1_46' title="bbox 1990 1957 2038 2023">
     <span class='ocr_line' id='line_1_46' title="bbox 1990 1957 2038 2023; baseline 0 0"><span class='ocrx_word' id='word_1_330' title='bbox 1990 1957 2038 2023; x_wconf 89' lang='lat' dir='ltr'><strong>B</strong></span> 
     </span>
    </p>
   </div>
   <div class='ocr_carea' id='block_1_47' title="bbox 2079 664 3731 738">
    <p class='ocr_par' dir='ltr' id='par_1_47' title="bbox 2079 664 3731 738">
     <span class='ocr_line' id='line_1_47' title="bbox 2079 664 3731 738; baseline 0.004 -21"><span class='ocrx_word' id='word_1_331' title='bbox 2079 665 2274 738; x_wconf 75' lang='grc' dir='ltr'><strong>θήραν,</strong></span> <span class='ocrx_word' id='word_1_332' title='bbox 2304 664 2520 719; x_wconf 88' lang='lat' dir='ltr'><strong>habent</strong></span> <span class='ocrx_word' id='word_1_333' title='bbox 2556 666 2618 719; x_wconf 70' lang='grc' dir='ltr'><strong>δε</strong></span> <span class='ocrx_word' id='word_1_334' title='bbox 2656 665 2756 720; x_wconf 91' lang='lat' dir='ltr'><strong>sed</strong></span> <span class='ocrx_word' id='word_1_335' title='bbox 2780 668 3017 737; x_wconf 89' lang='lat' dir='ltr'><strong>propter</strong></span> <span class='ocrx_word' id='word_1_336' title='bbox 3062 664 3375 721; x_wconf 88' lang='lat' dir='ltr'><strong>novitatem</strong></span> <span class='ocrx_word' id='word_1_337' title='bbox 3425 666 3606 733; x_wconf 89' lang='lat' dir='ltr'><strong>verbi,</strong></span> <span class='ocrx_word' id='word_1_338' title='bbox 3671 672 3731 724; x_wconf 90' lang='lat' dir='ltr'><strong>et</strong></span> 
     </span>
    </p>
   </div>
   <div class='ocr_carea' id='block_1_48' title="bbox 2080 752 3730 826">
    <p class='ocr_par' dir='ltr' id='par_1_48' title="bbox 2080 752 3730 826">
     <span class='ocr_line' id='line_1_48' title="bbox 2080 752 3730 826; baseline 0.001 -16"><span class='ocrx_word' id='word_1_339' title='bbox 2080 755 2258 810; x_wconf 91' lang='lat' dir='ltr'><strong>unius</strong></span> <span class='ocrx_word' id='word_1_340' title='bbox 2290 753 2495 808; x_wconf 69' lang='lat' dir='ltr'><strong>litterae</strong></span> <span class='ocrx_word' id='word_1_341' title='bbox 2519 753 2998 820; x_wconf 87' lang='lat' dir='ltr'><strong>demutationem,</strong></span> <span class='ocrx_word' id='word_1_342' title='bbox 3033 752 3316 825; x_wconf 88' lang='lat' dir='ltr'><strong>paulatim</strong></span> <span class='ocrx_word' id='word_1_343' title='bbox 3360 754 3611 826; x_wconf 87' lang='lat' dir='ltr'><strong>obtinui,</strong></span> <span class='ocrx_word' id='word_1_344' title='bbox 3664 759 3730 812; x_wconf 91' lang='lat' dir='ltr'><strong>ut</strong></span> 
     </span>
    </p>
   </div>
   <div class='ocr_carea' id='block_1_49' title="bbox 2080 841 3727 917">
    <p class='ocr_par' dir='ltr' id='par_1_49' title="bbox 2080 841 3727 917">
     <span class='ocr_line' id='line_1_49' title="bbox 2080 841 3727 917; baseline 0.002 -19"><span class='ocrx_word' id='word_1_345' title='bbox 2080 859 2183 916; x_wconf 91' lang='lat' dir='ltr'><strong>pro</strong></span> <span class='ocrx_word' id='word_1_346' title='bbox 2214 841 2665 917; x_wconf 62' lang='lat' dir='ltr'><strong>Orﬁpalegeretur</strong></span> <span class='ocrx_word' id='word_1_347' title='bbox 2694 842 2863 915; x_wconf 77' lang='grc' dir='ltr'>χήρα,</span> <span class='ocrx_word' id='word_1_348' title='bbox 2897 843 3151 899; x_wconf 85' lang='lat' dir='ltr'><strong>maxime</strong></span> <span class='ocrx_word' id='word_1_349' title='bbox 3180 842 3320 915; x_wconf 89' lang='lat' dir='ltr'><strong>quia</strong></span> <span class='ocrx_word' id='word_1_350' title='bbox 3366 843 3424 899; x_wconf 89' lang='lat' dir='ltr'><strong>in</strong></span> <span class='ocrx_word' id='word_1_351' title='bbox 3482 860 3727 916; x_wconf 89' lang='lat' dir='ltr'><strong>sequen-</strong></span> 
     </span>
    </p>
   </div>
   <div class='ocr_carea' id='block_1_50' title="bbox 2078 929 3728 1005">
    <p class='ocr_par' dir='ltr' id='par_1_50' title="bbox 2078 929 3728 1005">
     <span class='ocr_line' id='line_1_50' title="bbox 2078 929 3728 1005; baseline 0.002 -18"><span class='ocrx_word' id='word_1_352' title='bbox 2078 931 2121 987; x_wconf 93' lang='lat' dir='ltr'><strong>ti</strong></span> <span class='ocrx_word' id='word_1_353' title='bbox 2152 929 2439 986; x_wconf 90' lang='lat' dir='ltr'><strong>versiculo</strong></span> <span class='ocrx_word' id='word_1_354' title='bbox 2486 946 2773 1002; x_wconf 90' lang='lat' dir='ltr'><strong>pauperes</strong></span> <span class='ocrx_word' id='word_1_355' title='bbox 2820 931 3195 1003; x_wconf 87' lang='lat' dir='ltr'><strong>sequebatur.</strong></span> <span class='ocrx_word' id='word_1_356' title='bbox 3257 931 3408 1004; x_wconf 77' lang='grc' dir='ltr'><strong>Θήρα</strong></span> <span class='ocrx_word' id='word_1_357' title='bbox 3465 932 3728 1005; x_wconf 81' lang='lat' dir='ltr'><strong>Symma-</strong></span> 
     </span>
    </p>
   </div>
   <div class='ocr_carea' id='block_1_51' title="bbox 2079 1018 3377 1092">
    <p class='ocr_par' dir='ltr' id='par_1_51' title="bbox 2079 1018 3377 1092">
     <span class='ocr_line' id='line_1_51' title="bbox 2079 1018 3377 1092; baseline 0.002 -17"><span class='ocrx_word' id='word_1_358' title='bbox 2079 1019 2226 1075; x_wconf 90' lang='lat' dir='ltr'><strong>chus</strong></span> <span class='ocrx_word' id='word_1_359' title='bbox 2255 1023 2312 1075; x_wconf 89' lang='lat' dir='ltr'><strong>et</strong></span> <span class='ocrx_word' id='word_1_360' title='bbox 2340 1018 2558 1091; x_wconf 81' lang='lat' dir='ltr'><strong>Aquila</strong></span> <span class='ocrx_word' id='word_1_361' title='bbox 2584 1019 3187 1092; x_wconf 82' lang='lat' dir='ltr'><strong>cibariainterpretati</strong></span> <span class='ocrx_word' id='word_1_362' title='bbox 3218 1025 3377 1077; x_wconf 89' lang='lat' dir='ltr'><strong>sunt.</strong></span> 
     </span>
    </p>
   </div>
   <div class='ocr_carea' id='block_1_52' title="bbox 2149 1107 3724 1182">
    <p class='ocr_par' dir='ltr' id='par_1_52' title="bbox 2149 1107 3724 1182">
     <span class='ocr_line' id='line_1_52' title="bbox 2149 1107 3724 1182; baseline 0.006 -25"><span class='ocrx_word' id='word_1_363' title='bbox 2149 1131 2177 1157; x_wconf 85' lang='lat'><strong>«</strong></span> <span class='ocrx_word' id='word_1_364' title='bbox 2210 1108 2545 1164; x_wconf 86' lang='lat' dir='ltr'><strong>Sacerdotes</strong></span> <span class='ocrx_word' id='word_1_365' title='bbox 2571 1109 2700 1179; x_wconf 91' lang='lat' dir='ltr'><strong>ejus</strong></span> <span class='ocrx_word' id='word_1_366' title='bbox 2730 1108 2971 1164; x_wconf 91' lang='lat' dir='ltr'><strong>induam</strong></span> <span class='ocrx_word' id='word_1_367' title='bbox 3002 1107 3269 1175; x_wconf 89' lang='lat' dir='ltr'><strong>salutari,</strong></span> <span class='ocrx_word' id='word_1_368' title='bbox 3300 1113 3357 1166; x_wconf 91' lang='lat' dir='ltr'><strong>et</strong></span> <span class='ocrx_word' id='word_1_369' title='bbox 3378 1109 3564 1166; x_wconf 88' lang='lat' dir='ltr'><strong>sancti</strong></span> <span class='ocrx_word' id='word_1_370' title='bbox 3594 1111 3724 1182; x_wconf 87' lang='lat' dir='ltr'><strong>ejus</strong></span> 
     </span>
    </p>
   </div>
   <div class='ocr_carea' id='block_1_53' title="bbox 2076 1195 3723 1271">
    <p class='ocr_par' dir='ltr' id='par_1_53' title="bbox 2076 1195 3723 1271">
     <span class='ocr_line' id='line_1_53' title="bbox 2076 1195 3723 1271; baseline 0.003 -19"><span class='ocrx_word' id='word_1_371' title='bbox 2076 1195 2459 1252; x_wconf 80' lang='lat' dir='ltr'><strong>exsultatione</strong></span> <span class='ocrx_word' id='word_1_372' title='bbox 2488 1196 2885 1254; x_wconf 80' lang='lat' dir='ltr'><strong>exsultabant.</strong></span> <span class='ocrx_word' id='word_1_373' title='bbox 2922 1219 2949 1247; x_wconf 87' lang='lat'>»</span> <span class='ocrx_word' id='word_1_374' title='bbox 2977 1199 3105 1269; x_wconf 90' lang='lat' dir='ltr'><strong>Ipse</strong></span> <span class='ocrx_word' id='word_1_375' title='bbox 3135 1196 3294 1253; x_wconf 92' lang='lat' dir='ltr'><strong>enim</strong></span> <span class='ocrx_word' id='word_1_376' title='bbox 3329 1214 3438 1255; x_wconf 90' lang='lat' dir='ltr'><strong>nos</strong></span> <span class='ocrx_word' id='word_1_377' title='bbox 3486 1198 3578 1255; x_wconf 87' lang='lat' dir='ltr'><strong>vel</strong></span> <span class='ocrx_word' id='word_1_378' title='bbox 3623 1200 3723 1271; x_wconf 86' lang='lat' dir='ltr'><strong>ju-</strong></span> 
     </span>
    </p>
   </div>
   <div class='ocr_carea' id='block_1_54' title="bbox 2075 1284 3724 1354">
    <p class='ocr_par' dir='ltr' id='par_1_54' title="bbox 2075 1284 3724 1354">
     <span class='ocr_line' id='line_1_54' title="bbox 2075 1284 3724 1354; baseline 0.003 -14"><span class='ocrx_word' id='word_1_379' title='bbox 2075 1285 2320 1353; x_wconf 83' lang='lat' dir='ltr'><strong>stitiam,</strong></span> <span class='ocrx_word' id='word_1_380' title='bbox 2373 1284 2462 1341; x_wconf 85' lang='lat' dir='ltr'><strong>vel</strong></span> <span class='ocrx_word' id='word_1_381' title='bbox 2493 1285 2745 1342; x_wconf 89' lang='lat' dir='ltr'><strong>salutare</strong></span> <span class='ocrx_word' id='word_1_382' title='bbox 2782 1286 2994 1354; x_wconf 87' lang='lat' dir='ltr'><strong>induit,</strong></span> <span class='ocrx_word' id='word_1_383' title='bbox 3048 1302 3184 1342; x_wconf 89' lang='lat' dir='ltr'><strong>cum</strong></span> <span class='ocrx_word' id='word_1_384' title='bbox 3243 1303 3350 1343; x_wconf 93' lang='lat' dir='ltr'><strong>nos</strong></span> <span class='ocrx_word' id='word_1_385' title='bbox 3397 1288 3724 1345; x_wconf 87' lang='lat' dir='ltr'><strong>conformes</strong></span> 
     </span>
    </p>
   </div>
   <div class='ocr_carea' id='block_1_55' title="bbox 2075 1374 3723 1447">
    <p class='ocr_par' dir='ltr' id='par_1_55' title="bbox 2075 1374 3723 1447">
     <span class='ocr_line' id='line_1_55' title="bbox 2075 1374 3723 1447; baseline 0.004 -20"><span class='ocrx_word' id='word_1_386' title='bbox 2075 1374 2300 1445; x_wconf 88' lang='lat' dir='ltr'><strong>corpori</strong></span> <span class='ocrx_word' id='word_1_387' title='bbox 2324 1391 2429 1429; x_wconf 89' lang='lat' dir='ltr'><strong>suo</strong></span> <span class='ocrx_word' id='word_1_388' title='bbox 2446 1374 2627 1429; x_wconf 81' lang='lat' dir='ltr'><strong>efﬁcit</strong></span> <span class='ocrx_word' id='word_1_389' title='bbox 2665 1390 2677 1430; x_wconf 88' lang='lat'><strong>:</strong></span> <span class='ocrx_word' id='word_1_390' title='bbox 2713 1374 2816 1446; x_wconf 90' lang='lat' dir='ltr'><strong>qui</strong></span> <span class='ocrx_word' id='word_1_391' title='bbox 2846 1379 2936 1430; x_wconf 89' lang='lat' dir='ltr'><strong>est</strong></span> <span class='ocrx_word' id='word_1_392' title='bbox 2957 1374 3193 1445; x_wconf 88' lang='lat' dir='ltr'><strong>justitia</strong></span> <span class='ocrx_word' id='word_1_393' title='bbox 3221 1374 3499 1447; x_wconf 88' lang='lat' dir='ltr'><strong>salusque</strong></span> <span class='ocrx_word' id='word_1_394' title='bbox 3521 1381 3723 1433; x_wconf 83' lang='lat' dir='ltr'><strong>nostra</strong></span> 
     </span>
    </p>
   </div>
   <div class='ocr_carea' id='block_1_56' title="bbox 2075 1463 3420 1536">
    <p class='ocr_par' dir='ltr' id='par_1_56' title="bbox 2075 1463 3420 1536">
     <span class='ocr_line' id='line_1_56' title="bbox 2075 1463 3420 1536; baseline 0.001 -19"><span class='ocrx_word' id='word_1_395' title='bbox 2075 1479 2408 1534; x_wconf 60' lang='lat' dir='ltr'><strong>praeparans</strong></span> <span class='ocrx_word' id='word_1_396' title='bbox 2436 1463 2604 1518; x_wconf 91' lang='lat' dir='ltr'><strong>nobis</strong></span> <span class='ocrx_word' id='word_1_397' title='bbox 2630 1463 3011 1519; x_wconf 86' lang='lat' dir='ltr'><strong>tabernacula</strong></span> <span class='ocrx_word' id='word_1_398' title='bbox 3041 1464 3420 1536; x_wconf 88' lang='lat' dir='ltr'><strong>sempiterna.</strong></span> 
     </span>
    </p>
   </div>
   <div class='ocr_carea' id='block_1_57' title="bbox 2147 1550 3716 1626">
    <p class='ocr_par' dir='ltr' id='par_1_57' title="bbox 2147 1550 3716 1626">
     <span class='ocr_line' id='line_1_57' title="bbox 2147 1550 3716 1626; baseline 0.005 -24"><span class='ocrx_word' id='word_1_399' title='bbox 2147 1573 2174 1601; x_wconf 85' lang='lat'>«</span> <span class='ocrx_word' id='word_1_400' title='bbox 2210 1550 2354 1607; x_wconf 87' lang='lat' dir='ltr'><strong>Illuc</strong></span> <span class='ocrx_word' id='word_1_401' title='bbox 2377 1552 2697 1623; x_wconf 90' lang='lat' dir='ltr'><strong>producam</strong></span> <span class='ocrx_word' id='word_1_402' title='bbox 2731 1568 2911 1608; x_wconf 90' lang='lat' dir='ltr'><strong>cornu</strong></span> <span class='ocrx_word' id='word_1_403' title='bbox 2944 1552 3144 1609; x_wconf 89' lang='lat' dir='ltr'><strong>David.</strong></span> <span class='ocrx_word' id='word_1_404' title='bbox 3172 1575 3200 1603; x_wconf 85' lang='lat'>»</span> <span class='ocrx_word' id='word_1_405' title='bbox 3231 1554 3495 1626; x_wconf 87' lang='lat' dir='ltr'><strong>Regnum</strong></span> <span class='ocrx_word' id='word_1_406' title='bbox 3551 1553 3716 1610; x_wconf 86' lang='lat' dir='ltr'><strong>Chri-</strong></span> 
     </span>
    </p>
   </div>
   <div class='ocr_carea' id='block_1_58' title="bbox 2073 1638 3712 1713">
    <p class='ocr_par' dir='ltr' id='par_1_58' title="bbox 2073 1638 3712 1713">
     <span class='ocr_line' id='line_1_58' title="bbox 2073 1638 3712 1713; baseline 0.003 -21"><span class='ocrx_word' id='word_1_407' title='bbox 2073 1638 2171 1708; x_wconf 86' lang='lat' dir='ltr'><strong>sti,</strong></span> <span class='ocrx_word' id='word_1_408' title='bbox 2205 1640 2362 1711; x_wconf 92' lang='lat' dir='ltr'><strong>quod</strong></span> <span class='ocrx_word' id='word_1_409' title='bbox 2398 1640 2456 1695; x_wconf 88' lang='lat' dir='ltr'><strong>in</strong></span> <span class='ocrx_word' id='word_1_410' title='bbox 2489 1640 2607 1696; x_wconf 90' lang='lat' dir='ltr'><strong>illis</strong></span> <span class='ocrx_word' id='word_1_411' title='bbox 2667 1641 3015 1712; x_wconf 88' lang='lat' dir='ltr'><strong>ostenditur,</strong></span> <span class='ocrx_word' id='word_1_412' title='bbox 3061 1641 3277 1713; x_wconf 90' lang='lat' dir='ltr'><strong>quibus</strong></span> <span class='ocrx_word' id='word_1_413' title='bbox 3315 1641 3538 1699; x_wconf 90' lang='lat' dir='ltr'><strong>dictum</strong></span> <span class='ocrx_word' id='word_1_414' title='bbox 3586 1646 3712 1699; x_wconf 88' lang='lat' dir='ltr'><strong>est:</strong></span> 
     </span>
    </p>
   </div>
   <div class='ocr_carea' id='block_1_59' title="bbox 2070 1729 3717 1803">
    <p class='ocr_par' dir='ltr' id='par_1_59' title="bbox 2070 1729 3717 1803">
     <span class='ocr_line' id='line_1_59' title="bbox 2070 1729 3717 1803; baseline 0.003 -21"><span class='ocrx_word' id='word_1_415' title='bbox 2070 1729 2231 1783; x_wconf 80' lang='lat' dir='ltr'><strong>Beati</strong></span> <span class='ocrx_word' id='word_1_416' title='bbox 2275 1746 2544 1800; x_wconf 77' lang='lat' dir='ltr'><strong>pauperes</strong></span> <span class='ocrx_word' id='word_1_417' title='bbox 2589 1731 2818 1801; x_wconf 75' lang='lat' dir='ltr'><strong>spiritu,</strong></span> <span class='ocrx_word' id='word_1_418' title='bbox 2869 1732 3129 1801; x_wconf 87' lang='lat' dir='ltr'><strong>quoniam</strong></span> <span class='ocrx_word' id='word_1_419' title='bbox 3177 1733 3423 1803; x_wconf 79' lang='lat' dir='ltr'><strong>ipsorum</strong></span> <span class='ocrx_word' id='word_1_420' title='bbox 3490 1736 3570 1788; x_wconf 72' lang='lat' dir='ltr'><strong>est</strong></span> <span class='ocrx_word' id='word_1_421' title='bbox 3629 1747 3717 1787; x_wconf 88' lang='lat' dir='ltr'><strong>re-</strong></span> 
     </span>
    </p>
   </div>
   <div class='ocr_carea' id='block_1_60' title="bbox 2068 1818 3717 1890">
    <p class='ocr_par' dir='ltr' id='par_1_60' title="bbox 2068 1818 3717 1890">
     <span class='ocr_line' id='line_1_60' title="bbox 2068 1818 3717 1890; baseline 0.003 -19"><span class='ocrx_word' id='word_1_422' title='bbox 2068 1833 2238 1887; x_wconf 83' lang='lat' dir='ltr'><strong>gnum</strong></span> <span class='ocrx_word' id='word_1_423' title='bbox 2265 1818 2527 1874; x_wconf 71' lang='lat' dir='ltr'><strong>ccrtorum</strong></span> <span class='ocrx_word' id='word_1_424' title='bbox 2574 1818 2782 1890; x_wconf 79' lang='lat' dir='ltr'><strong>(Matth.</strong></span> <span class='ocrx_word' id='word_1_425' title='bbox 2837 1835 2890 1889; x_wconf 92' lang='lat' dir='ltr'><strong>v,</strong></span> <span class='ocrx_word' id='word_1_426' title='bbox 2941 1819 3018 1887; x_wconf 92' lang='lat'><strong>3).</strong></span> <span class='ocrx_word' id='word_1_427' title='bbox 3079 1841 3107 1869; x_wconf 84' lang='lat'><strong>«</strong></span> <span class='ocrx_word' id='word_1_428' title='bbox 3158 1819 3362 1877; x_wconf 90' lang='lat' dir='ltr'><strong>Paravi</strong></span> <span class='ocrx_word' id='word_1_429' title='bbox 3417 1821 3717 1877; x_wconf 86' lang='lat' dir='ltr'><strong>lucernam</strong></span> 
     </span>
    </p>
   </div>
   <div class='ocr_carea' id='block_1_61' title="bbox 2070 1904 3719 1981">
    <p class='ocr_par' dir='ltr' id='par_1_61' title="bbox 2070 1904 3719 1981">
     <span class='ocr_line' id='line_1_61' title="bbox 2070 1904 3719 1981; baseline 0.004 -21"><span class='ocrx_word' id='word_1_430' title='bbox 2070 1904 2298 1962; x_wconf 87' lang='lat' dir='ltr'><strong>Christo</strong></span> <span class='ocrx_word' id='word_1_431' title='bbox 2344 1923 2548 1962; x_wconf 79' lang='lat' dir='ltr'><strong>meo.»</strong></span> <span class='ocrx_word' id='word_1_432' title='bbox 2610 1910 2865 1963; x_wconf 91' lang='lat' dir='ltr'><strong>Joannes</strong></span> <span class='ocrx_word' id='word_1_433' title='bbox 2913 1906 3177 1980; x_wconf 85' lang='lat' dir='ltr'><strong>Baptista</strong></span> <span class='ocrx_word' id='word_1_434' title='bbox 3228 1908 3348 1965; x_wconf 89' lang='lat' dir='ltr'><strong>sive</strong></span> <span class='ocrx_word' id='word_1_435' title='bbox 3393 1924 3719 1981; x_wconf 66' lang='lat' dir='ltr'><strong>pracursor</strong></span> 
     </span>
    </p>
   </div>
   <div class='ocr_carea' id='block_1_62' title="bbox 2071 1994 3718 2054">
    <p class='ocr_par' dir='ltr' id='par_1_62' title="bbox 2071 1994 3718 2054">
     <span class='ocr_line' id='line_1_62' title="bbox 2071 1994 3718 2054; baseline 0.002 -4"><span class='ocrx_word' id='word_1_436' title='bbox 2071 1994 2304 2050; x_wconf 90' lang='lat' dir='ltr'><strong>Domini</strong></span> <span class='ocrx_word' id='word_1_437' title='bbox 2334 1998 2392 2051; x_wconf 92' lang='lat' dir='ltr'><strong>et</strong></span> <span class='ocrx_word' id='word_1_438' title='bbox 2447 1994 2765 2051; x_wconf 88' lang='lat' dir='ltr'><strong>Salvatoris</strong></span> <span class='ocrx_word' id='word_1_439' title='bbox 2812 1995 2997 2052; x_wconf 90' lang='lat' dir='ltr'><strong>nostri</strong></span> <span class='ocrx_word' id='word_1_440' title='bbox 3038 2012 3073 2051; x_wconf 88' lang='lat' dir='ltr'><strong>a</strong></span> <span class='ocrx_word' id='word_1_441' title='bbox 3118 1996 3235 2053; x_wconf 94' lang='lat' dir='ltr'><strong>Deo</strong></span> <span class='ocrx_word' id='word_1_442' title='bbox 3288 2000 3461 2053; x_wconf 88' lang='lat' dir='ltr'><strong>Patre</strong></span> <span class='ocrx_word' id='word_1_443' title='bbox 3497 1997 3718 2054; x_wconf 88' lang='lat' dir='ltr'><strong>dicitur</strong></span> 
     </span>
    </p>
   </div>
   <div class='ocr_carea' id='block_1_63' title="bbox 2071 2082 3717 2156">
    <p class='ocr_par' dir='ltr' id='par_1_63' title="bbox 2071 2082 3717 2156">
     <span class='ocr_line' id='line_1_63' title="bbox 2071 2082 3717 2156; baseline 0.003 -19"><span class='ocrx_word' id='word_1_444' title='bbox 2071 2087 2395 2154; x_wconf 66' lang='lat' dir='ltr'><strong>praparata</strong></span> <span class='ocrx_word' id='word_1_445' title='bbox 2423 2082 2665 2139; x_wconf 90' lang='lat' dir='ltr'><strong>lucerna</strong></span> <span class='ocrx_word' id='word_1_446' title='bbox 2695 2101 2708 2139; x_wconf 91' lang='lat'><strong>:</strong></span> <span class='ocrx_word' id='word_1_447' title='bbox 2744 2084 2843 2155; x_wconf 87' lang='lat' dir='ltr'><strong>qui</strong></span> <span class='ocrx_word' id='word_1_448' title='bbox 2875 2100 3009 2140; x_wconf 88' lang='lat' dir='ltr'><strong>eum</strong></span> <span class='ocrx_word' id='word_1_449' title='bbox 3031 2084 3091 2139; x_wconf 94' lang='lat' dir='ltr'><strong>in</strong></span> <span class='ocrx_word' id='word_1_450' title='bbox 3148 2083 3330 2156; x_wconf 84' lang='lat' dir='ltr'><strong>hujus</strong></span> <span class='ocrx_word' id='word_1_451' title='bbox 3379 2086 3588 2145; x_wconf 84' lang='lat' dir='ltr'><strong>mundi</strong></span> <span class='ocrx_word' id='word_1_452' title='bbox 3638 2089 3717 2143; x_wconf 86' lang='lat' dir='ltr'><strong>te-</strong></span> 
     </span>
    </p>
   </div>
   <div class='ocr_carea' id='block_1_64' title="bbox 2070 2171 3710 2246">
    <p class='ocr_par' dir='ltr' id='par_1_64' title="bbox 2070 2171 3710 2246">
     <span class='ocr_line' id='line_1_64' title="bbox 2070 2171 3710 2246; baseline 0.002 -19"><span class='ocrx_word' id='word_1_453' title='bbox 2070 2172 2285 2227; x_wconf 90' lang='lat' dir='ltr'><strong>nebras</strong></span> <span class='ocrx_word' id='word_1_454' title='bbox 2313 2176 2625 2227; x_wconf 90' lang='lat' dir='ltr'><strong>venturum</strong></span> <span class='ocrx_word' id='word_1_455' title='bbox 2664 2172 3053 2229; x_wconf 90' lang='lat' dir='ltr'><strong>annuntiavit.</strong></span> <span class='ocrx_word' id='word_1_456' title='bbox 3110 2171 3204 2228; x_wconf 90' lang='lat' dir='ltr'><strong>Sic</strong></span> <span class='ocrx_word' id='word_1_457' title='bbox 3253 2173 3411 2229; x_wconf 90' lang='lat' dir='ltr'><strong>enim</strong></span> <span class='ocrx_word' id='word_1_458' title='bbox 3468 2177 3528 2230; x_wconf 87' lang='lat' dir='ltr'><strong>et</strong></span> <span class='ocrx_word' id='word_1_459' title='bbox 3582 2173 3710 2246; x_wconf 91' lang='lat' dir='ltr'><strong>ipse</strong></span> 
     </span>
    </p>
   </div>
   <div class='ocr_carea' id='block_1_65' title="bbox 2071 2259 3712 2328">
    <p class='ocr_par' dir='ltr' id='par_1_65' title="bbox 2071 2259 3712 2328">
     <span class='ocr_line' id='line_1_65' title="bbox 2071 2259 3712 2328; baseline 0.003 -14"><span class='ocrx_word' id='word_1_460' title='bbox 2071 2259 2358 2315; x_wconf 89' lang='lat' dir='ltr'><strong>Dominus</strong></span> <span class='ocrx_word' id='word_1_461' title='bbox 2387 2260 2600 2316; x_wconf 86' lang='lat' dir='ltr'><strong>vocitat</strong></span> <span class='ocrx_word' id='word_1_462' title='bbox 2641 2276 2797 2328; x_wconf 90' lang='lat' dir='ltr'><strong>eum,</strong></span> <span class='ocrx_word' id='word_1_463' title='bbox 2856 2259 3056 2318; x_wconf 87' lang='lat' dir='ltr'><strong>dicens</strong></span> <span class='ocrx_word' id='word_1_464' title='bbox 3089 2277 3103 2316; x_wconf 89' lang='lat'><strong>:</strong></span> <span class='ocrx_word' id='word_1_465' title='bbox 3154 2261 3259 2319; x_wconf 84' lang='lat' dir='ltr'><strong>[tte</strong></span> <span class='ocrx_word' id='word_1_466' title='bbox 3303 2266 3424 2318; x_wconf 88' lang='lat' dir='ltr'><strong>erat</strong></span> <span class='ocrx_word' id='word_1_467' title='bbox 3460 2263 3712 2321; x_wconf 63' lang='lat' dir='ltr'><strong>lucerna</strong></span> 
     </span>
    </p>
   </div>
   <div class='ocr_carea' id='block_1_66' title="bbox 2071 2347 3613 2425">
    <p class='ocr_par' dir='ltr' id='par_1_66' title="bbox 2071 2347 3613 2425">
     <span class='ocr_line' id='line_1_66' title="bbox 2071 2347 3613 2425; baseline 0.003 -22"><span class='ocrx_word' id='word_1_468' title='bbox 2071 2347 2272 2404; x_wconf 75' lang='lat' dir='ltr'><strong>ardens</strong></span> <span class='ocrx_word' id='word_1_469' title='bbox 2300 2349 2477 2420; x_wconf 74' lang='lat' dir='ltr'><strong>(toan.</strong></span> <span class='ocrx_word' id='word_1_470' title='bbox 2509 2366 2566 2419; x_wconf 92' lang='lat' dir='ltr'><strong>v,</strong></span> <span class='ocrx_word' id='word_1_471' title='bbox 2598 2349 2709 2421; x_wconf 85' lang='lat'><strong>35),</strong></span> <span class='ocrx_word' id='word_1_472' title='bbox 2733 2354 2790 2405; x_wconf 93' lang='lat' dir='ltr'><strong>et</strong></span> <span class='ocrx_word' id='word_1_473' title='bbox 2816 2349 3059 2421; x_wconf 87' lang='lat' dir='ltr'><strong>reliqua.</strong></span> <span class='ocrx_word' id='word_1_474' title='bbox 3610 2420 3613 2425; x_wconf 30' lang='grc' dir='ltr'>ι</span> 
     </span>
    </p>
   </div>
   <div class='ocr_carea' id='block_1_67' title="bbox 2146 2436 3713 2509">
    <p class='ocr_par' dir='ltr' id='par_1_67' title="bbox 2146 2436 3713 2509">
     <span class='ocr_line' id='line_1_67' title="bbox 2146 2436 3713 2509; baseline 0.005 -18"><span class='ocrx_word' id='word_1_475' title='bbox 2146 2436 2476 2493; x_wconf 81' lang='lat' dir='ltr'><strong>«Inimicos</strong></span> <span class='ocrx_word' id='word_1_476' title='bbox 2518 2437 2646 2509; x_wconf 88' lang='lat' dir='ltr'><strong>ejus</strong></span> <span class='ocrx_word' id='word_1_477' title='bbox 2692 2438 2932 2494; x_wconf 90' lang='lat' dir='ltr'><strong>induam</strong></span> <span class='ocrx_word' id='word_1_478' title='bbox 2992 2438 3354 2496; x_wconf 83' lang='lat' dir='ltr'><strong>confusione.</strong></span> <span class='ocrx_word' id='word_1_479' title='bbox 3412 2461 3441 2490; x_wconf 85' lang='lat'><strong><em>«</em></strong></span> <span class='ocrx_word' id='word_1_480' title='bbox 3478 2440 3713 2499; x_wconf 68' lang='lat' dir='ltr'><strong>Judmos</strong></span> 
     </span>
    </p>
   </div>
   <div class='ocr_carea' id='block_1_68' title="bbox 2072 2526 3715 2607">
    <p class='ocr_par' dir='ltr' id='par_1_68' title="bbox 2072 2526 3715 2607">
     <span class='ocr_line' id='line_1_68' title="bbox 2072 2526 3715 2607; baseline 0.008 -27"><span class='ocrx_word' id='word_1_481' title='bbox 2072 2541 2190 2581; x_wconf 89' lang='lat' dir='ltr'><strong>non</strong></span> <span class='ocrx_word' id='word_1_482' title='bbox 2221 2527 2524 2583; x_wconf 89' lang='lat' dir='ltr'><strong>credentes</strong></span> <span class='ocrx_word' id='word_1_483' title='bbox 2553 2543 2688 2582; x_wconf 91' lang='lat' dir='ltr'><strong>cum</strong></span> <span class='ocrx_word' id='word_1_484' title='bbox 2717 2526 2971 2583; x_wconf 90' lang='lat' dir='ltr'><strong>viderint</strong></span> <span class='ocrx_word' id='word_1_485' title='bbox 2998 2528 3308 2585; x_wconf 90' lang='lat' dir='ltr'><strong>Dominum</strong></span> <span class='ocrx_word' id='word_1_486' title='bbox 3328 2529 3386 2585; x_wconf 92' lang='lat' dir='ltr'><strong>in</strong></span> <span class='ocrx_word' id='word_1_487' title='bbox 3409 2530 3715 2607; x_wconf 73' lang='lat' dir='ltr'><strong>majestate</strong></span> 
     </span>
    </p>
   </div>
   <div class='ocr_carea' id='block_1_69' title="bbox 2072 2614 3717 2695">
    <p class='ocr_par' dir='ltr' id='par_1_69' title="bbox 2072 2614 3717 2695">
     <span class='ocr_line' id='line_1_69' title="bbox 2072 2614 3717 2695; baseline 0.005 -26"><span class='ocrx_word' id='word_1_488' title='bbox 2072 2629 2201 2669; x_wconf 90' lang='lat' dir='ltr'><strong>sua.</strong></span> <span class='ocrx_word' id='word_1_489' title='bbox 2228 2635 2259 2664; x_wconf 88' lang='grc'><strong>‹‹</strong></span> <span class='ocrx_word' id='word_1_490' title='bbox 2305 2614 2490 2686; x_wconf 90' lang='lat' dir='ltr'><strong>Super</strong></span> <span class='ocrx_word' id='word_1_491' title='bbox 2517 2614 2733 2695; x_wconf 69' lang='lat' dir='ltr'><strong>ipsum</strong></span> <span class='ocrx_word' id='word_1_492' title='bbox 2792 2619 2987 2671; x_wconf 88' lang='lat' dir='ltr'><strong>autem</strong></span> <span class='ocrx_word' id='word_1_493' title='bbox 3047 2616 3278 2674; x_wconf 87' lang='lat' dir='ltr'><strong>ﬂorebit</strong></span> <span class='ocrx_word' id='word_1_494' title='bbox 3330 2616 3717 2679; x_wconf 84' lang='lat' dir='ltr'><strong>sanctiﬁcatio</strong></span> 
     </span>
    </p>
   </div>
   <div class='ocr_carea' id='block_1_70' title="bbox 2074 2703 3718 2777">
    <p class='ocr_par' dir='ltr' id='par_1_70' title="bbox 2074 2703 3718 2777">
     <span class='ocr_line' id='line_1_70' title="bbox 2074 2703 3718 2777; baseline 0.003 -20"><span class='ocrx_word' id='word_1_495' title='bbox 2074 2717 2221 2758; x_wconf 89' lang='lat' dir='ltr'><strong>mea.</strong></span> <span class='ocrx_word' id='word_1_496' title='bbox 2251 2726 2279 2752; x_wconf 87' lang='grc'><strong>››</strong></span> <span class='ocrx_word' id='word_1_497' title='bbox 2304 2707 2413 2759; x_wconf 92' lang='lat' dir='ltr'><strong>Pro</strong></span> <span class='ocrx_word' id='word_1_498' title='bbox 2444 2703 2920 2774; x_wconf 84' lang='lat' dir='ltr'><strong>sanctificatione,</strong></span> <span class='ocrx_word' id='word_1_499' title='bbox 2979 2704 3317 2777; x_wconf 70' lang='lat' dir='ltr'><strong>usssshu)</strong></span> <span class='ocrx_word' id='word_1_500' title='bbox 3374 2703 3437 2777; x_wconf 89' lang='lat' dir='ltr'><strong>in</strong></span> <span class='ocrx_word' id='word_1_501' title='bbox 3480 2705 3718 2767; x_wconf 82' lang='lat' dir='ltr'><strong>Hebraeo</strong></span> 
     </span>
    </p>
   </div>
   <div class='ocr_carea' id='block_1_71' title="bbox 2074 2776 3721 2868">
    <p class='ocr_par' dir='ltr' id='par_1_71' title="bbox 2074 2776 3721 2868">
     <span class='ocr_line' id='line_1_71' title="bbox 2074 2776 3721 2868; baseline 0.003 -22"><span class='ocrx_word' id='word_1_502' title='bbox 2074 2790 2371 2847; x_wconf 86' lang='lat' dir='ltr'><strong>habetur:</strong></span> <span class='ocrx_word' id='word_1_503' title='bbox 2432 2793 2588 2864; x_wconf 91' lang='lat' dir='ltr'><strong>quod</strong></span> <span class='ocrx_word' id='word_1_504' title='bbox 2636 2791 2849 2865; x_wconf 86' lang='lat' dir='ltr'><strong>Aquila</strong></span> <span class='ocrx_word' id='word_1_505' title='bbox 2922 2798 3301 2850; x_wconf 77' lang='lat' dir='ltr'><strong>consecratum</strong></span> <span class='ocrx_word' id='word_1_506' title='bbox 3374 2776 3721 2868; x_wconf 73' lang='lat' dir='ltr'><strong>interpreta-</strong></span> 
     </span>
    </p>
   </div>
   <div class='ocr_carea' id='block_1_72' title="bbox 2072 2880 3721 2955">
    <p class='ocr_par' dir='ltr' id='par_1_72' title="bbox 2072 2880 3721 2955">
     <span class='ocr_line' id='line_1_72' title="bbox 2072 2880 3721 2955; baseline 0.002 -19"><span class='ocrx_word' id='word_1_507' title='bbox 2072 2884 2190 2947; x_wconf 86' lang='lat' dir='ltr'><strong>tur,</strong></span> <span class='ocrx_word' id='word_1_508' title='bbox 2224 2885 2281 2935; x_wconf 89' lang='lat' dir='ltr'><strong>et</strong></span> <span class='ocrx_word' id='word_1_509' title='bbox 2302 2880 2594 2953; x_wconf 87' lang='lat' dir='ltr'><strong>signiﬁcat</strong></span> <span class='ocrx_word' id='word_1_510' title='bbox 2623 2881 2906 2937; x_wconf 89' lang='lat' dir='ltr'><strong>laminam</strong></span> <span class='ocrx_word' id='word_1_511' title='bbox 2937 2899 3007 2938; x_wconf 88' lang='lat' dir='ltr'><strong>ex</strong></span> <span class='ocrx_word' id='word_1_512' title='bbox 3029 2899 3193 2951; x_wconf 88' lang='lat' dir='ltr'><strong>auro,</strong></span> <span class='ocrx_word' id='word_1_513' title='bbox 3246 2900 3374 2955; x_wconf 67' lang='lat' dir='ltr'><strong>quae</strong></span> <span class='ocrx_word' id='word_1_514' title='bbox 3424 2883 3483 2938; x_wconf 93' lang='lat' dir='ltr'><strong>in</strong></span> <span class='ocrx_word' id='word_1_515' title='bbox 3533 2883 3721 2940; x_wconf 82' lang='lat' dir='ltr'><strong>fronte</strong></span> 
     </span>
    </p>
   </div>
   <div class='ocr_carea' id='block_1_73' title="bbox 2075 2960 3718 3043">
    <p class='ocr_par' dir='ltr' id='par_1_73' title="bbox 2075 2960 3718 3043">
     <span class='ocr_line' id='line_1_73' title="bbox 2075 2960 3718 3043; baseline 0.003 -19"><span class='ocrx_word' id='word_1_516' title='bbox 2075 2968 2369 3040; x_wconf 84' lang='lat' dir='ltr'><strong>pontiﬁcis</strong></span> <span class='ocrx_word' id='word_1_517' title='bbox 2401 2968 2714 3043; x_wconf 89' lang='lat' dir='ltr'><strong>ligabatur,</strong></span> <span class='ocrx_word' id='word_1_518' title='bbox 2744 2970 3043 3043; x_wconf 90' lang='lat' dir='ltr'><strong>sculptum</strong></span> <span class='ocrx_word' id='word_1_519' title='bbox 3072 2970 3298 3028; x_wconf 90' lang='lat' dir='ltr'><strong>habens</strong></span> <span class='ocrx_word' id='word_1_520' title='bbox 3336 2987 3552 3028; x_wconf 90' lang='lat' dir='ltr'><strong>nomen</strong></span> <span class='ocrx_word' id='word_1_521' title='bbox 3608 2960 3718 3028; x_wconf 82' lang='lat' dir='ltr'><strong>Do-</strong></span> 
     </span>
    </p>
   </div>
   <div class='ocr_carea' id='block_1_74' title="bbox 2075 3074 2243 3113">
    <p class='ocr_par' dir='ltr' id='par_1_74' title="bbox 2075 3074 2243 3113">
     <span class='ocr_line' id='line_1_74' title="bbox 2075 3074 2243 3113; baseline 0 0"><span class='ocrx_word' id='word_1_522' title='bbox 2075 3074 2243 3113; x_wconf 80' lang='lat' dir='ltr'><strong>mlnl.</strong></span> 
     </span>
    </p>
   </div>
   <div class='ocr_carea' id='block_1_75' title="bbox 2586 3147 3220 3205">
    <p class='ocr_par' dir='ltr' id='par_1_75' title="bbox 2586 3147 3220 3205">
     <span class='ocr_line' id='line_1_75' title="bbox 2586 3147 3220 3205; baseline 0.005 -3"><span class='ocrx_word' id='word_1_523' title='bbox 2586 3148 2912 3204; x_wconf 88' lang='lat' dir='ltr'><strong>PSALMUS</strong></span> <span class='ocrx_word' id='word_1_524' title='bbox 2958 3147 3220 3205; x_wconf 88' lang='lat' dir='ltr'><strong>CXXXII.</strong></span> 
     </span>
    </p>
   </div>
   <div class='ocr_carea' id='block_1_76' title="bbox 2594 3235 3649 3307">
    <p class='ocr_par' dir='ltr' id='par_1_76' title="bbox 2594 3235 3649 3307">
     <span class='ocr_line' id='line_1_76' title="bbox 2594 3235 3649 3307; baseline 0.002 -17"><span class='ocrx_word' id='word_1_525' title='bbox 2594 3235 2881 3294; x_wconf 75' lang='lat' dir='ltr'><strong>Canticum</strong></span> <span class='ocrx_word' id='word_1_526' title='bbox 2898 3236 3190 3307; x_wconf 84' lang='lat' dir='ltr'><strong>graduum.</strong></span> <span class='ocrx_word' id='word_1_527' title='bbox 3398 3294 3403 3299; x_wconf 76' lang='grc'><strong><em>,</em></strong></span> <span class='ocrx_word' id='word_1_528' title='bbox 3644 3299 3649 3306; x_wconf 30' lang='grc' dir='ltr'><strong><em>λ</em></strong></span> 
     </span>
    </p>
   </div>
   <div class='ocr_carea' id='block_1_77' title="bbox 2150 3322 3715 3401">
    <p class='ocr_par' dir='ltr' id='par_1_77' title="bbox 2150 3322 3715 3401">
     <span class='ocr_line' id='line_1_77' title="bbox 2150 3322 3715 3401; baseline 0.005 -27"><span class='ocrx_word' id='word_1_529' title='bbox 2150 3344 2179 3371; x_wconf 85' lang='grc'><strong>‹‹</strong></span> <span class='ocrx_word' id='word_1_530' title='bbox 2210 3322 2351 3391; x_wconf 86' lang='lat' dir='ltr'><strong>Ecce</strong></span> <span class='ocrx_word' id='word_1_531' title='bbox 2373 3338 2551 3393; x_wconf 82' lang='lat' dir='ltr'><strong>quam</strong></span> <span class='ocrx_word' id='word_1_532' title='bbox 2571 3323 2790 3378; x_wconf 91' lang='lat' dir='ltr'><strong>bonum</strong></span> <span class='ocrx_word' id='word_1_533' title='bbox 2817 3328 2876 3378; x_wconf 90' lang='lat' dir='ltr'><strong>et</strong></span> <span class='ocrx_word' id='word_1_534' title='bbox 2894 3338 3071 3395; x_wconf 88' lang='lat' dir='ltr'><strong>quam</strong></span> <span class='ocrx_word' id='word_1_535' title='bbox 3085 3324 3418 3401; x_wconf 88' lang='lat' dir='ltr'><strong>jucundum</strong></span> <span class='ocrx_word' id='word_1_536' title='bbox 3450 3325 3715 3393; x_wconf 82' lang='lat' dir='ltr'><strong>habitare</strong></span> 
     </span>
    </p>
   </div>
   <div class='ocr_carea' id='block_1_78' title="bbox 2080 3411 3712 3487">
    <p class='ocr_par' dir='ltr' id='par_1_78' title="bbox 2080 3411 3712 3487">
     <span class='ocr_line' id='line_1_78' title="bbox 2080 3411 3712 3487; baseline 0.004 -21"><span class='ocrx_word' id='word_1_537' title='bbox 2080 3412 2289 3467; x_wconf 88' lang='lat' dir='ltr'><strong>fratres</strong></span> <span class='ocrx_word' id='word_1_538' title='bbox 2320 3411 2382 3466; x_wconf 91' lang='lat' dir='ltr'><strong>in</strong></span> <span class='ocrx_word' id='word_1_539' title='bbox 2413 3428 2620 3466; x_wconf 90' lang='lat' dir='ltr'><strong>unum.</strong></span> <span class='ocrx_word' id='word_1_540' title='bbox 2658 3434 2680 3461; x_wconf 74' lang='grc' dir='ltr'>ι</span> <span class='ocrx_word' id='word_1_541' title='bbox 2716 3411 2843 3466; x_wconf 95' lang='lat' dir='ltr'><strong>Duo</strong></span> <span class='ocrx_word' id='word_1_542' title='bbox 2865 3411 3045 3467; x_wconf 88' lang='lat' dir='ltr'><strong>dicit:</strong></span> <span class='ocrx_word' id='word_1_543' title='bbox 3108 3412 3329 3469; x_wconf 90' lang='lat' dir='ltr'><strong>bonum</strong></span> <span class='ocrx_word' id='word_1_544' title='bbox 3378 3419 3446 3479; x_wconf 83' lang='lat' dir='ltr'><strong>et</strong></span> <span class='ocrx_word' id='word_1_545' title='bbox 3494 3415 3712 3487; x_wconf 70' lang='lat' dir='ltr'><strong>jucun-</strong></span> 
     </span>
    </p>
   </div>
   <div class='ocr_carea' id='block_1_79' title="bbox 2079 3489 3719 3576">
    <p class='ocr_par' dir='ltr' id='par_1_79' title="bbox 2079 3489 3719 3576">
     <span class='ocr_line' id='line_1_79' title="bbox 2079 3489 3719 3576; baseline 0.004 -22"><span class='ocrx_word' id='word_1_546' title='bbox 2079 3501 2245 3555; x_wconf 90' lang='lat' dir='ltr'><strong>dum.</strong></span> <span class='ocrx_word' id='word_1_547' title='bbox 2278 3500 2503 3555; x_wconf 91' lang='lat' dir='ltr'><strong>Bonum</strong></span> <span class='ocrx_word' id='word_1_548' title='bbox 2531 3504 2621 3555; x_wconf 90' lang='lat' dir='ltr'><strong>est</strong></span> <span class='ocrx_word' id='word_1_549' title='bbox 2651 3501 3017 3573; x_wconf 85' lang='lat' dir='ltr'><strong>martyrium,</strong></span> <span class='ocrx_word' id='word_1_550' title='bbox 3051 3502 3153 3557; x_wconf 91' lang='lat' dir='ltr'><strong>sed</strong></span> <span class='ocrx_word' id='word_1_551' title='bbox 3183 3517 3300 3557; x_wconf 92' lang='lat' dir='ltr'><strong>non</strong></span> <span class='ocrx_word' id='word_1_552' title='bbox 3357 3508 3448 3559; x_wconf 87' lang='lat' dir='ltr'><strong>est</strong></span> <span class='ocrx_word' id='word_1_553' title='bbox 3493 3489 3719 3576; x_wconf 83' lang='lat' dir='ltr'><strong>jucun-</strong></span> 
     </span>
    </p>
   </div>
   <div class='ocr_carea' id='block_1_80' title="bbox 2080 3587 3724 3667">
    <p class='ocr_par' dir='ltr' id='par_1_80' title="bbox 2080 3587 3724 3667">
     <span class='ocr_line' id='line_1_80' title="bbox 2080 3587 3724 3667; baseline 0.004 -24"><span class='ocrx_word' id='word_1_554' title='bbox 2080 3588 2221 3643; x_wconf 91' lang='lat' dir='ltr'><strong>dum</strong></span> <span class='ocrx_word' id='word_1_555' title='bbox 2256 3603 2270 3643; x_wconf 91' lang='lat'><strong>:</strong></span> <span class='ocrx_word' id='word_1_556' title='bbox 2306 3587 2481 3644; x_wconf 85' lang='lat' dir='ltr'><strong>habet</strong></span> <span class='ocrx_word' id='word_1_557' title='bbox 2509 3588 2666 3644; x_wconf 92' lang='lat' dir='ltr'><strong>enim</strong></span> <span class='ocrx_word' id='word_1_558' title='bbox 2698 3588 2987 3661; x_wconf 89' lang='lat' dir='ltr'><strong>supplicia</strong></span> <span class='ocrx_word' id='word_1_559' title='bbox 3007 3594 3064 3645; x_wconf 92' lang='lat' dir='ltr'><strong>et</strong></span> <span class='ocrx_word' id='word_1_560' title='bbox 3093 3607 3316 3662; x_wconf 73' lang='lat' dir='ltr'><strong>pmnas,</strong></span> <span class='ocrx_word' id='word_1_561' title='bbox 3375 3596 3439 3655; x_wconf 85' lang='lat' dir='ltr'><strong>et</strong></span> <span class='ocrx_word' id='word_1_562' title='bbox 3487 3608 3724 3667; x_wconf 70' lang='lat' dir='ltr'><strong>semper</strong></span> 
     </span>
    </p>
   </div>
   <div class='ocr_carea' id='block_1_81' title="bbox 2080 3676 3723 3752">
    <p class='ocr_par' dir='ltr' id='par_1_81' title="bbox 2080 3676 3723 3752">
     <span class='ocr_line' id='line_1_81' title="bbox 2080 3676 3723 3752; baseline 0.004 -22"><span class='ocrx_word' id='word_1_563' title='bbox 2080 3677 2141 3732; x_wconf 92' lang='lat' dir='ltr'><strong>in</strong></span> <span class='ocrx_word' id='word_1_564' title='bbox 2165 3676 2521 3733; x_wconf 89' lang='lat' dir='ltr'><strong>cruciatibus</strong></span> <span class='ocrx_word' id='word_1_565' title='bbox 2552 3676 2718 3733; x_wconf 92' lang='lat' dir='ltr'><strong>dolor</strong></span> <span class='ocrx_word' id='word_1_566' title='bbox 2746 3682 2857 3747; x_wconf 90' lang='lat' dir='ltr'><strong>est,</strong></span> <span class='ocrx_word' id='word_1_567' title='bbox 2888 3683 2945 3734; x_wconf 93' lang='lat' dir='ltr'><strong>et</strong></span> <span class='ocrx_word' id='word_1_568' title='bbox 2982 3679 3185 3752; x_wconf 87' lang='lat' dir='ltr'><strong>utique</strong></span> <span class='ocrx_word' id='word_1_569' title='bbox 3239 3679 3301 3735; x_wconf 91' lang='lat' dir='ltr'><strong>in</strong></span> <span class='ocrx_word' id='word_1_570' title='bbox 3357 3679 3555 3736; x_wconf 91' lang='lat' dir='ltr'><strong>dolore</strong></span> <span class='ocrx_word' id='word_1_571' title='bbox 3603 3697 3723 3745; x_wconf 84' lang='lat' dir='ltr'><strong>non</strong></span> 
     </span>
    </p>
   </div>
   <div class='ocr_carea' id='block_1_82' title="bbox 2080 3766 3726 3843">
    <p class='ocr_par' dir='ltr' id='par_1_82' title="bbox 2080 3766 3726 3843">
     <span class='ocr_line' id='line_1_82' title="bbox 2080 3766 3726 3843; baseline 0.003 -22"><span class='ocrx_word' id='word_1_572' title='bbox 2080 3770 2170 3821; x_wconf 90' lang='lat' dir='ltr'><strong>est</strong></span> <span class='ocrx_word' id='word_1_573' title='bbox 2183 3766 2550 3836; x_wconf 89' lang='lat' dir='ltr'><strong>jucunditas.</strong></span> <span class='ocrx_word' id='word_1_574' title='bbox 2577 3788 2605 3815; x_wconf 88' lang='grc'><strong>››</strong></span> <span class='ocrx_word' id='word_1_575' title='bbox 2638 3766 2782 3822; x_wconf 86' lang='lat' dir='ltr'><strong>Ecce</strong></span> <span class='ocrx_word' id='word_1_576' title='bbox 2812 3784 2991 3840; x_wconf 89' lang='lat' dir='ltr'><strong>quam</strong></span> <span class='ocrx_word' id='word_1_577' title='bbox 3031 3767 3251 3824; x_wconf 92' lang='lat' dir='ltr'><strong>bonum</strong></span> <span class='ocrx_word' id='word_1_578' title='bbox 3304 3774 3362 3824; x_wconf 90' lang='lat' dir='ltr'><strong>et</strong></span> <span class='ocrx_word' id='word_1_579' title='bbox 3414 3786 3593 3842; x_wconf 89' lang='lat' dir='ltr'><strong>quam</strong></span> <span class='ocrx_word' id='word_1_580' title='bbox 3628 3770 3726 3843; x_wconf 88' lang='lat' dir='ltr'><strong>ju-</strong></span> 
     </span>
    </p>
   </div>
   <div class='ocr_carea' id='block_1_83' title="bbox 2081 3855 3726 3931">
    <p class='ocr_par' dir='ltr' id='par_1_83' title="bbox 2081 3855 3726 3931">
     <span class='ocr_line' id='line_1_83' title="bbox 2081 3855 3726 3931; baseline 0.003 -21"><span class='ocrx_word' id='word_1_581' title='bbox 2081 3855 2361 3911; x_wconf 88' lang='lat' dir='ltr'><strong>cundum.</strong></span> <span class='ocrx_word' id='word_1_582' title='bbox 2402 3876 2429 3905; x_wconf 85' lang='lat'><strong><em>»</em></strong></span> <span class='ocrx_word' id='word_1_583' title='bbox 2464 3856 2720 3912; x_wconf 83' lang='lat' dir='ltr'><strong>Rursum</strong></span> <span class='ocrx_word' id='word_1_584' title='bbox 2751 3855 3303 3931; x_wconf 86' lang='lat' dir='ltr'><strong>voluptasjucunda</strong></span> <span class='ocrx_word' id='word_1_585' title='bbox 3330 3861 3440 3915; x_wconf 91' lang='lat' dir='ltr'><strong>est.</strong></span> <span class='ocrx_word' id='word_1_586' title='bbox 3463 3863 3544 3914; x_wconf 82' lang='lat' dir='ltr'><strong>Ac</strong></span> <span class='ocrx_word' id='word_1_587' title='bbox 3565 3858 3615 3915; x_wconf 87' lang='lat' dir='ltr'><strong>si</strong></span> <span class='ocrx_word' id='word_1_588' title='bbox 3640 3859 3726 3915; x_wconf 89' lang='lat' dir='ltr'><strong>di-</strong></span> 
     </span>
    </p>
   </div>
   <div class='ocr_carea' id='block_1_84' title="bbox 2081 3943 3722 4017">
    <p class='ocr_par' dir='ltr' id='par_1_84' title="bbox 2081 3943 3722 4017">
     <span class='ocr_line' id='line_1_84' title="bbox 2081 3943 3722 4017; baseline 0.001 -17"><span class='ocrx_word' id='word_1_589' title='bbox 2081 3948 2174 4000; x_wconf 90' lang='lat' dir='ltr'><strong>cat</strong></span> <span class='ocrx_word' id='word_1_590' title='bbox 2206 3962 2218 3998; x_wconf 90' lang='lat'><strong>:</strong></span> <span class='ocrx_word' id='word_1_591' title='bbox 2248 3944 2454 4002; x_wconf 86' lang='lat' dir='ltr'><strong>Cibum</strong></span> <span class='ocrx_word' id='word_1_592' title='bbox 2488 3943 2717 4000; x_wconf 90' lang='lat' dir='ltr'><strong>dulcem</strong></span> <span class='ocrx_word' id='word_1_593' title='bbox 2769 3946 3075 4001; x_wconf 89' lang='lat' dir='ltr'><strong>comedere</strong></span> <span class='ocrx_word' id='word_1_594' title='bbox 3119 3945 3350 4001; x_wconf 89' lang='lat' dir='ltr'><strong>videtur</strong></span> <span class='ocrx_word' id='word_1_595' title='bbox 3388 3947 3722 4017; x_wconf 87' lang='lat' dir='ltr'><strong>jucundum</strong></span> 
     </span>
    </p>
   </div>
   <div class='ocr_carea' id='block_1_85' title="bbox 2081 4032 3719 4108">
    <p class='ocr_par' dir='ltr' id='par_1_85' title="bbox 2081 4032 3719 4108">
     <span class='ocr_line' id='line_1_85' title="bbox 2081 4032 3719 4108; baseline 0.001 -18"><span class='ocrx_word' id='word_1_596' title='bbox 2081 4049 2230 4105; x_wconf 88' lang='lat' dir='ltr'><strong>esse,</strong></span> <span class='ocrx_word' id='word_1_597' title='bbox 2265 4032 2565 4105; x_wconf 90' lang='lat' dir='ltr'><strong>compellit</strong></span> <span class='ocrx_word' id='word_1_598' title='bbox 2588 4033 2745 4088; x_wconf 89' lang='lat' dir='ltr'><strong>enim</strong></span> <span class='ocrx_word' id='word_1_599' title='bbox 2778 4033 2851 4088; x_wconf 88' lang='lat' dir='ltr'><strong>ad</strong></span> <span class='ocrx_word' id='word_1_600' title='bbox 2883 4033 3211 4089; x_wconf 90' lang='lat' dir='ltr'><strong>libidinem.</strong></span> <span class='ocrx_word' id='word_1_601' title='bbox 3259 4032 3362 4089; x_wconf 91' lang='lat' dir='ltr'><strong>Hic</strong></span> <span class='ocrx_word' id='word_1_602' title='bbox 3412 4050 3549 4108; x_wconf 86' lang='lat' dir='ltr'><strong>ergo</strong></span> <span class='ocrx_word' id='word_1_603' title='bbox 3604 4035 3719 4092; x_wconf 88' lang='lat' dir='ltr'><strong>duo</strong></span> 
     </span>
    </p>
   </div>
   <div class='ocr_carea' id='block_1_86' title="bbox 2080 4120 3724 4194">
    <p class='ocr_par' dir='ltr' id='par_1_86' title="bbox 2080 4120 3724 4194">
     <span class='ocr_line' id='line_1_86' title="bbox 2080 4120 3724 4194; baseline 0.001 -16"><span class='ocrx_word' id='word_1_604' title='bbox 2080 4121 2296 4194; x_wconf 89' lang='lat' dir='ltr'><strong>posuit,</strong></span> <span class='ocrx_word' id='word_1_605' title='bbox 2328 4124 2385 4176; x_wconf 90' lang='lat' dir='ltr'><strong>et</strong></span> <span class='ocrx_word' id='word_1_606' title='bbox 2413 4121 2568 4193; x_wconf 93' lang='lat' dir='ltr'><strong>quod</strong></span> <span class='ocrx_word' id='word_1_607' title='bbox 2591 4120 2703 4178; x_wconf 91' lang='lat' dir='ltr'><strong>sibi</strong></span> <span class='ocrx_word' id='word_1_608' title='bbox 2738 4121 3044 4178; x_wconf 88' lang='lat' dir='ltr'><strong>videbatur</strong></span> <span class='ocrx_word' id='word_1_609' title='bbox 3071 4123 3592 4193; x_wconf 88' lang='lat' dir='ltr'><strong>essecontrarium,</strong></span> <span class='ocrx_word' id='word_1_610' title='bbox 3624 4124 3724 4181; x_wconf 87' lang='lat' dir='ltr'><strong>bo-</strong></span> 
     </span>
    </p>
   </div>
   <div class='ocr_carea' id='block_1_87' title="bbox 2081 4210 3725 4284">
    <p class='ocr_par' dir='ltr' id='par_1_87' title="bbox 2081 4210 3725 4284">
     <span class='ocr_line' id='line_1_87' title="bbox 2081 4210 3725 4284; baseline 0.001 -17"><span class='ocrx_word' id='word_1_611' title='bbox 2081 4227 2224 4267; x_wconf 91' lang='lat' dir='ltr'><strong>num</strong></span> <span class='ocrx_word' id='word_1_612' title='bbox 2256 4210 2480 4267; x_wconf 86' lang='lat' dir='ltr'><strong>scilicet</strong></span> <span class='ocrx_word' id='word_1_613' title='bbox 2508 4215 2565 4266; x_wconf 90' lang='lat' dir='ltr'><strong>et</strong></span> <span class='ocrx_word' id='word_1_614' title='bbox 2583 4211 2939 4282; x_wconf 88' lang='lat' dir='ltr'><strong>jucundum,</strong></span> <span class='ocrx_word' id='word_1_615' title='bbox 2963 4227 3075 4266; x_wconf 88' lang='lat' dir='ltr'><strong>unc</strong></span> <span class='ocrx_word' id='word_1_616' title='bbox 3102 4227 3370 4268; x_wconf 88' lang='lat' dir='ltr'><strong>sermone</strong></span> <span class='ocrx_word' id='word_1_617' title='bbox 3399 4213 3725 4284; x_wconf 82' lang='lat' dir='ltr'><strong>conjunxit.</strong></span> 
     </span>
    </p>
   </div>
   <div class='ocr_carea' id='block_1_88' title="bbox 326 4299 1970 4374">
    <p class='ocr_par' dir='ltr' id='par_1_88' title="bbox 326 4299 1970 4374">
     <span class='ocr_line' id='line_1_88' title="bbox 326 4299 1970 4374; baseline 0 -16"><span class='ocrx_word' id='word_1_618' title='bbox 326 4304 384 4358; x_wconf 90' lang='lat' dir='ltr'><strong>et</strong></span> <span class='ocrx_word' id='word_1_619' title='bbox 412 4299 518 4355; x_wconf 80' lang='lat' dir='ltr'><strong>filii</strong></span> <span class='ocrx_word' id='word_1_620' title='bbox 551 4299 754 4371; x_wconf 79' lang='lat' dir='ltr'><strong>nostri,</strong></span> <span class='ocrx_word' id='word_1_621' title='bbox 788 4300 898 4356; x_wconf 91' lang='lat' dir='ltr'><strong>hoc</strong></span> <span class='ocrx_word' id='word_1_622' title='bbox 927 4304 1037 4368; x_wconf 88' lang='lat' dir='ltr'><strong>est,</strong></span> <span class='ocrx_word' id='word_1_623' title='bbox 1085 4302 1635 4358; x_wconf 89' lang='lat' dir='ltr'><strong>rememorabuntur</strong></span> <span class='ocrx_word' id='word_1_624' title='bbox 1665 4318 1839 4374; x_wconf 87' lang='lat' dir='ltr'><strong>opera</strong></span> <span class='ocrx_word' id='word_1_625' title='bbox 1870 4303 1970 4358; x_wconf 91' lang='lat' dir='ltr'><strong>bo-</strong></span> 
     </span>
    </p>
   </div>
   <div class='ocr_carea' id='block_1_89' title="bbox 304 4374 3724 4464">
    <p class='ocr_par' dir='ltr' id='par_1_89' title="bbox 304 4374 3724 4464">
     <span class='ocr_line' id='line_1_89' title="bbox 304 4374 3724 4464; baseline -0.001 -16"><span class='ocrx_word' id='word_1_626' title='bbox 304 4374 422 4457; x_wconf 24' lang='lat' dir='ltr'><strong>.na,</strong></span> <span class='ocrx_word' id='word_1_627' title='bbox 457 4406 583 4462; x_wconf 80' lang='lat' dir='ltr'><strong>quae</strong></span> <span class='ocrx_word' id='word_1_628' title='bbox 613 4389 687 4446; x_wconf 91' lang='lat' dir='ltr'><strong>ob</strong></span> <span class='ocrx_word' id='word_1_629' title='bbox 719 4404 978 4445; x_wconf 90' lang='lat' dir='ltr'><strong>amorem</strong></span> <span class='ocrx_word' id='word_1_630' title='bbox 1022 4387 1181 4445; x_wconf 92' lang='lat' dir='ltr'><strong>illius</strong></span> <span class='ocrx_word' id='word_1_631' title='bbox 1234 4390 1454 4461; x_wconf 88' lang='lat' dir='ltr'><strong>operati</strong></span> <span class='ocrx_word' id='word_1_632' title='bbox 1494 4408 1722 4460; x_wconf 89' lang='lat' dir='ltr'><strong>sumus,</strong></span> <span class='ocrx_word' id='word_1_633' title='bbox 1754 4392 1813 4447; x_wconf 91' lang='lat' dir='ltr'><strong>in</strong></span> <span class='ocrx_word' id='word_1_634' title='bbox 1845 4409 1974 4447; x_wconf 91' lang='lat' dir='ltr'><strong>con-</strong></span> <span class='ocrx_word' id='word_1_635' title='bbox 2084 4391 2293 4445; x_wconf 87' lang='lat' dir='ltr'><strong>fratres</strong></span> <span class='ocrx_word' id='word_1_636' title='bbox 2324 4389 2384 4444; x_wconf 92' lang='lat' dir='ltr'><strong>in</strong></span> <span class='ocrx_word' id='word_1_637' title='bbox 2442 4405 2648 4443; x_wconf 90' lang='lat' dir='ltr'><strong>unum.</strong></span> <span class='ocrx_word' id='word_1_638' title='bbox 2689 4411 2709 4437; x_wconf 74' lang='grc' dir='ltr'>ι</span> <span class='ocrx_word' id='word_1_639' title='bbox 2774 4390 3001 4457; x_wconf 87' lang='lat' dir='ltr'><strong>Fratres</strong></span> <span class='ocrx_word' id='word_1_640' title='bbox 3058 4393 3274 4457; x_wconf 90' lang='lat' dir='ltr'><strong>mente,</strong></span> <span class='ocrx_word' id='word_1_641' title='bbox 3323 4405 3439 4446; x_wconf 89' lang='lat' dir='ltr'><strong>non</strong></span> <span class='ocrx_word' id='word_1_642' title='bbox 3483 4406 3724 4464; x_wconf 88' lang='lat' dir='ltr'><strong>corpore</strong></span> 
     </span>
    </p>
   </div>
   <div class='ocr_carea' id='block_1_90' title="bbox 326 4476 3729 4553">
    <p class='ocr_par' dir='ltr' id='par_1_90' title="bbox 326 4476 3729 4553">
     <span class='ocr_line' id='line_1_90' title="bbox 326 4476 3729 4553; baseline -0.001 -16"><span class='ocrx_word' id='word_1_643' title='bbox 326 4483 529 4553; x_wconf 89' lang='lat' dir='ltr'><strong>spectu</strong></span> <span class='ocrx_word' id='word_1_644' title='bbox 562 4479 709 4551; x_wconf 87' lang='lat' dir='ltr'><strong>ejus.</strong></span> <span class='ocrx_word' id='word_1_645' title='bbox 2079 4480 2232 4536; x_wconf 89' lang='lat' dir='ltr'><strong>Esau</strong></span> <span class='ocrx_word' id='word_1_646' title='bbox 2263 4481 2320 4533; x_wconf 89' lang='lat' dir='ltr'><strong>et</strong></span> <span class='ocrx_word' id='word_1_647' title='bbox 2347 4479 2527 4533; x_wconf 90' lang='lat' dir='ltr'><strong>Jacob</strong></span> <span class='ocrx_word' id='word_1_648' title='bbox 2558 4479 2764 4533; x_wconf 88' lang='lat' dir='ltr'><strong>fratres</strong></span> <span class='ocrx_word' id='word_1_649' title='bbox 2797 4477 3053 4546; x_wconf 88' lang='lat' dir='ltr'><strong>fuerunt,</strong></span> <span class='ocrx_word' id='word_1_650' title='bbox 3085 4480 3142 4533; x_wconf 88' lang='lat' dir='ltr'><strong>et</strong></span> <span class='ocrx_word' id='word_1_651' title='bbox 3171 4478 3311 4548; x_wconf 87' lang='lat' dir='ltr'><strong>quia</strong></span> <span class='ocrx_word' id='word_1_652' title='bbox 3351 4476 3530 4534; x_wconf 87' lang='lat' dir='ltr'><strong>simul</strong></span> <span class='ocrx_word' id='word_1_653' title='bbox 3564 4477 3729 4534; x_wconf 88' lang='lat' dir='ltr'><strong>habi-</strong></span> 
     </span>
    </p>
   </div>
   <div class='ocr_carea' id='block_1_91' title="bbox 386 4558 3729 4641">
    <p class='ocr_par' dir='ltr' id='par_1_91' title="bbox 386 4558 3729 4641">
     <span class='ocr_line' id='line_1_91' title="bbox 386 4558 3729 4641; baseline 0 -18"><span class='ocrx_word' id='word_1_654' title='bbox 386 4558 429 4618; x_wconf 37' lang='grc'><strong>⁷‹‹</strong></span> <span class='ocrx_word' id='word_1_655' title='bbox 463 4566 749 4634; x_wconf 86' lang='lat' dir='ltr'><strong>Quoniam</strong></span> <span class='ocrx_word' id='word_1_656' title='bbox 782 4566 955 4639; x_wconf 90' lang='lat' dir='ltr'><strong>elegit</strong></span> <span class='ocrx_word' id='word_1_657' title='bbox 1002 4566 1286 4623; x_wconf 89' lang='lat' dir='ltr'><strong>Dominus</strong></span> <span class='ocrx_word' id='word_1_658' title='bbox 1331 4567 1505 4637; x_wconf 89' lang='lat' dir='ltr'><strong>Sion;</strong></span> <span class='ocrx_word' id='word_1_659' title='bbox 1557 4568 1816 4641; x_wconf 66' lang='lat' dir='ltr'><strong>praelegit</strong></span> <span class='ocrx_word' id='word_1_660' title='bbox 1844 4584 1973 4625; x_wconf 88' lang='lat' dir='ltr'><strong>eam</strong></span> <span class='ocrx_word' id='word_1_661' title='bbox 2082 4568 2306 4634; x_wconf 89' lang='lat' dir='ltr'><strong>tabant,</strong></span> <span class='ocrx_word' id='word_1_662' title='bbox 2341 4566 2453 4622; x_wconf 89' lang='lat' dir='ltr'><strong>fuit</strong></span> <span class='ocrx_word' id='word_1_663' title='bbox 2470 4566 2554 4622; x_wconf 90' lang='lat' dir='ltr'><strong>eis</strong></span> <span class='ocrx_word' id='word_1_664' title='bbox 2598 4581 2778 4621; x_wconf 90' lang='lat' dir='ltr'><strong>causa</strong></span> <span class='ocrx_word' id='word_1_665' title='bbox 2806 4565 3133 4621; x_wconf 69' lang='lat' dir='ltr'><strong>discordiae.</strong></span> <span class='ocrx_word' id='word_1_666' title='bbox 3166 4566 3312 4639; x_wconf 87' lang='lat' dir='ltr'><strong>Ergo</strong></span> <span class='ocrx_word' id='word_1_667' title='bbox 3366 4566 3523 4639; x_wconf 89' lang='lat' dir='ltr'><strong>quod</strong></span> <span class='ocrx_word' id='word_1_668' title='bbox 3579 4567 3729 4624; x_wconf 83' lang='lat' dir='ltr'><strong>dixit</strong></span> 
     </span>
    </p>
   </div>
   <div class='ocr_carea' id='block_1_92' title="bbox 326 4644 3730 4727">
    <p class='ocr_par' dir='ltr' id='par_1_92' title="bbox 326 4644 3730 4727">
     <span class='ocr_line' id='line_1_92' title="bbox 326 4644 3730 4727; baseline 0 -15"><span class='ocrx_word' id='word_1_669' title='bbox 326 4658 389 4712; x_wconf 90' lang='lat' dir='ltr'><strong>in</strong></span> <span class='ocrx_word' id='word_1_670' title='bbox 421 4656 843 4712; x_wconf 88' lang='lat' dir='ltr'><strong>habitationem</strong></span> <span class='ocrx_word' id='word_1_671' title='bbox 892 4655 1023 4712; x_wconf 92' lang='lat' dir='ltr'><strong>sibi.</strong></span> <span class='ocrx_word' id='word_1_672' title='bbox 1061 4679 1082 4704; x_wconf 74' lang='grc' dir='ltr'>ι</span> <span class='ocrx_word' id='word_1_673' title='bbox 1139 4657 1595 4713; x_wconf 89' lang='lat' dir='ltr'><strong>Concordantem</strong></span> <span class='ocrx_word' id='word_1_674' title='bbox 1643 4656 1753 4713; x_wconf 91' lang='lat' dir='ltr'><strong>sibi</strong></span> <span class='ocrx_word' id='word_1_675' title='bbox 1784 4662 1973 4713; x_wconf 89' lang='lat' dir='ltr'><strong>cater-</strong></span> <span class='ocrx_word' id='word_1_676' title='bbox 2006 4696 2052 4727; x_wconf 72' lang='grc' dir='ltr'>η</span> <span class='ocrx_word' id='word_1_677' title='bbox 2082 4656 2198 4724; x_wconf 89' lang='lat' dir='ltr'><strong>hic,</strong></span> <span class='ocrx_word' id='word_1_678' title='bbox 2234 4655 2440 4710; x_wconf 89' lang='lat' dir='ltr'><strong>fratres</strong></span> <span class='ocrx_word' id='word_1_679' title='bbox 2466 4672 2479 4710; x_wconf 90' lang='lat'><strong>:</strong></span> <span class='ocrx_word' id='word_1_680' title='bbox 2507 4671 2622 4710; x_wconf 92' lang='lat' dir='ltr'><strong>non</strong></span> <span class='ocrx_word' id='word_1_681' title='bbox 2642 4654 2850 4709; x_wconf 87' lang='lat' dir='ltr'><strong>fratres</strong></span> <span class='ocrx_word' id='word_1_682' title='bbox 2872 4652 3014 4709; x_wconf 89' lang='lat' dir='ltr'><strong>dicit</strong></span> <span class='ocrx_word' id='word_1_683' title='bbox 3043 4670 3305 4727; x_wconf 89' lang='lat' dir='ltr'><strong>corpore,</strong></span> <span class='ocrx_word' id='word_1_684' title='bbox 3361 4656 3459 4712; x_wconf 87' lang='lat' dir='ltr'><strong>sed</strong></span> <span class='ocrx_word' id='word_1_685' title='bbox 3500 4644 3730 4714; x_wconf 26' lang='lat' dir='ltr'><strong>‘tratres</strong></span> 
     </span>
    </p>
   </div>
   <div class='ocr_carea' id='block_1_93' title="bbox 327 4734 3732 4818">
    <p class='ocr_par' dir='ltr' id='par_1_93' title="bbox 327 4734 3732 4818">
     <span class='ocr_line' id='line_1_93' title="bbox 327 4734 3732 4818; baseline 0 -18"><span class='ocrx_word' id='word_1_686' title='bbox 327 4761 462 4801; x_wconf 89' lang='lat' dir='ltr'><strong>vam</strong></span> <span class='ocrx_word' id='word_1_687' title='bbox 511 4744 991 4813; x_wconf 89' lang='lat' dir='ltr'><strong>ecclesiasticam,</strong></span> <span class='ocrx_word' id='word_1_688' title='bbox 1041 4745 1128 4801; x_wconf 91' lang='lat' dir='ltr'><strong>vel</strong></span> <span class='ocrx_word' id='word_1_689' title='bbox 1177 4746 1571 4802; x_wconf 81' lang='lat' dir='ltr'><strong>sanctiﬁcatas</strong></span> <span class='ocrx_word' id='word_1_690' title='bbox 1617 4748 1977 4804; x_wconf 81' lang='lat' dir='ltr'><strong>sacramentis</strong></span> <span class='ocrx_word' id='word_1_691' title='bbox 1996 4734 2052 4761; x_wconf 67' lang='grc' dir='ltr'><em>ὐ</em></span> <span class='ocrx_word' id='word_1_692' title='bbox 2086 4742 2443 4818; x_wconf 90' lang='lat' dir='ltr'><strong>spirituales.</strong></span> <span class='ocrx_word' id='word_1_693' title='bbox 2484 4744 2708 4799; x_wconf 79' lang='lat' dir='ltr'><strong>Fratres</strong></span> <span class='ocrx_word' id='word_1_694' title='bbox 2741 4744 2812 4799; x_wconf 93' lang='lat' dir='ltr'><strong>de</strong></span> <span class='ocrx_word' id='word_1_695' title='bbox 2832 4742 3053 4815; x_wconf 89' lang='lat' dir='ltr'><strong>quibus</strong></span> <span class='ocrx_word' id='word_1_696' title='bbox 3084 4734 3432 4817; x_wconf 82' lang='lat' dir='ltr'><strong>loquebatur</strong></span> <span class='ocrx_word' id='word_1_697' title='bbox 3456 4749 3513 4802; x_wconf 90' lang='lat' dir='ltr'><strong>et</strong></span> <span class='ocrx_word' id='word_1_698' title='bbox 3532 4744 3732 4811; x_wconf 63' lang='lat' dir='ltr'><strong>Salsp-</strong></span> 
     </span>
    </p>
   </div>
   <div class='ocr_carea' id='block_1_94' title="bbox 296 4832 3733 4908">
    <p class='ocr_par' dir='ltr' id='par_1_94' title="bbox 296 4832 3733 4908">
     <span class='ocr_line' id='line_1_94' title="bbox 296 4832 3733 4908; baseline 0 -18"><span class='ocrx_word' id='word_1_699' title='bbox 296 4900 307 4908; x_wconf 48' lang='grc'><em>,</em></span> <span class='ocrx_word' id='word_1_700' title='bbox 334 4834 644 4890; x_wconf 69' lang='lat' dir='ltr'><strong>certestibus</strong></span> <span class='ocrx_word' id='word_1_701' title='bbox 673 4833 778 4889; x_wconf 91' lang='lat' dir='ltr'><strong>tibi</strong></span> <span class='ocrx_word' id='word_1_702' title='bbox 804 4834 1053 4891; x_wconf 89' lang='lat' dir='ltr'><strong>animas.</strong></span> <span class='ocrx_word' id='word_1_703' title='bbox 2086 4838 2197 4903; x_wconf 92' lang='lat' dir='ltr'><strong>tor,</strong></span> <span class='ocrx_word' id='word_1_704' title='bbox 2230 4837 2287 4888; x_wconf 90' lang='lat' dir='ltr'><strong>et</strong></span> <span class='ocrx_word' id='word_1_705' title='bbox 2311 4832 2539 4888; x_wconf 90' lang='lat' dir='ltr'><strong>dicebat</strong></span> <span class='ocrx_word' id='word_1_706' title='bbox 2568 4833 2641 4887; x_wconf 90' lang='lat' dir='ltr'><strong>ad</strong></span> <span class='ocrx_word' id='word_1_707' title='bbox 2668 4832 2944 4889; x_wconf 90' lang='lat' dir='ltr'><strong>mulieres</strong></span> <span class='ocrx_word' id='word_1_708' title='bbox 2977 4834 3114 4903; x_wconf 87' lang='lat' dir='ltr'><strong>:Ite,</strong></span> <span class='ocrx_word' id='word_1_709' title='bbox 3166 4837 3424 4891; x_wconf 78' lang='lat' dir='ltr'><strong>nuntiate</strong></span> <span class='ocrx_word' id='word_1_710' title='bbox 3460 4837 3733 4906; x_wconf 58' lang='lat' dir='ltr'><strong>fratribus</strong></span> 
     </span>
    </p>
   </div>
   <div class='ocr_carea' id='block_1_95' title="bbox 295 4922 3734 4997">
    <p class='ocr_par' dir='ltr' id='par_1_95' title="bbox 295 4922 3734 4997">
     <span class='ocr_line' id='line_1_95' title="bbox 295 4922 3734 4997; baseline 0 -20"><span class='ocrx_word' id='word_1_711' title='bbox 295 4990 307 4997; x_wconf 22' lang='grc' dir='ltr'><strong><em>ξ</em></strong></span> <span class='ocrx_word' id='word_1_712' title='bbox 406 4944 435 4972; x_wconf 91' lang='grc'><strong>‹‹</strong></span> <span class='ocrx_word' id='word_1_713' title='bbox 466 4927 597 4978; x_wconf 64' lang='lat' dir='ltr'><strong>Haec</strong></span> <span class='ocrx_word' id='word_1_714' title='bbox 622 4923 854 4995; x_wconf 91' lang='lat' dir='ltr'><strong>requies</strong></span> <span class='ocrx_word' id='word_1_715' title='bbox 889 4939 1017 4979; x_wconf 91' lang='lat' dir='ltr'><strong>mea</strong></span> <span class='ocrx_word' id='word_1_716' title='bbox 1046 4923 1105 4978; x_wconf 89' lang='lat' dir='ltr'><strong>in</strong></span> <span class='ocrx_word' id='word_1_717' title='bbox 1150 4923 1428 4979; x_wconf 82' lang='lat' dir='ltr'><strong>saeculum</strong></span> <span class='ocrx_word' id='word_1_718' title='bbox 1480 4924 1838 4981; x_wconf 79' lang='lat' dir='ltr'><strong>saeculizhic</strong></span> <span class='ocrx_word' id='word_1_719' title='bbox 1870 4924 1978 4981; x_wconf 86' lang='lat' dir='ltr'><strong>ha-</strong></span> <span class='ocrx_word' id='word_1_720' title='bbox 2085 4923 2224 4978; x_wconf 78' lang='lat' dir='ltr'><strong>meis</strong></span> <span class='ocrx_word' id='word_1_721' title='bbox 2279 4923 2499 4991; x_wconf 80' lang='lat' dir='ltr'><strong>(Matth.</strong></span> <span class='ocrx_word' id='word_1_722' title='bbox 2560 4938 2757 4991; x_wconf 84' lang='lat' dir='ltr'><strong>xxvm,</strong></span> <span class='ocrx_word' id='word_1_723' title='bbox 2820 4922 2928 4994; x_wconf 89' lang='grc'><strong>10).</strong></span> <span class='ocrx_word' id='word_1_724' title='bbox 2979 4922 3121 4978; x_wconf 89' lang='lat' dir='ltr'><strong>Ecce</strong></span> <span class='ocrx_word' id='word_1_725' title='bbox 3176 4939 3354 4995; x_wconf 88' lang='lat' dir='ltr'><strong>quam</strong></span> <span class='ocrx_word' id='word_1_726' title='bbox 3401 4923 3623 4978; x_wconf 75' lang='lat' dir='ltr'><strong>bonum</strong></span> <span class='ocrx_word' id='word_1_727' title='bbox 3675 4926 3734 4979; x_wconf 87' lang='lat' dir='ltr'><strong>et</strong></span> 
     </span>
    </p>
   </div>
   <div class='ocr_carea' id='block_1_96' title="bbox 329 5009 3732 5087">
    <p class='ocr_par' dir='ltr' id='par_1_96' title="bbox 329 5009 3732 5087">
     <span class='ocr_line' id='line_1_96' title="bbox 329 5009 3732 5087; baseline -0.001 -18"><span class='ocrx_word' id='word_1_728' title='bbox 329 5012 530 5070; x_wconf 88' lang='lat' dir='ltr'><strong>bitabo</strong></span> <span class='ocrx_word' id='word_1_729' title='bbox 563 5012 841 5083; x_wconf 89' lang='lat' dir='ltr'><strong>quoniam</strong></span> <span class='ocrx_word' id='word_1_730' title='bbox 873 5012 1020 5085; x_wconf 90' lang='lat' dir='ltr'><strong>elegi</strong></span> <span class='ocrx_word' id='word_1_731' title='bbox 1052 5029 1199 5069; x_wconf 89' lang='lat' dir='ltr'><strong>eam.</strong></span> <span class='ocrx_word' id='word_1_732' title='bbox 1238 5035 1265 5061; x_wconf 92' lang='grc'><strong>››</strong></span> <span class='ocrx_word' id='word_1_733' title='bbox 1313 5013 1584 5070; x_wconf 89' lang='lat' dir='ltr'><strong>Animam</strong></span> <span class='ocrx_word' id='word_1_734' title='bbox 1616 5031 1743 5087; x_wconf 58' lang='lat' dir='ltr'><strong>quae</strong></span> <span class='ocrx_word' id='word_1_735' title='bbox 1775 5014 1847 5080; x_wconf 91' lang='lat' dir='ltr'><strong>ei,</strong></span> <span class='ocrx_word' id='word_1_736' title='bbox 1879 5030 1982 5087; x_wconf 89' lang='lat' dir='ltr'><strong>per</strong></span> <span class='ocrx_word' id='word_1_737' title='bbox 2089 5026 2267 5082; x_wconf 89' lang='lat' dir='ltr'><strong>quam</strong></span> <span class='ocrx_word' id='word_1_738' title='bbox 2291 5010 2647 5080; x_wconf 90' lang='lat' dir='ltr'><strong>jucundum,</strong></span> <span class='ocrx_word' id='word_1_739' title='bbox 2680 5009 2943 5066; x_wconf 88' lang='lat' dir='ltr'><strong>habitare</strong></span> <span class='ocrx_word' id='word_1_740' title='bbox 2966 5010 3175 5067; x_wconf 88' lang='lat' dir='ltr'><strong>fratres</strong></span> <span class='ocrx_word' id='word_1_741' title='bbox 3203 5012 3263 5066; x_wconf 93' lang='lat' dir='ltr'><strong>in</strong></span> <span class='ocrx_word' id='word_1_742' title='bbox 3294 5027 3501 5066; x_wconf 91' lang='lat' dir='ltr'><strong>unum.</strong></span> <span class='ocrx_word' id='word_1_743' title='bbox 3524 5030 3551 5063; x_wconf 70' lang='grc' dir='ltr'>ι</span> <span class='ocrx_word' id='word_1_744' title='bbox 3593 5010 3732 5067; x_wconf 86' lang='lat' dir='ltr'><strong>Pro-</strong></span> 
     </span>
    </p>
   </div>
   <div class='ocr_carea' id='block_1_97' title="bbox 330 5097 3733 5175">
    <p class='ocr_par' dir='ltr' id='par_1_97' title="bbox 330 5097 3733 5175">
     <span class='ocr_line' id='line_1_97' title="bbox 330 5097 3733 5175; baseline -0 -18"><span class='ocrx_word' id='word_1_745' title='bbox 330 5100 780 5157; x_wconf 90' lang='lat' dir='ltr'><strong>resurrectionis</strong></span> <span class='ocrx_word' id='word_1_746' title='bbox 828 5100 1074 5174; x_wconf 89' lang='lat' dir='ltr'><strong>gloriam</strong></span> <span class='ocrx_word' id='word_1_747' title='bbox 1103 5105 1161 5157; x_wconf 90' lang='lat' dir='ltr'><strong>et</strong></span> <span class='ocrx_word' id='word_1_748' title='bbox 1214 5101 1691 5159; x_wconf 68' lang='lat' dir='ltr'><strong>emendationem</strong></span> <span class='ocrx_word' id='word_1_749' title='bbox 1738 5104 1980 5175; x_wconf 90' lang='lat' dir='ltr'><strong>peccati,</strong></span> <span class='ocrx_word' id='word_1_750' title='bbox 2090 5099 2216 5172; x_wconf 91' lang='lat' dir='ltr'><strong>prie</strong></span> <span class='ocrx_word' id='word_1_751' title='bbox 2241 5097 2631 5171; x_wconf 82' lang='lat' dir='ltr'><strong>psalmusiste</strong></span> <span class='ocrx_word' id='word_1_752' title='bbox 2646 5099 2928 5155; x_wconf 65' lang='lat' dir='ltr'><strong>coenobiis</strong></span> <span class='ocrx_word' id='word_1_753' title='bbox 2961 5104 3019 5155; x_wconf 89' lang='lat' dir='ltr'><strong>et</strong></span> <span class='ocrx_word' id='word_1_754' title='bbox 3038 5097 3441 5155; x_wconf 87' lang='lat' dir='ltr'><strong>monasteriiss</strong></span> <span class='ocrx_word' id='word_1_755' title='bbox 3463 5099 3733 5157; x_wconf 86' lang='lat' dir='ltr'><strong>convenit</strong></span> 
     </span>
    </p>
   </div>
   <div class='ocr_carea' id='block_1_98' title="bbox 331 5185 3732 5261">
    <p class='ocr_par' dir='ltr' id='par_1_98' title="bbox 331 5185 3732 5261">
     <span class='ocr_line' id='line_1_98' title="bbox 331 5185 3732 5261; baseline -0 -16"><span class='ocrx_word' id='word_1_756' title='bbox 331 5189 545 5245; x_wconf 91' lang='lat' dir='ltr'><strong>domus</strong></span> <span class='ocrx_word' id='word_1_757' title='bbox 576 5206 641 5245; x_wconf 88' lang='lat' dir='ltr'><strong>ac</strong></span> <span class='ocrx_word' id='word_1_758' title='bbox 671 5189 904 5261; x_wconf 90' lang='lat' dir='ltr'><strong>requies</strong></span> <span class='ocrx_word' id='word_1_759' title='bbox 946 5190 1097 5246; x_wconf 88' lang='lat' dir='ltr'><strong>facta</strong></span> <span class='ocrx_word' id='word_1_760' title='bbox 1124 5194 1231 5247; x_wconf 91' lang='lat' dir='ltr'><strong>est.</strong></span> <span class='ocrx_word' id='word_1_761' title='bbox 2091 5188 2248 5244; x_wconf 91' lang='lat' dir='ltr'><strong>Licet</strong></span> <span class='ocrx_word' id='word_1_762' title='bbox 2277 5187 2432 5244; x_wconf 91' lang='lat' dir='ltr'><strong>enim</strong></span> <span class='ocrx_word' id='word_1_763' title='bbox 2466 5192 2523 5245; x_wconf 93' lang='lat' dir='ltr'><strong>et</strong></span> <span class='ocrx_word' id='word_1_764' title='bbox 2552 5189 2623 5244; x_wconf 90' lang='lat' dir='ltr'><strong>de</strong></span> <span class='ocrx_word' id='word_1_765' title='bbox 2645 5186 2917 5243; x_wconf 87' lang='lat' dir='ltr'><strong>Ecclesiis</strong></span> <span class='ocrx_word' id='word_1_766' title='bbox 2948 5185 3334 5260; x_wconf 86' lang='lat' dir='ltr'><strong>intelligatur,</strong></span> <span class='ocrx_word' id='word_1_767' title='bbox 3366 5187 3567 5244; x_wconf 85' lang='lat' dir='ltr'><strong>sedibi</strong></span> <span class='ocrx_word' id='word_1_768' title='bbox 3597 5203 3732 5260; x_wconf 87' lang='lat' dir='ltr'><strong>pro-</strong></span> 
     </span>
    </p>
   </div>
   <div class='ocr_carea' id='block_1_99' title="bbox 409 5275 3732 5353">
    <p class='ocr_par' dir='ltr' id='par_1_99' title="bbox 409 5275 3732 5353">
     <span class='ocr_line' id='line_1_99' title="bbox 409 5275 3732 5353; baseline 0.001 -23"><span class='ocrx_word' id='word_1_769' title='bbox 409 5297 437 5330; x_wconf 77' lang='grc' dir='ltr'><strong>α</strong></span> <span class='ocrx_word' id='word_1_770' title='bbox 466 5277 715 5335; x_wconf 88' lang='lat' dir='ltr'><strong>Viduam</strong></span> <span class='ocrx_word' id='word_1_771' title='bbox 768 5280 897 5350; x_wconf 89' lang='lat' dir='ltr'><strong>ejus</strong></span> <span class='ocrx_word' id='word_1_772' title='bbox 934 5278 1287 5336; x_wconf 89' lang='lat' dir='ltr'><strong>benedicens</strong></span> <span class='ocrx_word' id='word_1_773' title='bbox 1335 5280 1675 5337; x_wconf 90' lang='lat' dir='ltr'><strong>benedicam</strong></span> <span class='ocrx_word' id='word_1_774' title='bbox 1703 5298 1714 5337; x_wconf 92' lang='lat'>:</span> <span class='ocrx_word' id='word_1_775' title='bbox 1766 5297 1981 5353; x_wconf 88' lang='lat' dir='ltr'><strong>paupe-</strong></span> <span class='ocrx_word' id='word_1_776' title='bbox 2094 5276 2274 5350; x_wconf 89' lang='lat' dir='ltr'><strong>positi</strong></span> <span class='ocrx_word' id='word_1_777' title='bbox 2306 5275 2642 5332; x_wconf 89' lang='lat' dir='ltr'><strong>diversitate</strong></span> <span class='ocrx_word' id='word_1_778' title='bbox 2664 5293 2780 5332; x_wconf 91' lang='lat' dir='ltr'><strong>non</strong></span> <span class='ocrx_word' id='word_1_779' title='bbox 2813 5275 3039 5331; x_wconf 88' lang='lat' dir='ltr'><strong>videtur</strong></span> <span class='ocrx_word' id='word_1_780' title='bbox 3059 5291 3188 5332; x_wconf 88' lang='lat' dir='ltr'><strong>esse</strong></span> <span class='ocrx_word' id='word_1_781' title='bbox 3210 5280 3374 5333; x_wconf 86' lang='lat' dir='ltr'><strong>tanta</strong></span> <span class='ocrx_word' id='word_1_782' title='bbox 3402 5275 3732 5332; x_wconf 80' lang='lat' dir='ltr'><strong>concordia.</strong></span> 
     </span>
    </p>
   </div>
   <div class='ocr_carea' id='block_1_100' title="bbox 331 5358 3740 5441">
    <p class='ocr_par' dir='ltr' id='par_1_100' title="bbox 331 5358 3740 5441">
     <span class='ocr_line' id='line_1_100' title="bbox 331 5358 3740 5441; baseline -0.001 -16"><span class='ocrx_word' id='word_1_783' title='bbox 331 5358 428 5427; x_wconf 78' lang='lat' dir='ltr'><strong>res</strong></span> <span class='ocrx_word' id='word_1_784' title='bbox 484 5367 612 5440; x_wconf 91' lang='lat' dir='ltr'><strong>ejus</strong></span> <span class='ocrx_word' id='word_1_785' title='bbox 645 5367 929 5425; x_wconf 86' lang='lat' dir='ltr'><strong>saturabo</strong></span> <span class='ocrx_word' id='word_1_786' title='bbox 987 5369 1260 5441; x_wconf 90' lang='lat' dir='ltr'><strong>panibus.</strong></span> <span class='ocrx_word' id='word_1_787' title='bbox 1309 5392 1336 5419; x_wconf 85' lang='grc'>››</span> <span class='ocrx_word' id='word_1_788' title='bbox 1390 5369 1497 5425; x_wconf 91' lang='lat' dir='ltr'><strong>Pro</strong></span> <span class='ocrx_word' id='word_1_789' title='bbox 1554 5369 1720 5426; x_wconf 87' lang='lat' dir='ltr'><strong>vidua</strong></span> <span class='ocrx_word' id='word_1_790' title='bbox 1776 5370 1833 5426; x_wconf 86' lang='lat' dir='ltr'><strong>id</strong></span> <span class='ocrx_word' id='word_1_791' title='bbox 1887 5377 1983 5439; x_wconf 77' lang='lat' dir='ltr'><strong>est,</strong></span> <span class='ocrx_word' id='word_1_792' title='bbox 2097 5366 2232 5431; x_wconf 61' lang='lat' dir='ltr'><strong>Quis</strong></span> <span class='ocrx_word' id='word_1_793' title='bbox 2258 5370 2348 5422; x_wconf 89' lang='lat' dir='ltr'><strong>est</strong></span> <span class='ocrx_word' id='word_1_794' title='bbox 2376 5365 2533 5422; x_wconf 86' lang='lat' dir='ltr'><strong>enim</strong></span> <span class='ocrx_word' id='word_1_795' title='bbox 2564 5365 2644 5420; x_wconf 91' lang='lat' dir='ltr'><strong>ibi</strong></span> <span class='ocrx_word' id='word_1_796' title='bbox 2675 5363 3011 5421; x_wconf 79' lang='lat' dir='ltr'><strong>fraternitas</strong></span> <span class='ocrx_word' id='word_1_797' title='bbox 3041 5363 3304 5437; x_wconf 83' lang='lat' dir='ltr'><strong>?Utique</strong></span> <span class='ocrx_word' id='word_1_798' title='bbox 3323 5363 3477 5422; x_wconf 88' lang='lat' dir='ltr'><strong>alius</strong></span> <span class='ocrx_word' id='word_1_799' title='bbox 3510 5366 3585 5421; x_wconf 87' lang='lat' dir='ltr'><strong>ad</strong></span> <span class='ocrx_word' id='word_1_800' title='bbox 3637 5364 3740 5421; x_wconf 84' lang='lat' dir='ltr'><strong>do-</strong></span> 
     </span>
    </p>
   </div>
   <div class='ocr_carea' id='block_1_101' title="bbox 2086 4300 3723 4372">
    <p class='ocr_par' dir='ltr' id='par_1_101' title="bbox 2086 4300 3723 4372">
     <span class='ocr_line' id='line_1_101' title="bbox 2086 4300 3723 4372; baseline 0.004 -21"><span class='ocrx_word' id='word_1_801' title='bbox 2086 4324 2107 4351; x_wconf 73' lang='grc' dir='ltr'>ι</span> <span class='ocrx_word' id='word_1_802' title='bbox 2141 4301 2287 4356; x_wconf 90' lang='lat' dir='ltr'><strong>Ecce</strong></span> <span class='ocrx_word' id='word_1_803' title='bbox 2311 4316 2490 4372; x_wconf 89' lang='lat' dir='ltr'><strong>quam</strong></span> <span class='ocrx_word' id='word_1_804' title='bbox 2520 4300 2742 4355; x_wconf 88' lang='lat' dir='ltr'><strong>bonum</strong></span> <span class='ocrx_word' id='word_1_805' title='bbox 2772 4304 2829 4359; x_wconf 87' lang='lat' dir='ltr'><strong>et</strong></span> <span class='ocrx_word' id='word_1_806' title='bbox 2850 4316 3025 4372; x_wconf 90' lang='lat' dir='ltr'><strong>quam</strong></span> <span class='ocrx_word' id='word_1_807' title='bbox 3049 4300 3406 4372; x_wconf 90' lang='lat' dir='ltr'><strong>jucundum,</strong></span> <span class='ocrx_word' id='word_1_808' title='bbox 3455 4300 3723 4359; x_wconf 81' lang='lat' dir='ltr'><strong>habitare</strong></span> 
     </span>
    </p>
   </div>
   <div class='ocr_carea' id='block_1_102' title="bbox 406 5536 3738 5646">
    <p class='ocr_par' dir='ltr' id='par_1_102' title="bbox 406 5536 3738 5646">
     <span class='ocr_line' id='line_1_102' title="bbox 406 5536 3738 5646; baseline 0.002 -30"><span class='ocrx_word' id='word_1_809' title='bbox 406 5536 427 5646; x_wconf 56' lang='grc' dir='ltr'><em>ξ</em></span> <span class='ocrx_word' id='word_1_810' title='bbox 450 5562 647 5646; x_wconf 75' lang='lat' dir='ltr'><strong>_Ve_r1_is</strong></span> <span class='ocrx_word' id='word_1_811' title='bbox 704 5563 1134 5646; x_wconf 35' lang='lat' dir='ltr'><strong>liiieronymus,‘</strong></span> <span class='ocrx_word' id='word_1_812' title='bbox 1176 5568 1386 5646; x_wconf 70' lang='lat' dir='ltr'><strong>Quaest.</strong></span> <span class='ocrx_word' id='word_1_813' title='bbox 1448 5568 1511 5621; x_wconf 89' lang='lat' dir='ltr'><strong>in</strong></span> <span class='ocrx_word' id='word_1_814' title='bbox 1544 5569 1703 5646; x_wconf 58' lang='lat' dir='ltr'><strong>ﬁeri.</strong></span> <span class='ocrx_word' id='word_1_815' title='bbox 1738 5583 1810 5646; x_wconf 87' lang='lat' dir='ltr'><strong>_c.</strong></span> <span class='ocrx_word' id='word_1_816' title='bbox 1839 5583 1985 5646; x_wconf 77' lang='lat' dir='ltr'><strong>XLv:</strong></span> <span class='ocrx_word' id='word_1_817' title='bbox 2096 5564 2485 5646; x_wconf 41' lang='lat' dir='ltr'><strong>alexandrine</strong></span> <span class='ocrx_word' id='word_1_818' title='bbox 2517 5562 2783 5646; x_wconf 66' lang='lat' dir='ltr'><strong>quaedam</strong></span> <span class='ocrx_word' id='word_1_819' title='bbox 2812 5560 2929 5617; x_wconf 88' lang='lat' dir='ltr'><strong>alia</strong></span> <span class='ocrx_word' id='word_1_820' title='bbox 2971 5560 3327 5646; x_wconf 75' lang='lat' dir='ltr'><strong>exemplaria</strong></span> <span class='ocrx_word' id='word_1_821' title='bbox 3380 5560 3622 5646; x_wconf 68' lang='lat' dir='ltr'><strong>habent,</strong></span> <span class='ocrx_word' id='word_1_822' title='bbox 3678 5568 3738 5621; x_wconf 83' lang='lat' dir='ltr'><strong>et</strong></span> 
     </span>
    </p>
   </div>
   <div class='ocr_carea' id='block_1_103' title="bbox 336 5632 3738 5719">
    <p class='ocr_par' dir='ltr' id='par_1_103' title="bbox 336 5632 3738 5719">
     <span class='ocr_line' id='line_1_103' title="bbox 336 5632 3738 5719; baseline 0.001 -32"><span class='ocrx_word' id='word_1_823' title='bbox 336 5656 366 5687; x_wconf 85' lang='grc'><strong>‹‹</strong></span> <span class='ocrx_word' id='word_1_824' title='bbox 403 5633 558 5719; x_wconf 75' lang='lat' dir='ltr'><strong>Licet</strong></span> <span class='ocrx_word' id='word_1_825' title='bbox 587 5635 647 5691; x_wconf 92' lang='lat' dir='ltr'><strong>in</strong></span> <span class='ocrx_word' id='word_1_826' title='bbox 678 5632 988 5719; x_wconf 68' lang='lat' dir='ltr'><strong>plerisque</strong></span> <span class='ocrx_word' id='word_1_827' title='bbox 1010 5632 1310 5719; x_wconf 67' lang='lat' dir='ltr'><strong>codicibus</strong></span> <span class='ocrx_word' id='word_1_828' title='bbox 1352 5654 1454 5719; x_wconf 83' lang='lat' dir='ltr'><strong>pro</strong></span> <span class='ocrx_word' id='word_1_829' title='bbox 1502 5637 1688 5719; x_wconf 61' lang='lat' dir='ltr'><strong>vidua,</strong></span> <span class='ocrx_word' id='word_1_830' title='bbox 1738 5638 1847 5719; x_wconf 80' lang='lat' dir='ltr'><strong>hoc</strong></span> <span class='ocrx_word' id='word_1_831' title='bbox 1878 5643 1987 5719; x_wconf 78' lang='lat' dir='ltr'><strong>est,</strong></span> <span class='ocrx_word' id='word_1_832' title='bbox 2098 5632 2934 5719; x_wconf 38' lang='lat' dir='ltr'><strong>Hilarius‘inbunculocum</strong></span> <span class='ocrx_word' id='word_1_833' title='bbox 2972 5632 3282 5719; x_wconf 52' lang='lat' dir='ltr'><strong>lectiqnem</strong></span> <span class='ocrx_word' id='word_1_834' title='bbox 3325 5632 3614 5719; x_wconf 56' lang='lat' dir='ltr'><strong>eamdem</strong></span> <span class='ocrx_word' id='word_1_835' title='bbox 3668 5650 3738 5719; x_wconf 75' lang='lat' dir='ltr'><strong>ex</strong></span> 
     </span>
    </p>
   </div>
   <div class='ocr_carea' id='block_1_104' title="bbox 335 5703 1967 5856">
    <p class='ocr_par' dir='ltr' id='par_1_104' title="bbox 335 5703 1967 5856">
     <span class='ocr_line' id='line_1_104' title="bbox 335 5703 1961 5794; baseline 0.002 -32"><span class='ocrx_word' id='word_1_836' title='bbox 335 5722 445 5781; x_wconf 88' lang='lat' dir='ltr'><strong>pro</strong></span> <span class='ocrx_word' id='word_1_837' title='bbox 475 5705 629 5788; x_wconf 70' lang='grc' dir='ltr'><strong>χήρα</strong></span> <span class='ocrx_word' id='word_1_838' title='bbox 658 5703 927 5790; x_wconf 77' lang='lat' dir='ltr'><strong>nonnulli</strong></span> <span class='ocrx_word' id='word_1_839' title='bbox 975 5705 1171 5792; x_wconf 70' lang='lat' dir='ltr'><strong>legant</strong></span> <span class='ocrx_word' id='word_1_840' title='bbox 1199 5703 1388 5781; x_wconf 66' lang='grc' dir='ltr'><strong>θήραεῖ,</strong></span> <span class='ocrx_word' id='word_1_841' title='bbox 1439 5710 1498 5764; x_wconf 93' lang='lat' dir='ltr'><strong>in</strong></span> <span class='ocrx_word' id='word_1_842' title='bbox 1550 5703 1782 5794; x_wconf 71' lang='lat' dir='ltr'><strong>llehrzeo</strong></span> <span class='ocrx_word' id='word_1_843' title='bbox 1813 5711 1961 5766; x_wconf 90' lang='lat' dir='ltr'><strong>habe</strong></span> 
     </span>
     <span class='ocr_line' id='line_1_105' title="bbox 335 5776 1967 5856; baseline 0.003 -22"><span class='ocrx_word' id='word_1_844' title='bbox 335 5776 488 5848; x_wconf 73' lang='lat' dir='ltr'><strong>sede,</strong></span> <span class='ocrx_word' id='word_1_845' title='bbox 547 5776 605 5833; x_wconf 86' lang='lat' dir='ltr'><strong>1d</strong></span> <span class='ocrx_word' id='word_1_846' title='bbox 667 5782 777 5847; x_wconf 88' lang='lat' dir='ltr'><strong>est,</strong></span> <span class='ocrx_word' id='word_1_847' title='bbox 826 5778 1057 5834; x_wconf 73' lang='lat' dir='ltr'><strong>cibaria.</strong></span> <span class='ocrx_word' id='word_1_848' title='bbox 1123 5799 1151 5827; x_wconf 85' lang='grc'>››</span> <span class='ocrx_word' id='word_1_849' title='bbox 1205 5778 1271 5835; x_wconf 88' lang='lat' dir='ltr'><strong>Et</strong></span> <span class='ocrx_word' id='word_1_850' title='bbox 1320 5780 1498 5855; x_wconf 79' lang='grc' dir='ltr'>χήραν</span> <span class='ocrx_word' id='word_1_851' title='bbox 1558 5782 1794 5856; x_wconf 79' lang='lat' dir='ltr'><strong>quidem</strong></span> <span class='ocrx_word' id='word_1_852' title='bbox 1852 5797 1967 5839; x_wconf 86' lang='lat' dir='ltr'><strong>cun</strong></span> 
     </span>
    </p>
   </div>
   <div class='ocr_carea' id='block_1_105' title="bbox 2076 5703 3738 5856">
    <p class='ocr_par' dir='ltr' id='par_1_105' title="bbox 2099 5703 3738 5854">
     <span class='ocr_line' id='line_1_106' title="bbox 2099 5703 3738 5774; baseline 0 -12"><span class='ocrx_word' id='word_1_853' title='bbox 2099 5706 2485 5763; x_wconf 75' lang='lat' dir='ltr'><strong>translationis</strong></span> <span class='ocrx_word' id='word_1_854' title='bbox 2504 5706 2825 5761; x_wconf 86' lang='lat' dir='ltr'><strong>auctoritate</strong></span> <span class='ocrx_word' id='word_1_855' title='bbox 2858 5704 3076 5763; x_wconf 90' lang='lat' dir='ltr'><strong>laudat.</strong></span> <span class='ocrx_word' id='word_1_856' title='bbox 3110 5703 3268 5761; x_wconf 85' lang='lat' dir='ltr'><strong>Vide.</strong></span> <span class='ocrx_word' id='word_1_857' title='bbox 3319 5705 3619 5774; x_wconf 65' lang='lat' dir='ltr'><strong>Quaestion.</strong></span> <span class='ocrx_word' id='word_1_858' title='bbox 3674 5708 3738 5762; x_wconf 83' lang='lat' dir='ltr'><strong>in</strong></span> 
     </span>
     <span class='ocr_line' id='line_1_107' title="bbox 2104 5776 3734 5854; baseline -0.001 -16"><span class='ocrx_word' id='word_1_859' title='bbox 2104 5778 2257 5854; x_wconf 67' lang='lat' dir='ltr'><strong>Gem,</strong></span> <span class='ocrx_word' id='word_1_860' title='bbox 2286 5778 2413 5836; x_wconf 89' lang='lat' dir='ltr'><strong>loco</strong></span> <span class='ocrx_word' id='word_1_861' title='bbox 2442 5776 2702 5847; x_wconf 86' lang='lat' dir='ltr'><strong>laudato,</strong></span> <span class='ocrx_word' id='word_1_862' title='bbox 2758 5781 2815 5836; x_wconf 88' lang='lat' dir='ltr'><strong>et</strong></span> <span class='ocrx_word' id='word_1_863' title='bbox 2868 5791 2995 5854; x_wconf 71' lang='lat' dir='ltr'><strong>quae</strong></span> <span class='ocrx_word' id='word_1_864' title='bbox 3043 5791 3150 5834; x_wconf 92' lang='lat' dir='ltr'><strong>nos</strong></span> <span class='ocrx_word' id='word_1_865' title='bbox 3196 5776 3277 5835; x_wconf 92' lang='lat' dir='ltr'><strong>ibi</strong></span> <span class='ocrx_word' id='word_1_866' title='bbox 3332 5776 3734 5839; x_wconf 81' lang='lat' dir='ltr'><strong>observamus.</strong></span> 
     </span>
    </p>
   </div>
   <div class='ocr_carea' id='block_1_106' title="bbox 618 5904 1967 5973">
    <p class='ocr_par' dir='ltr' id='par_1_106' title="bbox 618 5904 1140 5971">
     <span class='ocr_line' id='line_1_108' title="bbox 618 5904 1140 5971; baseline 0 -2"><span class='ocrx_word' id='word_1_867' title='bbox 618 5904 884 5970; x_wconf 74' lang='grc' dir='ltr'><strong>ΡΑτιιοι..</strong></span> <span class='ocrx_word' id='word_1_868' title='bbox 928 5904 1140 5971; x_wconf 83' lang='lat' dir='ltr'><strong>XXVI.</strong></span> 
     </span>
    </p>
   </div>
   <div class='ocr_carea' id='block_1_107' title="bbox 2076 5904 3449 5973">
    <p class='ocr_par' dir='ltr' id='par_1_107' title="bbox 3372 5904 3449 5973">
     <span class='ocr_line' id='line_1_109' title="bbox 3372 5904 3449 5973; baseline 0 0"><span class='ocrx_word' id='word_1_869' title='bbox 3372 5904 3449 5973; x_wconf 71' lang='grc'><strong>41</strong></span> 
     </span>
    </p>
   </div>
  </div>
