4244 6570
622 433 771 494 1291

2110 423 2531 483 APPENDIX.

3863 427 3891 485 1
3903 425 4023 487 292

616 563 882 621 mumire
911 559 1169 629 festinat,
1198 558 1348 615 alius
1368 558 1440 613 ad
1477 558 1721 625 circum,
1757 557 1909 614 alius
1965 558 2025 613 in
2076 555 2257 612 eccle-
2291 556 2344 623 Α
2374 558 2498 611 tuis.
2532 556 2651 612 Hoc
2682 557 2753 612 ad
2784 556 3082 613 Christum
3114 555 3365 612 dicitur:
3398 557 3529 613 Ideo
3578 560 3641 613 tu
3690 562 3906 615 unctus
3934 576 4020 627 es,

611 653 702 711 sia
725 650 1010 709 deusuris
1040 648 1274 722 cogitat.
1327 648 1390 703 In
1441 647 1814 703 monasteriis
1856 652 2055 703 autem
2110 646 2264 701 sicut

613 759 801 800 unum
834 740 1221 814 propositum,
1280 753 1436 793 unus
1474 741 1532 791 et
1580 737 1813 792 animus
1858 741 1965 791 est.
2028 760 2056 785 ‹‹
2113 740 2254 790 Ecce

620 848 798 905 quam
819 832 1040 887 bonum
1071 832 1127 885 et
1146 844 1326 900 quam
1341 826 1675 898 jucundum
1733 826 1998 881 habitare
2057 826 2265 880 fratres

617 922 680 978 in
720 937 928 977 unum.
964 941 993 970 ι»
1027 920 1163 976 Vere
1193 918 1434 983 bonum,
1472 931 1600 971 vere
1660 915 2018 986 jucundum.
2072 914 2266 969 Unum

621 1013 861 1067 fratrem
919 1006 1276 1073 dimisimus,
1322 1009 1379 1060 et
1429 1020 1560 1060 ecce
1619 1008 1870 1076 quantos
1914 1003 2265 1059 invenimus.

623 1100 822 1157 Frater
851 1114 1018 1153 meus
1045 1100 1060 1133 ¹
1084 1094 1381 1152 saecularis
1411 1093 1592 1167 (quod
1622 1094 1694 1149 de
1732 1109 1862 1149 meo
1908 1092 2139 1164 loquor,
2199 1093 2270 1147 de

623 1187 871 1262 singulis
900 1186 1127 1259 loquor)
1151 1202 1263 1241 non
1293 1189 1524 1240 tantum
1549 1199 1643 1238 me
1665 1187 1845 1248 amat,
1890 1199 2068 1253 quam
2128 1182 2267 1237 sub-

622 1277 902 1336 stantiam
934 1292 1146 1345 meam,
1171 1275 1456 1330 Caeterum
1506 1272 1713 1328 fratres
1774 1272 2110 1344 spirituales
2170 1270 2272 1342 qui

622 1385 733 1424 sua
759 1367 961 1439 utique
991 1364 1319 1437 negligunt,
1354 1362 1468 1419 alia
1498 1379 1614 1418 non
1647 1366 1935 1434 quierunt.
1998 1360 2158 1416 Sicut
2217 1363 2273 1415 et

620 1457 875 1530 legimus
896 1456 957 1511 in
989 1454 1228 1511 Actibus
1259 1452 1658 1524 apostolorum
1694 1469 1707 1506 :
1752 1452 2023 1519 Quoniam
2076 1450 2272 1505 multi-

624 1546 836 1603 tudinis
862 1542 1199 1601 credentium
1226 1548 1345 1597 erat
1396 1556 1492 1597 cor
1544 1556 1745 1611 unum,
1797 1542 1848 1594 et
1907 1540 2098 1594 anima
2160 1554 2275 1593 una

626 1636 760 1708 (Act.
795 1652 870 1702 ιν,
902 1634 1013 1704 32).
1044 1633 1116 1688 Et
1142 1634 1328 1701 erant,
1358 1628 1571 1700 inquit,
1604 1628 1720 1683 illis
1749 1629 1949 1683 omnia
2005 1644 2273 1683 commu-

625 1726 741 1781 nia.
770 1728 943 1780 Recte
971 1726 1139 1778 erant
1167 1719 1252 1776 eis
1280 1719 1479 1775 omnia
1516 1718 1873 1785 communia,
1928 1718 2029 1789 qui
2089 1733 2273 1771 unum

626 1813 922 1869 Christum
956 1810 1351 1882 possidebant.
1385 1806 1565 1862 Multa
1587 1807 1862 1873 diximus,
1895 1808 1996 1861 sed
2029 1806 2097 1861 ad
2144 1805 2273 1860 reli-

630 1918 749 1974 qua
767 1901 1137 1957 festinemus.
1724 1882 1739 1917 ¹

634 2036 639 2039 .
707 2013 729 2041 ι
759 1990 925 2046 Sicut
952 1990 1321 2061 unguentum
1353 1986 1412 2041 in
1444 1986 1631 2058 capite
1658 2001 1672 2040 :
1698 1986 1851 2056 quod
1877 1985 2175 2041 descendit
2214 1985 2275 2041 in

626 2080 894 2150 barbam,
926 2078 1171 2135 barbam
1193 2081 1408 2132 Aaron.
1440 2097 1468 2127 ν
1503 2075 1546 2129 Ο
1579 2076 1628 2131 si
1660 2080 1814 2131 esset
1836 2079 2087 2147 tempus,
2116 2080 2184 2130 ut
2204 2076 2274 2130 de

629 2169 881 2243 singulis
912 2168 1372 2240 disputaremus,
1428 2165 1553 2220 dies
1610 2164 1781 2219 nobis
1840 2165 2111 2220 sufficere
2161 2182 2276 2221 non

627 2262 875 2333 poterat.
901 2257 1178 2330 Legimus
1215 2256 1273 2311 in
1332 2255 1545 2322 Exodo,
1605 2255 1896 2325 quomodo
1936 2254 2279 2310 conﬁciatur

629 2352 999 2421 unguentum
1080 2344 1436 2401 sacerdotale
1490 2344 1682 2415 (Exod.
1736 2360 1867 2409 xxx,
1953 2346 2023 2397 22
2087 2346 2273 2416 seqq).

630 2438 852 2494 Deinde
879 2436 1131 2508 legimus
1149 2434 1441 2506 quomodo
1463 2431 1622 2487 aliud
1643 2436 2010 2504 unguentum
2034 2450 2149 2505 quo
2169 2450 2278 2488 un-

635 2528 926 2600 gebantur
955 2540 1119 2597 reges
1149 2522 1288 2595 (Ibid
1318 2523 1387 2576 35
1413 2522 1581 2593 seqq.)
1613 2525 1755 2589 erat,
1808 2521 1964 2577 aliud
2014 2537 2278 2594 unguen-

634 2626 764 2673 tum
785 2632 902 2689 quo
932 2614 1305 2687 angebantur
1325 2610 1640 2684 propheta}.
1675 2615 1742 2664 Et
1781 2612 1921 2682 quid
1979 2611 2150 2683 plura
2196 2612 2280 2667 lo-

632 2706 826 2781 quar?
855 2704 1066 2761 Omnia
1112 2705 1415 2774 unguenta
1473 2699 1770 2755 habebant
1801 2701 2168 2757 diversitates
2226 2708 2283 2759 et

636 2795 917 2873 mysteria
944 2810 1073 2851 sua.
1098 2791 1377 2848 Miramur
1398 2790 1467 2845 de
1494 2790 1712 2849 sanctis
1743 2790 1771 2845 ‘I
1802 2791 2093 2863 Leprosus
2123 2796 2281 2863 post-

638 2904 819 2963 quam
857 2887 1143 2957 purgatus
1189 2881 1382 2947 fuerit,
1448 2896 1735 2951 posquam
1785 2880 2038 2953 hyssopo
2109 2883 2283 2938 fuerit

638 2992 917 3051 aspersus
938 2979 996 3029 et
1025 2970 1311 3044 sanguine
1333 2968 1584 3042 gallinae,
1619 2972 1676 3023 et
1696 2969 1989 3025 dimititur
2018 2988 2137 3026 una
2168 2972 2283 3044 gal-

2378 649 2441 700 ut
2470 649 2704 701 czeteros
2755 663 3024 717 ungeres.
3075 645 3297 702 Unctus
3332 663 3395 703 es
3448 646 3573 703 oleo
3614 646 4021 705 exsultationis

2376 752 2489 806 prae
2540 736 2921 806 participibus
2964 736 3071 803 tui,
3104 736 3215 792 hoc
3272 742 3377 805 est,
3413 735 3721 810 plusquam
3774 736 4020 809 apostoli

2376 824 2480 878 tui.
2515 825 2602 878 Tu
2634 826 2788 879 enim
2824 825 3103 896 unguenti
3136 824 3392 881 habuisti
3424 826 3678 882 fontem:
3714 826 3798 881 illi
3831 825 4019 883 stillas

2377 912 2728 969 habuerunt.
2771 936 2797 961 ‹‹
2830 915 2991 969 Sicut
3021 919 3385 985 unguentum
3417 915 3478 970 in
3503 916 3709 988 capite.
3740 938 3759 965 ι
3789 920 4019 972 Ρνεεῐει

2377 1006 2435 1056 et
2488 1002 2658 1057 nobis
2714 1002 3001 1058 Dominus
3058 1003 3167 1057 hoc
3230 1008 3597 1075 unguentum
3659 1003 4012 1059 divinitatis:

2381 1112 2408 1140 «
2442 1092 2597 1161 quod
2626 1091 2784 1147 venit
2812 1093 2871 1146 in
2905 1093 3168 1161 barbam,
3204 1115 3232 1142 »
3264 1092 3371 1147 hoc
3421 1097 3527 1161 est,
3577 1092 3636 1148 in
3668 1093 3856 1149 virum
3888 1110 4014 1165 per-

2382 1182 2594 1235 fectum
2626 1183 2840 1248 Aaron,
2873 1182 2930 1236 in
2962 1184 3151 1237 Aaron
3204 1183 3582 1237 sacerdotem.
3616 1184 3795 1237 Aaron
3823 1188 4014 1239 autem

2381 1270 2800 1342 interpretatur
2843 1275 3159 1326 montanus.
3209 1270 3436 1326 Videtis
3483 1271 3757 1343 quoniam
3790 1271 3896 1328 iste
3923 1289 4015 1328 sa-

2382 1360 2585 1415 cerdos
2618 1377 2733 1415 non
2764 1364 2853 1416 est
2881 1361 2953 1416 de
2983 1358 3274 1428 vallibus;
3327 1360 3428 1416 sed
3482 1362 3553 1416 de
3582 1361 3879 1417 montibus
3905 1364 4012 1418 est.

2383 1447 2587 1520 Barba,
2623 1448 2834 1521 inquit,
2867 1454 3081 1506 Aaron.
3116 1450 3278 1515 Quod
3325 1455 3690 1521 unguentum
3723 1451 3781 1506 in
3814 1451 4014 1523 capite,

2381 1538 2537 1592 venit
2556 1538 2615 1593 in
2646 1539 2911 1609 barbam,
2944 1556 2978 1595 a
3005 1539 3192 1594 Verbo
3243 1544 3355 1595 Deo
3397 1540 3554 1595 venit
3599 1540 3671 1595 ad
3702 1539 4018 1606 hominem,

2384 1644 2555 1699 quem
2589 1633 2679 1683 est
2709 1628 2979 1699 dignatus
3010 1644 3329 1684 assumere.
3381 1629 3447 1683 Et
3494 1628 3634 1699 quid
3683 1629 3848 1685 nobis
3886 1646 4018 1702 pro-

2384 1717 2515 1771 dest
2544 1717 2725 1772 barba
2753 1718 2863 1773 ista
2893 1722 3087 1785 uncta,
3120 1722 3176 1772 et
3205 1717 3291 1772 vir
3320 1718 3432 1773 iste
3464 1718 3798 1788 perfectus?
3822 1719 4019 1774 Videa-

2386 1823 2518 1861 mus
2578 1824 2726 1879 quos
2779 1808 3071 1879 profectus
3129 1806 3359 1863 habeat.
3415 1808 3574 1871 Quod
3635 1808 3926 1863 descendit
3955 1808 4019 1863 in

2384 1912 2543 1951 oram
2576 1897 2906 1951 vestimenti
2940 1898 3088 1967 ejus.
3122 1896 3238 1951 Nos
3277 1897 3327 1951 si
3370 1896 3780 1953 vestimentum
3809 1897 4019 1952 Christi

2386 2003 2613 2054 sumus,
2647 1986 2977 2041 nuditatem
3004 1988 3131 2056 ejus
3163 1991 3362 2041 nostra
3398 1986 3679 2041 vestimus
3723 1986 3851 2041 fide.
3880 1986 4021 2041 Ecce

2387 2076 2583 2131 nudus
2623 2076 2896 2147 pependit
2927 2076 2984 2129 in
3018 2090 3188 2130 cruce
3218 2092 3229 2130 ε
3266 2074 3608 2130 scandalum
3629 2076 3866 2143 Judaeis,
3888 2092 4024 2148 gen-

2386 2165 2544 2219 tibus
2574 2164 2823 2219 stuititia
2853 2164 2902 2234 (l
2935 2165 3054 2219 Cor.
3091 2182 3129 2231 ι,
3165 2166 3277 2234 23),
3328 2169 3383 2219 et
3432 2169 3626 2220 tamen
3682 2171 3878 2220 nostra
3908 2164 4022 2221 ﬁde

2388 2258 2446 2308 et
2476 2269 2742 2309 sermone
2774 2259 2829 2309 et
2875 2254 3237 2309 confessione
3294 2254 3553 2309 vestitur.
3605 2254 3721 2311 Noe
3760 2256 3819 2310 in
3851 2255 4022 2311 domo

2388 2361 2496 2398 sua
2528 2344 2721 2398 nudus
2747 2343 2952 2414 jacuit,
2985 2349 3041 2398 et
3072 2344 3343 2415 apparuit
3372 2343 3693 2415 ignominia
3716 2346 3841 2415 ejus
3872 2361 4027 2401 :ma-

2381 2434 2478 2504 jor
2498 2432 2654 2487 filius
2686 2433 2885 2497 irrisit,
2914 2438 2968 2487 et
3001 2434 3191 2488 minor
3242 2432 3382 2488 texit
3428 2433 3580 2504 (Gen.
3628 2450 3705 2502 1x,
3735 2434 3797 2488 31
3832 2434 4020 2508 seqq.).

2388 2524 2457 2577 Et
2485 2523 2593 2577 hoc
2625 2527 2811 2578 totum
2845 2539 3024 2594 quare
3055 2523 3182 2578 dico
3203 2522 3232 2576 ?
3262 2527 3333 2577 Ut
3379 2523 3678 2578 ostendam
3718 2530 4025 2580 vestimen-

2389 2615 2514 2667 tdm
2563 2629 2669 2667 nos
2721 2628 2849 2666 esse
2907 2611 3140 2666 Christi.
3203 2612 3344 2667 Rem
3402 2612 3530 2667 dico
3585 2612 3748 2669 vobis
3779 2630 4019 2669 novam:

2390 2702 2508 2757 imo
2536 2718 2649 2756 non
2683 2717 2913 2767 novam,
2950 2702 3048 2755 sed
3090 2702 3162 2756 de
3201 2701 3534 2772 Scripturis.
3567 2701 3683 2758 Nos
3712 2702 4022 2758 vestimen-

2390 2795 2516 2845 tum
2544 2790 2759 2845 Cbristi
2801 2807 3029 2856 sumus,
3081 2794 3137 2845 et
3183 2807 3317 2845 cum
3368 2789 3532 2845 illum
3582 2796 3778 2847 nostra
3802 2792 4023 2848 confes-

2392 2880 2554 2936 sione
2584 2879 2971 2949 vestierimus,
3004 2895 3241 2934 rursum
3273 2879 3465 2951 ipsum
3511 2879 3803 2936 Christum
3830 2880 4025 2936 indui-

2393 2987 2547 3025 mus.
2600 2969 2750 3024 Dicit
2791 2968 2948 3023 enim
2998 2973 3055 3023 ct
3113 2972 3449 3039 Apostolus,
3516 2970 3669 3040 quod
3718 2968 4023 3027 vestimen-

635 3066 832 3122 linain
858 3076 1144 3127 eremum,
1158 3063 1213 3114 et
1235 3059 1361 3130 ipse
1382 3057 1557 3112 habet
1573 3062 1938 3129 unguentum
1956 3061 2280 3132 proprium.

635 3155 765 3211 Non
813 3150 1212 3210 sanctificatur
1267 3145 1511 3217 aliquid,
1546 3145 1658 3199 nisi
1706 3163 1809 3216 per
1888 3156 2275 3223 unguentum,
2393 3149 2635 3215 Quando
2688 3148 2845 3203 enim
2903 3147 3291 3219 baptizamur,
3339 3147 3569 3203 Christo
3625 3146 3925 3203 induimur
3970 3152 4029 3203 et

637 3243 948 3316 Propterea
977 3238 1183 3295 dicunt
1206 3239 1263 3292 et
1292 3234 1737 3291 adolescentulae
1760 3235 1817 3290 in
1876 3236 2111 3295 Cantico
2147 3258 2281 3297 can-
2323 3307 2356 3316 _
2396 3239 2695 3294 vestimur.
2730 3236 2919 3292 Vultis
2959 3238 3106 3293 scire
3154 3238 3449 3309 quomodo
3490 3236 3807 3293 vestiamus
3835 3237 4025 3293 Domi-

635 3307 889 3389 ticorum
924 3346 936 3384 :
969 3328 1313 3399 Unguentum
1340 3325 1689 3379 exinanitum
1720 3341 1919 3380 nomen
1949 3336 2125 3385 tuum.
2160 3332 2281 3387 Post
2315 3307 2357 3374 C
2398 3329 2586 3384 num?
2639 3328 2915 3399 Legimus
2963 3328 3022 3382 in
3077 3307 3368 3384 Jeremia:
3416 3328 3627 3398 Accipe,
3688 3326 3897 3399 inquit,
3927 3328 4030 3382 tibi

638 3431 691 3481 te
716 3424 779 3492 in
806 3420 1027 3478 odorem
1055 3423 1466 3486 unguentorum
1514 3429 1800 3469 curremus
1831 3415 2011 3486 (Cant.
2050 3437 2086 3485 ι,
2116 3424 2170 3489 2,
2203 3423 2277 3494 3).
2393 3418 2661 3485 lumbare,
2693 3423 2745 3471 et
2776 3417 2929 3484 vade,
2959 3417 3171 3488 inquit,
3212 3417 3281 3473 ad
3327 3418 3677 3490 Euphratem,
3710 3421 3761 3472 et
3788 3432 3929 3488 pone
3956 3417 4028 3472 il-

640 3535 665 3565 ιι
696 3511 857 3568 Sicut
905 3509 1271 3580 unguentum
1327 3503 1387 3557 in
1433 3502 1621 3574 capite
1665 3505 1819 3574 quod
1870 3507 2170 3565 descendit
2222 3512 2280 3567 in
2392 3508 2571 3564 ludin
2600 3508 2885 3578 foramine
2911 3515 3098 3578 petrae.
3134 3508 3197 3562 Et
3223 3508 3350 3579 feci,
3397 3506 3605 3578 inquit,
3654 3506 3792 3579 quod
3817 3521 4021 3578 praece-

632 3601 905 3667 barbam,
931 3597 1175 3654 barbam
1196 3600 1448 3650 Aaron.»
1472 3593 1721 3651 Pulchre
1750 3597 1951 3669 dixit,«
1983 3600 2041 3655 in
2070 3602 2277 3673 capite,
2386 3606 2544 3670 perat
2572 3597 2717 3652 mihi
2750 3598 3024 3655 Dominus.
3060 3597 3124 3651 Et
3180 3580 3303 3667 post
3350 3596 3464 3651 dies
3518 3596 3728 3666 aliquos
3773 3610 4020 3652 reversus

638 3690 796 3763 quod
812 3686 1115 3744 descendit
1135 3686 1193 3741 in
1212 3687 1479 3754 barbam,
1505 3688 1750 3743 barbam
1780 3692 1995 3745 Aaron.
2034 3711 2056 3741 ι)
2094 3691 2283 3747 Barba
2390 3705 2513 3743 sum
2537 3687 2607 3741 ad
2636 3687 2996 3757 Euphrarem,
3024 3690 3074 3741 et
3120 3701 3254 3753 ecce,
3306 3686 3515 3757 inquit,
3568 3690 3853 3756 putruerat
3883 3685 4022 3740 lum-

635 3775 932 3835 virilitatis
961 3774 1243 3830 indicium
1269 3780 1379 3831 est.
1407 3775 1713 3833 Mulierem
1763 3777 1921 3831 enim
1978 3782 2037 3833 et
2090 3779 2280 3836 virum
2394 3780 2540 3845 bare,
2602 3776 2741 3847 quod
2796 3776 2943 3831 nulli
2987 3778 3114 3831 usui
3169 3780 3305 3831 esset
3350 3777 3508 3831 utile.
3555 3776 3619 3830 Et
3677 3774 3885 3831 locutus
3918 3785 4021 3845 est,

638 3867 751 3924 hoc
781 3866 948 3938 signo
979 3868 1188 3920 natura
1216 3864 1563 3936 distinguit:
1586 3865 1767 3920 barba
1790 3865 1968 3936 igitur
1992 3867 2283 3927 virilitatis
2392 3866 2608 3938 inquit,
2639 3866 2904 3920 Dominus
2929 3864 2998 3919 ad
3027 3881 3150 3920 me:
3195 3865 3500 3936 diligenter
3550 3864 3981 3921 animadvertite
4006 3882 4022 3920 :

637 3955 923 4013 indicium
954 3958 1059 4010 est.
1090 3957 1272 4026 Caput
1300 3969 1436 4026 ergo
1459 3954 1736 4011 divinitas
1787 3954 2021 4022 dicitur,
2050 3958 2155 4014 hoc
2198 3966 2287 4016 est
2395 3956 2569 4025 Sicut,
2604 3954 2817 4026 inquit,
2852 3962 2910 4009 tu
2941 3954 3196 4009 lumbare
3225 3953 3471 4009 habuisti
3496 3955 3639 4009 circa
3666 3954 3869 4009 lumbos
3889 3962 4025 4019 tuos,

637 4045 845 4103 deitas.
870 4044 1058 4100 Barba
1084 4058 1218 4098 vero
1239 4043 1429 4099 virum
1458 4042 1698 4099 indicat.
1733 4043 1823 4112 Ut,
1876 4045 2090 4118 inquit,
2151 4065 2285 4120 per-
2396 4047 2475 4101 ita
2504 4048 2553 4099 et
2582 4059 2675 4114 ego
2699 4043 2867 4098 habui
2900 4044 3172 4129 populum
3217 4045 3385 4099 istum
3429 4044 3576 4097 circa
3625 4058 3727 4111 me,
3757 4041 3890 4097 dicit
3921 4042 4030 4098 Do-

634 4134 944 4191 veniamus
982 4132 1044 4187 in
1100 4132 1293 4188 virum
1345 4133 1690 4206 perfectum,
1733 4134 1833 4205 qui
1883 4139 1972 4191 est
2018 4136 2285 4196 Christus
2394 4137 2579 4190 minus
2630 4136 2846 4206 (Jerem.
2914 4150 3039 4200 xm,
3113 4135 3138 4187 1
3207 4133 3379 4205 seqq.)
3446 4132 3560 4188 Hoc
3624 4135 3808 4188 totum
3853 4148 4031 4204 quare

620 4223 841 4281 -Coloss.
896 4223 1008 4294 28).
1065 4220 1210 4278 Vide
1248 4237 1384 4293 ergo
1430 4224 1573 4295 quid
1624 4223 1823 4279 dicat:
1884 4247 1911 4274 ‹‹
1960 4225 2121 4281 Sicut
2177 4245 2283 4284 un-
2398 4223 2565 4278 dixi?
2594 4222 2666 4277 Ut
2697 4223 3062 4278 ostenderem
3118 4224 3421 4279 credentes
3468 4221 3873 4279 vestimentum
3905 4237 4033 4278 esse

636 4315 949 4387 guentum,
978 4332 1000 4359 ι
1036 4307 1190 4365 sicut
1248 4309 1577 4365 benedictio
1638 4311 1919 4381 unguenti
1971 4313 2042 4367 de
2100 4314 2287 4386 capite
2398 4312 2635 4367 Christi.
2667 4313 2830 4376 Quod
2862 4311 3163 4367 descendit
3211 4312 3270 4368 in
3305 4329 3466 4368 oram
3505 4311 3830 4368 vestimenti
3860 4313 4029 4383 ejus:

636 4400 749 4458 hoc
773 4405 865 4457 est
886 4401 957 4456 de
986 4398 1310 4455 divinitatis
1353 4414 1623 4454 sermone
1672 4389 1983 4455 descendit
2038 4402 2096 4456 in
2155 4403 2287 4458 bar-
2399 4426 2427 4453 «
2480 4402 2642 4467 Quod
2694 4402 2997 4456 descendit
3046 4401 3106 4455 in
3159 4402 3427 4469 barbam,
3472 4401 3715 4457 barbam
3764 4406 3971 4458 Aaron.
4002 4421 4033 4449 ιο

639 4492 799 4562 bam,
832 4488 1134 4546 descendit
1163 4489 1224 4542 in
1253 4487 1443 4543 virum
1478 4488 1821 4559 perfectum,
1857 4489 1953 4559 qui
1985 4494 2073 4546 est
2123 4491 2285 4547 Cbri-
2396 4492 2523 4547 Non
2554 4498 2642 4547 est
2672 4492 2851 4563 hujus
2899 4490 3177 4562 temporis
3227 4491 3296 4547 de
3346 4490 3798 4547 sacerdotalibus
3843 4491 4034 4546 dicere

639 4584 790 4646 stus,
824 4583 1027 4651 postea
1056 4577 1361 4635 descendit
1388 4576 1587 4648 ipsum
1617 4582 1986 4650 unguentum
2018 4579 2077 4633 in
2120 4597 2285 4637 oram
2397 4581 2781 4637 vestimentis.
2810 4580 3111 4651 Siquidem
3160 4580 3415 4652 pontifex
3457 4585 3581 4636 octo
3613 4578 3787 4636 habet
3814 4580 4034 4652 species

639 4667 974 4723 vestimenti
1005 4668 1153 4738 ejus.
1185 4667 1278 4721 Sic
1307 4667 1656 4735 benedictio,
1689 4672 1745 4721 et
1775 4684 1869 4722 ros
1901 4668 2116 4725 montis
2147 4673 2292 4725 Her-
2320 4677 2368 4743 Ι)
2401 4672 2904 4727 vestimentorum.
2931 4671 3193 4743 Longum
3224 4675 3489 4726 estnunc
3527 4669 3716 4726 dicere
3736 4671 3805 4726 de
3824 4669 4030 4743 ephod,

2392 3064 2518 3115 tum
2609 3062 2876 3114 nostrum
2969 3057 3233 3113 Christus
3321 3058 3398 3113 sit
3482 3058 3680 3129 (Galat.
3770 3076 3851 3130 In,
3913 3061 4024 3130 27).

642 4772 779 4812 mon
801 4756 1104 4811 descendit
1122 4755 1182 4810 in
1214 4760 1471 4811 montem
1499 4756 1659 4811 Sion.
1725 4756 2097 4828 Unguentum
2154 4776 2288 4815 vero

639 4845 738 4901 hic
767 4861 873 4918 pro
903 4843 1307 4900 benedictione
1354 4844 1611 4915 ponitur.
1664 4847 1934 4902 Dilexisti
1982 4849 2283 4919 justitiam.

637 4934 851 5007 inquit,
896 4942 948 4990 et
1003 4933 1170 4990 odisti
1222 4934 1619 5005 iniquitatem:
1673 4939 1957 5006 propterea
2015 4940 2179 4992 unxit
2236 4944 2289 4993 te

636 5026 800 5097 Deus,
832 5026 973 5081 Deus
994 5030 1121 5081 tuus
1148 5024 1266 5080 oleo
1303 5026 1684 5081 exsultationis
1738 5041 1862 5096 prae
1909 5028 2289 5099 participibus

636 5115 941 5187 tuis(Psal.
982 5130 1127 5181 κων,
1172 5115 1247 5185 8).
1299 5112 1500 5169 Videte
1552 5115 1692 5185 quid
1746 5115 1937 5172 dicat:
2000 5116 2285 5185 Dilexisti,

636 5203 850 5276 inquit,
874 5202 1194 5275 justitiam,
1225 5209 1281 5258 et
1310 5203 1485 5259 odisti
1516 5203 2039 5276 iniquitatem.Non
2073 5207 2289 5263 sullicit
2340 5250 2344 5255 .

636 5292 1211 5367 diligerejustitiam,
1260 5294 1356 5348 sed
1392 5294 1717 5348 econtrario
1771 5293 1965 5348 odisse
2010 5295 2287 5366 iniquita-

642 5387 786 5439 tem.
815 5382 1019 5437 Videte
1042 5382 1181 5453 quid
1216 5382 1369 5437 dicat
1395 5398 1406 5435 :
1433 5383 1503 5436 Et
1533 5382 1704 5437 odisti
1730 5382 2120 5453 iniquitatem.
2182 5384 2288 5439 Pro

637 5471 732 5527 his
784 5471 1101 5527 virtutibus
1154 5470 1295 5542 quid
1348 5471 1621 5541 accepit?
1671 5473 1968 5543 Propterea
2023 5475 2189 5527 unxit
2241 5478 2291 5530 te

638 5560 800 5628 Deus,
834 5561 973 5616 Deus
1017 5563 1143 5615 tuus
1199 5560 1314 5615 oleo
1360 5560 1747 5618 exsultationis
1773 5576 1897 5632 prw
1921 5562 2289 5632 participibus

2400 4763 2470 4817 de
2500 4760 2720 4815 tunica.
2754 4760 3019 4831 Longum
3051 4764 3137 4815 est
3166 4760 3356 4815 dicere
3389 4760 3460 4815 de
3492 4759 3777 4827 rationali,
3810 4760 3881 4815 de
3910 4775 4032 4815 ma-

2399 4848 2893 4914 nifestationibus,
2924 4850 2993 4904 de
3023 4847 3329 4915 catenulis,
3384 4849 3454 4905 de
3496 4866 3661 4917 zona,
3688 4849 3759 4905 de
3789 4851 4033 4906 femora-

2399 4941 2574 5009 libus,
2609 4939 2679 4993 de
2712 4936 2980 5004 fimbriis,
3015 4938 3085 4993 de
3117 4939 3276 5005 resti,
3324 4939 3395 4993 de
3450 4939 3877 5011 tintinnabulis,
3909 4940 4036 5013 qui-

2398 5030 2510 5085 bus
2535 5028 2852 5083 virtutibus
2904 5028 3173 5083 sacerdos
3229 5028 3435 5084 debeat
3490 5029 3715 5100 ingredi
3752 5030 4032 5101 templum

2399 5118 2651 5185 Domini,
2686 5122 2742 5172 et
2774 5118 2833 5172 in
2882 5117 3095 5173 Sancta
3144 5122 3501 5173 sanctorum.
3566 5118 3633 5173 Et
3678 5135 3782 5175 nos
3812 5134 3946 5191 ergo
3985 5119 4035 5173 si

2397 5208 2669 5263 volumus
2703 5207 2773 5263 de
2832 5207 3179 5262 vestimento
3238 5224 3367 5262 esse
3422 5206 3783 5279 sacerdotali,
3811 5213 3914 5263 aut
3940 5224 4040 5263 su-

2400 5296 2805 5369 perbumelare
2836 5313 3066 5363 sumus,
3100 5298 3255 5367 quod
3289 5296 3703 5369 interpretatur
3744 5297 3953 5369 ephod,
3976 5301 4041 5352 ut

2399 5386 2722 5442 habeamus
2754 5387 2905 5441 bona
2935 5401 3128 5456 opera,
3163 5390 3221 5440 et
3250 5385 3307 5440 in
3344 5385 3604 5441 humeris
3635 5388 3848 5442 nostris
3876 5386 4038 5443 Chri-

2399 5474 2475 5529 sti
2508 5475 2786 5530 mandata
2815 5478 3137 5545 portemus,
3174 5479 3277 5529 aut
3316 5479 3469 5531 certe
3516 5474 3719 5530 tunica
3763 5476 4041 5531 debemus

2399 5580 2527 5621 esse
2558 5564 2833 5620 interior:
2869 5579 2997 5635 quae
3046 5564 3247 5620 tunica
3294 5564 3498 5621 stricta
3543 5568 3649 5635 est,
3698 5567 3757 5621 et
3786 5564 4042 5626 adhere:

717 5755 904 5815 1Vide
948 5757 1244 5834 praﬁxam
1278 5757 1415 5817 huic
1463 5756 1614 5815 libro
1671 5757 2132 5819 admonitionem
2173 5765 2457 5823 nostram.
