  <div class='ocr_page' id='page_1' title='image "/cluster/home/n/w/nwhite01/storage/ocr_20150623/26/umn.31951002477320a/646.png"; bbox 0 0 4244 6616; ppageno 0'>
   <div class='ocr_carea' id='block_1_1' title="bbox 241 448 387 511">
    <p class='ocr_par' dir='ltr' id='par_1_1' title="bbox 241 448 387 511">
     <span class='ocr_line' id='line_1_1' title="bbox 241 448 387 511; baseline 0.021 -3"><span class='ocrx_word' id='word_1_1' title='bbox 241 448 387 511; x_wconf 79' lang='grc'><strong>1293</strong></span> 
     </span>
    </p>
   </div>
   <div class='ocr_carea' id='block_1_2' title="bbox 1392 444 2446 508">
    <p class='ocr_par' dir='ltr' id='par_1_2' title="bbox 1392 444 2446 508">
     <span class='ocr_line' id='line_1_2' title="bbox 1392 444 2446 508; baseline -0.006 0"><span class='ocrx_word' id='word_1_2' title='bbox 1392 444 1893 508; x_wconf 81' lang='lat' dir='ltr'>BREVIARIUM</span> <span class='ocrx_word' id='word_1_3' title='bbox 1939 445 2017 504; x_wconf 83' lang='grc' dir='ltr'>ΙΝ</span> <span class='ocrx_word' id='word_1_4' title='bbox 2066 446 2446 506; x_wconf 73' lang='lat' dir='ltr'>PSAIMOS.</span> 
     </span>
    </p>
   </div>
   <div class='ocr_carea' id='block_1_3' title="bbox 3469 450 3625 511">
    <p class='ocr_par' dir='ltr' id='par_1_3' title="bbox 3469 450 3625 511">
     <span class='ocr_line' id='line_1_3' title="bbox 3469 450 3625 511; baseline 0.013 -2"><span class='ocrx_word' id='word_1_5' title='bbox 3469 451 3493 509; x_wconf 74' lang='grc' dir='ltr'><strong>Ι</strong></span> <span class='ocrx_word' id='word_1_6' title='bbox 3509 450 3625 511; x_wconf 73' lang='grc'>294</span> 
     </span>
    </p>
   </div>
   <div class='ocr_carea' id='block_1_4' title="bbox 239 575 3627 652">
    <p class='ocr_par' dir='ltr' id='par_1_4' title="bbox 239 575 3627 652">
     <span class='ocr_line' id='line_1_4' title="bbox 239 575 3627 652; baseline 0.001 -17"><span class='ocrx_word' id='word_1_7' title='bbox 239 578 495 652; x_wconf 89' lang='lat' dir='ltr'>corpori:</span> <span class='ocrx_word' id='word_1_8' title='bbox 530 595 647 634; x_wconf 93' lang='lat' dir='ltr'>non</span> <span class='ocrx_word' id='word_1_9' title='bbox 677 582 767 633; x_wconf 89' lang='lat' dir='ltr'>est</span> <span class='ocrx_word' id='word_1_10' title='bbox 815 576 982 632; x_wconf 86' lang='lat' dir='ltr'>laxa:</span> <span class='ocrx_word' id='word_1_11' title='bbox 1038 593 1151 633; x_wconf 92' lang='lat' dir='ltr'>non</span> <span class='ocrx_word' id='word_1_12' title='bbox 1203 578 1490 646; x_wconf 81' lang='lat' dir='ltr'>funditur,</span> <span class='ocrx_word' id='word_1_13' title='bbox 1549 578 1645 632; x_wconf 83' lang='lat' dir='ltr'>sed</span> <span class='ocrx_word' id='word_1_14' title='bbox 1699 576 1955 647; x_wconf 73' lang='lat' dir='ltr'>hmretA</span> <span class='ocrx_word' id='word_1_15' title='bbox 1987 576 2153 647; x_wconf 89' lang='lat' dir='ltr'>quasi</span> <span class='ocrx_word' id='word_1_16' title='bbox 2195 592 2297 648; x_wconf 85' lang='lat' dir='ltr'>per</span> <span class='ocrx_word' id='word_1_17' title='bbox 2351 575 2713 633; x_wconf 76' lang='lat' dir='ltr'>occasionem</span> <span class='ocrx_word' id='word_1_18' title='bbox 2762 575 2957 644; x_wconf 80' lang='lat' dir='ltr'>istius,</span> <span class='ocrx_word' id='word_1_19' title='bbox 2998 592 3172 634; x_wconf 89' lang='lat' dir='ltr'>suum</span> <span class='ocrx_word' id='word_1_20' title='bbox 3221 577 3435 651; x_wconf 79' lang='lat' dir='ltr'>dogma</span> <span class='ocrx_word' id='word_1_21' title='bbox 3490 596 3627 638; x_wconf 90' lang='lat' dir='ltr'>con-</span> 
     </span>
    </p>
   </div>
   <div class='ocr_carea' id='block_1_5' title="bbox 237 663 3630 741">
    <p class='ocr_par' dir='ltr' id='par_1_5' title="bbox 237 663 3630 741">
     <span class='ocr_line' id='line_1_5' title="bbox 237 663 3630 741; baseline 0 -18"><span class='ocrx_word' id='word_1_22' title='bbox 237 672 351 724; x_wconf 86' lang='lat' dir='ltr'>tota</span> <span class='ocrx_word' id='word_1_23' title='bbox 380 669 448 724; x_wconf 90' lang='lat' dir='ltr'>ad</span> <span class='ocrx_word' id='word_1_24' title='bbox 499 685 732 740; x_wconf 91' lang='lat' dir='ltr'>corpus.</span> <span class='ocrx_word' id='word_1_25' title='bbox 784 666 963 721; x_wconf 88' lang='lat' dir='ltr'>Vides</span> <span class='ocrx_word' id='word_1_26' title='bbox 1015 682 1150 739; x_wconf 90' lang='lat' dir='ltr'>ergo</span> <span class='ocrx_word' id='word_1_27' title='bbox 1211 668 1490 738; x_wconf 87' lang='lat' dir='ltr'>quoniam</span> <span class='ocrx_word' id='word_1_28' title='bbox 1537 667 1876 738; x_wconf 84' lang='lat' dir='ltr'>quicunque</span> <span class='ocrx_word' id='word_1_29' title='bbox 1985 663 2242 720; x_wconf 90' lang='lat' dir='ltr'>ﬁrmant.</span> <span class='ocrx_word' id='word_1_30' title='bbox 2280 666 2528 721; x_wconf 86' lang='lat' dir='ltr'>llermon</span> <span class='ocrx_word' id='word_1_31' title='bbox 2574 666 2632 721; x_wconf 90' lang='lat' dir='ltr'>in</span> <span class='ocrx_word' id='word_1_32' title='bbox 2680 664 2883 739; x_wconf 82' lang='lat' dir='ltr'>lingua</span> <span class='ocrx_word' id='word_1_33' title='bbox 2934 669 3134 724; x_wconf 88' lang='lat' dir='ltr'>nostra</span> <span class='ocrx_word' id='word_1_34' title='bbox 3191 667 3630 741; x_wconf 74' lang='lat' dir='ltr'>interpretatur,</span> 
     </span>
    </p>
   </div>
   <div class='ocr_carea' id='block_1_6' title="bbox 238 754 1877 833">
    <p class='ocr_par' dir='ltr' id='par_1_6' title="bbox 238 754 1877 833">
     <span class='ocr_line' id='line_1_6' title="bbox 238 754 1877 833; baseline -0.004 -18"><span class='ocrx_word' id='word_1_35' title='bbox 238 757 474 815; x_wconf 88' lang='lat' dir='ltr'>interior</span> <span class='ocrx_word' id='word_1_36' title='bbox 501 761 608 828; x_wconf 88' lang='lat' dir='ltr'>est,</span> <span class='ocrx_word' id='word_1_37' title='bbox 658 761 715 811; x_wconf 91' lang='lat' dir='ltr'>et</span> <span class='ocrx_word' id='word_1_38' title='bbox 773 754 1016 811; x_wconf 90' lang='lat' dir='ltr'>interior</span> <span class='ocrx_word' id='word_1_39' title='bbox 1070 756 1292 819; x_wconf 84' lang='lat' dir='ltr'>tunica,</span> <span class='ocrx_word' id='word_1_40' title='bbox 1349 755 1576 833; x_wconf 79' lang='lat' dir='ltr'>vicinus</span> <span class='ocrx_word' id='word_1_41' title='bbox 1604 754 1877 826; x_wconf 76' lang='lat' dir='ltr'>jungitur</span> 
     </span>
    </p>
   </div>
   <div class='ocr_carea' id='block_1_7' title="bbox 239 843 1881 918">
    <p class='ocr_par' dir='ltr' id='par_1_7' title="bbox 239 843 1881 918">
     <span class='ocr_line' id='line_1_7' title="bbox 239 843 1881 918; baseline -0.002 -17"><span class='ocrx_word' id='word_1_42' title='bbox 239 847 479 918; x_wconf 87' lang='lat' dir='ltr'>corpori.</span> <span class='ocrx_word' id='word_1_43' title='bbox 516 847 575 903; x_wconf 90' lang='lat' dir='ltr'>Si</span> <span class='ocrx_word' id='word_1_44' title='bbox 608 844 738 918; x_wconf 87' lang='lat' dir='ltr'>quis</span> <span class='ocrx_word' id='word_1_45' title='bbox 767 861 900 900; x_wconf 92' lang='lat' dir='ltr'>vero</span> <span class='ocrx_word' id='word_1_46' title='bbox 956 844 1237 901; x_wconf 82' lang='lat' dir='ltr'>rationale</span> <span class='ocrx_word' id='word_1_47' title='bbox 1303 849 1411 915; x_wconf 89' lang='lat' dir='ltr'>est,</span> <span class='ocrx_word' id='word_1_48' title='bbox 1461 846 1613 917; x_wconf 91' lang='lat' dir='ltr'>quod</span> <span class='ocrx_word' id='word_1_49' title='bbox 1666 843 1881 900; x_wconf 89' lang='lat' dir='ltr'>dicitur</span> 
     </span>
    </p>
   </div>
   <div class='ocr_carea' id='block_1_8' title="bbox 240 932 1877 1008">
    <p class='ocr_par' dir='ltr' id='par_1_8' title="bbox 240 932 1877 1008">
     <span class='ocr_line' id='line_1_8' title="bbox 240 932 1877 1008; baseline 0 -21"><span class='ocrx_word' id='word_1_50' title='bbox 240 932 483 1008; x_wconf 76' lang='grc' dir='ltr'>λογεῖονε</span> <span class='ocrx_word' id='word_1_51' title='bbox 521 936 631 990; x_wconf 88' lang='lat' dir='ltr'>iste</span> <span class='ocrx_word' id='word_1_52' title='bbox 660 952 774 989; x_wconf 92' lang='lat' dir='ltr'>non</span> <span class='ocrx_word' id='word_1_53' title='bbox 831 938 919 990; x_wconf 88' lang='lat' dir='ltr'>est</span> <span class='ocrx_word' id='word_1_54' title='bbox 961 932 1072 988; x_wconf 83' lang='lat' dir='ltr'>nisi</span> <span class='ocrx_word' id='word_1_55' title='bbox 1124 933 1182 987; x_wconf 91' lang='lat' dir='ltr'>in</span> <span class='ocrx_word' id='word_1_56' title='bbox 1232 938 1462 1004; x_wconf 80' lang='lat' dir='ltr'>pectore</span> <span class='ocrx_word' id='word_1_57' title='bbox 1503 932 1877 989; x_wconf 89' lang='lat' dir='ltr'>constitutus.</span> 
     </span>
    </p>
   </div>
   <div class='ocr_carea' id='block_1_9' title="bbox 237 1021 1879 1095">
    <p class='ocr_par' dir='ltr' id='par_1_9' title="bbox 237 1021 1879 1095">
     <span class='ocr_line' id='line_1_9' title="bbox 237 1021 1879 1095; baseline -0.002 -17"><span class='ocrx_word' id='word_1_58' title='bbox 237 1024 642 1079; x_wconf 81' lang='lat' dir='ltr'>Animadverte</span> <span class='ocrx_word' id='word_1_59' title='bbox 666 1023 977 1095; x_wconf 72' lang='lat' dir='ltr'>Scripturaa</span> <span class='ocrx_word' id='word_1_60' title='bbox 1008 1021 1305 1077; x_wconf 82' lang='lat' dir='ltr'>ordinem:</span> <span class='ocrx_word' id='word_1_61' title='bbox 1331 1023 1676 1092; x_wconf 82' lang='lat' dir='ltr'>Quicunque</span> <span class='ocrx_word' id='word_1_62' title='bbox 1706 1021 1879 1075; x_wconf 90' lang='lat' dir='ltr'>ratio-</span> 
     </span>
    </p>
   </div>
   <div class='ocr_carea' id='block_1_10' title="bbox 238 1108 1881 1186">
    <p class='ocr_par' dir='ltr' id='par_1_10' title="bbox 238 1108 1881 1186">
     <span class='ocr_line' id='line_1_10' title="bbox 238 1108 1881 1186; baseline -0.003 -18"><span class='ocrx_word' id='word_1_63' title='bbox 238 1113 361 1169; x_wconf 89' lang='lat' dir='ltr'>nale</span> <span class='ocrx_word' id='word_1_64' title='bbox 393 1118 500 1182; x_wconf 90' lang='lat' dir='ltr'>est,</span> <span class='ocrx_word' id='word_1_65' title='bbox 534 1109 773 1186; x_wconf 81' lang='grc' dir='ltr'>λογείὀν,</span> <span class='ocrx_word' id='word_1_66' title='bbox 804 1116 859 1167; x_wconf 90' lang='lat' dir='ltr'>et</span> <span class='ocrx_word' id='word_1_67' title='bbox 889 1112 1034 1167; x_wconf 83' lang='lat' dir='ltr'>ratio</span> <span class='ocrx_word' id='word_1_68' title='bbox 1067 1114 1172 1180; x_wconf 90' lang='lat' dir='ltr'>est,</span> <span class='ocrx_word' id='word_1_69' title='bbox 1207 1115 1263 1166; x_wconf 92' lang='lat' dir='ltr'>et</span> <span class='ocrx_word' id='word_1_70' title='bbox 1291 1111 1349 1166; x_wconf 92' lang='lat' dir='ltr'>in</span> <span class='ocrx_word' id='word_1_71' title='bbox 1405 1116 1633 1182; x_wconf 86' lang='lat' dir='ltr'>pectore</span> <span class='ocrx_word' id='word_1_72' title='bbox 1665 1108 1881 1165; x_wconf 89' lang='lat' dir='ltr'>consti-</span> 
     </span>
    </p>
   </div>
   <div class='ocr_carea' id='block_1_11' title="bbox 239 1198 1885 1272">
    <p class='ocr_par' dir='ltr' id='par_1_11' title="bbox 239 1198 1885 1272">
     <span class='ocr_line' id='line_1_11' title="bbox 239 1198 1885 1272; baseline -0.003 -15"><span class='ocrx_word' id='word_1_73' title='bbox 239 1206 397 1257; x_wconf 89' lang='lat' dir='ltr'>tutus</span> <span class='ocrx_word' id='word_1_74' title='bbox 428 1207 536 1257; x_wconf 87' lang='lat' dir='ltr'>est.</span> <span class='ocrx_word' id='word_1_75' title='bbox 570 1205 849 1257; x_wconf 66' lang='lat' dir='ltr'>Craterum</span> <span class='ocrx_word' id='word_1_76' title='bbox 880 1200 1004 1255; x_wconf 90' lang='lat' dir='ltr'>ﬁeri</span> <span class='ocrx_word' id='word_1_77' title='bbox 1055 1205 1243 1272; x_wconf 84' lang='lat' dir='ltr'>potest</span> <span class='ocrx_word' id='word_1_78' title='bbox 1294 1204 1357 1254; x_wconf 90' lang='lat' dir='ltr'>ut</span> <span class='ocrx_word' id='word_1_79' title='bbox 1409 1199 1625 1271; x_wconf 86' lang='lat' dir='ltr'>aliquis</span> <span class='ocrx_word' id='word_1_80' title='bbox 1673 1198 1885 1254; x_wconf 84' lang='lat' dir='ltr'>habeat</span> 
     </span>
    </p>
   </div>
   <div class='ocr_carea' id='block_1_12' title="bbox 236 1285 1880 1363">
    <p class='ocr_par' dir='ltr' id='par_1_12' title="bbox 236 1285 1880 1363">
     <span class='ocr_line' id='line_1_12' title="bbox 236 1285 1880 1363; baseline -0.004 -17"><span class='ocrx_word' id='word_1_81' title='bbox 236 1290 628 1363; x_wconf 91' lang='lat' dir='ltr'>prudentiam,</span> <span class='ocrx_word' id='word_1_82' title='bbox 660 1295 725 1345; x_wconf 87' lang='lat' dir='ltr'>ut</span> <span class='ocrx_word' id='word_1_83' title='bbox 753 1288 964 1345; x_wconf 86' lang='lat' dir='ltr'>habeat</span> <span class='ocrx_word' id='word_1_84' title='bbox 994 1285 1183 1361; x_wconf 79' lang='grc' dir='ltr'>λόγον,</span> <span class='ocrx_word' id='word_1_85' title='bbox 1217 1294 1282 1344; x_wconf 88' lang='lat' dir='ltr'>ut</span> <span class='ocrx_word' id='word_1_86' title='bbox 1301 1289 1880 1344; x_wconf 80' lang='lat' dir='ltr'>habeatsermonem.</span> 
     </span>
    </p>
   </div>
   <div class='ocr_carea' id='block_1_13' title="bbox 239 1376 1884 1452">
    <p class='ocr_par' dir='ltr' id='par_1_13' title="bbox 239 1376 1884 1452">
     <span class='ocr_line' id='line_1_13' title="bbox 239 1376 1884 1452; baseline -0.004 -16"><span class='ocrx_word' id='word_1_87' title='bbox 239 1380 576 1452; x_wconf 87' lang='lat' dir='ltr'>Quicunque</span> <span class='ocrx_word' id='word_1_88' title='bbox 605 1395 740 1452; x_wconf 87' lang='lat' dir='ltr'>ergo</span> <span class='ocrx_word' id='word_1_89' title='bbox 771 1395 900 1435; x_wconf 89' lang='lat' dir='ltr'>vere</span> <span class='ocrx_word' id='word_1_90' title='bbox 948 1379 1221 1435; x_wconf 85' lang='lat' dir='ltr'>sacerdos</span> <span class='ocrx_word' id='word_1_91' title='bbox 1281 1383 1393 1443; x_wconf 88' lang='lat' dir='ltr'>est,</span> <span class='ocrx_word' id='word_1_92' title='bbox 1452 1376 1884 1432; x_wconf 88' lang='lat' dir='ltr'>debet-habere</span> 
     </span>
    </p>
   </div>
   <div class='ocr_carea' id='block_1_14' title="bbox 242 1465 1889 1538">
    <p class='ocr_par' dir='ltr' id='par_1_14' title="bbox 242 1465 1889 1538">
     <span class='ocr_line' id='line_1_14' title="bbox 242 1465 1889 1538; baseline -0.002 -17"><span class='ocrx_word' id='word_1_93' title='bbox 242 1465 528 1536; x_wconf 74' lang='grc' dir='ltr'>δηλῶσεις,</span> <span class='ocrx_word' id='word_1_94' title='bbox 584 1468 691 1524; x_wconf 92' lang='lat' dir='ltr'>hoc</span> <span class='ocrx_word' id='word_1_95' title='bbox 743 1473 850 1529; x_wconf 89' lang='lat' dir='ltr'>est.</span> <span class='ocrx_word' id='word_1_96' title='bbox 906 1469 1400 1538; x_wconf 78' lang='lat' dir='ltr'>mani/estaliones,</span> <span class='ocrx_word' id='word_1_97' title='bbox 1460 1467 1566 1521; x_wconf 92' lang='lat' dir='ltr'>hoc</span> <span class='ocrx_word' id='word_1_98' title='bbox 1645 1468 1752 1531; x_wconf 88' lang='lat' dir='ltr'>est,</span> <span class='ocrx_word' id='word_1_99' title='bbox 1823 1468 1889 1518; x_wconf 89' lang='lat' dir='ltr'>ut</span> 
     </span>
    </p>
   </div>
   <div class='ocr_carea' id='block_1_15' title="bbox 239 1556 1888 1630">
    <p class='ocr_par' dir='ltr' id='par_1_15' title="bbox 239 1556 1888 1630">
     <span class='ocr_line' id='line_1_15' title="bbox 239 1556 1888 1630; baseline -0.004 -17"><span class='ocrx_word' id='word_1_100' title='bbox 239 1559 624 1630; x_wconf 90' lang='lat' dir='ltr'>quodcunque</span> <span class='ocrx_word' id='word_1_101' title='bbox 655 1562 848 1613; x_wconf 90' lang='lat' dir='ltr'>mente</span> <span class='ocrx_word' id='word_1_102' title='bbox 879 1556 1228 1627; x_wconf 88' lang='lat' dir='ltr'>conceperit,</span> <span class='ocrx_word' id='word_1_103' title='bbox 1279 1556 1553 1628; x_wconf 84' lang='lat' dir='ltr'>proferat,</span> <span class='ocrx_word' id='word_1_104' title='bbox 1607 1558 1666 1609; x_wconf 92' lang='lat' dir='ltr'>et</span> <span class='ocrx_word' id='word_1_105' title='bbox 1716 1568 1888 1608; x_wconf 91' lang='lat' dir='ltr'>omne</span> 
     </span>
    </p>
   </div>
   <div class='ocr_carea' id='block_1_16' title="bbox 240 1640 1888 1711">
    <p class='ocr_par' dir='ltr' id='par_1_16' title="bbox 240 1640 1888 1711">
     <span class='ocr_line' id='line_1_16' title="bbox 240 1640 1888 1711; baseline -0.004 -10"><span class='ocrx_word' id='word_1_106' title='bbox 240 1648 459 1703; x_wconf 88' lang='lat' dir='ltr'>doceat.</span> <span class='ocrx_word' id='word_1_107' title='bbox 521 1647 589 1701; x_wconf 86' lang='lat' dir='ltr'>Et</span> <span class='ocrx_word' id='word_1_108' title='bbox 632 1646 751 1701; x_wconf 68' lang='lat' dir='ltr'>haec</span> <span class='ocrx_word' id='word_1_109' title='bbox 783 1645 980 1701; x_wconf 89' lang='lat' dir='ltr'>omnia</span> <span class='ocrx_word' id='word_1_110' title='bbox 1038 1646 1258 1699; x_wconf 80' lang='lat' dir='ltr'>frustra</span> <span class='ocrx_word' id='word_1_111' title='bbox 1311 1648 1472 1711; x_wconf 91' lang='lat' dir='ltr'>sunt,</span> <span class='ocrx_word' id='word_1_112' title='bbox 1539 1642 1589 1698; x_wconf 91' lang='lat' dir='ltr'>si</span> <span class='ocrx_word' id='word_1_113' title='bbox 1650 1640 1888 1697; x_wconf 88' lang='lat' dir='ltr'>castitas</span> 
     </span>
    </p>
   </div>
   <div class='ocr_carea' id='block_1_17' title="bbox 240 1729 1890 1803">
    <p class='ocr_par' dir='ltr' id='par_1_17' title="bbox 240 1729 1890 1803">
     <span class='ocr_line' id='line_1_17' title="bbox 240 1729 1890 1803; baseline -0.005 -12"><span class='ocrx_word' id='word_1_114' title='bbox 240 1739 407 1791; x_wconf 89' lang='lat' dir='ltr'>aucta</span> <span class='ocrx_word' id='word_1_115' title='bbox 437 1740 493 1791; x_wconf 92' lang='lat' dir='ltr'>et</span> <span class='ocrx_word' id='word_1_116' title='bbox 521 1740 724 1790; x_wconf 88' lang='lat' dir='ltr'>ornata</span> <span class='ocrx_word' id='word_1_117' title='bbox 754 1751 868 1789; x_wconf 92' lang='lat' dir='ltr'>non</span> <span class='ocrx_word' id='word_1_118' title='bbox 895 1733 1085 1789; x_wconf 89' lang='lat' dir='ltr'>fuerit.</span> <span class='ocrx_word' id='word_1_119' title='bbox 1124 1734 1256 1793; x_wconf 77' lang='lat' dir='ltr'>Ideo</span> <span class='ocrx_word' id='word_1_120' title='bbox 1279 1749 1427 1787; x_wconf 84' lang='lat' dir='ltr'>zona</span> <span class='ocrx_word' id='word_1_121' title='bbox 1456 1736 1565 1801; x_wconf 90' lang='lat' dir='ltr'>est,</span> <span class='ocrx_word' id='word_1_122' title='bbox 1600 1736 1656 1786; x_wconf 92' lang='lat' dir='ltr'>et</span> <span class='ocrx_word' id='word_1_123' title='bbox 1704 1729 1890 1803; x_wconf 88' lang='lat' dir='ltr'>cingit</span> 
     </span>
    </p>
   </div>
   <div class='ocr_carea' id='block_1_18' title="bbox 238 1818 1887 1896">
    <p class='ocr_par' dir='ltr' id='par_1_18' title="bbox 238 1818 1887 1896">
     <span class='ocr_line' id='line_1_18' title="bbox 238 1818 1887 1896; baseline -0.004 -15"><span class='ocrx_word' id='word_1_124' title='bbox 238 1824 491 1892; x_wconf 87' lang='lat' dir='ltr'>lumbos,</span> <span class='ocrx_word' id='word_1_125' title='bbox 524 1823 761 1896; x_wconf 87' lang='lat' dir='ltr'>stringit</span> <span class='ocrx_word' id='word_1_126' title='bbox 788 1828 845 1879; x_wconf 92' lang='lat' dir='ltr'>et</span> <span class='ocrx_word' id='word_1_127' title='bbox 876 1822 1204 1879; x_wconf 88' lang='lat' dir='ltr'>mortiﬁcat.</span> <span class='ocrx_word' id='word_1_128' title='bbox 1232 1821 1450 1877; x_wconf 90' lang='lat' dir='ltr'>Deinde</span> <span class='ocrx_word' id='word_1_129' title='bbox 1473 1820 1713 1889; x_wconf 91' lang='lat' dir='ltr'>dicitur,</span> <span class='ocrx_word' id='word_1_130' title='bbox 1733 1818 1887 1889; x_wconf 90' lang='lat' dir='ltr'>quod</span> 
     </span>
    </p>
   </div>
   <div class='ocr_carea' id='block_1_19' title="bbox 239 1906 1969 2015">
    <p class='ocr_par' dir='ltr' id='par_1_19' title="bbox 239 1906 1969 2015">
     <span class='ocr_line' id='line_1_19' title="bbox 239 1906 1969 2015; baseline -0.005 -47"><span class='ocrx_word' id='word_1_131' title='bbox 239 1912 449 1969; x_wconf 88' lang='lat' dir='ltr'>habeat</span> <span class='ocrx_word' id='word_1_132' title='bbox 471 1912 791 1977; x_wconf 86' lang='lat' dir='ltr'>femoralia,</span> <span class='ocrx_word' id='word_1_133' title='bbox 824 1917 1280 2015; x_wconf 43' lang='lat' dir='ltr'>ut‘quocunque.</span> <span class='ocrx_word' id='word_1_134' title='bbox 1325 1910 1383 1964; x_wconf 91' lang='lat' dir='ltr'>in</span> <span class='ocrx_word' id='word_1_135' title='bbox 1434 1906 1889 2015; x_wconf 30' lang='lat' dir='ltr'>niobis‘ignomi-</span> <span class='ocrx_word' id='word_1_136' title='bbox 1921 1949 1969 2015; x_wconf 82' lang='lat' dir='ltr'><strong>B</strong></span> 
     </span>
    </p>
   </div>
   <div class='ocr_carea' id='block_1_20' title="bbox 242 1997 1889 2071">
    <p class='ocr_par' dir='ltr' id='par_1_20' title="bbox 242 1997 1889 2071">
     <span class='ocr_line' id='line_1_20' title="bbox 242 1997 1889 2071; baseline -0.004 -14"><span class='ocrx_word' id='word_1_137' title='bbox 242 2002 472 2057; x_wconf 90' lang='lat' dir='ltr'>niosum</span> <span class='ocrx_word' id='word_1_138' title='bbox 503 2008 591 2058; x_wconf 89' lang='lat' dir='ltr'>est</span> <span class='ocrx_word' id='word_1_139' title='bbox 619 2006 677 2057; x_wconf 90' lang='lat' dir='ltr'>et</span> <span class='ocrx_word' id='word_1_140' title='bbox 705 1999 1029 2066; x_wconf 90' lang='lat' dir='ltr'>sordidum,</span> <span class='ocrx_word' id='word_1_141' title='bbox 1064 2000 1234 2071; x_wconf 88' lang='lat' dir='ltr'>quasi</span> <span class='ocrx_word' id='word_1_142' title='bbox 1270 2000 1374 2054; x_wconf 91' lang='lat' dir='ltr'>hoc</span> <span class='ocrx_word' id='word_1_143' title='bbox 1431 1997 1663 2070; x_wconf 86' lang='lat' dir='ltr'>cingulo</span> <span class='ocrx_word' id='word_1_144' title='bbox 1716 2012 1889 2051; x_wconf 86' lang='lat' dir='ltr'>mun-</span> 
     </span>
    </p>
   </div>
   <div class='ocr_carea' id='block_1_21' title="bbox 241 2086 1888 2159">
    <p class='ocr_par' dir='ltr' id='par_1_21' title="bbox 241 2086 1888 2159">
     <span class='ocr_line' id='line_1_21' title="bbox 241 2086 1888 2159; baseline -0.004 -14"><span class='ocrx_word' id='word_1_145' title='bbox 241 2091 408 2145; x_wconf 89' lang='lat' dir='ltr'>detur</span> <span class='ocrx_word' id='word_1_146' title='bbox 438 2095 493 2146; x_wconf 92' lang='lat' dir='ltr'>et</span> <span class='ocrx_word' id='word_1_147' title='bbox 523 2089 923 2145; x_wconf 86' lang='lat' dir='ltr'>mortiﬁcetur.</span> <span class='ocrx_word' id='word_1_148' title='bbox 955 2088 1173 2144; x_wconf 88' lang='lat' dir='ltr'>Deinde</span> <span class='ocrx_word' id='word_1_149' title='bbox 1206 2088 1419 2143; x_wconf 91' lang='lat' dir='ltr'>dicitur</span> <span class='ocrx_word' id='word_1_150' title='bbox 1478 2087 1630 2159; x_wconf 90' lang='lat' dir='ltr'>quod</span> <span class='ocrx_word' id='word_1_151' title='bbox 1681 2086 1888 2141; x_wconf 85' lang='lat' dir='ltr'>debea-</span> 
     </span>
    </p>
   </div>
   <div class='ocr_carea' id='block_1_22' title="bbox 241 2173 1887 2249">
    <p class='ocr_par' dir='ltr' id='par_1_22' title="bbox 241 2173 1887 2249">
     <span class='ocr_line' id='line_1_22' title="bbox 241 2173 1887 2249; baseline -0.004 -16"><span class='ocrx_word' id='word_1_152' title='bbox 241 2195 374 2234; x_wconf 90' lang='lat' dir='ltr'>mus</span> <span class='ocrx_word' id='word_1_153' title='bbox 422 2178 635 2233; x_wconf 86' lang='lat' dir='ltr'>habere</span> <span class='ocrx_word' id='word_1_154' title='bbox 694 2178 985 2249; x_wconf 84' lang='lat' dir='ltr'>poderem,</span> <span class='ocrx_word' id='word_1_155' title='bbox 1047 2193 1220 2249; x_wconf 88' lang='lat' dir='ltr'>quem</span> <span class='ocrx_word' id='word_1_156' title='bbox 1279 2179 1443 2231; x_wconf 90' lang='lat' dir='ltr'>ornet</span> <span class='ocrx_word' id='word_1_157' title='bbox 1494 2173 1664 2245; x_wconf 89' lang='lat' dir='ltr'>quasi</span> <span class='ocrx_word' id='word_1_158' title='bbox 1712 2173 1887 2246; x_wconf 89' lang='lat' dir='ltr'>pedes</span> 
     </span>
    </p>
   </div>
   <div class='ocr_carea' id='block_1_23' title="bbox 241 2264 1889 2343">
    <p class='ocr_par' dir='ltr' id='par_1_23' title="bbox 241 2264 1889 2343">
     <span class='ocr_line' id='line_1_23' title="bbox 241 2264 1889 2343; baseline -0.005 -20"><span class='ocrx_word' id='word_1_159' title='bbox 241 2272 493 2323; x_wconf 91' lang='lat' dir='ltr'>nostros.</span> <span class='ocrx_word' id='word_1_160' title='bbox 530 2268 590 2320; x_wconf 92' lang='lat' dir='ltr'>In</span> <span class='ocrx_word' id='word_1_161' title='bbox 630 2266 757 2338; x_wconf 91' lang='lat' dir='ltr'>ipso</span> <span class='ocrx_word' id='word_1_162' title='bbox 807 2266 1018 2338; x_wconf 90' lang='lat' dir='ltr'>pedere</span> <span class='ocrx_word' id='word_1_163' title='bbox 1040 2264 1258 2343; x_wconf 82' lang='lat' dir='ltr'>diversi</span> <span class='ocrx_word' id='word_1_164' title='bbox 1313 2266 1481 2320; x_wconf 86' lang='lat' dir='ltr'>ﬂores</span> <span class='ocrx_word' id='word_1_165' title='bbox 1523 2267 1696 2318; x_wconf 86' lang='lat' dir='ltr'>sunt:</span> <span class='ocrx_word' id='word_1_166' title='bbox 1749 2264 1889 2317; x_wconf 91' lang='lat' dir='ltr'>sunt</span> 
     </span>
    </p>
   </div>
   <div class='ocr_carea' id='block_1_24' title="bbox 238 2352 1886 2427">
    <p class='ocr_par' dir='ltr' id='par_1_24' title="bbox 238 2352 1886 2427">
     <span class='ocr_line' id='line_1_24' title="bbox 238 2352 1886 2427; baseline -0.004 -16"><span class='ocrx_word' id='word_1_167' title='bbox 238 2356 319 2411; x_wconf 90' lang='lat' dir='ltr'>ibi</span> <span class='ocrx_word' id='word_1_168' title='bbox 353 2356 776 2427; x_wconf 88' lang='lat' dir='ltr'>malogranata,</span> <span class='ocrx_word' id='word_1_169' title='bbox 808 2360 947 2410; x_wconf 89' lang='lat' dir='ltr'>sunt</span> <span class='ocrx_word' id='word_1_170' title='bbox 977 2354 1056 2409; x_wconf 91' lang='lat' dir='ltr'>ibi</span> <span class='ocrx_word' id='word_1_171' title='bbox 1089 2354 1263 2410; x_wconf 91' lang='lat' dir='ltr'>etiam</span> <span class='ocrx_word' id='word_1_172' title='bbox 1298 2352 1563 2408; x_wconf 64' lang='lat' dir='ltr'>ﬁmbriis.</span> <span class='ocrx_word' id='word_1_173' title='bbox 1597 2352 1711 2423; x_wconf 84' lang='lat' dir='ltr'>Ego</span> <span class='ocrx_word' id='word_1_174' title='bbox 1748 2352 1886 2422; x_wconf 90' lang='lat' dir='ltr'>puto</span> 
     </span>
    </p>
   </div>
   <div class='ocr_carea' id='block_1_25' title="bbox 241 2440 1885 2519">
    <p class='ocr_par' dir='ltr' id='par_1_25' title="bbox 241 2440 1885 2519">
     <span class='ocr_line' id='line_1_25' title="bbox 241 2440 1885 2519; baseline -0.005 -18"><span class='ocrx_word' id='word_1_175' title='bbox 241 2446 392 2519; x_wconf 93' lang='lat' dir='ltr'>quod</span> <span class='ocrx_word' id='word_1_176' title='bbox 425 2443 524 2500; x_wconf 89' lang='lat' dir='ltr'>illa</span> <span class='ocrx_word' id='word_1_177' title='bbox 555 2444 765 2499; x_wconf 88' lang='lat' dir='ltr'>mulier</span> <span class='ocrx_word' id='word_1_178' title='bbox 794 2444 1077 2516; x_wconf 88' lang='lat' dir='ltr'>sanguine</span> <span class='ocrx_word' id='word_1_179' title='bbox 1126 2444 1315 2499; x_wconf 86' lang='lat' dir='ltr'>fluens</span> <span class='ocrx_word' id='word_1_180' title='bbox 1357 2442 1531 2497; x_wconf 91' lang='lat' dir='ltr'>istam</span> <span class='ocrx_word' id='word_1_181' title='bbox 1591 2440 1885 2495; x_wconf 90' lang='lat' dir='ltr'>ﬁmbriam</span> 
     </span>
    </p>
   </div>
   <div class='ocr_carea' id='block_1_26' title="bbox 237 2528 1887 2605">
    <p class='ocr_par' dir='ltr' id='par_1_26' title="bbox 237 2528 1887 2605">
     <span class='ocr_line' id='line_1_26' title="bbox 237 2528 1887 2605; baseline -0.004 -16"><span class='ocrx_word' id='word_1_182' title='bbox 237 2535 513 2605; x_wconf 84' lang='lat' dir='ltr'>tetigerit,</span> <span class='ocrx_word' id='word_1_183' title='bbox 546 2537 602 2588; x_wconf 89' lang='lat' dir='ltr'>et</span> <span class='ocrx_word' id='word_1_184' title='bbox 632 2538 837 2589; x_wconf 88' lang='lat' dir='ltr'>sanata</span> <span class='ocrx_word' id='word_1_185' title='bbox 884 2537 972 2589; x_wconf 90' lang='lat' dir='ltr'>est</span> <span class='ocrx_word' id='word_1_186' title='bbox 1012 2533 1220 2601; x_wconf 82' lang='lat' dir='ltr'>(Matth.</span> <span class='ocrx_word' id='word_1_187' title='bbox 1276 2549 1351 2598; x_wconf 80' lang='lat' dir='ltr'>ix,</span> <span class='ocrx_word' id='word_1_188' title='bbox 1397 2530 1609 2601; x_wconf 72' lang='lat'>“30-22).</span> <span class='ocrx_word' id='word_1_189' title='bbox 1669 2528 1887 2585; x_wconf 90' lang='lat' dir='ltr'>Deinde</span> 
     </span>
    </p>
   </div>
   <div class='ocr_carea' id='block_1_27' title="bbox 237 2618 1883 2693">
    <p class='ocr_par' dir='ltr' id='par_1_27' title="bbox 237 2618 1883 2693">
     <span class='ocr_line' id='line_1_27' title="bbox 237 2618 1883 2693; baseline -0.003 -15"><span class='ocrx_word' id='word_1_190' title='bbox 237 2627 295 2678; x_wconf 90' lang='lat' dir='ltr'>et</span> <span class='ocrx_word' id='word_1_191' title='bbox 325 2621 445 2676; x_wconf 70' lang='lat' dir='ltr'>haec</span> <span class='ocrx_word' id='word_1_192' title='bbox 476 2621 867 2677; x_wconf 84' lang='lat' dir='ltr'>considerate:</span> <span class='ocrx_word' id='word_1_193' title='bbox 901 2622 1181 2693; x_wconf 90' lang='lat' dir='ltr'>quoniam</span> <span class='ocrx_word' id='word_1_194' title='bbox 1230 2621 1301 2675; x_wconf 90' lang='lat' dir='ltr'>ad</span> <span class='ocrx_word' id='word_1_195' title='bbox 1350 2623 1638 2676; x_wconf 83' lang='lat' dir='ltr'>extremos</span> <span class='ocrx_word' id='word_1_196' title='bbox 1686 2618 1883 2690; x_wconf 89' lang='lat' dir='ltr'>pedes,</span> 
     </span>
    </p>
   </div>
   <div class='ocr_carea' id='block_1_28' title="bbox 236 2696 1887 2781">
    <p class='ocr_par' dir='ltr' id='par_1_28' title="bbox 236 2696 1887 2781">
     <span class='ocr_line' id='line_1_28' title="bbox 236 2696 1887 2781; baseline -0.003 -15"><span class='ocrx_word' id='word_1_197' title='bbox 236 2712 391 2766; x_wconf 88' lang='lat' dir='ltr'>inter</span> <span class='ocrx_word' id='word_1_198' title='bbox 422 2696 822 2781; x_wconf 88' lang='lat' dir='ltr'>malogranata</span> <span class='ocrx_word' id='word_1_199' title='bbox 851 2715 1017 2765; x_wconf 91' lang='lat' dir='ltr'>erant</span> <span class='ocrx_word' id='word_1_200' title='bbox 1045 2715 1101 2765; x_wconf 88' lang='lat' dir='ltr'>et</span> <span class='ocrx_word' id='word_1_201' title='bbox 1131 2708 1478 2776; x_wconf 66' lang='lat' dir='ltr'>tintinnulaa,</span> <span class='ocrx_word' id='word_1_202' title='bbox 1529 2713 1586 2763; x_wconf 92' lang='lat' dir='ltr'>et</span> <span class='ocrx_word' id='word_1_203' title='bbox 1632 2724 1742 2762; x_wconf 92' lang='lat' dir='ltr'>non</span> <span class='ocrx_word' id='word_1_204' title='bbox 1792 2706 1887 2762; x_wconf 84' lang='lat' dir='ltr'>in-</span> 
     </span>
    </p>
   </div>
   <div class='ocr_carea' id='block_1_29' title="bbox 238 2794 1889 2872">
    <p class='ocr_par' dir='ltr' id='par_1_29' title="bbox 238 2794 1889 2872">
     <span class='ocr_line' id='line_1_29' title="bbox 238 2794 1889 2872; baseline -0.002 -18"><span class='ocrx_word' id='word_1_205' title='bbox 238 2800 613 2872; x_wconf 89' lang='lat' dir='ltr'>grediehatur</span> <span class='ocrx_word' id='word_1_206' title='bbox 642 2799 900 2871; x_wconf 84' lang='lat' dir='ltr'>pontifex</span> <span class='ocrx_word' id='word_1_207' title='bbox 929 2798 988 2853; x_wconf 93' lang='lat' dir='ltr'>in</span> <span class='ocrx_word' id='word_1_208' title='bbox 1020 2799 1235 2854; x_wconf 90' lang='lat' dir='ltr'>Sancta</span> <span class='ocrx_word' id='word_1_209' title='bbox 1258 2802 1618 2862; x_wconf 88' lang='lat' dir='ltr'>sanctorum,</span> <span class='ocrx_word' id='word_1_210' title='bbox 1644 2797 1756 2851; x_wconf 90' lang='lat' dir='ltr'>nisi</span> <span class='ocrx_word' id='word_1_211' title='bbox 1788 2794 1889 2851; x_wconf 89' lang='lat' dir='ltr'>illa</span> 
     </span>
    </p>
   </div>
   <div class='ocr_carea' id='block_1_30' title="bbox 235 2884 1887 2961">
    <p class='ocr_par' dir='ltr' id='par_1_30' title="bbox 235 2884 1887 2961">
     <span class='ocr_line' id='line_1_30' title="bbox 235 2884 1887 2961; baseline -0.002 -17"><span class='ocrx_word' id='word_1_212' title='bbox 235 2888 638 2945; x_wconf 86' lang='lat' dir='ltr'>tintinnabula</span> <span class='ocrx_word' id='word_1_213' title='bbox 670 2892 1066 2961; x_wconf 89' lang='lat' dir='ltr'>personarent.</span> <span class='ocrx_word' id='word_1_214' title='bbox 1100 2886 1520 2943; x_wconf 90' lang='lat' dir='ltr'>Tintinnabula</span> <span class='ocrx_word' id='word_1_215' title='bbox 1548 2890 1605 2941; x_wconf 90' lang='lat' dir='ltr'>et</span> <span class='ocrx_word' id='word_1_216' title='bbox 1632 2884 1734 2940; x_wconf 90' lang='lat' dir='ltr'>illa</span> <span class='ocrx_word' id='word_1_217' title='bbox 1765 2901 1887 2941; x_wconf 89' lang='lat' dir='ltr'>ma-</span> 
     </span>
    </p>
   </div>
   <div class='ocr_carea' id='block_1_31' title="bbox 237 2974 1892 3049">
    <p class='ocr_par' dir='ltr' id='par_1_31' title="bbox 237 2974 1892 3049">
     <span class='ocr_line' id='line_1_31' title="bbox 237 2974 1892 3049; baseline -0.003 -16"><span class='ocrx_word' id='word_1_218' title='bbox 237 2977 546 3049; x_wconf 89' lang='lat' dir='ltr'>logranata</span> <span class='ocrx_word' id='word_1_219' title='bbox 584 2978 947 3033; x_wconf 86' lang='lat' dir='ltr'>diversitates</span> <span class='ocrx_word' id='word_1_220' title='bbox 996 2977 1275 3031; x_wconf 89' lang='lat' dir='ltr'>virtutum</span> <span class='ocrx_word' id='word_1_221' title='bbox 1309 2980 1448 3031; x_wconf 91' lang='lat' dir='ltr'>sunt</span> <span class='ocrx_word' id='word_1_222' title='bbox 1495 2993 1621 3046; x_wconf 80' lang='lat' dir='ltr'>quae</span> <span class='ocrx_word' id='word_1_223' title='bbox 1672 2974 1892 3029; x_wconf 86' lang='lat' dir='ltr'>habent</span> 
     </span>
    </p>
   </div>
   <div class='ocr_carea' id='block_1_32' title="bbox 242 3063 1889 3138">
    <p class='ocr_par' dir='ltr' id='par_1_32' title="bbox 242 3063 1889 3138">
     <span class='ocr_line' id='line_1_32' title="bbox 242 3063 1889 3138; baseline -0.004 -15"><span class='ocrx_word' id='word_1_224' title='bbox 242 3066 487 3138; x_wconf 75' lang='lat' dir='ltr'>singulae</span> <span class='ocrx_word' id='word_1_225' title='bbox 513 3083 680 3122; x_wconf 91' lang='lat' dir='ltr'>voces</span> <span class='ocrx_word' id='word_1_226' title='bbox 712 3083 871 3135; x_wconf 89' lang='lat' dir='ltr'>suas,</span> <span class='ocrx_word' id='word_1_227' title='bbox 903 3070 960 3121; x_wconf 90' lang='lat' dir='ltr'>et</span> <span class='ocrx_word' id='word_1_228' title='bbox 989 3081 1259 3137; x_wconf 87' lang='lat' dir='ltr'>egressus</span> <span class='ocrx_word' id='word_1_229' title='bbox 1298 3065 1423 3137; x_wconf 92' lang='lat' dir='ltr'>ipse</span> <span class='ocrx_word' id='word_1_230' title='bbox 1480 3063 1676 3120; x_wconf 88' lang='lat' dir='ltr'>Saneti</span> <span class='ocrx_word' id='word_1_231' title='bbox 1720 3078 1889 3117; x_wconf 90' lang='lat' dir='ltr'>sanc-</span> 
     </span>
    </p>
   </div>
   <div class='ocr_carea' id='block_1_33' title="bbox 244 3152 1892 3221">
    <p class='ocr_par' dir='ltr' id='par_1_33' title="bbox 244 3152 1892 3221">
     <span class='ocr_line' id='line_1_33' title="bbox 244 3152 1892 3221; baseline -0.003 -10"><span class='ocrx_word' id='word_1_232' title='bbox 244 3162 444 3211; x_wconf 87' lang='lat' dir='ltr'>torum</span> <span class='ocrx_word' id='word_1_233' title='bbox 494 3155 712 3211; x_wconf 90' lang='lat' dir='ltr'>vocalis</span> <span class='ocrx_word' id='word_1_234' title='bbox 751 3160 858 3210; x_wconf 89' lang='lat' dir='ltr'>est.</span> <span class='ocrx_word' id='word_1_235' title='bbox 913 3156 1041 3209; x_wconf 84' lang='lat' dir='ltr'>Sive</span> <span class='ocrx_word' id='word_1_236' title='bbox 1086 3156 1232 3209; x_wconf 78' lang='lat' dir='ltr'>enim</span> <span class='ocrx_word' id='word_1_237' title='bbox 1291 3153 1701 3221; x_wconf 83' lang='lat' dir='ltr'>manducemus,</span> <span class='ocrx_word' id='word_1_238' title='bbox 1776 3152 1892 3206; x_wconf 87' lang='lat' dir='ltr'>sive</span> 
     </span>
    </p>
   </div>
   <div class='ocr_carea' id='block_1_34' title="bbox 239 3241 1888 3311">
    <p class='ocr_par' dir='ltr' id='par_1_34' title="bbox 239 3241 1888 3311">
     <span class='ocr_line' id='line_1_34' title="bbox 239 3241 1888 3311; baseline -0.002 -12"><span class='ocrx_word' id='word_1_239' title='bbox 239 3244 516 3310; x_wconf 77' lang='lat' dir='ltr'>bibamus,</span> <span class='ocrx_word' id='word_1_240' title='bbox 549 3244 825 3298; x_wconf 81' lang='lat' dir='ltr'>omniain</span> <span class='ocrx_word' id='word_1_241' title='bbox 866 3244 1089 3297; x_wconf 84' lang='lat' dir='ltr'>nomine</span> <span class='ocrx_word' id='word_1_242' title='bbox 1133 3243 1356 3297; x_wconf 86' lang='lat' dir='ltr'>Domini</span> <span class='ocrx_word' id='word_1_243' title='bbox 1394 3243 1631 3311; x_wconf 79' lang='lat' dir='ltr'>facimus</span> <span class='ocrx_word' id='word_1_244' title='bbox 1674 3241 1723 3309; x_wconf 89' lang='grc' dir='ltr'>(Ι</span> <span class='ocrx_word' id='word_1_245' title='bbox 1768 3242 1888 3295; x_wconf 80' lang='lat' dir='ltr'>Cor.</span> 
     </span>
    </p>
   </div>
   <div class='ocr_carea' id='block_1_35' title="bbox 236 3329 1767 3404">
    <p class='ocr_par' dir='ltr' id='par_1_35' title="bbox 236 3329 1767 3404">
     <span class='ocr_line' id='line_1_35' title="bbox 236 3329 1767 3404; baseline -0.004 -16"><span class='ocrx_word' id='word_1_246' title='bbox 236 3350 298 3402; x_wconf 86' lang='lat' dir='ltr'>x,</span> <span class='ocrx_word' id='word_1_247' title='bbox 332 3331 445 3404; x_wconf 88' lang='grc'>31).</span> <span class='ocrx_word' id='word_1_248' title='bbox 478 3331 705 3387; x_wconf 86' lang='lat' dir='ltr'>Minora</span> <span class='ocrx_word' id='word_1_249' title='bbox 733 3330 1134 3401; x_wconf 89' lang='lat' dir='ltr'>promisimus,</span> <span class='ocrx_word' id='word_1_250' title='bbox 1163 3334 1220 3385; x_wconf 87' lang='lat' dir='ltr'>et</span> <span class='ocrx_word' id='word_1_251' title='bbox 1249 3330 1472 3400; x_wconf 87' lang='lat' dir='ltr'>majora</span> <span class='ocrx_word' id='word_1_252' title='bbox 1494 3329 1767 3383; x_wconf 84' lang='lat' dir='ltr'>diximus.</span> 
     </span>
    </p>
   </div>
   <div class='ocr_carea' id='block_1_36' title="bbox 313 3418 1882 3489">
    <p class='ocr_par' dir='ltr' id='par_1_36' title="bbox 313 3418 1882 3489">
     <span class='ocr_line' id='line_1_36' title="bbox 313 3418 1882 3489; baseline -0.002 -16"><span class='ocrx_word' id='word_1_253' title='bbox 313 3440 341 3473; x_wconf 72' lang='grc' dir='ltr'><strong><em>α</em></strong></span> <span class='ocrx_word' id='word_1_254' title='bbox 376 3420 538 3476; x_wconf 90' lang='lat' dir='ltr'>Sicut</span> <span class='ocrx_word' id='word_1_255' title='bbox 568 3437 662 3475; x_wconf 90' lang='lat' dir='ltr'>ros</span> <span class='ocrx_word' id='word_1_256' title='bbox 708 3419 957 3473; x_wconf 87' lang='lat' dir='ltr'>IIermon</span> <span class='ocrx_word' id='word_1_257' title='bbox 1009 3418 1109 3489; x_wconf 93' lang='lat' dir='ltr'>qui</span> <span class='ocrx_word' id='word_1_258' title='bbox 1161 3419 1462 3473; x_wconf 88' lang='lat' dir='ltr'>descendit</span> <span class='ocrx_word' id='word_1_259' title='bbox 1518 3418 1574 3471; x_wconf 92' lang='lat' dir='ltr'>in</span> <span class='ocrx_word' id='word_1_260' title='bbox 1623 3421 1882 3471; x_wconf 89' lang='lat' dir='ltr'>montem</span> 
     </span>
    </p>
   </div>
   <div class='ocr_carea' id='block_1_37' title="bbox 229 3504 1884 3581">
    <p class='ocr_par' dir='ltr' id='par_1_37' title="bbox 229 3504 1884 3581">
     <span class='ocr_line' id='line_1_37' title="bbox 229 3504 1884 3581; baseline -0.003 -15"><span class='ocrx_word' id='word_1_261' title='bbox 229 3511 395 3581; x_wconf 86' lang='lat' dir='ltr'>Sion,</span> <span class='ocrx_word' id='word_1_262' title='bbox 449 3510 563 3564; x_wconf 83' lang='lat' dir='ltr'>Res</span> <span class='ocrx_word' id='word_1_263' title='bbox 611 3509 885 3564; x_wconf 89' lang='lat' dir='ltr'>Hermon.</span> <span class='ocrx_word' id='word_1_264' title='bbox 915 3530 940 3557; x_wconf 87' lang='grc'><strong>››</strong></span> <span class='ocrx_word' id='word_1_265' title='bbox 988 3508 1262 3579; x_wconf 89' lang='lat' dir='ltr'>Legimus</span> <span class='ocrx_word' id='word_1_266' title='bbox 1316 3506 1376 3561; x_wconf 92' lang='lat' dir='ltr'>in</span> <span class='ocrx_word' id='word_1_267' title='bbox 1436 3508 1688 3579; x_wconf 76' lang='lat' dir='ltr'>quodam</span> <span class='ocrx_word' id='word_1_268' title='bbox 1737 3504 1884 3561; x_wconf 91' lang='lat' dir='ltr'>libro</span> 
     </span>
    </p>
   </div>
   <div class='ocr_carea' id='block_1_38' title="bbox 224 3592 1884 3672">
    <p class='ocr_par' dir='ltr' id='par_1_38' title="bbox 224 3592 1884 3672">
     <span class='ocr_line' id='line_1_38' title="bbox 224 3592 1884 3672; baseline -0.004 -17"><span class='ocrx_word' id='word_1_269' title='bbox 224 3597 563 3672; x_wconf 78' lang='lat' dir='ltr'>apocrypho</span> <span class='ocrx_word' id='word_1_270' title='bbox 606 3599 647 3665; x_wconf 81' lang='grc'>⁸,</span> <span class='ocrx_word' id='word_1_271' title='bbox 696 3614 761 3653; x_wconf 92' lang='lat' dir='ltr'>eo</span> <span class='ocrx_word' id='word_1_272' title='bbox 810 3601 1069 3668; x_wconf 90' lang='lat' dir='ltr'>tempore</span> <span class='ocrx_word' id='word_1_273' title='bbox 1119 3613 1233 3667; x_wconf 92' lang='lat' dir='ltr'>quo</span> <span class='ocrx_word' id='word_1_274' title='bbox 1293 3595 1726 3650; x_wconf 87' lang='lat' dir='ltr'>descendebant</span> <span class='ocrx_word' id='word_1_275' title='bbox 1779 3592 1884 3648; x_wconf 88' lang='lat' dir='ltr'>ﬁlii</span> 
     </span>
    </p>
   </div>
   <div class='ocr_carea' id='block_1_39' title="bbox 220 3683 1883 3753">
    <p class='ocr_par' dir='ltr' id='par_1_39' title="bbox 220 3683 1883 3753">
     <span class='ocr_line' id='line_1_39' title="bbox 220 3683 1883 3753; baseline -0.005 -8"><span class='ocrx_word' id='word_1_276' title='bbox 220 3688 332 3745; x_wconf 92' lang='lat' dir='ltr'>Dei</span> <span class='ocrx_word' id='word_1_277' title='bbox 353 3689 426 3743; x_wconf 88' lang='lat' dir='ltr'>ad</span> <span class='ocrx_word' id='word_1_278' title='bbox 459 3687 610 3743; x_wconf 88' lang='lat' dir='ltr'>ﬁlias</span> <span class='ocrx_word' id='word_1_279' title='bbox 636 3686 968 3753; x_wconf 90' lang='lat' dir='ltr'>hominum,</span> <span class='ocrx_word' id='word_1_280' title='bbox 1000 3685 1373 3740; x_wconf 91' lang='lat' dir='ltr'>descendisse</span> <span class='ocrx_word' id='word_1_281' title='bbox 1390 3683 1598 3740; x_wconf 91' lang='lat' dir='ltr'>illosin</span> <span class='ocrx_word' id='word_1_282' title='bbox 1624 3686 1883 3739; x_wconf 88' lang='lat' dir='ltr'>montem</span> 
     </span>
    </p>
   </div>
   <div class='ocr_carea' id='block_1_40' title="bbox 221 3772 1886 3848">
    <p class='ocr_par' dir='ltr' id='par_1_40' title="bbox 221 3772 1886 3848">
     <span class='ocr_line' id='line_1_40' title="bbox 221 3772 1886 3848; baseline -0.003 -16"><span class='ocrx_word' id='word_1_283' title='bbox 221 3777 504 3844; x_wconf 89' lang='lat' dir='ltr'>Hermon,</span> <span class='ocrx_word' id='word_1_284' title='bbox 536 3781 595 3832; x_wconf 89' lang='lat' dir='ltr'>et</span> <span class='ocrx_word' id='word_1_285' title='bbox 624 3776 705 3832; x_wconf 92' lang='lat' dir='ltr'>ibi</span> <span class='ocrx_word' id='word_1_286' title='bbox 734 3775 914 3831; x_wconf 90' lang='lat' dir='ltr'>inisse</span> <span class='ocrx_word' id='word_1_287' title='bbox 959 3778 1217 3848; x_wconf 88' lang='lat' dir='ltr'>paetum,</span> <span class='ocrx_word' id='word_1_288' title='bbox 1270 3774 1563 3847; x_wconf 91' lang='lat' dir='ltr'>quomodo</span> <span class='ocrx_word' id='word_1_289' title='bbox 1621 3772 1886 3828; x_wconf 87' lang='lat' dir='ltr'>venirent</span> 
     </span>
    </p>
   </div>
   <div class='ocr_carea' id='block_1_41' title="bbox 221 3861 1884 3933">
    <p class='ocr_par' dir='ltr' id='par_1_41' title="bbox 221 3861 1884 3933">
     <span class='ocr_line' id='line_1_41' title="bbox 221 3861 1884 3933; baseline -0.004 -10"><span class='ocrx_word' id='word_1_290' title='bbox 221 3867 302 3923; x_wconf 92' lang='lat' dir='ltr'>ad</span> <span class='ocrx_word' id='word_1_291' title='bbox 338 3865 488 3921; x_wconf 88' lang='lat' dir='ltr'>ﬁlias</span> <span class='ocrx_word' id='word_1_292' title='bbox 519 3865 850 3933; x_wconf 90' lang='lat' dir='ltr'>hominum,</span> <span class='ocrx_word' id='word_1_293' title='bbox 883 3870 940 3921; x_wconf 88' lang='lat' dir='ltr'>et</span> <span class='ocrx_word' id='word_1_294' title='bbox 967 3864 1078 3919; x_wconf 89' lang='lat' dir='ltr'>sibi</span> <span class='ocrx_word' id='word_1_295' title='bbox 1130 3881 1227 3919; x_wconf 89' lang='lat' dir='ltr'>eas</span> <span class='ocrx_word' id='word_1_296' title='bbox 1278 3864 1586 3920; x_wconf 88' lang='lat' dir='ltr'>sociarent.</span> <span class='ocrx_word' id='word_1_297' title='bbox 1642 3861 1884 3917; x_wconf 77' lang='lat' dir='ltr'>Manife-</span> 
     </span>
    </p>
   </div>
   <div class='ocr_carea' id='block_1_42' title="bbox 220 3953 1885 4025">
    <p class='ocr_par' dir='ltr' id='par_1_42' title="bbox 220 3953 1885 4025">
     <span class='ocr_line' id='line_1_42' title="bbox 220 3953 1885 4025; baseline -0.003 -14"><span class='ocrx_word' id='word_1_298' title='bbox 220 3954 500 4011; x_wconf 88' lang='lat' dir='ltr'>tissimus</span> <span class='ocrx_word' id='word_1_299' title='bbox 530 3954 681 4011; x_wconf 90' lang='lat' dir='ltr'>liber</span> <span class='ocrx_word' id='word_1_300' title='bbox 720 3959 828 4021; x_wconf 90' lang='lat' dir='ltr'>est,</span> <span class='ocrx_word' id='word_1_301' title='bbox 864 3958 920 4009; x_wconf 92' lang='lat' dir='ltr'>et</span> <span class='ocrx_word' id='word_1_302' title='bbox 971 3953 1121 4009; x_wconf 92' lang='lat' dir='ltr'>inter</span> <span class='ocrx_word' id='word_1_303' title='bbox 1169 3953 1531 4025; x_wconf 86' lang='lat' dir='ltr'>apocryphos</span> <span class='ocrx_word' id='word_1_304' title='bbox 1583 3956 1885 4024; x_wconf 89' lang='lat' dir='ltr'>computa-</span> 
     </span>
    </p>
   </div>
   <div class='ocr_carea' id='block_1_43' title="bbox 221 4041 1881 4115">
    <p class='ocr_par' dir='ltr' id='par_1_43' title="bbox 221 4041 1881 4115">
     <span class='ocr_line' id='line_1_43' title="bbox 221 4041 1881 4115; baseline -0.002 -16"><span class='ocrx_word' id='word_1_305' title='bbox 221 4049 348 4113; x_wconf 89' lang='lat' dir='ltr'>tur,</span> <span class='ocrx_word' id='word_1_306' title='bbox 382 4048 438 4098; x_wconf 91' lang='lat' dir='ltr'>et</span> <span class='ocrx_word' id='word_1_307' title='bbox 467 4048 690 4099; x_wconf 85' lang='lat' dir='ltr'>veteres</span> <span class='ocrx_word' id='word_1_308' title='bbox 740 4043 1086 4115; x_wconf 89' lang='lat' dir='ltr'>interpretes</span> <span class='ocrx_word' id='word_1_309' title='bbox 1138 4043 1208 4097; x_wconf 90' lang='lat' dir='ltr'>de</span> <span class='ocrx_word' id='word_1_310' title='bbox 1288 4042 1413 4114; x_wconf 89' lang='lat' dir='ltr'>ipso</span> <span class='ocrx_word' id='word_1_311' title='bbox 1469 4041 1644 4097; x_wconf 91' lang='lat' dir='ltr'>locuti</span> <span class='ocrx_word' id='word_1_312' title='bbox 1705 4045 1881 4096; x_wconf 90' lang='lat' dir='ltr'>sunt:</span> 
     </span>
    </p>
   </div>
   <div class='ocr_carea' id='block_1_44' title="bbox 223 4129 1884 4197">
    <p class='ocr_par' dir='ltr' id='par_1_44' title="bbox 223 4129 1884 4197">
     <span class='ocr_line' id='line_1_44' title="bbox 223 4129 1884 4197; baseline -0.002 -8"><span class='ocrx_word' id='word_1_313' title='bbox 223 4130 519 4189; x_wconf 88' lang='lat' dir='ltr'>nonnulla</span> <span class='ocrx_word' id='word_1_314' title='bbox 546 4138 744 4187; x_wconf 89' lang='lat' dir='ltr'>autem</span> <span class='ocrx_word' id='word_1_315' title='bbox 773 4148 879 4187; x_wconf 93' lang='lat' dir='ltr'>nos</span> <span class='ocrx_word' id='word_1_316' title='bbox 898 4130 1156 4186; x_wconf 85' lang='lat' dir='ltr'>diximus</span> <span class='ocrx_word' id='word_1_317' title='bbox 1181 4148 1194 4185; x_wconf 87' lang='lat'><strong>:</strong></span> <span class='ocrx_word' id='word_1_318' title='bbox 1218 4148 1335 4185; x_wconf 92' lang='lat' dir='ltr'>non</span> <span class='ocrx_word' id='word_1_319' title='bbox 1363 4130 1422 4184; x_wconf 90' lang='lat' dir='ltr'>in</span> <span class='ocrx_word' id='word_1_320' title='bbox 1456 4129 1884 4197; x_wconf 88' lang='lat' dir='ltr'>auctoritatem,</span> 
     </span>
    </p>
   </div>
   <div class='ocr_carea' id='block_1_45' title="bbox 222 4218 1884 4281">
    <p class='ocr_par' dir='ltr' id='par_1_45' title="bbox 222 4218 1884 4281">
     <span class='ocr_line' id='line_1_45' title="bbox 222 4218 1884 4281; baseline -0.004 -1"><span class='ocrx_word' id='word_1_321' title='bbox 222 4223 336 4281; x_wconf 88' lang='lat' dir='ltr'>sed</span> <span class='ocrx_word' id='word_1_322' title='bbox 387 4222 447 4276; x_wconf 92' lang='lat' dir='ltr'>in</span> <span class='ocrx_word' id='word_1_323' title='bbox 503 4218 1141 4276; x_wconf 89' lang='lat' dir='ltr'>commemorationem.</span> <span class='ocrx_word' id='word_1_324' title='bbox 1195 4243 1223 4269; x_wconf 88' lang='grc'>‹‹</span> <span class='ocrx_word' id='word_1_325' title='bbox 1258 4218 1420 4275; x_wconf 88' lang='lat' dir='ltr'>Sicut</span> <span class='ocrx_word' id='word_1_326' title='bbox 1462 4236 1556 4274; x_wconf 91' lang='lat' dir='ltr'>ros</span> <span class='ocrx_word' id='word_1_327' title='bbox 1608 4223 1884 4274; x_wconf 89' lang='lat' dir='ltr'>Hermon.</span> 
     </span>
    </p>
   </div>
   <div class='ocr_carea' id='block_1_46' title="bbox 222 4307 1887 4385">
    <p class='ocr_par' dir='ltr' id='par_1_46' title="bbox 222 4307 1887 4385">
     <span class='ocr_line' id='line_1_46' title="bbox 222 4307 1887 4385; baseline -0.001 -20"><span class='ocrx_word' id='word_1_328' title='bbox 222 4309 335 4385; x_wconf 87' lang='lat' dir='ltr'>qui</span> <span class='ocrx_word' id='word_1_329' title='bbox 369 4307 667 4364; x_wconf 89' lang='lat' dir='ltr'>descendit</span> <span class='ocrx_word' id='word_1_330' title='bbox 696 4309 754 4363; x_wconf 92' lang='lat' dir='ltr'>in</span> <span class='ocrx_word' id='word_1_331' title='bbox 797 4311 1055 4364; x_wconf 89' lang='lat' dir='ltr'>montem</span> <span class='ocrx_word' id='word_1_332' title='bbox 1113 4308 1333 4364; x_wconf 83' lang='lat' dir='ltr'>Sion.»</span> <span class='ocrx_word' id='word_1_333' title='bbox 1386 4308 1520 4381; x_wconf 91' lang='lat' dir='ltr'>Legi</span> <span class='ocrx_word' id='word_1_334' title='bbox 1572 4307 1630 4362; x_wconf 91' lang='lat' dir='ltr'>in</span> <span class='ocrx_word' id='word_1_335' title='bbox 1690 4307 1887 4377; x_wconf 83' lang='lat' dir='ltr'>cujus-</span> 
     </span>
    </p>
   </div>
   <div class='ocr_carea' id='block_1_47' title="bbox 221 4396 1889 4469">
    <p class='ocr_par' dir='ltr' id='par_1_47' title="bbox 221 4396 1889 4469">
     <span class='ocr_line' id='line_1_47' title="bbox 221 4396 1889 4469; baseline -0.005 -10"><span class='ocrx_word' id='word_1_336' title='bbox 221 4403 371 4459; x_wconf 85' lang='lat' dir='ltr'>dam</span> <span class='ocrx_word' id='word_1_337' title='bbox 406 4397 554 4453; x_wconf 92' lang='lat' dir='ltr'>libro</span> <span class='ocrx_word' id='word_1_338' title='bbox 580 4399 628 4468; x_wconf 77' lang='lat'>’,</span> <span class='ocrx_word' id='word_1_339' title='bbox 662 4397 732 4451; x_wconf 92' lang='lat' dir='ltr'>de</span> <span class='ocrx_word' id='word_1_340' title='bbox 763 4397 874 4451; x_wconf 89' lang='lat' dir='ltr'>isto</span> <span class='ocrx_word' id='word_1_341' title='bbox 908 4396 1056 4451; x_wconf 90' lang='lat' dir='ltr'>libro</span> <span class='ocrx_word' id='word_1_342' title='bbox 1106 4397 1435 4469; x_wconf 79' lang='lat' dir='ltr'>apocrypho</span> <span class='ocrx_word' id='word_1_343' title='bbox 1493 4414 1660 4452; x_wconf 89' lang='lat' dir='ltr'>suam</span> <span class='ocrx_word' id='word_1_344' title='bbox 1704 4396 1889 4451; x_wconf 68' lang='lat' dir='ltr'>haere-</span> 
     </span>
    </p>
   </div>
   <div class='ocr_carea' id='block_1_48' title="bbox 220 4484 1887 4556">
    <p class='ocr_par' dir='ltr' id='par_1_48' title="bbox 220 4484 1887 4556">
     <span class='ocr_line' id='line_1_48' title="bbox 220 4484 1887 4556; baseline -0.005 -9"><span class='ocrx_word' id='word_1_345' title='bbox 220 4490 351 4549; x_wconf 87' lang='lat' dir='ltr'>sim</span> <span class='ocrx_word' id='word_1_346' title='bbox 384 4485 809 4544; x_wconf 87' lang='lat' dir='ltr'>conﬁrmantis.</span> <span class='ocrx_word' id='word_1_347' title='bbox 844 4484 992 4550; x_wconf 89' lang='lat' dir='ltr'>Quid</span> <span class='ocrx_word' id='word_1_348' title='bbox 1053 4484 1209 4540; x_wconf 90' lang='lat' dir='ltr'>enim</span> <span class='ocrx_word' id='word_1_349' title='bbox 1242 4485 1433 4541; x_wconf 83' lang='lat' dir='ltr'>dicit?</span> <span class='ocrx_word' id='word_1_350' title='bbox 1478 4484 1627 4554; x_wconf 89' lang='lat' dir='ltr'>Filii,</span> <span class='ocrx_word' id='word_1_351' title='bbox 1678 4484 1887 4556; x_wconf 90' lang='lat' dir='ltr'>inquit.</span> 
     </span>
    </p>
   </div>
   <div class='ocr_carea' id='block_1_49' title="bbox 220 4573 1891 4649">
    <p class='ocr_par' dir='ltr' id='par_1_49' title="bbox 220 4573 1891 4649">
     <span class='ocr_line' id='line_1_49' title="bbox 220 4573 1891 4649; baseline -0.007 -12"><span class='ocrx_word' id='word_1_352' title='bbox 220 4578 339 4637; x_wconf 90' lang='lat' dir='ltr'>Dei</span> <span class='ocrx_word' id='word_1_353' title='bbox 371 4578 471 4649; x_wconf 90' lang='lat' dir='ltr'>qui</span> <span class='ocrx_word' id='word_1_354' title='bbox 503 4575 573 4632; x_wconf 91' lang='lat' dir='ltr'>de</span> <span class='ocrx_word' id='word_1_355' title='bbox 597 4574 755 4631; x_wconf 78' lang='lat' dir='ltr'>cmlis</span> <span class='ocrx_word' id='word_1_356' title='bbox 814 4574 1263 4643; x_wconf 80' lang='lat' dir='ltr'>descendebant,</span> <span class='ocrx_word' id='word_1_357' title='bbox 1311 4578 1594 4628; x_wconf 89' lang='lat' dir='ltr'>venerunt</span> <span class='ocrx_word' id='word_1_358' title='bbox 1652 4573 1709 4627; x_wconf 92' lang='lat' dir='ltr'>in</span> <span class='ocrx_word' id='word_1_359' title='bbox 1758 4576 1891 4627; x_wconf 89' lang='lat' dir='ltr'>Her-</span> 
     </span>
    </p>
   </div>
   <div class='ocr_carea' id='block_1_50' title="bbox 220 4661 1890 4736">
    <p class='ocr_par' dir='ltr' id='par_1_50' title="bbox 220 4661 1890 4736">
     <span class='ocr_line' id='line_1_50' title="bbox 220 4661 1890 4736; baseline -0.006 -10"><span class='ocrx_word' id='word_1_360' title='bbox 220 4684 396 4734; x_wconf 89' lang='lat' dir='ltr'>mon,</span> <span class='ocrx_word' id='word_1_361' title='bbox 452 4670 508 4721; x_wconf 91' lang='lat' dir='ltr'>et</span> <span class='ocrx_word' id='word_1_362' title='bbox 556 4663 976 4736; x_wconf 88' lang='lat' dir='ltr'>concupierunt</span> <span class='ocrx_word' id='word_1_363' title='bbox 1039 4662 1189 4719; x_wconf 91' lang='lat' dir='ltr'>ﬁlias</span> <span class='ocrx_word' id='word_1_364' title='bbox 1263 4662 1593 4717; x_wconf 90' lang='lat' dir='ltr'>hominum.</span> <span class='ocrx_word' id='word_1_365' title='bbox 1661 4661 1890 4733; x_wconf 84' lang='lat' dir='ltr'>Angeli,</span> 
     </span>
    </p>
   </div>
   <div class='ocr_carea' id='block_1_51' title="bbox 219 4750 1886 4828">
    <p class='ocr_par' dir='ltr' id='par_1_51' title="bbox 219 4750 1886 4828">
     <span class='ocr_line' id='line_1_51' title="bbox 219 4750 1886 4828; baseline -0.007 -13"><span class='ocrx_word' id='word_1_366' title='bbox 219 4755 453 4828; x_wconf 88' lang='lat' dir='ltr'>inquit,</span> <span class='ocrx_word' id='word_1_367' title='bbox 488 4757 628 4810; x_wconf 91' lang='lat' dir='ltr'>sunt</span> <span class='ocrx_word' id='word_1_368' title='bbox 656 4754 725 4808; x_wconf 93' lang='lat' dir='ltr'>de</span> <span class='ocrx_word' id='word_1_369' title='bbox 757 4751 1091 4809; x_wconf 78' lang='lat' dir='ltr'>cmlestibus</span> <span class='ocrx_word' id='word_1_370' title='bbox 1124 4753 1565 4817; x_wconf 87' lang='lat' dir='ltr'>descendentes,</span> <span class='ocrx_word' id='word_1_371' title='bbox 1592 4756 1647 4807; x_wconf 89' lang='lat' dir='ltr'>et</span> <span class='ocrx_word' id='word_1_372' title='bbox 1679 4750 1886 4806; x_wconf 73' lang='lat' dir='ltr'>animm</span> 
     </span>
    </p>
   </div>
   <div class='ocr_carea' id='block_1_52' title="bbox 222 4841 1895 4920">
    <p class='ocr_par' dir='ltr' id='par_1_52' title="bbox 222 4841 1895 4920">
     <span class='ocr_line' id='line_1_52' title="bbox 222 4841 1895 4920; baseline -0.004 -19"><span class='ocrx_word' id='word_1_373' title='bbox 222 4861 368 4920; x_wconf 67' lang='lat' dir='ltr'>quae</span> <span class='ocrx_word' id='word_1_374' title='bbox 413 4842 891 4898; x_wconf 88' lang='lat' dir='ltr'>desideraverunt</span> <span class='ocrx_word' id='word_1_375' title='bbox 946 4858 1209 4913; x_wconf 90' lang='lat' dir='ltr'>corpora.</span> <span class='ocrx_word' id='word_1_376' title='bbox 1271 4841 1573 4912; x_wconf 86' lang='lat' dir='ltr'>Siquidem</span> <span class='ocrx_word' id='word_1_377' title='bbox 1650 4856 1895 4911; x_wconf 89' lang='lat' dir='ltr'>corpora</span> 
     </span>
    </p>
   </div>
   <div class='ocr_carea' id='block_1_53' title="bbox 220 4929 1894 5003">
    <p class='ocr_par' dir='ltr' id='par_1_53' title="bbox 220 4929 1894 5003">
     <span class='ocr_line' id='line_1_53' title="bbox 220 4929 1894 5003; baseline -0.005 -9"><span class='ocrx_word' id='word_1_378' title='bbox 220 4935 374 4995; x_wconf 77' lang='lat' dir='ltr'>filiae</span> <span class='ocrx_word' id='word_1_379' title='bbox 403 4931 713 4988; x_wconf 89' lang='lat' dir='ltr'>hominum</span> <span class='ocrx_word' id='word_1_380' title='bbox 752 4934 909 4987; x_wconf 87' lang='lat' dir='ltr'>sunt.</span> <span class='ocrx_word' id='word_1_381' title='bbox 940 4929 1187 4986; x_wconf 88' lang='lat' dir='ltr'>Vidistis</span> <span class='ocrx_word' id='word_1_382' title='bbox 1246 4931 1538 5003; x_wconf 88' lang='lat' dir='ltr'>quomodo</span> <span class='ocrx_word' id='word_1_383' title='bbox 1589 4929 1894 4985; x_wconf 64' lang='lat' dir='ltr'>Manichaai</span> 
     </span>
    </p>
   </div>
   <div class='ocr_carea' id='block_1_54' title="bbox 222 5019 1896 5097">
    <p class='ocr_par' dir='ltr' id='par_1_54' title="bbox 222 5019 1896 5097">
     <span class='ocr_line' id='line_1_54' title="bbox 222 5019 1896 5097; baseline -0.005 -15"><span class='ocrx_word' id='word_1_384' title='bbox 222 5028 457 5097; x_wconf 84' lang='lat' dir='ltr'>dogma</span> <span class='ocrx_word' id='word_1_385' title='bbox 500 5021 845 5092; x_wconf 82' lang='lat' dir='ltr'>consurgit?</span> <span class='ocrx_word' id='word_1_386' title='bbox 904 5020 1065 5076; x_wconf 90' lang='lat' dir='ltr'>Sicut</span> <span class='ocrx_word' id='word_1_387' title='bbox 1122 5019 1278 5074; x_wconf 89' lang='lat' dir='ltr'>enim</span> <span class='ocrx_word' id='word_1_388' title='bbox 1337 5020 1641 5074; x_wconf 75' lang='lat' dir='ltr'>Manichzni</span> <span class='ocrx_word' id='word_1_389' title='bbox 1693 5020 1896 5075; x_wconf 91' lang='lat' dir='ltr'>dicunt</span> 
     </span>
    </p>
   </div>
   <div class='ocr_carea' id='block_1_55' title="bbox 221 5107 1893 5181">
    <p class='ocr_par' dir='ltr' id='par_1_55' title="bbox 221 5107 1893 5181">
     <span class='ocr_line' id='line_1_55' title="bbox 221 5107 1893 5181; baseline -0.004 -10"><span class='ocrx_word' id='word_1_390' title='bbox 221 5113 472 5172; x_wconf 88' lang='lat' dir='ltr'>animas</span> <span class='ocrx_word' id='word_1_391' title='bbox 500 5108 863 5166; x_wconf 84' lang='lat' dir='ltr'>desiderasse</span> <span class='ocrx_word' id='word_1_392' title='bbox 910 5125 1152 5181; x_wconf 89' lang='lat' dir='ltr'>corpora</span> <span class='ocrx_word' id='word_1_393' title='bbox 1203 5107 1480 5178; x_wconf 89' lang='lat' dir='ltr'>humana,</span> <span class='ocrx_word' id='word_1_394' title='bbox 1533 5113 1591 5163; x_wconf 91' lang='lat' dir='ltr'>et</span> <span class='ocrx_word' id='word_1_395' title='bbox 1640 5108 1893 5165; x_wconf 77' lang='lat' dir='ltr'>sociatae</span> 
     </span>
    </p>
   </div>
   <div class='ocr_carea' id='block_1_56' title="bbox 219 5197 1899 5271">
    <p class='ocr_par' dir='ltr' id='par_1_56' title="bbox 219 5197 1899 5271">
     <span class='ocr_line' id='line_1_56' title="bbox 219 5197 1899 5271; baseline -0.004 -12"><span class='ocrx_word' id='word_1_396' title='bbox 219 5218 373 5260; x_wconf 87' lang='lat' dir='ltr'>esse</span> <span class='ocrx_word' id='word_1_397' title='bbox 403 5199 688 5271; x_wconf 89' lang='lat' dir='ltr'>voluptati</span> <span class='ocrx_word' id='word_1_398' title='bbox 719 5214 1028 5270; x_wconf 88' lang='lat' dir='ltr'>corporum</span> <span class='ocrx_word' id='word_1_399' title='bbox 1054 5216 1065 5253; x_wconf 93' lang='lat'>:</span> <span class='ocrx_word' id='word_1_400' title='bbox 1102 5198 1184 5253; x_wconf 91' lang='lat' dir='ltr'>sic</span> <span class='ocrx_word' id='word_1_401' title='bbox 1214 5202 1273 5252; x_wconf 91' lang='lat' dir='ltr'>et</span> <span class='ocrx_word' id='word_1_402' title='bbox 1302 5197 1399 5252; x_wconf 88' lang='lat' dir='ltr'>isti</span> <span class='ocrx_word' id='word_1_403' title='bbox 1435 5197 1535 5268; x_wconf 91' lang='lat' dir='ltr'>qui</span> <span class='ocrx_word' id='word_1_404' title='bbox 1567 5198 1773 5252; x_wconf 89' lang='lat' dir='ltr'>dicunt</span> <span class='ocrx_word' id='word_1_405' title='bbox 1801 5215 1899 5253; x_wconf 89' lang='lat' dir='ltr'>an-</span> 
     </span>
    </p>
   </div>
   <div class='ocr_carea' id='block_1_57' title="bbox 219 5286 1896 5368">
    <p class='ocr_par' dir='ltr' id='par_1_57' title="bbox 219 5286 1896 5368">
     <span class='ocr_line' id='line_1_57' title="bbox 219 5286 1896 5368; baseline -0.004 -20"><span class='ocrx_word' id='word_1_406' title='bbox 219 5292 403 5368; x_wconf 86' lang='lat' dir='ltr'>gelos</span> <span class='ocrx_word' id='word_1_407' title='bbox 432 5289 797 5345; x_wconf 86' lang='lat' dir='ltr'>desiderasse</span> <span class='ocrx_word' id='word_1_408' title='bbox 827 5304 1089 5360; x_wconf 89' lang='lat' dir='ltr'>corpora,</span> <span class='ocrx_word' id='word_1_409' title='bbox 1126 5288 1230 5343; x_wconf 89' lang='lat' dir='ltr'>hoc</span> <span class='ocrx_word' id='word_1_410' title='bbox 1262 5290 1351 5342; x_wconf 88' lang='lat' dir='ltr'>est</span> <span class='ocrx_word' id='word_1_411' title='bbox 1384 5286 1536 5341; x_wconf 90' lang='lat' dir='ltr'>ﬁlias</span> <span class='ocrx_word' id='word_1_412' title='bbox 1568 5286 1896 5354; x_wconf 87' lang='lat' dir='ltr'>hominum,</span> 
     </span>
    </p>
   </div>
   <div class='ocr_carea' id='block_1_58' title="bbox 222 5377 1901 5449">
    <p class='ocr_par' dir='ltr' id='par_1_58' title="bbox 222 5377 1901 5449">
     <span class='ocr_line' id='line_1_58' title="bbox 222 5377 1901 5449; baseline -0.006 -9"><span class='ocrx_word' id='word_1_413' title='bbox 222 5395 438 5441; x_wconf 90' lang='lat' dir='ltr'>nonne</span> <span class='ocrx_word' id='word_1_414' title='bbox 468 5378 632 5434; x_wconf 85' lang='lat' dir='ltr'>vobis</span> <span class='ocrx_word' id='word_1_415' title='bbox 664 5378 935 5432; x_wconf 87' lang='lat' dir='ltr'>videntur</span> <span class='ocrx_word' id='word_1_416' title='bbox 964 5377 1221 5449; x_wconf 87' lang='lat' dir='ltr'>idipsum</span> <span class='ocrx_word' id='word_1_417' title='bbox 1255 5377 1444 5431; x_wconf 88' lang='lat' dir='ltr'>dicere</span> <span class='ocrx_word' id='word_1_418' title='bbox 1474 5377 1629 5447; x_wconf 90' lang='lat' dir='ltr'>quod</span> <span class='ocrx_word' id='word_1_419' title='bbox 1675 5380 1732 5430; x_wconf 89' lang='lat' dir='ltr'>et</span> <span class='ocrx_word' id='word_1_420' title='bbox 1789 5380 1901 5431; x_wconf 89' lang='lat' dir='ltr'>Ma-</span> 
     </span>
    </p>
   </div>
   <div class='ocr_carea' id='block_1_59' title="bbox 226 5465 1900 5538">
    <p class='ocr_par' dir='ltr' id='par_1_59' title="bbox 226 5465 1900 5538">
     <span class='ocr_line' id='line_1_59' title="bbox 226 5465 1900 5538; baseline -0.003 -14"><span class='ocrx_word' id='word_1_421' title='bbox 226 5467 455 5529; x_wconf 69' lang='lat' dir='ltr'>nichzei</span> <span class='ocrx_word' id='word_1_422' title='bbox 482 5467 510 5522; x_wconf 85' lang='lat'>?</span> <span class='ocrx_word' id='word_1_423' title='bbox 542 5467 804 5538; x_wconf 90' lang='lat' dir='ltr'>Longum</span> <span class='ocrx_word' id='word_1_424' title='bbox 839 5470 927 5520; x_wconf 89' lang='lat' dir='ltr'>est</span> <span class='ocrx_word' id='word_1_425' title='bbox 956 5482 1113 5521; x_wconf 92' lang='lat' dir='ltr'>nunc</span> <span class='ocrx_word' id='word_1_426' title='bbox 1139 5470 1340 5521; x_wconf 90' lang='lat' dir='ltr'>contra</span> <span class='ocrx_word' id='word_1_427' title='bbox 1372 5465 1500 5520; x_wconf 91' lang='lat' dir='ltr'>illos</span> <span class='ocrx_word' id='word_1_428' title='bbox 1530 5466 1719 5520; x_wconf 85' lang='lat' dir='ltr'>dicere</span> <span class='ocrx_word' id='word_1_429' title='bbox 1753 5483 1765 5520; x_wconf 89' lang='lat'>:</span> <span class='ocrx_word' id='word_1_430' title='bbox 1801 5465 1900 5520; x_wconf 88' lang='lat' dir='ltr'>sed</span> 
     </span>
    </p>
   </div>
   <div class='ocr_carea' id='block_1_60' title="bbox 227 5553 1901 5627">
    <p class='ocr_par' dir='ltr' id='par_1_60' title="bbox 227 5553 1901 5627">
     <span class='ocr_line' id='line_1_60' title="bbox 227 5553 1901 5627; baseline -0.005 -10"><span class='ocrx_word' id='word_1_431' title='bbox 227 5555 661 5621; x_wconf 81' lang='lat' dir='ltr'>tantummodo</span> <span class='ocrx_word' id='word_1_432' title='bbox 717 5555 972 5610; x_wconf 89' lang='lat' dir='ltr'>indicare</span> <span class='ocrx_word' id='word_1_433' title='bbox 1027 5553 1204 5623; x_wconf 89' lang='lat' dir='ltr'>volui,</span> <span class='ocrx_word' id='word_1_434' title='bbox 1265 5556 1335 5611; x_wconf 91' lang='lat' dir='ltr'>de</span> <span class='ocrx_word' id='word_1_435' title='bbox 1414 5572 1528 5627; x_wconf 93' lang='lat' dir='ltr'>quo</span> <span class='ocrx_word' id='word_1_436' title='bbox 1603 5554 1901 5610; x_wconf 89' lang='lat' dir='ltr'>volumine</span> 
     </span>
    </p>
   </div>
   <div class='ocr_carea' id='block_1_61' title="bbox 333 5769 1401 5845">
    <p class='ocr_par' dir='ltr' id='par_1_61' title="bbox 333 5769 1401 5845">
     <span class='ocr_line' id='line_1_61' title="bbox 333 5769 1401 5845; baseline -0.002 -12"><span class='ocrx_word' id='word_1_437' title='bbox 333 5777 353 5814; x_wconf 76' lang='grc' dir='ltr'><strong>ι</strong></span> <span class='ocrx_word' id='word_1_438' title='bbox 390 5771 585 5833; x_wconf 87' lang='lat' dir='ltr'>Facite</span> <span class='ocrx_word' id='word_1_439' title='bbox 611 5769 704 5829; x_wconf 90' lang='lat' dir='ltr'>hic</span> <span class='ocrx_word' id='word_1_440' title='bbox 737 5774 825 5828; x_wconf 90' lang='lat' dir='ltr'>est</span> <span class='ocrx_word' id='word_1_441' title='bbox 855 5773 1202 5845; x_wconf 75' lang='lat' dir='ltr'>Egregorwn</span> <span class='ocrx_word' id='word_1_442' title='bbox 1233 5769 1401 5831; x_wconf 90' lang='lat' dir='ltr'>liber.</span> 
     </span>
    </p>
   </div>
   <div class='ocr_carea' id='block_1_62' title="bbox 1989 752 3634 830">
    <p class='ocr_par' dir='ltr' id='par_1_62' title="bbox 1989 752 3634 830">
     <span class='ocr_line' id='line_1_62' title="bbox 1989 752 3634 830; baseline 0.007 -25"><span class='ocrx_word' id='word_1_443' title='bbox 1989 752 2256 825; x_wconf 74' lang='grc' dir='ltr'>ἀνὸθημα,</span> <span class='ocrx_word' id='word_1_444' title='bbox 2310 755 2414 810; x_wconf 93' lang='lat' dir='ltr'>hoc</span> <span class='ocrx_word' id='word_1_445' title='bbox 2471 761 2561 810; x_wconf 90' lang='lat' dir='ltr'>est</span> <span class='ocrx_word' id='word_1_446' title='bbox 2606 754 3001 811; x_wconf 79' lang='lat' dir='ltr'>condemnatio.</span> <span class='ocrx_word' id='word_1_447' title='bbox 3057 755 3172 811; x_wconf 84' lang='lat' dir='ltr'>Res</span> <span class='ocrx_word' id='word_1_448' title='bbox 3220 773 3357 830; x_wconf 88' lang='lat' dir='ltr'>ergo</span> <span class='ocrx_word' id='word_1_449' title='bbox 3405 757 3634 817; x_wconf 88' lang='lat' dir='ltr'>Domini</span> 
     </span>
    </p>
   </div>
   <div class='ocr_carea' id='block_1_63' title="bbox 1990 842 3632 917">
    <p class='ocr_par' dir='ltr' id='par_1_63' title="bbox 1990 842 3632 917">
     <span class='ocr_line' id='line_1_63' title="bbox 1990 842 3632 917; baseline 0.005 -20"><span class='ocrx_word' id='word_1_450' title='bbox 1990 848 2123 898; x_wconf 88' lang='lat' dir='ltr'>ante</span> <span class='ocrx_word' id='word_1_451' title='bbox 2153 842 2261 898; x_wconf 81' lang='lat' dir='ltr'>fuit</span> <span class='ocrx_word' id='word_1_452' title='bbox 2288 844 2344 897; x_wconf 90' lang='lat' dir='ltr'>in</span> <span class='ocrx_word' id='word_1_453' title='bbox 2380 843 2594 916; x_wconf 90' lang='lat' dir='ltr'>populo</span> <span class='ocrx_word' id='word_1_454' title='bbox 2623 844 2984 912; x_wconf 80' lang='lat' dir='ltr'>Judaeorum,</span> <span class='ocrx_word' id='word_1_455' title='bbox 3027 844 3128 916; x_wconf 90' lang='lat' dir='ltr'>qui</span> <span class='ocrx_word' id='word_1_456' title='bbox 3160 848 3362 917; x_wconf 87' lang='lat' dir='ltr'>postea</span> <span class='ocrx_word' id='word_1_457' title='bbox 3390 846 3632 904; x_wconf 54' lang='lat' dir='ltr'>anathev</span> 
     </span>
    </p>
   </div>
   <div class='ocr_carea' id='block_1_64' title="bbox 1991 932 3636 1005">
    <p class='ocr_par' dir='ltr' id='par_1_64' title="bbox 1991 932 3636 1005">
     <span class='ocr_line' id='line_1_64' title="bbox 1991 932 3636 1005; baseline 0.003 -19"><span class='ocrx_word' id='word_1_458' title='bbox 1991 932 2302 987; x_wconf 90' lang='lat' dir='ltr'>matizatus</span> <span class='ocrx_word' id='word_1_459' title='bbox 2334 936 2443 1003; x_wconf 89' lang='lat' dir='ltr'>est,</span> <span class='ocrx_word' id='word_1_460' title='bbox 2468 936 2526 988; x_wconf 89' lang='lat' dir='ltr'>et</span> <span class='ocrx_word' id='word_1_461' title='bbox 2546 932 2870 989; x_wconf 87' lang='lat' dir='ltr'>benedictio</span> <span class='ocrx_word' id='word_1_462' title='bbox 2902 932 3004 990; x_wconf 88' lang='lat' dir='ltr'>illa</span> <span class='ocrx_word' id='word_1_463' title='bbox 3041 950 3167 1005; x_wconf 70' lang='lat' dir='ltr'>quae</span> <span class='ocrx_word' id='word_1_464' title='bbox 3220 938 3353 991; x_wconf 88' lang='lat' dir='ltr'>ante</span> <span class='ocrx_word' id='word_1_465' title='bbox 3400 933 3636 993; x_wconf 84' lang='lat' dir='ltr'>descen-</span> 
     </span>
    </p>
   </div>
   <div class='ocr_carea' id='block_1_65' title="bbox 1991 1019 3636 1095">
    <p class='ocr_par' dir='ltr' id='par_1_65' title="bbox 1991 1019 3636 1095">
     <span class='ocr_line' id='line_1_65' title="bbox 1991 1019 3636 1095; baseline 0.004 -21"><span class='ocrx_word' id='word_1_466' title='bbox 1991 1020 2166 1075; x_wconf 90' lang='lat' dir='ltr'>debat</span> <span class='ocrx_word' id='word_1_467' title='bbox 2196 1019 2253 1075; x_wconf 90' lang='lat' dir='ltr'>in</span> <span class='ocrx_word' id='word_1_468' title='bbox 2287 1020 2500 1092; x_wconf 90' lang='lat' dir='ltr'>populo</span> <span class='ocrx_word' id='word_1_469' title='bbox 2531 1020 3038 1094; x_wconf 83' lang='lat' dir='ltr'>anathematizato,</span> <span class='ocrx_word' id='word_1_470' title='bbox 3088 1027 3292 1095; x_wconf 88' lang='lat' dir='ltr'>postea</span> <span class='ocrx_word' id='word_1_471' title='bbox 3335 1024 3636 1081; x_wconf 89' lang='lat' dir='ltr'>descendit</span> 
     </span>
    </p>
   </div>
   <div class='ocr_carea' id='block_1_66' title="bbox 1990 1109 3636 1180">
    <p class='ocr_par' dir='ltr' id='par_1_66' title="bbox 1990 1109 3636 1180">
     <span class='ocr_line' id='line_1_66' title="bbox 1990 1109 3636 1180; baseline 0.003 -16"><span class='ocrx_word' id='word_1_472' title='bbox 1990 1109 2051 1164; x_wconf 87' lang='lat' dir='ltr'>in</span> <span class='ocrx_word' id='word_1_473' title='bbox 2082 1114 2340 1166; x_wconf 89' lang='lat' dir='ltr'>montem</span> <span class='ocrx_word' id='word_1_474' title='bbox 2372 1111 2528 1178; x_wconf 90' lang='lat' dir='ltr'>Sion,</span> <span class='ocrx_word' id='word_1_475' title='bbox 2566 1110 2669 1166; x_wconf 94' lang='lat' dir='ltr'>hoc</span> <span class='ocrx_word' id='word_1_476' title='bbox 2723 1115 2812 1167; x_wconf 90' lang='lat' dir='ltr'>est</span> <span class='ocrx_word' id='word_1_477' title='bbox 2840 1112 2897 1166; x_wconf 89' lang='lat' dir='ltr'>in</span> <span class='ocrx_word' id='word_1_478' title='bbox 2930 1110 3266 1169; x_wconf 87' lang='lat' dir='ltr'>Ecclesiam.</span> <span class='ocrx_word' id='word_1_479' title='bbox 3300 1113 3437 1180; x_wconf 90' lang='lat' dir='ltr'>Nos,</span> <span class='ocrx_word' id='word_1_480' title='bbox 3469 1114 3520 1170; x_wconf 88' lang='lat' dir='ltr'>si</span> <span class='ocrx_word' id='word_1_481' title='bbox 3548 1118 3636 1169; x_wconf 85' lang='lat' dir='ltr'>ta-</span> 
     </span>
    </p>
   </div>
   <div class='ocr_carea' id='block_1_67' title="bbox 1995 1198 3638 1273">
    <p class='ocr_par' dir='ltr' id='par_1_67' title="bbox 1995 1198 3638 1273">
     <span class='ocr_line' id='line_1_67' title="bbox 1995 1198 3638 1273; baseline 0.005 -20"><span class='ocrx_word' id='word_1_482' title='bbox 1995 1215 2127 1253; x_wconf 89' lang='lat' dir='ltr'>men</span> <span class='ocrx_word' id='word_1_483' title='bbox 2159 1199 2228 1254; x_wconf 93' lang='lat' dir='ltr'>de</span> <span class='ocrx_word' id='word_1_484' title='bbox 2261 1198 2517 1256; x_wconf 88' lang='lat' dir='ltr'>Ecclesia</span> <span class='ocrx_word' id='word_1_485' title='bbox 2547 1216 2754 1255; x_wconf 92' lang='lat' dir='ltr'>sumus</span> <span class='ocrx_word' id='word_1_486' title='bbox 2785 1199 3120 1272; x_wconf 89' lang='lat' dir='ltr'>(Ecclesiam</span> <span class='ocrx_word' id='word_1_487' title='bbox 3152 1206 3348 1258; x_wconf 91' lang='lat' dir='ltr'>autem</span> <span class='ocrx_word' id='word_1_488' title='bbox 3378 1202 3507 1261; x_wconf 92' lang='lat' dir='ltr'>dico</span> <span class='ocrx_word' id='word_1_489' title='bbox 3535 1204 3638 1273; x_wconf 86' lang='lat' dir='ltr'>do-</span> 
     </span>
    </p>
   </div>
   <div class='ocr_carea' id='block_1_68' title="bbox 1994 1288 3639 1362">
    <p class='ocr_par' dir='ltr' id='par_1_68' title="bbox 1994 1288 3639 1362">
     <span class='ocr_line' id='line_1_68' title="bbox 1994 1288 3639 1362; baseline 0.007 -20"><span class='ocrx_word' id='word_1_490' title='bbox 1994 1290 2258 1359; x_wconf 90' lang='lat' dir='ltr'>gmatum</span> <span class='ocrx_word' id='word_1_491' title='bbox 2287 1288 2609 1358; x_wconf 87' lang='lat' dir='ltr'>veritatem,</span> <span class='ocrx_word' id='word_1_492' title='bbox 2644 1288 2853 1346; x_wconf 88' lang='lat' dir='ltr'>Christi</span> <span class='ocrx_word' id='word_1_493' title='bbox 2894 1290 3362 1362; x_wconf 86' lang='lat' dir='ltr'>confessionem),</span> <span class='ocrx_word' id='word_1_494' title='bbox 3425 1309 3532 1350; x_wconf 92' lang='lat' dir='ltr'>nos</span> <span class='ocrx_word' id='word_1_495' title='bbox 3579 1293 3639 1355; x_wconf 85' lang='lat' dir='ltr'>in</span> 
     </span>
    </p>
   </div>
   <div class='ocr_carea' id='block_1_69' title="bbox 1994 1376 3638 1457">
    <p class='ocr_par' dir='ltr' id='par_1_69' title="bbox 1994 1376 3638 1457">
     <span class='ocr_line' id='line_1_69' title="bbox 1994 1376 3638 1457; baseline 0.006 -27"><span class='ocrx_word' id='word_1_496' title='bbox 1994 1376 2306 1432; x_wconf 71' lang='lat' dir='ltr'>aediﬁcium</span> <span class='ocrx_word' id='word_1_497' title='bbox 2337 1394 2564 1433; x_wconf 90' lang='lat' dir='ltr'>sumus.</span> <span class='ocrx_word' id='word_1_498' title='bbox 2599 1378 2665 1434; x_wconf 86' lang='lat' dir='ltr'>Et</span> <span class='ocrx_word' id='word_1_499' title='bbox 2696 1378 2901 1451; x_wconf 87' lang='lat' dir='ltr'>quanti</span> <span class='ocrx_word' id='word_1_500' title='bbox 2932 1379 3114 1436; x_wconf 87' lang='lat' dir='ltr'>sancti</span> <span class='ocrx_word' id='word_1_501' title='bbox 3140 1380 3199 1436; x_wconf 93' lang='lat' dir='ltr'>in</span> <span class='ocrx_word' id='word_1_502' title='bbox 3225 1381 3454 1438; x_wconf 89' lang='lat' dir='ltr'>deserto</span> <span class='ocrx_word' id='word_1_503' title='bbox 3478 1386 3638 1457; x_wconf 89' lang='lat' dir='ltr'>sunt,</span> 
     </span>
    </p>
   </div>
   <div class='ocr_carea' id='block_1_70' title="bbox 1996 1464 3636 1543">
    <p class='ocr_par' dir='ltr' id='par_1_70' title="bbox 1996 1464 3636 1543">
     <span class='ocr_line' id='line_1_70' title="bbox 1996 1464 3636 1543; baseline 0.006 -24"><span class='ocrx_word' id='word_1_504' title='bbox 1996 1464 2200 1536; x_wconf 90' lang='lat' dir='ltr'>quanti</span> <span class='ocrx_word' id='word_1_505' title='bbox 2234 1466 2303 1521; x_wconf 91' lang='lat' dir='ltr'>de</span> <span class='ocrx_word' id='word_1_506' title='bbox 2337 1466 2506 1522; x_wconf 91' lang='lat' dir='ltr'>nobis</span> <span class='ocrx_word' id='word_1_507' title='bbox 2537 1484 2653 1522; x_wconf 91' lang='lat' dir='ltr'>non</span> <span class='ocrx_word' id='word_1_508' title='bbox 2684 1472 2823 1524; x_wconf 90' lang='lat' dir='ltr'>sunt</span> <span class='ocrx_word' id='word_1_509' title='bbox 2851 1467 2911 1523; x_wconf 88' lang='lat' dir='ltr'>in</span> <span class='ocrx_word' id='word_1_510' title='bbox 2944 1467 3219 1538; x_wconf 88' lang='lat' dir='ltr'>Ecclesia,</span> <span class='ocrx_word' id='word_1_511' title='bbox 3278 1472 3334 1525; x_wconf 90' lang='lat' dir='ltr'>et</span> <span class='ocrx_word' id='word_1_512' title='bbox 3392 1468 3476 1525; x_wconf 91' lang='lat' dir='ltr'>illi</span> <span class='ocrx_word' id='word_1_513' title='bbox 3535 1471 3636 1543; x_wconf 88' lang='lat' dir='ltr'>qui</span> 
     </span>
    </p>
   </div>
   <div class='ocr_carea' id='block_1_71' title="bbox 1997 1554 3641 1624">
    <p class='ocr_par' dir='ltr' id='par_1_71' title="bbox 1997 1554 3641 1624">
     <span class='ocr_line' id='line_1_71' title="bbox 1997 1554 3641 1624; baseline 0.004 -17"><span class='ocrx_word' id='word_1_514' title='bbox 1997 1570 2112 1608; x_wconf 91' lang='lat' dir='ltr'>non</span> <span class='ocrx_word' id='word_1_515' title='bbox 2145 1558 2284 1609; x_wconf 90' lang='lat' dir='ltr'>sunt</span> <span class='ocrx_word' id='word_1_516' title='bbox 2315 1556 2384 1609; x_wconf 92' lang='lat' dir='ltr'>de</span> <span class='ocrx_word' id='word_1_517' title='bbox 2414 1554 2692 1624; x_wconf 88' lang='lat' dir='ltr'>Ecclesia,</span> <span class='ocrx_word' id='word_1_518' title='bbox 2714 1562 3026 1613; x_wconf 86' lang='lat' dir='ltr'>versantur</span> <span class='ocrx_word' id='word_1_519' title='bbox 3045 1557 3103 1613; x_wconf 92' lang='lat' dir='ltr'>in</span> <span class='ocrx_word' id='word_1_520' title='bbox 3125 1557 3382 1614; x_wconf 86' lang='lat' dir='ltr'>Ecclesia</span> <span class='ocrx_word' id='word_1_521' title='bbox 3401 1558 3641 1616; x_wconf 83' lang='lat' dir='ltr'>Christi.</span> 
     </span>
    </p>
   </div>
   <div class='ocr_carea' id='block_1_72' title="bbox 1996 1641 3648 1718">
    <p class='ocr_par' dir='ltr' id='par_1_72' title="bbox 1996 1641 3648 1718">
     <span class='ocr_line' id='line_1_72' title="bbox 1996 1641 3648 1718; baseline 0.006 -22"><span class='ocrx_word' id='word_1_522' title='bbox 1996 1641 2053 1697; x_wconf 87' lang='lat' dir='ltr'>Si</span> <span class='ocrx_word' id='word_1_523' title='bbox 2084 1659 2215 1698; x_wconf 88' lang='lat' dir='ltr'>vero</span> <span class='ocrx_word' id='word_1_524' title='bbox 2248 1660 2455 1699; x_wconf 78' lang='lat' dir='ltr'>sumus</span> <span class='ocrx_word' id='word_1_525' title='bbox 2488 1644 2545 1699; x_wconf 90' lang='lat' dir='ltr'>in</span> <span class='ocrx_word' id='word_1_526' title='bbox 2579 1645 2856 1718; x_wconf 88' lang='lat' dir='ltr'>Ecclesia,</span> <span class='ocrx_word' id='word_1_527' title='bbox 2889 1646 2939 1701; x_wconf 89' lang='lat' dir='ltr'>si</span> <span class='ocrx_word' id='word_1_528' title='bbox 2970 1646 3257 1704; x_wconf 87' lang='lat' dir='ltr'>habemus</span> <span class='ocrx_word' id='word_1_529' title='bbox 3313 1647 3489 1705; x_wconf 88' lang='lat' dir='ltr'>ﬁdem</span> <span class='ocrx_word' id='word_1_530' title='bbox 3548 1648 3648 1706; x_wconf 87' lang='lat' dir='ltr'>Ec-</span> 
     </span>
    </p>
   </div>
   <div class='ocr_carea' id='block_1_73' title="bbox 2000 1724 3646 1810">
    <p class='ocr_par' dir='ltr' id='par_1_73' title="bbox 2000 1724 3646 1810">
     <span class='ocr_line' id='line_1_73' title="bbox 2000 1724 3646 1810; baseline 0.005 -24"><span class='ocrx_word' id='word_1_531' title='bbox 2000 1731 2209 1799; x_wconf 81' lang='lat' dir='ltr'>clesiae,</span> <span class='ocrx_word' id='word_1_532' title='bbox 2246 1732 2420 1789; x_wconf 90' lang='lat' dir='ltr'>ﬁdem</span> <span class='ocrx_word' id='word_1_533' title='bbox 2452 1724 2876 1805; x_wconf 66' lang='lat' dir='ltr'>apostolorum,</span> <span class='ocrx_word' id='word_1_534' title='bbox 2909 1734 3080 1790; x_wconf 90' lang='lat' dir='ltr'>ﬁdem</span> <span class='ocrx_word' id='word_1_535' title='bbox 3122 1735 3355 1803; x_wconf 88' lang='lat' dir='ltr'>Christi,</span> <span class='ocrx_word' id='word_1_536' title='bbox 3404 1736 3646 1810; x_wconf 89' lang='lat' dir='ltr'>dogma-</span> 
     </span>
    </p>
   </div>
   <div class='ocr_carea' id='block_1_74' title="bbox 2001 1820 3649 1890">
    <p class='ocr_par' dir='ltr' id='par_1_74' title="bbox 2001 1820 3649 1890">
     <span class='ocr_line' id='line_1_74' title="bbox 2001 1820 3649 1890; baseline 0.005 -16"><span class='ocrx_word' id='word_1_537' title='bbox 2001 1824 2127 1875; x_wconf 89' lang='lat' dir='ltr'>tum</span> <span class='ocrx_word' id='word_1_538' title='bbox 2157 1820 2450 1890; x_wconf 86' lang='lat' dir='ltr'>veritates,</span> <span class='ocrx_word' id='word_1_539' title='bbox 2484 1827 2713 1879; x_wconf 87' lang='lat' dir='ltr'>montes</span> <span class='ocrx_word' id='word_1_540' title='bbox 2746 1840 2954 1879; x_wconf 90' lang='lat' dir='ltr'>sumus</span> <span class='ocrx_word' id='word_1_541' title='bbox 2994 1824 3154 1879; x_wconf 92' lang='lat' dir='ltr'>Sion.</span> <span class='ocrx_word' id='word_1_542' title='bbox 3186 1823 3473 1882; x_wconf 86' lang='lat' dir='ltr'>Nolumus</span> <span class='ocrx_word' id='word_1_543' title='bbox 3520 1841 3649 1882; x_wconf 88' lang='lat' dir='ltr'>esse</span> 
     </span>
    </p>
   </div>
   <div class='ocr_carea' id='block_1_75' title="bbox 2001 1909 3649 1981">
    <p class='ocr_par' dir='ltr' id='par_1_75' title="bbox 2001 1909 3649 1981">
     <span class='ocr_line' id='line_1_75' title="bbox 2001 1909 3649 1981; baseline 0.005 -17"><span class='ocrx_word' id='word_1_544' title='bbox 2001 1909 2072 1964; x_wconf 90' lang='lat' dir='ltr'>de</span> <span class='ocrx_word' id='word_1_545' title='bbox 2102 1909 2239 1965; x_wconf 90' lang='lat' dir='ltr'>Sion</span> <span class='ocrx_word' id='word_1_546' title='bbox 2269 1909 2468 1981; x_wconf 90' lang='lat' dir='ltr'>valles,</span> <span class='ocrx_word' id='word_1_547' title='bbox 2500 1912 2599 1966; x_wconf 91' lang='lat' dir='ltr'>sed</span> <span class='ocrx_word' id='word_1_548' title='bbox 2631 1916 2861 1968; x_wconf 89' lang='lat' dir='ltr'>montes</span> <span class='ocrx_word' id='word_1_549' title='bbox 2892 1912 3049 1971; x_wconf 90' lang='lat' dir='ltr'>Sion.</span> <span class='ocrx_word' id='word_1_550' title='bbox 3084 1913 3266 1973; x_wconf 88' lang='lat' dir='ltr'>Habet</span> <span class='ocrx_word' id='word_1_551' title='bbox 3305 1914 3462 1970; x_wconf 90' lang='lat' dir='ltr'>enim</span> <span class='ocrx_word' id='word_1_552' title='bbox 3511 1914 3649 1972; x_wconf 86' lang='lat' dir='ltr'>Sion</span> 
     </span>
    </p>
   </div>
   <div class='ocr_carea' id='block_1_76' title="bbox 1998 1996 3653 2076">
    <p class='ocr_par' dir='ltr' id='par_1_76' title="bbox 1998 1996 3653 2076">
     <span class='ocr_line' id='line_1_76' title="bbox 1998 1996 3653 2076; baseline 0.005 -25"><span class='ocrx_word' id='word_1_553' title='bbox 1998 1996 2178 2053; x_wconf 90' lang='lat' dir='ltr'>valles</span> <span class='ocrx_word' id='word_1_554' title='bbox 2207 2015 2367 2065; x_wconf 89' lang='lat' dir='ltr'>suas,</span> <span class='ocrx_word' id='word_1_555' title='bbox 2400 1999 2576 2055; x_wconf 87' lang='lat' dir='ltr'>habet</span> <span class='ocrx_word' id='word_1_556' title='bbox 2604 2004 2660 2057; x_wconf 91' lang='lat' dir='ltr'>et</span> <span class='ocrx_word' id='word_1_557' title='bbox 2689 2018 2983 2074; x_wconf 90' lang='lat' dir='ltr'>campum.</span> <span class='ocrx_word' id='word_1_558' title='bbox 3014 2002 3356 2075; x_wconf 87' lang='lat' dir='ltr'>Quicunque</span> <span class='ocrx_word' id='word_1_559' title='bbox 3386 2006 3653 2076; x_wconf 89' lang='lat' dir='ltr'>peccator</span> 
     </span>
    </p>
   </div>
   <div class='ocr_carea' id='block_1_77' title="bbox 1999 2087 3651 2154">
    <p class='ocr_par' dir='ltr' id='par_1_77' title="bbox 1999 2087 3651 2154">
     <span class='ocr_line' id='line_1_77' title="bbox 1999 2087 3651 2154; baseline 0.002 -12"><span class='ocrx_word' id='word_1_560' title='bbox 1999 2091 2107 2154; x_wconf 91' lang='lat' dir='ltr'>est,</span> <span class='ocrx_word' id='word_1_561' title='bbox 2139 2087 2308 2143; x_wconf 90' lang='lat' dir='ltr'>vallis</span> <span class='ocrx_word' id='word_1_562' title='bbox 2338 2092 2426 2143; x_wconf 89' lang='lat' dir='ltr'>est</span> <span class='ocrx_word' id='word_1_563' title='bbox 2456 2088 2614 2154; x_wconf 92' lang='lat' dir='ltr'>Sion,</span> <span class='ocrx_word' id='word_1_564' title='bbox 2648 2105 2761 2145; x_wconf 88' lang='lat' dir='ltr'>non</span> <span class='ocrx_word' id='word_1_565' title='bbox 2789 2094 2878 2145; x_wconf 89' lang='lat' dir='ltr'>est</span> <span class='ocrx_word' id='word_1_566' title='bbox 2908 2106 3077 2146; x_wconf 90' lang='lat' dir='ltr'>mons</span> <span class='ocrx_word' id='word_1_567' title='bbox 3125 2089 3282 2147; x_wconf 87' lang='lat' dir='ltr'>Sion.</span> <span class='ocrx_word' id='word_1_568' title='bbox 3335 2090 3498 2147; x_wconf 89' lang='lat' dir='ltr'>Dicat</span> <span class='ocrx_word' id='word_1_569' title='bbox 3546 2089 3651 2149; x_wconf 87' lang='lat' dir='ltr'>ali-</span> 
     </span>
    </p>
   </div>
   <div class='ocr_carea' id='block_1_78' title="bbox 1999 2176 3646 2255">
    <p class='ocr_par' dir='ltr' id='par_1_78' title="bbox 1999 2176 3646 2255">
     <span class='ocr_line' id='line_1_78' title="bbox 1999 2176 3646 2255; baseline 0.006 -27"><span class='ocrx_word' id='word_1_570' title='bbox 1999 2176 2163 2246; x_wconf 90' lang='lat' dir='ltr'>quis:</span> <span class='ocrx_word' id='word_1_571' title='bbox 2220 2176 2300 2232; x_wconf 91' lang='lat' dir='ltr'>De</span> <span class='ocrx_word' id='word_1_572' title='bbox 2348 2182 2448 2232; x_wconf 88' lang='lat' dir='ltr'>tuo</span> <span class='ocrx_word' id='word_1_573' title='bbox 2503 2194 2676 2233; x_wconf 87' lang='lat' dir='ltr'>sensu</span> <span class='ocrx_word' id='word_1_574' title='bbox 2736 2177 3011 2250; x_wconf 89' lang='lat' dir='ltr'>loqueris.</span> <span class='ocrx_word' id='word_1_575' title='bbox 3070 2182 3361 2237; x_wconf 87' lang='lat' dir='ltr'>Vocemus</span> <span class='ocrx_word' id='word_1_576' title='bbox 3435 2183 3646 2255; x_wconf 87' lang='lat' dir='ltr'>testem</span> 
     </span>
    </p>
   </div>
   <div class='ocr_carea' id='block_1_79' title="bbox 1997 2263 3653 2342">
    <p class='ocr_par' dir='ltr' id='par_1_79' title="bbox 1997 2263 3653 2342">
     <span class='ocr_line' id='line_1_79' title="bbox 1997 2263 3653 2342; baseline 0.004 -24"><span class='ocrx_word' id='word_1_577' title='bbox 1997 2263 2230 2334; x_wconf 90' lang='lat' dir='ltr'>Isaiam,</span> <span class='ocrx_word' id='word_1_578' title='bbox 2289 2282 2354 2321; x_wconf 92' lang='lat' dir='ltr'>eo</span> <span class='ocrx_word' id='word_1_579' title='bbox 2414 2270 2677 2338; x_wconf 88' lang='lat' dir='ltr'>tempore</span> <span class='ocrx_word' id='word_1_580' title='bbox 2743 2284 2858 2339; x_wconf 93' lang='lat' dir='ltr'>quo</span> <span class='ocrx_word' id='word_1_581' title='bbox 2916 2272 3253 2340; x_wconf 88' lang='lat' dir='ltr'>peccaverat</span> <span class='ocrx_word' id='word_1_582' title='bbox 3299 2268 3458 2338; x_wconf 89' lang='lat' dir='ltr'>Sion,</span> <span class='ocrx_word' id='word_1_583' title='bbox 3518 2273 3653 2342; x_wconf 89' lang='lat' dir='ltr'>post</span> 
     </span>
    </p>
   </div>
   <div class='ocr_carea' id='block_1_80' title="bbox 1996 2352 3649 2421">
    <p class='ocr_par' dir='ltr' id='par_1_80' title="bbox 1996 2352 3649 2421">
     <span class='ocr_line' id='line_1_80' title="bbox 1996 2352 3649 2421; baseline 0.005 -14"><span class='ocrx_word' id='word_1_584' title='bbox 1996 2352 2216 2408; x_wconf 91' lang='lat' dir='ltr'>multas</span> <span class='ocrx_word' id='word_1_585' title='bbox 2272 2352 2546 2421; x_wconf 91' lang='lat' dir='ltr'>visiones,</span> <span class='ocrx_word' id='word_1_586' title='bbox 2596 2355 2694 2410; x_wconf 89' lang='lat' dir='ltr'>ubi</span> <span class='ocrx_word' id='word_1_587' title='bbox 2745 2354 2994 2412; x_wconf 88' lang='lat' dir='ltr'>dicitur:</span> <span class='ocrx_word' id='word_1_588' title='bbox 3076 2358 3217 2414; x_wconf 85' lang='lat' dir='ltr'>Visio</span> <span class='ocrx_word' id='word_1_589' title='bbox 3281 2366 3472 2415; x_wconf 84' lang='lat' dir='ltr'>contra</span> <span class='ocrx_word' id='word_1_590' title='bbox 3522 2358 3649 2415; x_wconf 83' lang='lat' dir='ltr'>ldu-</span> 
     </span>
    </p>
   </div>
   <div class='ocr_carea' id='block_1_81' title="bbox 1995 2444 3659 2519">
    <p class='ocr_par' dir='ltr' id='par_1_81' title="bbox 1995 2444 3659 2519">
     <span class='ocr_line' id='line_1_81' title="bbox 1995 2444 3659 2519; baseline 0.007 -24"><span class='ocrx_word' id='word_1_591' title='bbox 1995 2458 2223 2505; x_wconf 76' lang='lat' dir='ltr'>mzram;</span> <span class='ocrx_word' id='word_1_592' title='bbox 2274 2444 2411 2498; x_wconf 79' lang='lat' dir='ltr'>visio</span> <span class='ocrx_word' id='word_1_593' title='bbox 2466 2447 2655 2499; x_wconf 85' lang='lat' dir='ltr'>contra</span> <span class='ocrx_word' id='word_1_594' title='bbox 2715 2444 2911 2505; x_wconf 85' lang='lat' dir='ltr'>Moab;</span> <span class='ocrx_word' id='word_1_595' title='bbox 2958 2447 3097 2503; x_wconf 84' lang='lat' dir='ltr'>visio</span> <span class='ocrx_word' id='word_1_596' title='bbox 3154 2451 3351 2504; x_wconf 77' lang='lat' dir='ltr'>contra.</span> <span class='ocrx_word' id='word_1_597' title='bbox 3395 2448 3564 2504; x_wconf 83' lang='lat' dir='ltr'>Edam</span> <span class='ocrx_word' id='word_1_598' title='bbox 3606 2464 3659 2519; x_wconf 67' lang='lat' dir='ltr'>et</span> 
     </span>
    </p>
   </div>
   <div class='ocr_carea' id='block_1_82' title="bbox 1997 2530 3654 2610">
    <p class='ocr_par' dir='ltr' id='par_1_82' title="bbox 1997 2530 3654 2610">
     <span class='ocr_line' id='line_1_82' title="bbox 1997 2530 3654 2610; baseline 0.005 -25"><span class='ocrx_word' id='word_1_599' title='bbox 1997 2530 2142 2601; x_wconf 86' lang='lat' dir='ltr'>ﬁlios</span> <span class='ocrx_word' id='word_1_600' title='bbox 2172 2531 2343 2587; x_wconf 79' lang='lat' dir='ltr'>Aman</span> <span class='ocrx_word' id='word_1_601' title='bbox 2372 2533 2496 2601; x_wconf 84' lang='lat' dir='ltr'>(Isa.</span> <span class='ocrx_word' id='word_1_602' title='bbox 2547 2534 2766 2602; x_wconf 83' lang='lat' dir='ltr'>x111,1;</span> <span class='ocrx_word' id='word_1_603' title='bbox 2825 2551 2917 2601; x_wconf 85' lang='lat' dir='ltr'>xv,</span> <span class='ocrx_word' id='word_1_604' title='bbox 2955 2535 3048 2606; x_wconf 67' lang='lat'>&#39;1),</span> <span class='ocrx_word' id='word_1_605' title='bbox 3098 2534 3161 2590; x_wconf 89' lang='lat' dir='ltr'>in</span> <span class='ocrx_word' id='word_1_606' title='bbox 3212 2534 3418 2591; x_wconf 92' lang='lat' dir='ltr'>ultimo</span> <span class='ocrx_word' id='word_1_607' title='bbox 3476 2537 3654 2610; x_wconf 86' lang='lat' dir='ltr'>poni-</span> 
     </span>
    </p>
   </div>
   <div class='ocr_carea' id='block_1_83' title="bbox 1996 2620 3654 2694">
    <p class='ocr_par' dir='ltr' id='par_1_83' title="bbox 1996 2620 3654 2694">
     <span class='ocr_line' id='line_1_83' title="bbox 1996 2620 3654 2694; baseline 0.005 -20"><span class='ocrx_word' id='word_1_608' title='bbox 1996 2623 2126 2688; x_wconf 87' lang='lat' dir='ltr'>tur;</span> <span class='ocrx_word' id='word_1_609' title='bbox 2188 2620 2331 2676; x_wconf 90' lang='lat' dir='ltr'>visio</span> <span class='ocrx_word' id='word_1_610' title='bbox 2386 2620 2556 2677; x_wconf 90' lang='lat' dir='ltr'>vallis</span> <span class='ocrx_word' id='word_1_611' title='bbox 2610 2621 2747 2678; x_wconf 91' lang='lat' dir='ltr'>Sion</span> <span class='ocrx_word' id='word_1_612' title='bbox 2805 2622 2938 2694; x_wconf 85' lang='lat' dir='ltr'>(Isa.</span> <span class='ocrx_word' id='word_1_613' title='bbox 2996 2640 3136 2690; x_wconf 79' lang='lat' dir='ltr'>xxu,</span> <span class='ocrx_word' id='word_1_614' title='bbox 3197 2625 3293 2694; x_wconf 88' lang='lat'>1);</span> <span class='ocrx_word' id='word_1_615' title='bbox 3362 2627 3654 2692; x_wconf 87' lang='lat' dir='ltr'>Quoniam</span> 
     </span>
    </p>
   </div>
   <div class='ocr_carea' id='block_1_84' title="bbox 1996 2709 3656 2785">
    <p class='ocr_par' dir='ltr' id='par_1_84' title="bbox 1996 2709 3656 2785">
     <span class='ocr_line' id='line_1_84' title="bbox 1996 2709 3656 2785; baseline 0.004 -21"><span class='ocrx_word' id='word_1_616' title='bbox 1996 2709 2152 2764; x_wconf 90' lang='lat' dir='ltr'>enim</span> <span class='ocrx_word' id='word_1_617' title='bbox 2184 2710 2255 2764; x_wconf 91' lang='lat' dir='ltr'>de</span> <span class='ocrx_word' id='word_1_618' title='bbox 2286 2709 2419 2764; x_wconf 90' lang='lat' dir='ltr'>ﬁdei</span> <span class='ocrx_word' id='word_1_619' title='bbox 2470 2709 2835 2766; x_wconf 90' lang='lat' dir='ltr'>sublimitate</span> <span class='ocrx_word' id='word_1_620' title='bbox 2886 2712 3285 2782; x_wconf 87' lang='lat' dir='ltr'>descenderat,</span> <span class='ocrx_word' id='word_1_621' title='bbox 3348 2718 3656 2785; x_wconf 87' lang='lat' dir='ltr'>propterea</span> 
     </span>
    </p>
   </div>
   <div class='ocr_carea' id='block_1_85' title="bbox 1997 2797 3655 2873">
    <p class='ocr_par' dir='ltr' id='par_1_85' title="bbox 1997 2797 3655 2873">
     <span class='ocr_line' id='line_1_85' title="bbox 1997 2797 3655 2873; baseline 0.004 -21"><span class='ocrx_word' id='word_1_622' title='bbox 1997 2798 2068 2853; x_wconf 92' lang='lat' dir='ltr'>de</span> <span class='ocrx_word' id='word_1_623' title='bbox 2099 2802 2296 2853; x_wconf 87' lang='lat' dir='ltr'>monte</span> <span class='ocrx_word' id='word_1_624' title='bbox 2322 2798 2380 2852; x_wconf 92' lang='lat' dir='ltr'>in</span> <span class='ocrx_word' id='word_1_625' title='bbox 2406 2797 2615 2854; x_wconf 89' lang='lat' dir='ltr'>vallem</span> <span class='ocrx_word' id='word_1_626' title='bbox 2641 2800 2880 2856; x_wconf 90' lang='lat' dir='ltr'>corruit.</span> <span class='ocrx_word' id='word_1_627' title='bbox 2907 2801 3023 2856; x_wconf 91' lang='lat' dir='ltr'>Nos</span> <span class='ocrx_word' id='word_1_628' title='bbox 3066 2816 3201 2873; x_wconf 88' lang='lat' dir='ltr'>ergo</span> <span class='ocrx_word' id='word_1_629' title='bbox 3257 2801 3513 2873; x_wconf 89' lang='lat' dir='ltr'>primum</span> <span class='ocrx_word' id='word_1_630' title='bbox 3564 2804 3655 2858; x_wconf 82' lang='lat' dir='ltr'>fu-</span> 
     </span>
    </p>
   </div>
   <div class='ocr_carea' id='block_1_86' title="bbox 1997 2885 3651 2963">
    <p class='ocr_par' dir='ltr' id='par_1_86' title="bbox 1997 2885 3651 2963">
     <span class='ocr_line' id='line_1_86' title="bbox 1997 2885 3651 2963; baseline 0.004 -21"><span class='ocrx_word' id='word_1_631' title='bbox 1997 2887 2228 2958; x_wconf 86' lang='lat' dir='ltr'>giamus</span> <span class='ocrx_word' id='word_1_632' title='bbox 2259 2885 2467 2942; x_wconf 90' lang='lat' dir='ltr'>vallem</span> <span class='ocrx_word' id='word_1_633' title='bbox 2522 2888 2697 2943; x_wconf 92' lang='lat' dir='ltr'>Sion:</span> <span class='ocrx_word' id='word_1_634' title='bbox 2758 2888 3060 2945; x_wconf 87' lang='lat' dir='ltr'>veniamus</span> <span class='ocrx_word' id='word_1_635' title='bbox 3111 2889 3182 2945; x_wconf 91' lang='lat' dir='ltr'>ad</span> <span class='ocrx_word' id='word_1_636' title='bbox 3229 2905 3528 2963; x_wconf 87' lang='lat' dir='ltr'>campum,</span> <span class='ocrx_word' id='word_1_637' title='bbox 3580 2892 3651 2949; x_wconf 90' lang='lat' dir='ltr'>de</span> 
     </span>
    </p>
   </div>
   <div class='ocr_carea' id='block_1_87' title="bbox 1999 2976 3655 3047">
    <p class='ocr_par' dir='ltr' id='par_1_87' title="bbox 1999 2976 3655 3047">
     <span class='ocr_line' id='line_1_87' title="bbox 1999 2976 3655 3047; baseline 0.004 -17"><span class='ocrx_word' id='word_1_638' title='bbox 1999 2991 2203 3047; x_wconf 89' lang='lat' dir='ltr'>campo</span> <span class='ocrx_word' id='word_1_639' title='bbox 2233 2976 2538 3031; x_wconf 91' lang='lat' dir='ltr'>veniamus</span> <span class='ocrx_word' id='word_1_640' title='bbox 2568 2977 2640 3031; x_wconf 91' lang='lat' dir='ltr'>ad</span> <span class='ocrx_word' id='word_1_641' title='bbox 2672 2976 2880 3034; x_wconf 91' lang='lat' dir='ltr'>colles:</span> <span class='ocrx_word' id='word_1_642' title='bbox 2916 2978 2986 3033; x_wconf 91' lang='lat' dir='ltr'>de</span> <span class='ocrx_word' id='word_1_643' title='bbox 3045 2977 3293 3034; x_wconf 88' lang='lat' dir='ltr'>collibus</span> <span class='ocrx_word' id='word_1_644' title='bbox 3346 2979 3655 3036; x_wconf 89' lang='lat' dir='ltr'>veniamus</span> 
     </span>
    </p>
   </div>
   <div class='ocr_carea' id='block_1_88' title="bbox 1999 3064 3655 3137">
    <p class='ocr_par' dir='ltr' id='par_1_88' title="bbox 1999 3064 3655 3137">
     <span class='ocr_line' id='line_1_88' title="bbox 1999 3064 3655 3137; baseline 0.003 -17"><span class='ocrx_word' id='word_1_645' title='bbox 1999 3064 2072 3120; x_wconf 90' lang='lat' dir='ltr'>ad</span> <span class='ocrx_word' id='word_1_646' title='bbox 2105 3069 2351 3119; x_wconf 90' lang='lat' dir='ltr'>montes.</span> <span class='ocrx_word' id='word_1_647' title='bbox 2380 3064 2673 3120; x_wconf 87' lang='lat' dir='ltr'>Christum</span> <span class='ocrx_word' id='word_1_648' title='bbox 2717 3082 3037 3137; x_wconf 90' lang='lat' dir='ltr'>sequamur</span> <span class='ocrx_word' id='word_1_649' title='bbox 3084 3066 3146 3121; x_wconf 91' lang='lat' dir='ltr'>in</span> <span class='ocrx_word' id='word_1_650' title='bbox 3201 3068 3523 3125; x_wconf 88' lang='lat' dir='ltr'>montibus.</span> <span class='ocrx_word' id='word_1_651' title='bbox 3566 3068 3655 3124; x_wconf 88' lang='lat' dir='ltr'>Si-</span> 
     </span>
    </p>
   </div>
   <div class='ocr_carea' id='block_1_89' title="bbox 2000 3152 3656 3228">
    <p class='ocr_par' dir='ltr' id='par_1_89' title="bbox 2000 3152 3656 3228">
     <span class='ocr_line' id='line_1_89' title="bbox 2000 3152 3656 3228; baseline 0.002 -20"><span class='ocrx_word' id='word_1_652' title='bbox 2000 3153 2237 3225; x_wconf 90' lang='lat' dir='ltr'>quidem</span> <span class='ocrx_word' id='word_1_653' title='bbox 2260 3152 2557 3209; x_wconf 86' lang='lat' dir='ltr'>fratruelis</span> <span class='ocrx_word' id='word_1_654' title='bbox 2588 3157 2787 3209; x_wconf 88' lang='lat' dir='ltr'>noster</span> <span class='ocrx_word' id='word_1_655' title='bbox 2816 3154 2985 3227; x_wconf 88' lang='lat' dir='ltr'>quasi</span> <span class='ocrx_word' id='word_1_656' title='bbox 3035 3170 3244 3228; x_wconf 88' lang='lat' dir='ltr'>caprea</span> <span class='ocrx_word' id='word_1_657' title='bbox 3286 3160 3343 3211; x_wconf 88' lang='lat' dir='ltr'>et</span> <span class='ocrx_word' id='word_1_658' title='bbox 3370 3156 3656 3213; x_wconf 89' lang='lat' dir='ltr'>hinnulus</span> 
     </span>
    </p>
   </div>
   <div class='ocr_carea' id='block_1_90' title="bbox 2000 3242 3655 3317">
    <p class='ocr_par' dir='ltr' id='par_1_90' title="bbox 2000 3242 3655 3317">
     <span class='ocr_line' id='line_1_90' title="bbox 2000 3242 3655 3317; baseline 0.003 -21"><span class='ocrx_word' id='word_1_659' title='bbox 2000 3258 2300 3297; x_wconf 91' lang='lat' dir='ltr'>cervorum</span> <span class='ocrx_word' id='word_1_660' title='bbox 2334 3242 2592 3298; x_wconf 89' lang='lat' dir='ltr'>transilit</span> <span class='ocrx_word' id='word_1_661' title='bbox 2618 3242 2815 3310; x_wconf 91' lang='lat' dir='ltr'>colles,</span> <span class='ocrx_word' id='word_1_662' title='bbox 2848 3248 2906 3298; x_wconf 89' lang='lat' dir='ltr'>et</span> <span class='ocrx_word' id='word_1_663' title='bbox 2934 3243 3071 3299; x_wconf 88' lang='lat' dir='ltr'>salit</span> <span class='ocrx_word' id='word_1_664' title='bbox 3100 3259 3202 3316; x_wconf 91' lang='lat' dir='ltr'>per</span> <span class='ocrx_word' id='word_1_665' title='bbox 3232 3250 3463 3301; x_wconf 89' lang='lat' dir='ltr'>montes</span> <span class='ocrx_word' id='word_1_666' title='bbox 3492 3247 3655 3317; x_wconf 86' lang='lat' dir='ltr'>(Can.</span> 
     </span>
    </p>
   </div>
   <div class='ocr_carea' id='block_1_91' title="bbox 1917 3318 3650 3403">
    <p class='ocr_par' dir='ltr' id='par_1_91' title="bbox 1917 3318 3650 3403">
     <span class='ocr_line' id='line_1_91' title="bbox 1917 3318 3650 3403; baseline 0.004 -19"><span class='ocrx_word' id='word_1_667' title='bbox 1917 3318 1961 3384; x_wconf 86' lang='lat' dir='ltr'>C</span> <span class='ocrx_word' id='word_1_668' title='bbox 1999 3346 2061 3394; x_wconf 78' lang='grc' dir='ltr'>ιι,</span> <span class='ocrx_word' id='word_1_669' title='bbox 2094 3330 2147 3399; x_wconf 94' lang='lat'>8,</span> <span class='ocrx_word' id='word_1_670' title='bbox 2168 3330 2244 3399; x_wconf 86' lang='lat'>9).</span> <span class='ocrx_word' id='word_1_671' title='bbox 2277 3331 2444 3385; x_wconf 91' lang='lat' dir='ltr'>Unde</span> <span class='ocrx_word' id='word_1_672' title='bbox 2500 3336 2556 3386; x_wconf 89' lang='lat' dir='ltr'>et</span> <span class='ocrx_word' id='word_1_673' title='bbox 2612 3331 2937 3386; x_wconf 90' lang='lat' dir='ltr'>secundum</span> <span class='ocrx_word' id='word_1_674' title='bbox 2994 3347 3275 3388; x_wconf 88' lang='lat' dir='ltr'>ascensus</span> <span class='ocrx_word' id='word_1_675' title='bbox 3322 3333 3650 3403; x_wconf 88' lang='lat' dir='ltr'>veritatem,</span> 
     </span>
    </p>
   </div>
   <div class='ocr_carea' id='block_1_92' title="bbox 1993 3418 3651 3491">
    <p class='ocr_par' dir='ltr' id='par_1_92' title="bbox 1993 3418 3651 3491">
     <span class='ocr_line' id='line_1_92' title="bbox 1993 3418 3651 3491; baseline 0.003 -19"><span class='ocrx_word' id='word_1_676' title='bbox 1993 3434 2108 3472; x_wconf 93' lang='lat' dir='ltr'>non</span> <span class='ocrx_word' id='word_1_677' title='bbox 2165 3418 2429 3473; x_wconf 89' lang='lat' dir='ltr'>escendit</span> <span class='ocrx_word' id='word_1_678' title='bbox 2479 3419 2539 3473; x_wconf 90' lang='lat' dir='ltr'>in</span> <span class='ocrx_word' id='word_1_679' title='bbox 2582 3418 2791 3473; x_wconf 86' lang='lat' dir='ltr'>coelum</span> <span class='ocrx_word' id='word_1_680' title='bbox 2850 3424 2984 3491; x_wconf 90' lang='lat' dir='ltr'>post</span> <span class='ocrx_word' id='word_1_681' title='bbox 3041 3421 3527 3477; x_wconf 89' lang='lat' dir='ltr'>resurrectionem</span> <span class='ocrx_word' id='word_1_682' title='bbox 3578 3422 3651 3477; x_wconf 89' lang='lat' dir='ltr'>de</span> 
     </span>
    </p>
   </div>
   <div class='ocr_carea' id='block_1_93' title="bbox 1991 3505 3650 3573">
    <p class='ocr_par' dir='ltr' id='par_1_93' title="bbox 1991 3505 3650 3573">
     <span class='ocr_line' id='line_1_93' title="bbox 1991 3505 3650 3573; baseline 0.003 -12"><span class='ocrx_word' id='word_1_683' title='bbox 1991 3505 2158 3573; x_wconf 91' lang='lat' dir='ltr'>valle,</span> <span class='ocrx_word' id='word_1_684' title='bbox 2196 3507 2295 3561; x_wconf 88' lang='lat' dir='ltr'>sed</span> <span class='ocrx_word' id='word_1_685' title='bbox 2330 3507 2401 3562; x_wconf 91' lang='lat' dir='ltr'>de</span> <span class='ocrx_word' id='word_1_686' title='bbox 2434 3510 2649 3562; x_wconf 91' lang='lat' dir='ltr'>monte.</span> <span class='ocrx_word' id='word_1_687' title='bbox 2680 3507 2795 3563; x_wconf 91' lang='lat' dir='ltr'>Nos</span> <span class='ocrx_word' id='word_1_688' title='bbox 2822 3508 2933 3563; x_wconf 90' lang='lat' dir='ltr'>nisi</span> <span class='ocrx_word' id='word_1_689' title='bbox 2965 3508 3023 3563; x_wconf 90' lang='lat' dir='ltr'>in</span> <span class='ocrx_word' id='word_1_690' title='bbox 3051 3508 3365 3566; x_wconf 88' lang='lat' dir='ltr'>virtutibus</span> <span class='ocrx_word' id='word_1_691' title='bbox 3420 3514 3650 3573; x_wconf 85' lang='lat' dir='ltr'>montes</span> 
     </span>
    </p>
   </div>
   <div class='ocr_carea' id='block_1_94' title="bbox 1993 3594 3652 3669">
    <p class='ocr_par' dir='ltr' id='par_1_94' title="bbox 1993 3594 3652 3669">
     <span class='ocr_line' id='line_1_94' title="bbox 1993 3594 3652 3669; baseline 0.003 -20"><span class='ocrx_word' id='word_1_692' title='bbox 1993 3594 2305 3662; x_wconf 86' lang='lat' dir='ltr'>fuerimus,</span> <span class='ocrx_word' id='word_1_693' title='bbox 2337 3596 2406 3651; x_wconf 88' lang='lat' dir='ltr'>ad</span> <span class='ocrx_word' id='word_1_694' title='bbox 2438 3595 2651 3651; x_wconf 75' lang='lat' dir='ltr'>cmlum</span> <span class='ocrx_word' id='word_1_695' title='bbox 2685 3613 2801 3651; x_wconf 92' lang='lat' dir='ltr'>non</span> <span class='ocrx_word' id='word_1_696' title='bbox 2831 3612 3149 3669; x_wconf 89' lang='lat' dir='ltr'>possumus</span> <span class='ocrx_word' id='word_1_697' title='bbox 3178 3599 3506 3654; x_wconf 90' lang='lat' dir='ltr'>ascendere.</span> <span class='ocrx_word' id='word_1_698' title='bbox 3529 3597 3652 3654; x_wconf 90' lang='lat' dir='ltr'>Illic</span> 
     </span>
    </p>
   </div>
   <div class='ocr_carea' id='block_1_95' title="bbox 1993 3683 3649 3757">
    <p class='ocr_par' dir='ltr' id='par_1_95' title="bbox 1993 3683 3649 3757">
     <span class='ocr_line' id='line_1_95' title="bbox 1993 3683 3649 3757; baseline 0.003 -19"><span class='ocrx_word' id='word_1_699' title='bbox 1993 3684 2171 3750; x_wconf 91' lang='lat' dir='ltr'>enim,</span> <span class='ocrx_word' id='word_1_700' title='bbox 2203 3683 2313 3739; x_wconf 92' lang='lat' dir='ltr'>hoc</span> <span class='ocrx_word' id='word_1_701' title='bbox 2342 3689 2432 3739; x_wconf 90' lang='lat' dir='ltr'>est</span> <span class='ocrx_word' id='word_1_702' title='bbox 2456 3685 2518 3740; x_wconf 91' lang='lat' dir='ltr'>in</span> <span class='ocrx_word' id='word_1_703' title='bbox 2552 3685 2852 3741; x_wconf 87' lang='lat' dir='ltr'>montibus</span> <span class='ocrx_word' id='word_1_704' title='bbox 2891 3685 3051 3757; x_wconf 92' lang='lat' dir='ltr'>Sion,</span> <span class='ocrx_word' id='word_1_705' title='bbox 3109 3686 3170 3742; x_wconf 90' lang='lat' dir='ltr'>in</span> <span class='ocrx_word' id='word_1_706' title='bbox 3216 3687 3556 3756; x_wconf 90' lang='lat' dir='ltr'>virtutibus,</span> <span class='ocrx_word' id='word_1_707' title='bbox 3589 3687 3649 3743; x_wconf 89' lang='lat' dir='ltr'>in</span> 
     </span>
    </p>
   </div>
   <div class='ocr_carea' id='block_1_96' title="bbox 1995 3773 3656 3849">
    <p class='ocr_par' dir='ltr' id='par_1_96' title="bbox 1995 3773 3656 3849">
     <span class='ocr_line' id='line_1_96' title="bbox 1995 3773 3656 3849; baseline 0.004 -22"><span class='ocrx_word' id='word_1_708' title='bbox 1995 3774 2128 3844; x_wconf 86' lang='lat' dir='ltr'>ﬁde,</span> <span class='ocrx_word' id='word_1_709' title='bbox 2168 3773 2226 3827; x_wconf 91' lang='lat' dir='ltr'>in</span> <span class='ocrx_word' id='word_1_710' title='bbox 2260 3774 2646 3843; x_wconf 75' lang='lat' dir='ltr'>confessione,</span> <span class='ocrx_word' id='word_1_711' title='bbox 2698 3776 2756 3831; x_wconf 90' lang='lat' dir='ltr'>in</span> <span class='ocrx_word' id='word_1_712' title='bbox 2812 3776 3153 3849; x_wconf 89' lang='lat' dir='ltr'>dogmatum</span> <span class='ocrx_word' id='word_1_713' title='bbox 3210 3777 3472 3844; x_wconf 88' lang='lat' dir='ltr'>veritate,</span> <span class='ocrx_word' id='word_1_714' title='bbox 3515 3775 3656 3833; x_wconf 82' lang='lat' dir='ltr'>.illic</span> 
     </span>
    </p>
   </div>
   <div class='ocr_carea' id='block_1_97' title="bbox 1993 3861 2451 3919">
    <p class='ocr_par' dir='ltr' id='par_1_97' title="bbox 1993 3861 2451 3919">
     <span class='ocr_line' id='line_1_97' title="bbox 1993 3861 2451 3919; baseline 0.002 -2"><span class='ocrx_word' id='word_1_715' title='bbox 1993 3868 2085 3918; x_wconf 91' lang='lat' dir='ltr'>est</span> <span class='ocrx_word' id='word_1_716' title='bbox 2106 3861 2451 3919; x_wconf 89' lang='lat' dir='ltr'>benedictio.</span> 
     </span>
    </p>
   </div>
   <div class='ocr_carea' id='block_1_98' title="bbox 2069 3952 3660 4025">
    <p class='ocr_par' dir='ltr' id='par_1_98' title="bbox 2069 3952 3660 4025">
     <span class='ocr_line' id='line_1_98' title="bbox 2069 3952 3660 4025; baseline 0.006 -24"><span class='ocrx_word' id='word_1_717' title='bbox 2069 3975 2096 4001; x_wconf 82' lang='lat'><strong>«</strong></span> <span class='ocrx_word' id='word_1_718' title='bbox 2130 3953 2201 4006; x_wconf 89' lang='lat' dir='ltr'>Et</span> <span class='ocrx_word' id='word_1_719' title='bbox 2259 3952 2436 4008; x_wconf 90' lang='lat' dir='ltr'>vitam</span> <span class='ocrx_word' id='word_1_720' title='bbox 2491 3968 2679 4025; x_wconf 91' lang='lat' dir='ltr'>usque</span> <span class='ocrx_word' id='word_1_721' title='bbox 2736 3953 2796 4007; x_wconf 91' lang='lat' dir='ltr'>in</span> <span class='ocrx_word' id='word_1_722' title='bbox 2855 3960 3162 4010; x_wconf 83' lang='lat' dir='ltr'>aeternum.</span> <span class='ocrx_word' id='word_1_723' title='bbox 3195 3975 3224 4005; x_wconf 87' lang='lat'>»</span> <span class='ocrx_word' id='word_1_724' title='bbox 3279 3953 3414 4010; x_wconf 89' lang='lat' dir='ltr'>Vita</span> <span class='ocrx_word' id='word_1_725' title='bbox 3456 3957 3660 4010; x_wconf 86' lang='lat' dir='ltr'>nostra</span> 
     </span>
    </p>
   </div>
   <div class='ocr_carea' id='block_1_99' title="bbox 1996 4039 3665 4111">
    <p class='ocr_par' dir='ltr' id='par_1_99' title="bbox 1996 4039 3665 4111">
     <span class='ocr_line' id='line_1_99' title="bbox 1996 4039 3665 4111; baseline 0.002 -16"><span class='ocrx_word' id='word_1_726' title='bbox 1996 4039 2263 4096; x_wconf 90' lang='lat' dir='ltr'>Christus</span> <span class='ocrx_word' id='word_1_727' title='bbox 2296 4046 2404 4096; x_wconf 91' lang='lat' dir='ltr'>est.</span> <span class='ocrx_word' id='word_1_728' title='bbox 2437 4042 2546 4107; x_wconf 90' lang='lat' dir='ltr'>Qui</span> <span class='ocrx_word' id='word_1_729' title='bbox 2577 4042 2887 4097; x_wconf 85' lang='lat' dir='ltr'>conﬁtetur</span> <span class='ocrx_word' id='word_1_730' title='bbox 2924 4041 3243 4111; x_wconf 89' lang='lat' dir='ltr'>Christum,</span> <span class='ocrx_word' id='word_1_731' title='bbox 3283 4043 3461 4099; x_wconf 90' lang='lat' dir='ltr'>vitam</span> <span class='ocrx_word' id='word_1_732' title='bbox 3515 4043 3665 4098; x_wconf 89' lang='lat' dir='ltr'>acci-</span> 
     </span>
    </p>
   </div>
   <div class='ocr_carea' id='block_1_100' title="bbox 1997 4129 3087 4201">
    <p class='ocr_par' dir='ltr' id='par_1_100' title="bbox 1997 4129 3087 4201">
     <span class='ocr_line' id='line_1_100' title="bbox 1997 4129 3087 4201; baseline 0.003 -18"><span class='ocrx_word' id='word_1_733' title='bbox 1997 4130 2117 4201; x_wconf 89' lang='lat' dir='ltr'>piet</span> <span class='ocrx_word' id='word_1_734' title='bbox 2146 4129 2206 4184; x_wconf 92' lang='lat' dir='ltr'>in</span> <span class='ocrx_word' id='word_1_735' title='bbox 2239 4129 2452 4186; x_wconf 82' lang='lat' dir='ltr'>saecula</span> <span class='ocrx_word' id='word_1_736' title='bbox 2482 4129 2850 4186; x_wconf 63' lang='lat' dir='ltr'>saeculorum.</span> <span class='ocrx_word' id='word_1_737' title='bbox 2882 4132 3087 4186; x_wconf 90' lang='lat' dir='ltr'>Amen.</span> 
     </span>
    </p>
   </div>
   <div class='ocr_carea' id='block_1_101' title="bbox 2500 4217 3155 4276">
    <p class='ocr_par' dir='ltr' id='par_1_101' title="bbox 2500 4217 3155 4276">
     <span class='ocr_line' id='line_1_101' title="bbox 2500 4217 3155 4276; baseline 0.003 -4"><span class='ocrx_word' id='word_1_738' title='bbox 2500 4217 2818 4274; x_wconf 82' lang='lat' dir='ltr'>PSALMUS</span> <span class='ocrx_word' id='word_1_739' title='bbox 2857 4219 3155 4276; x_wconf 83' lang='lat' dir='ltr'>CXXXIII.</span> 
     </span>
    </p>
   </div>
   <div class='ocr_carea' id='block_1_102' title="bbox 2072 4307 3661 4377">
    <p class='ocr_par' dir='ltr' id='par_1_102' title="bbox 2072 4307 3661 4377">
     <span class='ocr_line' id='line_1_102' title="bbox 2072 4307 3661 4377; baseline 0.004 -20"><span class='ocrx_word' id='word_1_740' title='bbox 2072 4307 2279 4363; x_wconf 79' lang='lat' dir='ltr'>«Ecce</span> <span class='ocrx_word' id='word_1_741' title='bbox 2342 4324 2497 4363; x_wconf 92' lang='lat' dir='ltr'>nunc</span> <span class='ocrx_word' id='word_1_742' title='bbox 2558 4307 2883 4364; x_wconf 90' lang='lat' dir='ltr'>benedicite</span> <span class='ocrx_word' id='word_1_743' title='bbox 2930 4308 3202 4377; x_wconf 91' lang='lat' dir='ltr'>Domino,</span> <span class='ocrx_word' id='word_1_744' title='bbox 3251 4326 3454 4366; x_wconf 91' lang='lat' dir='ltr'>omnes</span> <span class='ocrx_word' id='word_1_745' title='bbox 3510 4309 3661 4366; x_wconf 84' lang='lat' dir='ltr'>servi</span> 
     </span>
    </p>
   </div>
   <div class='ocr_carea' id='block_1_103' title="bbox 1999 4394 3664 4472">
    <p class='ocr_par' dir='ltr' id='par_1_103' title="bbox 1999 4394 3664 4472">
     <span class='ocr_line' id='line_1_103' title="bbox 1999 4394 3664 4472; baseline 0.001 -21"><span class='ocrx_word' id='word_1_746' title='bbox 1999 4394 2251 4451; x_wconf 91' lang='lat' dir='ltr'>Domini.</span> <span class='ocrx_word' id='word_1_747' title='bbox 2281 4418 2308 4445; x_wconf 89' lang='grc'><strong>››</strong></span> <span class='ocrx_word' id='word_1_748' title='bbox 2338 4400 2640 4452; x_wconf 83' lang='lat' dir='ltr'>Extremus</span> <span class='ocrx_word' id='word_1_749' title='bbox 2672 4396 2938 4468; x_wconf 88' lang='lat' dir='ltr'>psalmus</span> <span class='ocrx_word' id='word_1_750' title='bbox 2969 4397 3177 4454; x_wconf 87' lang='lat' dir='ltr'>cantici</span> <span class='ocrx_word' id='word_1_751' title='bbox 3209 4399 3521 4472; x_wconf 89' lang='lat' dir='ltr'>graduum.</span> <span class='ocrx_word' id='word_1_752' title='bbox 3545 4398 3664 4453; x_wconf 90' lang='lat' dir='ltr'>Pri-</span> 
     </span>
    </p>
   </div>
   <div class='ocr_carea' id='block_1_104' title="bbox 2002 4484 3663 4557">
    <p class='ocr_par' dir='ltr' id='par_1_104' title="bbox 2002 4484 3663 4557">
     <span class='ocr_line' id='line_1_104' title="bbox 2002 4484 3663 4557; baseline 0.002 -18"><span class='ocrx_word' id='word_1_753' title='bbox 2002 4502 2136 4540; x_wconf 90' lang='lat' dir='ltr'>mus</span> <span class='ocrx_word' id='word_1_754' title='bbox 2165 4486 2456 4557; x_wconf 88' lang='lat' dir='ltr'>graduum</span> <span class='ocrx_word' id='word_1_755' title='bbox 2488 4484 2754 4557; x_wconf 89' lang='lat' dir='ltr'>psalmus</span> <span class='ocrx_word' id='word_1_756' title='bbox 2788 4485 3013 4542; x_wconf 87' lang='lat' dir='ltr'>fuerat:</span> <span class='ocrx_word' id='word_1_757' title='bbox 3046 4486 3145 4541; x_wconf 82' lang='lat' dir='ltr'>&#39;Ad</span> <span class='ocrx_word' id='word_1_758' title='bbox 3192 4488 3489 4542; x_wconf 76' lang='lat' dir='ltr'>Dominum</span> <span class='ocrx_word' id='word_1_759' title='bbox 3537 4502 3663 4542; x_wconf 87' lang='lat' dir='ltr'>cum</span> 
     </span>
    </p>
   </div>
   <div class='ocr_carea' id='block_1_105' title="bbox 2001 4572 3663 4641">
    <p class='ocr_par' dir='ltr' id='par_1_105' title="bbox 2001 4572 3663 4641">
     <span class='ocr_line' id='line_1_105' title="bbox 2001 4572 3663 4641; baseline 0.002 -13"><span class='ocrx_word' id='word_1_760' title='bbox 2001 4574 2302 4629; x_wconf 83' lang='lat' dir='ltr'>tribularer</span> <span class='ocrx_word' id='word_1_761' title='bbox 2329 4572 2598 4641; x_wconf 84' lang='lat' dir='ltr'>clamavi,</span> <span class='ocrx_word' id='word_1_762' title='bbox 2655 4577 2706 4627; x_wconf 82' lang='lat' dir='ltr'>et</span> <span class='ocrx_word' id='word_1_763' title='bbox 2761 4574 3052 4630; x_wconf 75' lang='lat' dir='ltr'>exaudivit</span> <span class='ocrx_word' id='word_1_764' title='bbox 3110 4590 3229 4630; x_wconf 85' lang='lat' dir='ltr'>me:</span> <span class='ocrx_word' id='word_1_765' title='bbox 3286 4575 3347 4630; x_wconf 90' lang='lat' dir='ltr'>in</span> <span class='ocrx_word' id='word_1_766' title='bbox 3400 4575 3663 4632; x_wconf 89' lang='lat' dir='ltr'>secundo</span> 
     </span>
    </p>
   </div>
   <div class='ocr_carea' id='block_1_106' title="bbox 2001 4663 3667 4721">
    <p class='ocr_par' dir='ltr' id='par_1_106' title="bbox 2001 4663 3667 4721">
     <span class='ocr_line' id='line_1_106' title="bbox 2001 4663 3667 4721; baseline 0.002 -4"><span class='ocrx_word' id='word_1_767' title='bbox 2001 4663 2460 4717; x_wconf 87' lang='lat' dir='ltr'>conscenderat:</span> <span class='ocrx_word' id='word_1_768' title='bbox 2515 4663 2711 4717; x_wconf 82' lang='lat' dir='ltr'>Levavi</span> <span class='ocrx_word' id='word_1_769' title='bbox 2768 4663 2947 4718; x_wconf 85' lang='lat' dir='ltr'>oculos</span> <span class='ocrx_word' id='word_1_770' title='bbox 3003 4678 3149 4718; x_wconf 86' lang='lat' dir='ltr'>meos</span> <span class='ocrx_word' id='word_1_771' title='bbox 3204 4664 3264 4719; x_wconf 85' lang='lat' dir='ltr'>in</span> <span class='ocrx_word' id='word_1_772' title='bbox 3324 4673 3549 4721; x_wconf 82' lang='lat' dir='ltr'>montes.</span> <span class='ocrx_word' id='word_1_773' title='bbox 3600 4666 3667 4720; x_wconf 89' lang='lat' dir='ltr'>1n</span> 
     </span>
    </p>
   </div>
   <div class='ocr_carea' id='block_1_107' title="bbox 2005 4740 3669 4823">
    <p class='ocr_par' dir='ltr' id='par_1_107' title="bbox 2005 4740 3669 4823">
     <span class='ocr_line' id='line_1_107' title="bbox 2005 4740 3669 4823; baseline 0.002 -17"><span class='ocrx_word' id='word_1_774' title='bbox 2005 4751 2208 4808; x_wconf 87' lang='lat' dir='ltr'>tertio:</span> <span class='ocrx_word' id='word_1_775' title='bbox 2243 4754 2487 4808; x_wconf 70' lang='lat' dir='ltr'>Lwlams</span> <span class='ocrx_word' id='word_1_776' title='bbox 2514 4768 2635 4806; x_wconf 83' lang='lat' dir='ltr'>sum</span> <span class='ocrx_word' id='word_1_777' title='bbox 2658 4740 2714 4805; x_wconf 80' lang='lat' dir='ltr'>in</span> <span class='ocrx_word' id='word_1_778' title='bbox 2748 4750 2833 4807; x_wconf 80' lang='lat' dir='ltr'>his</span> <span class='ocrx_word' id='word_1_779' title='bbox 2861 4767 2991 4823; x_wconf 71' lang='lat' dir='ltr'>qua:</span> <span class='ocrx_word' id='word_1_780' title='bbox 3014 4752 3162 4809; x_wconf 82' lang='lat' dir='ltr'>dicta</span> <span class='ocrx_word' id='word_1_781' title='bbox 3190 4764 3322 4810; x_wconf 80' lang='lat' dir='ltr'>sunt</span> <span class='ocrx_word' id='word_1_782' title='bbox 3378 4756 3555 4811; x_wconf 84' lang='lat' dir='ltr'>mihi:</span> <span class='ocrx_word' id='word_1_783' title='bbox 3606 4754 3669 4810; x_wconf 88' lang='lat' dir='ltr'>in</span> 
     </span>
    </p>
   </div>
   <div class='ocr_carea' id='block_1_108' title="bbox 2008 4840 3668 4914">
    <p class='ocr_par' dir='ltr' id='par_1_108' title="bbox 2008 4840 3668 4914">
     <span class='ocr_line' id='line_1_108' title="bbox 2008 4840 3668 4914; baseline 0.002 -20"><span class='ocrx_word' id='word_1_784' title='bbox 2008 4844 2249 4912; x_wconf 86' lang='lat' dir='ltr'>quarto:</span> <span class='ocrx_word' id='word_1_785' title='bbox 2279 4841 2369 4896; x_wconf 83' lang='lat' dir='ltr'>Ad</span> <span class='ocrx_word' id='word_1_786' title='bbox 2396 4845 2448 4895; x_wconf 79' lang='lat' dir='ltr'>te</span> <span class='ocrx_word' id='word_1_787' title='bbox 2490 4840 2670 4896; x_wconf 82' lang='lat' dir='ltr'>levavi</span> <span class='ocrx_word' id='word_1_788' title='bbox 2724 4841 2912 4897; x_wconf 86' lang='lat' dir='ltr'>oculos</span> <span class='ocrx_word' id='word_1_789' title='bbox 2971 4858 3138 4914; x_wconf 82' lang='lat' dir='ltr'>meos,</span> <span class='ocrx_word' id='word_1_790' title='bbox 3194 4844 3292 4914; x_wconf 83' lang='lat' dir='ltr'>qui</span> <span class='ocrx_word' id='word_1_791' title='bbox 3348 4842 3564 4900; x_wconf 75' lang='lat' dir='ltr'>habitas</span> <span class='ocrx_word' id='word_1_792' title='bbox 3605 4845 3668 4898; x_wconf 71' lang='lat' dir='ltr'>in</span> 
     </span>
    </p>
   </div>
   <div class='ocr_carea' id='block_1_109' title="bbox 2011 4928 3668 5004">
    <p class='ocr_par' dir='ltr' id='par_1_109' title="bbox 2011 4928 3668 5004">
     <span class='ocr_line' id='line_1_109' title="bbox 2011 4928 3668 5004; baseline 0.002 -21"><span class='ocrx_word' id='word_1_793' title='bbox 2011 4932 2162 4984; x_wconf 74' lang='lat' dir='ltr'>c0310.</span> <span class='ocrx_word' id='word_1_794' title='bbox 2194 4928 2396 4984; x_wconf 88' lang='lat' dir='ltr'>Videte</span> <span class='ocrx_word' id='word_1_795' title='bbox 2427 4930 2721 5001; x_wconf 91' lang='lat' dir='ltr'>quomodo</span> <span class='ocrx_word' id='word_1_796' title='bbox 2744 4930 3031 5002; x_wconf 91' lang='lat' dir='ltr'>paulatim</span> <span class='ocrx_word' id='word_1_797' title='bbox 3044 4932 3306 4988; x_wconf 86' lang='lat' dir='ltr'>ascendit</span> <span class='ocrx_word' id='word_1_798' title='bbox 3324 4949 3425 5002; x_wconf 89' lang='lat' dir='ltr'>per</span> <span class='ocrx_word' id='word_1_799' title='bbox 3447 4932 3668 5004; x_wconf 78' lang='lat' dir='ltr'>gradus</span> 
     </span>
    </p>
   </div>
   <div class='ocr_carea' id='block_1_110' title="bbox 2014 5017 3668 5092">
    <p class='ocr_par' dir='ltr' id='par_1_110' title="bbox 2014 5017 3668 5092">
     <span class='ocr_line' id='line_1_110' title="bbox 2014 5017 3668 5092; baseline 0.002 -19"><span class='ocrx_word' id='word_1_800' title='bbox 2014 5023 2073 5073; x_wconf 91' lang='lat' dir='ltr'>et</span> <span class='ocrx_word' id='word_1_801' title='bbox 2102 5019 2173 5074; x_wconf 89' lang='lat' dir='ltr'>ad</span> <span class='ocrx_word' id='word_1_802' title='bbox 2207 5017 2554 5075; x_wconf 90' lang='lat' dir='ltr'>sublimiora</span> <span class='ocrx_word' id='word_1_803' title='bbox 2583 5020 2864 5091; x_wconf 84' lang='lat' dir='ltr'>pervenit.</span> <span class='ocrx_word' id='word_1_804' title='bbox 2908 5020 3170 5092; x_wconf 88' lang='lat' dir='ltr'>Longum</span> <span class='ocrx_word' id='word_1_805' title='bbox 3203 5024 3309 5087; x_wconf 88' lang='lat' dir='ltr'>est,</span> <span class='ocrx_word' id='word_1_806' title='bbox 3342 5020 3391 5074; x_wconf 89' lang='lat' dir='ltr'>si</span> <span class='ocrx_word' id='word_1_807' title='bbox 3421 5019 3668 5077; x_wconf 83' lang='lat' dir='ltr'>velimus</span> 
     </span>
    </p>
   </div>
   <div class='ocr_carea' id='block_1_111' title="bbox 2013 5106 3661 5182">
    <p class='ocr_par' dir='ltr' id='par_1_111' title="bbox 2013 5106 3661 5182">
     <span class='ocr_line' id='line_1_111' title="bbox 2013 5106 3661 5182; baseline 0.002 -20"><span class='ocrx_word' id='word_1_808' title='bbox 2013 5106 2380 5179; x_wconf 88' lang='lat' dir='ltr'>singulorum</span> <span class='ocrx_word' id='word_1_809' title='bbox 2414 5106 2779 5180; x_wconf 90' lang='lat' dir='ltr'>psalmorum</span> <span class='ocrx_word' id='word_1_810' title='bbox 2811 5108 3022 5165; x_wconf 91' lang='lat' dir='ltr'>horum</span> <span class='ocrx_word' id='word_1_811' title='bbox 3053 5108 3341 5180; x_wconf 88' lang='lat' dir='ltr'>graduum</span> <span class='ocrx_word' id='word_1_812' title='bbox 3372 5108 3661 5182; x_wconf 88' lang='lat' dir='ltr'>principia</span> 
     </span>
    </p>
   </div>
   <div class='ocr_carea' id='block_1_112' title="bbox 2011 5194 3673 5267">
    <p class='ocr_par' dir='ltr' id='par_1_112' title="bbox 2011 5194 3673 5267">
     <span class='ocr_line' id='line_1_112' title="bbox 2011 5194 3673 5267; baseline 0.002 -16"><span class='ocrx_word' id='word_1_813' title='bbox 2011 5196 2224 5252; x_wconf 86' lang='lat' dir='ltr'>dicere.</span> <span class='ocrx_word' id='word_1_814' title='bbox 2276 5195 2447 5252; x_wconf 90' lang='lat' dir='ltr'>Venit</span> <span class='ocrx_word' id='word_1_815' title='bbox 2500 5200 2571 5251; x_wconf 89' lang='lat' dir='ltr'>ad</span> <span class='ocrx_word' id='word_1_816' title='bbox 2618 5196 2856 5253; x_wconf 85' lang='lat' dir='ltr'>tertium</span> <span class='ocrx_word' id='word_1_817' title='bbox 2890 5194 3184 5251; x_wconf 89' lang='lat' dir='ltr'>decimum</span> <span class='ocrx_word' id='word_1_818' title='bbox 3214 5194 3673 5267; x_wconf 86' lang='lat' dir='ltr'>psalmum,imo</span> 
     </span>
    </p>
   </div>
   <div class='ocr_carea' id='block_1_113' title="bbox 2009 5284 3665 5356">
    <p class='ocr_par' dir='ltr' id='par_1_113' title="bbox 2009 5284 3665 5356">
     <span class='ocr_line' id='line_1_113' title="bbox 2009 5284 3665 5356; baseline 0.002 -17"><span class='ocrx_word' id='word_1_819' title='bbox 2009 5285 2166 5339; x_wconf 90' lang='lat' dir='ltr'>venit</span> <span class='ocrx_word' id='word_1_820' title='bbox 2196 5285 2265 5339; x_wconf 87' lang='lat' dir='ltr'>ad</span> <span class='ocrx_word' id='word_1_821' title='bbox 2300 5284 2734 5353; x_wconf 89' lang='lat' dir='ltr'>duodecimum,</span> <span class='ocrx_word' id='word_1_822' title='bbox 2793 5289 2851 5340; x_wconf 92' lang='lat' dir='ltr'>et</span> <span class='ocrx_word' id='word_1_823' title='bbox 2906 5289 3036 5356; x_wconf 89' lang='lat' dir='ltr'>post</span> <span class='ocrx_word' id='word_1_824' title='bbox 3092 5300 3328 5340; x_wconf 88' lang='lat' dir='ltr'>omnem</span> <span class='ocrx_word' id='word_1_825' title='bbox 3385 5285 3665 5343; x_wconf 85' lang='lat' dir='ltr'>virtutem</span> 
     </span>
    </p>
   </div>
   <div class='ocr_carea' id='block_1_114' title="bbox 2010 5373 3667 5447">
    <p class='ocr_par' dir='ltr' id='par_1_114' title="bbox 2010 5373 3667 5447">
     <span class='ocr_line' id='line_1_114' title="bbox 2010 5373 3667 5447; baseline 0.001 -19"><span class='ocrx_word' id='word_1_826' title='bbox 2010 5373 2410 5429; x_wconf 87' lang='lat' dir='ltr'>humilitatem</span> <span class='ocrx_word' id='word_1_827' title='bbox 2436 5374 2650 5446; x_wconf 89' lang='lat' dir='ltr'>posuit.</span> <span class='ocrx_word' id='word_1_828' title='bbox 2668 5374 2909 5429; x_wconf 85' lang='lat' dir='ltr'>Frustra</span> <span class='ocrx_word' id='word_1_829' title='bbox 2923 5373 3079 5430; x_wconf 89' lang='lat' dir='ltr'>enim</span> <span class='ocrx_word' id='word_1_830' title='bbox 3100 5373 3388 5430; x_wconf 86' lang='lat' dir='ltr'>habemus</span> <span class='ocrx_word' id='word_1_831' title='bbox 3406 5374 3667 5447; x_wconf 82' lang='lat' dir='ltr'>virtutes,</span> 
     </span>
    </p>
   </div>
   <div class='ocr_carea' id='block_1_115' title="bbox 2013 5461 3662 5535">
    <p class='ocr_par' dir='ltr' id='par_1_115' title="bbox 2013 5461 3662 5535">
     <span class='ocr_line' id='line_1_115' title="bbox 2013 5461 3662 5535; baseline 0.002 -17"><span class='ocrx_word' id='word_1_832' title='bbox 2013 5463 2060 5518; x_wconf 89' lang='lat' dir='ltr'>si</span> <span class='ocrx_word' id='word_1_833' title='bbox 2084 5480 2198 5519; x_wconf 92' lang='lat' dir='ltr'>non</span> <span class='ocrx_word' id='word_1_834' title='bbox 2230 5464 2367 5535; x_wconf 75' lang='lat' dir='ltr'>ipsa)</span> <span class='ocrx_word' id='word_1_835' title='bbox 2399 5463 2644 5518; x_wconf 90' lang='lat' dir='ltr'>virtutes</span> <span class='ocrx_word' id='word_1_836' title='bbox 2676 5461 3006 5517; x_wconf 86' lang='lat' dir='ltr'>humilitate</span> <span class='ocrx_word' id='word_1_837' title='bbox 3026 5462 3259 5518; x_wconf 88' lang='lat' dir='ltr'>Domini</span> <span class='ocrx_word' id='word_1_838' title='bbox 3281 5468 3662 5522; x_wconf 90' lang='lat' dir='ltr'>coronentur.</span> 
     </span>
    </p>
   </div>
   <div class='ocr_carea' id='block_1_116' title="bbox 2013 5550 3672 5621">
    <p class='ocr_par' dir='ltr' id='par_1_116' title="bbox 2013 5550 3672 5621">
     <span class='ocr_line' id='line_1_116' title="bbox 2013 5550 3672 5621; baseline 0.002 -13"><span class='ocrx_word' id='word_1_839' title='bbox 2013 5552 2056 5617; x_wconf 82' lang='grc' dir='ltr'>Ο</span> <span class='ocrx_word' id='word_1_840' title='bbox 2070 5552 2167 5608; x_wconf 91' lang='lat' dir='ltr'>uid</span> <span class='ocrx_word' id='word_1_841' title='bbox 2204 5552 2360 5608; x_wconf 91' lang='lat' dir='ltr'>enim</span> <span class='ocrx_word' id='word_1_842' title='bbox 2386 5550 2565 5606; x_wconf 82' lang='lat' dir='ltr'>dixit?</span> <span class='ocrx_word' id='word_1_843' title='bbox 2593 5552 2953 5621; x_wconf 82' lang='lat' dir='ltr'>Domine,non</span> <span class='ocrx_word' id='word_1_844' title='bbox 2966 5556 3047 5607; x_wconf 79' lang='lat' dir='ltr'>est</span> <span class='ocrx_word' id='word_1_845' title='bbox 3065 5553 3369 5608; x_wconf 73' lang='lat' dir='ltr'>exaltatum</span> <span class='ocrx_word' id='word_1_846' title='bbox 3384 5568 3672 5611; x_wconf 78' lang='lat' dir='ltr'>rormeum</span> 
     </span>
    </p>
   </div>
   <div class='ocr_carea' id='block_1_117' title="bbox 2090 5765 3275 5842">
    <p class='ocr_par' dir='ltr' id='par_1_117' title="bbox 2090 5765 3275 5842">
     <span class='ocr_line' id='line_1_117' title="bbox 2090 5765 3275 5842; baseline 0.003 -17"><span class='ocrx_word' id='word_1_847' title='bbox 2090 5772 2107 5807; x_wconf 77' lang='grc' dir='ltr'><strong><em>ι</em></strong></span> <span class='ocrx_word' id='word_1_848' title='bbox 2130 5771 2278 5827; x_wconf 86' lang='lat' dir='ltr'>Puta</span> <span class='ocrx_word' id='word_1_849' title='bbox 2309 5765 2639 5842; x_wconf 84' lang='lat' dir='ltr'>Origenem,</span> <span class='ocrx_word' id='word_1_850' title='bbox 2676 5766 3043 5840; x_wconf 81' lang='lat' dir='ltr'>Commentar,</span> <span class='ocrx_word' id='word_1_851' title='bbox 3073 5768 3131 5824; x_wconf 81' lang='lat' dir='ltr'>in</span> <span class='ocrx_word' id='word_1_852' title='bbox 3160 5767 3275 5828; x_wconf 85' lang='lat' dir='ltr'>Job.</span> 
     </span>
    </p>
   </div>
  </div>
