4244 6570
606 449 632 509 1
645 447 764 510 295

2100 421 2518 487 APPENDIX.

3776 486 3787 497 .
3855 395 4011 459 1296

602 595 777 654 neque
803 577 937 635 elati
978 578 1103 632 sunt
1159 572 1306 629 oculi
1358 584 1468 625 mei
1526 566 1697 639 (Psat.
1753 579 1912 628 cxxx,
1973 562 2046 629 1).
2105 559 2255 623 Οιιο-
2286 569 2341 637 Α
2369 555 2527 624 dere,
2559 547 2961 613 contemnunt,
2991 547 3048 600 et
3074 538 3440 597 familiaritas
3483 533 3820 608 superbiam
3850 530 4007 587 facit.

1936 650 1948 654 _
2013 650 2022 654 -
2094 648 2104 654 .
2206 647 2221 654 -
2370 646 2430 654 _.
2614 640 2625 652 ι
2677 640 2707 654 ι.
2903 652 2926 654 ,1
2976 633 3250 654 j_L__.---
3299 628 3364 654 Δ-
3415 623 3833 654 -..κηηηιηλὲηιδ
3882 637 4007 654 ann-

603 671 765 729 niam
786 684 922 741 ergo
952 663 1239 721 humilem
1289 677 1350 716 se
1398 655 1847 719 monstraverat,
1894 648 2106 705 Christi
2154 647 2255 703 ad-

601 738 1153 829 ventum'postulat.
1186 751 1257 807 Et
1300 747 1440 821 quid
1483 744 1669 801 dicit?
1694 744 1976 804 Memento,
2007 738 2255 803 Domine,

604 847 784 906 David
811 854 862 903 et
877 825 1065 902 omnis
1095 836 1537 898 mansuetudinis
1566 835 1686 905 ejus
1718 830 1890 903 (Psal.
1937 843 2126 897 cxxxx,
2186 825 2257 895 1).

604 948 675 1003 Et
695 960 933 1002 rursum
963 943 1024 1015 in
1054 940 1167 996 alio
1197 938 1358 995 loco:
1390 938 1622 1007 Propter
1650 929 1820 987 David
1847 942 2066 984 servum
2106 929 2264 979 tuum

610 1051 726 1092 non
754 1013 1202 1103 avertas/aciem
1233 1027 1440 1083 Christi
1476 1025 1560 1080 tui
1608 1019 1765 1091 (Ibid.
1811 1018 1919 1089 ιο).
1977 1013 2261 1078 Quoniam

613 1125 841 1198 accepit
889 1102 1206 1188 Christum,
1256 1119 1391 1191 post
1448 1113 1624 1169 ﬁdem
1679 1107 1892 1164 Christi
1947 1102 2265 1160 Ecclesiam

617 1194 951 1288 congregat.
988 1212 1059 1266 Et
1087 1208 1228 1282 quid
1280 1203 1467 1261 dicit?
1526 1205 1656 1257 Ecce
1712 1213 1879 1270 quam
1936 1194 2156 1261 bonum,
2217 1196 2268 1244 et

613 1278 781 1377 quam
830 1278 1152 1371 iucundum,
1197 1295 1449 1352 habitare
1504 1291 1705 1363 fratres
1754 1289 1815 1342 in
1867 1299 2041 1339 unum
2092 1278 2265 1351 (Psai.

613 1368 1205 1463 cm11.'i).Ecclesia
1236 1382 1462 1442 Domini
1516 1379 1867 1451 congregata
1911 1375 2017 1428 est.
2074 1368 2272 1424 Novis-

614 1482 803 1542 simus
833 1457 1099 1554 psalmus
1147 1474 1288 1548 quid
1315 1470 1493 1528 dicit?
1524 1492 1553 1519 ‹‹
1585 1469 1728 1523 Ecce
1760 1480 1915 1521 nunc
1945 1457 2271 1516 benedicite

615 1571 954 1640 Dominum,
982 1583 1187 1625 omnes
1217 1563 1367 1621 servi
1400 1559 1649 1616 Domini.
1681 1578 1709 1605 »
1742 1552 2029 1621 Quoniam
2051 1550 2272 1604 bonum

617 1666 726 1733 est,
761 1664 820 1716 et
868 1638 1204 1731 jucundum
1260 1651 1523 1708 habitare
1574 1648 1781 1702 fratres
1829 1642 1889 1696 in
1949 1654 2157 1704 unum,
2219 1638 2276 1689 et

620 1751 765 1808 estis
811 1747 1029 1821 pariter
1085 1740 1450 1816 congregati:
1488 1762 1515 1787 ‹‹
1549 1737 1692 1791 Ecce
1740 1747 1897 1788 nunc
1949 1723 2275 1783 benedicite

622 1838 962 1894 Dominum.
988 1856 1016 1885 »
1048 1857 1075 1884 «
1107 1834 1274 1887 Nunc
1321 1827 1642 1884 benedicite
1701 1820 2040 1881 Dominum,
2064 1836 2092 1866 »
2144 1816 2276 1886 post

625 1928 943 1984 adventum
991 1920 1247 2015 Christi:
1294 1917 1433 2015 quia
1487 1909 1821 2015 congregati
1870 1906 2012 2015 estis
2066 1904 2125 1959 in
2187 1917 2275 2001 eo.
2310 1950 2357 2015 Β

2370 646 2440 700 Et
2473 623 2578 697 nos
2612 640 2793 712 igitur
2823 652 2937 691 non
2970 633 3253 688 debemus
3296 628 3367 684 de
3413 623 3834 682 consuetudine
3882 637 4011 677 con-

2367 738 2628 788 temnere
2647 711 2981 783 bonitatem
3017 721 3117 777 Dei
3138 718 3343 775 nostri.
3370 714 3698 771 Benedicite
3726 727 3865 784 ergo
3901 711 4012 766 Do-

2370 821 2621 885 minum,
2652 832 2855 873 omnes
2886 811 3058 877 servi,
3081 807 3349 865 Domini:
3375 805 3513 878 quia
3533 819 3651 859 non
3680 801 3823 858 estis
3866 800 4011 855 servi

2371 909 2613 983 peccati,
2645 906 2745 962 sed
2769 904 2918 960 servi
2954 898 3197 957 Domini.
3233 919 3261 947 ‹‹
3287 897 3500 952 Omnes
3530 891 3677 949 servi
3699 889 3953 960 Domini,
3987 911 4013 938 η

2374 999 2475 1071 qui
2491 997 2683 1053 solum
2700 993 3008 1048 Dominum
3023 988 3250 1044 habetis
3263 986 3505 1040 Deum.«
3523 982 3738 1036 Omnes
3749 978 3900 1035 servi
3913 978 4014 1033 Do-

2376 1087 2543 1155 mini,
2566 1110 2591 1135 ››
2610 1085 2825 1157 quibus
2846 1080 2931 1136 ira
2952 1096 3065 1134 non
3081 1078 3359 1148 imperat:
3389 1073 3446 1128 in
3470 1068 3875 1144 quibuslibido
3906 1083 4017 1122 non

2378 1180 2580 1249 regnat
2609 1200 2621 1241 ;
2648 1175 2707 1228 in
2741 1171 2958 1244 quibus
2981 1167 3094 1223 alia
3114 1169 3352 1239 peccata
3373 1178 3486 1217 non
3509 1161 3785 1232 regnant:
3805 1157 4017 1229 quibus

2379 1283 2494 1322 non
2529 1264 2909 1319 dominantur
2935 1257 3093 1323 vitia,
3126 1253 3211 1309 illi
3245 1251 3621 1307 dominantur
3673 1264 3709 1303 a
3754 1246 4015 1302 Domino.

2388 1376 2408 1401 ι
2442 1356 2658 1409 Omnes
2690 1348 2837 1406 servi
2860 1344 3112 1403 Domini.
3142 1366 3169 1392 »
3190 1341 3435 1397 Videtur
3454 1334 4015 1408 hucusquestetisse.

2379 1445 2488 1500 Sed
2521 1443 2713 1498 videte
2746 1440 3150 1510 augmentum.
3183 1431 3310 1486 Non
3342 1428 3559 1485 sufﬁcit
3588 1425 3779 1482 solum
3826 1440 4017 1479 servos

2381 1550 2511 1590 esse
2533 1529 2788 1595 Domini,
2812 1526 2925 1583 nisi
2947 1530 3002 1580 et
3026 1523 3140 1596 ipsi
3163 1519 3312 1577 servi
3360 1520 3532 1573 stent.
3567 1515 3670 1572 Alii
3701 1513 3855 1571 enim
3886 1518 4022 1568 sunt

2384 1625 2484 1696 qui
2519 1624 2698 1686 stant,
2751 1617 2849 1674 alii
2907 1616 3010 1687 qui
3059 1612 3299 1677 cadunt,
3359 1606 3456 1663 alii
3515 1604 3614 1678 qui
3672 1604 3873 1661 sedent
3924 1601 4021 1657 alii

2386 1693 2483 1784 qui
2510 1713 2729 1783 jacent.
2763 1709 2912 1778 Ergo
2942 1704 3043 1776 qui
3064 1702 3297 1769 cadunt,
3324 1699 3423 1771 qui
3446 1696 3671 1760 sedent,
3696 1693 4022 1765 quijacent,

2386 1780 2471 1857 illi
2505 1780 2620 1856 non
2668 1797 2918 1871 possunt
2965 1791 3203 1847 laudare
3254 1786 3589 1843 Dominum.
3638 1782 3753 1837 Vos
3794 1780 4027 1837 laudate

2389 1892 2487 1964 qui
2519 1869 2710 1946 statis.
2747 1884 2858 1941 Sed
2895 1882 3049 1938 dicat
3087 1878 3323 1950 aliquis,
3368 1876 3539 1932 Stant
3589 1876 3644 1928 et
3685 1870 3802 1927 alii.
3834 1869 4024 1925 Multas

628 1958 943 1984 uuvcuuuu
995 1958 1247 1979 uuluam.
1294 1958 1433 1990 Ὶυιυ
1488 1958 1821 1985 νυμο-νον.--
1876 1958 2008 1962 νην*
2096 1958 2101 1959 ,
2408 1958 2423 1964 _

628 2016 798 2074 Nunc
826 2012 1150 2071 benedicite
1178 2009 1239 2065 in
1271 2006 1479 2063 ultimo
1510 2001 1800 2076 graduum
1831 1995 2091 2069 psalmo:
2144 1990 2282 2063 quia
2311 1958 2357 2015 Β
2388 1986 2529 2037 sunt
2577 1976 2882 2039 Ecclesiae;
2936 1970 3131 2027 multa:
3188 1971 3327 2024 sunt
3384 1961 3874 2036 congregationes.
3916 1958 4024 2023 Qui

2593 2072 2600 2076 -
2695 2071 2703 2076 -
2732 2066 2759 2076 ι·-
2811 2071 2821 2076 -
2877 2061 2889 2074 ⁸
2979 2060 2989 2071 ·
3079 2064 3089 2076 ι
3184 2058 3248 2076 ιη
3296 2055 3607 2076 ιτ-..-ξ..-..ι
3647 2050 3938 2076 Πι-ἒηιηω
3974 2050 4024 2076 ,ιι

623 2107 684 2164 in
724 2102 1069 2162 summitate
1094 2100 1379 2156 virtutum
1411 2089 1744 2166 congregati
1774 2086 1936 2144 estis.
1955 2085 2280 2152 Antequam

627 2211 765 2269 ergo
794 2190 1172 2268 perveneritis
1203 2189 1275 2244 ad
1305 2185 1578 2259 quintum
1612 2179 1906 2235 decimum
1964 2172 2278 2245 graduum,

625 2295 738 2352 hoc
786 2296 896 2362 est,
956 2292 1030 2348 ad
1078 2286 1394 2352 excelsum,
1446 2299 1560 2338 non
1612 2275 1888 2352 poteratis
1940 2269 2281 2328 benedicere

627 2383 900 2442 Domino.
930 2382 1082 2453 Ergo
1130 2393 1287 2434 nunc
1313 2375 1440 2430 dico
1477 2369 1678 2426 vobis:
1741 2388 1768 2416 ‹‹
1794 2366 1937 2420 Ecce
1990 2375 2148 2416 nunc
2178 2358 2276 2412 be-

616 2466 881 2533 ‘nedicite
909 2447 1177 2527 Domino.
1200 2486 1227 2520 ν
1256 2462 1496 2532 Quando
1519 2458 1753 2524 dicitur,
1785 2468 1935 2510 ecce:
1998 2447 2280 2522 quodam-

631 2562 806 2622 modo
849 2578 940 2618 res
968 2558 1149 2632 digito
1205 2554 1663 2612 demonstratur.
1720 2544 1925 2599 «Ecce
1976 2554 2133 2595 nunc
2182 2537 2280 2590 be-

629 2651 882 2711 nedicite
913 2628 1211 2707 Domino.»
1230 2644 1339 2710 Qui
1361 2638 1685 2699 benedicite
1700 2632 1948 2691 Domino
1968 2630 1996 2684 ?
2021 2628 2283 2682 «Omnes

625 2742 775 2801 servi
832 2738 1103 2807 Domini;
1138 2758 1166 2787 ι)
1199 2735 1300 2808 qui
1338 2749 1456 2789 non
1495 2727 1635 2785 estis
1682 2723 1830 2781 servi
1880 2716 2120 2793 peccati,
2180 2713 2283 2769 sed

625 2832 775 2891 servi
803 2829 1056 2889 Domini.
1090 2804 1372 2883 Putamus
1401 2835 1610 2894 parum
1641 2830 1769 2871 esse
1817 2809 1974 2883 quod
2030 2804 2281 2861 dicitur:

624 2925 777 2997 Ergo
805 2937 1010 2978 servus
1040 2913 1271 2973 Domini
1301 2892 1479 2968 sum?
1504 2908 1750 2963 Summa
1802 2902 1990 2955 virtus
2040 2898 2130 2951 est
2176 2892 2285 2946 hoc

626 2978 860 3070 mereri.
892 3006 1192 3073 Quomodo
1212 3003 1240 3058 ?
1270 2998 1447 3065 Quasi
1475 2994 1818 3068 dignitatem
1857 2985 2131 3053 vindicat,
2184 2978 2286 3052 qui

634 3101 775 3159 dicit
804 3116 823 3155 :
855 3098 1004 3170 Ergo
1026 3108 1232 3151 servus
1260 3084 1631 3160 imperatoris
1663 3095 1819 3147 sum,
1843 3081 1901 3132 et
1924 3089 2093 3130 nemo
2112 3070 2287 3125 audet

632 3189 905 3248 accedere
936 3185 1007 3242 ad
1037 3197 1268 3240 servum
1299 3172 1707 3250 imperatoris:
1770 3167 1853 3223 sic
1911 3161 2141 3219 inﬁnita
2196 3158 2285 3213 di-

633 3280 829 3353 gnitas
887 3292 949 3332 se
1001 3272 1191 3329 dicere
1250 3249 1660 3324 esseservum
1713 3253 1962 3314 Domini.
2012 3249 2176 3306 Unde
2230 3250 2287 3302 et

2389 2086 2526 2141 ergo
2556 2066 2760 2124 stant?
2796 2060 2993 2118 Ariani
3044 2058 3248 2115 stant?
3296 2055 3611 2111 Nominant
3647 2050 3942 2107 Christum
3972 2050 4029 2102 et

2390 2156 2758 2223 Eunomiani,
2783 2159 2840 2209 et
2856 2156 3071 2208 caeteras
3092 2148 3343 2203 haereses
3368 2163 3381 2213 ;
3416 2159 3550 2215 ergo
3598 2138 3799 2196 stant?
3830 2137 3913 2193 Ne
3940 2134 4028 2191 vi-

2392 2249 2626 2303 deretur
2642 2261 2776 2317 ergo
2797 2241 2912 2297 illis
2933 2240 3071 2295 dare
3087 2236 3382 2293 licentiam
3404 2229 3681 2289 laudandi
3695 2226 4026 2294 Dominum,

2389 2338 2577 2394 videte
2610 2334 2750 2407 quid
2782 2332 2977 2387 dicat:

2464 2470 2490 2496 ‹‹
2524 2443 2631 2509 Qui
2653 2440 2823 2498 statis
2846 2440 2901 2493 in
2928 2438 3101 2493 domo
3124 2430 3379 2497 Domini,
3403 2429 3462 2484 in
3494 2427 3658 2484 atriis
3688 2427 3902 2483 domus
3930 2425 4027 2483 Dei

2392 2534 2597 2591 nostri.
2635 2555 2662 2582 »
2695 2530 2768 2586 Ut
2788 2526 3113 2585 secundum
3138 2523 3292 2594 quod
3323 2520 3404 2575 ait
3449 2516 3799 2591 Apostolus:
3831 2516 4027 2583 Donec,

2394 2623 2603 2695 inquit,
2653 2621 2832 2683 venio,
2891 2620 2953 2671 ut
3007 2614 3147 2668 scias
3202 2608 3464 2684 quomodo
3520 2606 3778 2678 disponas
3814 2603 4029 2661 domum

2394 2694 2510 2780 Dei,
2530 2728 2657 2781 quae
2680 2714 2769 2765 est
2785 2703 3097 2775 Ecclesia(l
3131 2702 3264 2771 Tim,
3298 2697 3486 2769 111,15)
3509 2694 3757 2751 Ecclesia
3787 2710 3901 2750 non
3930 2710 4029 2765 pa-

2394 2802 2639 2858 rietibus
2660 2795 2950 2865 consistit,
2985 2792 3085 2848 sed
3126 2790 3184 2846 in
3229 2789 3568 2860 dogmatum
3616 2784 3872 2840 veritate.
3920 2782 4029 2837 Ec-

2395 2889 2572 2947 clesia
2599 2889 2679 2943 ibi
2712 2890 2801 2942 est
2823 2885 2923 2940 ubi
2950 2883 3094 2937 ﬁdes
3124 2895 3261 2935 vera
3289 2880 3395 2933 est.
3430 2877 3708 2931 Caeterum
3753 2877 3883 2928 ante
3921 2887 4030 2925 an-

2395 2997 2503 3035 nos
2524 2976 2859 3050 quindecim
2891 2976 2995 3029 aut
3025 2968 3249 3042 viginti,
3272 2966 3522 3039 parietes
3560 2980 3758 3020 omnes
3803 2961 3899 3016 hic
3926 2961 4027 3015 Ec-

2395 3049 2709 3125 clesiarum
2732 3061 2988 3120 haeretici
3034 3057 3429 3133 possidebant.
3460 3056 3604 3110 Ante
3645 3051 3845 3125 viginti
3875 3049 4027 3107 enim

2396 3174 2603 3227 annos,
2635 3171 2839 3212 omnes
2862 3150 3147 3207 Ecclesias
3195 3147 3304 3202 has
3332 3142 3597 3200 haereteci
3636 3140 4026 3214 possidebant.

2394 3247 2651 3305 Ecclesia
2683 3248 2877 3301 autem
2909 3258 3045 3297 vera
3072 3238 3193 3294 illic
3214 3240 3358 3304 erat,
3411 3234 3511 3289 ubi
3539 3249 3671 3289 vera
3695 3231 3858 3289 .ﬁdes
3888 3232 4026 3284 erat.

633 3315 829 3353 δυιυαῡ
887 3315 949 3332 σν
1001 3315 1191 3329 υιννιν
1251 3315 1376 3324 νιν-ν
1426 3315 1511 3321 ην-
1537 3315 1543 3317 .
1571 3315 1579 3317 ν
1609 3315 1619 3316 κ

628 3366 943 3443 Apostolus
975 3363 1046 3419 de
1076 3357 1352 3418 servitute
1397 3349 1629 3410 Domini
1660 3346 1963 3421 gloriatur,
1996 3346 2054 3396 et
2081 3336 2288 3395 scribit
2316 3315 2359 3383 (ἶ
2398 3340 2544 3411 Ergo
2568 3353 2666 3392 vos
2688 3331 3014 3390 benedicite
3034 3326 3302 3393 Domino,
3327 3322 3428 3395 qui
3450 3320 3588 3378 estis
3604 3320 3753 3377 servi
3784 3316 4029 3374 Domini.

1850 3439 1883 3443 _
1973 3433 1984 3443 ι
2234 3442 2237 3443 ,
2275 3441 2286 3443 _
2398 3428 2442 3443 ιτ
2623 3429 2633 3443 ι
2754 3423 2910 3443 1-1...-
2949 3417 3205 3443 ι---.1-ι;Α
3237 3415 3293 3443 ἕ...
3331 3428 3428 3443 nun
3461 3408 3776 3443 ηηηηηιῆκῖο
3834 3408 4012 3443 vap];

631 3459 693 3516 in
716 3454 1003 3531 principio
1043 3447 1440 3524 Epistolarum
1498 3454 1781 3499 suarum:
1840 3433 2051 3490 Paulus
2104 3441 2289 3483 servus

634 3516 846 3604 Christi
903 3516 1152 3616 (Rom-1
1202 3536 1374 3610 seqq).
1432 3534 1500 3588 Et
1553 3531 1624 3585 de
1678 3531 1871 3597 Moyse
1924 3518 2168 3577 dicitur:
2224 3516 2291 3569 Et

634 3653 747 3695 non
783 3612 923 3691 sicut
972 3635 1186 3703 Moyses
1239 3624 1484 3699 famulus
1539 3634 1711 3685 meus,
1755 3614 1846 3670 cui
1899 3612 2110 3666 locutus
2166 3620 2291 3661 sum

631 3728 780 3800 facie
805 3723 876 3780 ad
895 3696 1096 3794 facient
1119 3696 1294 3790 (Deut.
1325 3729 1515 3782 xxxiv,
1549 3710 1656 3778 ιο).
1688 3703 1891 3759 Videte
1922 3698 2063 3797 quid
2096 3696 2286 3750 dicat:

633 3802 1121 3871 Caat'erislocutus
1150 3821 1283 3862 sum
1324 3803 1384 3858 in
1439 3798 1661 3856 visione
1715 3797 1773 3850 et
1830 3792 1891 3846 in
1940 3787 2287 3859 aanigmate:

634 3914 739 3972 sed
765 3928 881 3968 non
905 3908 1058 3966 sicut
1086 3902 1270 3978 Moysi
1303 3897 1520 3957 famulo
1552 3910 1703 3961 meo,
1736 3889 1831 3947 cui
1876 3887 2108 3942 locutus
2157 3896 2289 3937 sum

635 4003 783 4063 facie
830 4000 903 4058 ad
950 3973 1204 4054 faciem:
1244 3993 1533 4049 Ponamus
1584 3979 1937 4052 exemplum.
2014 3973 2291 4030 Dicamus

637 4059 767 4152 esse
793 4090 1050 4163 aliquem
1077 4082 1384 4141 dominum
1406 4073 1788 4134 ditissimum.
1822 4069 1936 4123 Iste
1990 4062 2167 4163 habet
2195 4059 2292 4115 fa-

637 4150 865 4240 miliam
932 4176 1110 4233 habet
1137 4178 1195 4229 et
1223 4185 1419 4228 servos
1450 4165 1549 4238 qui
1581 4160 1695 4219 sibi
1726 4157 2081 4215 ministrent.
2115 4150 2292 4240 Num-

636 4236 1033 4346 quidtantam
1062 4264 1282 4320 habent
1337 4236 1612 4313 ﬁduciam
1669 4246 1819 4306 servi
1876 4243 1976 4316 qui
2033 4236 2293 4346 innv'illis

638 4325 1124 4431 sunt,quantum
1149 4349 1233 4406 illi
1265 4347 1366 4420 qui
1424 4340 1686 4417 quotidie
1739 4325 2293 4427 ministrant.?.lllis

638 4416 1145 4522 magna‘dignitas
1175 4416 1419 4508 est,—qui
1446 4416 1656 4489 iaciem
1700 4426 1898 4482 vident
1941 4416 2191 4515 domini,
2237 4418 2295 4470 et

646 4538 987 4596 ministrant
1018 4532 1096 4590 ei.
1143 4526 1411 4598 Denique
1468 4518 1656 4578 caeteri
1712 4513 1883 4581 servi,
1940 4509 2041 4583 qui
2086 4504 2288 4562 faciem

638 4644 757 4685 non
768 4625 965 4682 vident
984 4618 1205 4679 domini
1219 4614 1389 4687 sui,si
1408 4609 1699 4669 voluerint
1718 4600 1942 4675 aliquid
1958 4599 2291 4669 impetrare,

641 4739 954 4782 conservos
985 4721 1208 4792 petunt.
1242 4715 1360 4770 Hoc
1389 4716 1578 4767 totum
1610 4720 1790 4779 quare
1815 4698 1977 4792 dixi?
2014 4693 2295 4792 Dominus
2325 4687 2373 4753 D

637 4783 1030 4872 nosterJesus
1054 4806 1233 4862 habet
1261 4804 1386 4875 ipse
1431 4796 1681 4855 multam
1738 4787 2061 4854 familiam;
2117 4783 2293 4875 habet

638 4901 808 4979 quasi
841 4902 913 4958 ad
947 4897 1152 4954 faciem
1173 4909 1364 4960 suam,
1398 4889 1498 4962 qui
1536 4885 1648 4944 sibi
1679 4879 2055 4961 ministrant;
2117 4871 2294 4927 habet

1582 4976 1589 4979 Α
1674 4973 1683 4979 ,
2054 4970 2062 4979 _
2158 4959 2288 4979 ,ηη

637 4959 785 5052 alios
814 4993 874 5048 in
906 4988 1083 5062 agris.
1116 4959 1432 5041 Menachos
1459 4983 1516 5033 et
1541 4973 1795 5046 virgines
1828 4959 1933 5041 ego
1966 4970 2108 5038 puto
2156 4959 2290 5015 illos

637 5100 788 5153 esse,
821 5081 924 5155 qui
945 5059 1027 5136 ad
1085 5074 1292 5133 faciem
1343 5068 1682 5125 ministrant
1728 5059 1964 5116 domino
2018 5068 2146 5119 suo,
2192 5065 2288 5105 sa:-

635 5173 864 5230 culares
895 5172 1090 5226 autem
1122 5164 1224 5237 qui
1256 5163 1394 5218 sunt
1440 5155 1609 5231 quasi
1652 5154 1711 5209 in
1755 5163 1915 5222 agro,
1968 5145 2038 5199 de
2068 5137 2292 5197 familia

634 5228 765 5322 sua.
797 5259 1060 5331 Denique
1085 5228 1171 5311 illi
1203 5252 1302 5326 qui
1332 5228 1559 5306 suntin
1589 5243 1768 5317 agris,
1802 5239 1947 5293 istos
1991 5228 2292 5331 postulant

634 5359 704 5411 ut
732 5353 939 5426 rogent
969 5345 1301 5410 dominum,
1334 5339 1385 5396 si
1418 5336 1557 5410 quid
1598 5325 1997 5389 necessarium
2048 5320 2286 5375 habent.

635 5405 924 5508 Quantam
955 5436 1176 5492 habent
1204 5405 1340 5503 ergo
1372 5405 1743 5500 dignitatem,
1776 5415 1877 5489 qui
1908 5408 2170 5484 quotidie
2199 5405 2287 5506 vi:

805 5528 1013 5586 faciem
1043 5496 1301 5588 domini:
1334 5496 1560 5574 tantam
1611 5510 1833 5567 habent
1887 5514 2142 5576 pmnam,
2187 5496 2289 5567 qui

638 5619 945 5691 negligunt
974 5609 1370 5671 ministerium
1403 5602 1647 5662 domini.
1700 5597 1902 5653 Solent
1949 5592 2107 5649 enim
2150 5591 2287 5648 mali

639 5707 811 5777 servi,
836 5704 1072 5778 quando
1092 5703 1232 5757 sunt
1253 5698 1312 5754 in
1336 5695 1515 5769 agris,
1542 5689 1732 5762 magis
1755 5688 1960 5744 timere
1982 5685 2287 5741 dominum

641 5772 928 5882 quianon
956 5793 1178 5852 vident.
1228 5788 1289 5848 Si
1338 5790 1537 5848 autem
1585 5778 1843 5859 quotidie
1892 5774 2174 5853 coeperint
2208 5772 2291 5831 vi-

2398 3408 2522 3483 Non
2553 3429 2641 3482 est
2674 3423 2918 3497 pulchra
2949 3417 3207 3475 laudatio
3237 3415 3297 3470 in
3330 3428 3429 3469 ore
3460 3408 3777 3484 peccatoris
3834 3408 4030 3479 (Eeeli.

2397 3535 2492 3581 xv.
2523 3516 2602 3587 9).
2636 3496 2784 3586 Ergo
2815 3528 2917 3567 vos
2946 3508 3200 3571 laudate,
3235 3504 3335 3577 qui
3366 3502 3508 3558 estis
3538 3499 3683 3556 servi
3705 3496 3955 3567 Domini,
3980 3500 4035 3551 et

2399 3606 2497 3678 qui
2521 3586 2662 3661 estis
2687 3601 2858 3669 servi,
2885 3604 2941 3656 et
2969 3596 3156 3655 statis.
3190 3593 3296 3661 Qui
3330 3589 3541 3648 statis?
3566 3589 3786 3657 Statuit,
3820 3586 4033 3658 inquit,

2396 3675 2571 3766 supra
2614 3697 2830 3765 petram
2868 3688 3027 3760 pedes
3085 3700 3231 3741 meos
3290 3681 3462 3754 (Psai.
3512 3695 3697 3749 χχχιχ,
3738 3678 3814 3748 6).
3866 3676 3933 3731 Et
3960 3675 4034 3731 ad

2400 3785 2636 3856 Moysen
2666 3798 2678 3837 :
2714 3782 2787 3835 Tu
2814 3794 2940 3834 vero
2971 3776 3060 3831 hic
3110 3779 3196 3829 sia
3234 3788 3447 3827 mecum
3494 3767 3681 3841 (Exod.
3736 3783 3923 3835 xxxw,
3953 3766 4033 3833 2).

2402 3854 2554 3929 Deus
2586 3869 2749 3927 stetit
2774 3868 2832 3924 in
2846 3880 3143 3940 synagoga
3173 3863 3438 3919 deorum.
3470 3882 3497 3908 «
3531 3859 3600 3913 Et
3637 3856 3735 3930 qui
3786 3854 3970 3925 statis,
4006 3874 4033 3903 ››

2399 3979 2517 4018 non
2549 3960 2907 4030 ubicunque,
2939 3956 3062 4020 sed,
3096 3977 3123 4003 ‹‹
3156 3952 3217 4009 in
3266 3952 3439 4007 domo
3468 3947 3591 4013 Dei,
3641 3947 3700 4000 in
3730 3942 3893 4001 atriis
3931 3943 4035 3999 do-

2402 4069 2535 4107 mus
2566 4050 2664 4106 Dei
2715 4046 2921 4104 nostri.
2956 4066 2984 4094 »
3036 4045 3097 4098 In
3148 4038 3447 4097 Hebraicis
3491 4034 3882 4093 voluminibus
3920 4050 4035 4089 non

2400 4143 2666 4206 habetur,
2701 4138 2801 4194 sed
2834 4136 2892 4191 in
2915 4132 3183 4206 sequenti
3233 4128 3458 4203 psalmo
3488 4131 3577 4183 est
3605 4124 3772 4199 (Psat,
3811 4140 4031 4193 cxxxw,

2397 4235 2476 4304 2).
2511 4228 2810 4297 Quomodo
2840 4226 2996 4283 enim
3026 4222 3293 4294 sequitur
3316 4220 3375 4274 in
3398 4218 3523 4290 ipso
3546 4215 3765 4289 psalmo
3783 4213 3810 4269 ?
3836 4236 3864 4264 «
3890 4213 4036 4269 Lau-

2402 4323 2534 4377 date
2561 4334 2774 4376 nomen
2806 4312 3061 4383 Domini,
3095 4311 3330 4367 laudate
3374 4307 3522 4364 servi
3567 4304 3894 4361 Dominum.
3929 4302 4039 4369 Qui

2402 4410 2572 4469 statis
2595 4408 2651 4463 in
2681 4408 2853 4463 domo
2876 4402 3061 4470 Domi,
3094 4402 3153 4456 in
3187 4399 3349 4456 atriis
3396 4397 3608 4453 domus
3651 4393 3747 4450 Dei
3796 4392 3977 4449 nostri
4013 4414 4035 4441 ι

2402 4502 2573 4575 (Psat.
2609 4496 2861 4567 cxxx111).
2896 4491 3183 4558 Quoniam
3216 4505 3351 4561 ergo
3380 4486 3489 4542 iste
3520 4483 3779 4558 psalmus
3824 4481 4037 4540 habet:

2407 4612 2435 4640 ‹‹
2462 4589 2567 4656 Qui
2603 4586 2772 4643 statis
2805 4585 2862 4639 in
2896 4583 3068 4639 domo
3102 4576 3356 4645 Domini,
3388 4576 3447 4631 in
3489 4574 3652 4630 atriis
3706 4573 3913 4628 domus
3942 4570 4041 4625 Dei

2404 4678 2610 4748 nostri,
2662 4699 2689 4727 ››
2740 4677 3047 4747 propterea
3094 4668 3334 4740 quidam
3391 4663 3615 4738 putavit
3670 4666 3726 4719 et
3779 4660 3835 4716 in
3912 4659 4039 4733 ipso

2404 4767 2633 4842 psalmo
2663 4765 2763 4837 qui
2796 4758 3126 4836 praecessit:
3165 4779 3193 4812 α
3222 4756 3328 4821 Qui
3361 4752 3529 4810 statis
3558 4753 3618 4807 in
3650 4753 3819 4807 domo
3848 4749 4040 4806 Domi-

2404 4859 2484 4923 ni,
2519 4879 2547 4907 »
2579 4856 2788 4911 debere
2825 4850 3070 4907 addere:
3122 4871 3148 4897 ‹‹
3199 4851 3263 4901 In
3313 4843 3477 4901 atriis
3524 4843 3731 4897 domus
3778 4839 3880 4895 Dei
3936 4854 4041 4893 no-

2403 4948 2531 5004 stri.
2573 4966 2594 4993 ι
2629 4943 2775 5008 Quid
2835 4944 3032 4996 autem
3081 4935 3389 5009 signiﬁcet,
3435 4956 3461 4983 ‹‹
3516 4933 3574 4987 in
3623 4929 3783 4986 atriis
3828 4929 4042 4984 domus

2401 5036 2504 5093 Dei
2535 5032 2740 5090 nostri.
2776 5054 2804 5081 »
2836 5035 2894 5086 et
2925 5046 3053 5101 quae
3084 5027 3161 5084 sit
3190 5023 3516 5081 differentia
3542 5023 3752 5077 domus
3779 5023 3834 5075 et
3862 5018 4041 5074 atrio-

2402 5143 2558 5193 rum,
2582 5124 2639 5179 in
2673 5119 2938 5193 sequenti
2972 5116 3200 5191 psalmo
3231 5130 3365 5171 cum
3413 5111 3597 5168 lectus
3644 5108 3831 5177 fuerit,
3862 5107 4047 5163 disse-

2402 5221 2579 5272 retur.

2476 5345 2505 5373 «
2535 5322 2599 5378 In
2630 5318 2901 5376 noctibus
2932 5313 3187 5372 extollite
3208 5328 3418 5368 manus
3440 5311 3660 5365 vestras
3682 5306 3740 5361 in
3762 5308 3983 5361 sancta.
4018 5328 4045 5351 »ι

2400 5411 2634 5468 Mundus
2663 5412 2768 5465 iste
2797 5410 2857 5462 in
2886 5404 3141 5474 maligno
3185 5404 3395 5474 positus
3450 5407 3528 5455 est
3583 5398 3631 5466 (Ι
3656 5397 3811 5452 Joan.
3839 5410 3899 5464 ν,
3932 5394 4045 5463 19),

2401 5508 2453 5558 et
2484 5518 2593 5557 non
2620 5507 2699 5555 est
2728 5496 2885 5553 nobis
2927 5510 3114 5567 pugna
3158 5492 3415 5547 adversus
3462 5501 3680 5543 carnem
3733 5492 3786 5539 et
3818 5484 4049 5553 sangui-

2399 5608 2547 5658 nem,
2616 5588 2710 5645 sed
2772 5587 3034 5642 adversus
3096 5585 3332 5637 rectores
3398 5576 3747 5635 tenebrarum
3810 5574 4048 5627 istarum

2401 5682 2630 5756 (Ephes.
2663 5695 2741 5749 v1,
2778 5676 2884 5745 12).
2918 5672 3080 5728 Unde
3110 5671 3254 5727 dicit
3283 5673 3338 5724 et
3366 5664 3713 5740 Apostolus:
3744 5663 3863 5719 Nox
3898 5678 4048 5735 pra-

2399 5750 2602 5831 eesszt:
2634 5768 2751 5826 dies
2778 5771 2963 5822 autem
2999 5759 3472 5841 appropinquavit
3527 5755 3699 5835 (Rom.
3755 5767 3881 5828 xm,
3930 5750 4047 5826 12).
