4244 6568
251 509 405 573 1297

1460 505 1959 572 BREVIARIUM
2004 506 2084 569 IN
2130 505 2515 570 PSALMOS.

3497 498 3655 566 1298

246 647 393 721 Ergo
424 647 532 704 hoc
579 643 858 704 saeculum
910 663 1022 703 nox
1069 649 1178 703 est.
1228 645 1518 702 Saeculum
1551 664 1680 703 vero
1732 646 1888 700 futu-
1921 642 1975 709 Α
2004 646 2153 713 Otu,
2187 645 2533 714 Christiane,
2569 646 2733 717 rogat
2762 643 2816 697 te
2874 657 3096 714 pauper
3152 642 3218 696 ut
3274 638 3378 697 des
3435 635 3487 695 ei
3546 649 3653 712 pe-

249 754 382 793 rum
429 736 554 794 dies
602 741 708 793 est.
742 736 903 793 Unde
954 736 1094 792 dicit
1141 741 1198 792 et
1237 736 1600 809 Apostolus:
1636 738 1789 793 Sicut
1838 739 1899 792 in

249 827 357 895 die,
390 827 600 899 inquit,
634 827 851 883 honeste
879 827 1216 882 ambulemus
1265 826 1423 898 (Ibid.
1459 827 1567 898 13).
1601 828 1901 892 Quomodo

246 916 456 972 victuri
511 932 721 972 sumus
766 917 825 971 in
875 917 991 984 die,
1024 916 1131 972 hoc
1164 920 1270 986 est,
1304 917 1363 971 in
1415 916 1612 972 futuro
1660 916 1895 983 saaculo,

253 1015 301 1070 si
356 1031 512 1070 nunc
558 1016 841 1071 vivamus.
895 1036 923 1064 ‹‹
953 1016 1016 1070 In
1062 1016 1332 1071 noctibus
1382 1014 1637 1070 extollite
1687 1030 1899 1070 manus

249 1109 472 1160 vestras
503 1106 563 1160 in
594 1110 815 1162 sancta.
844 1126 870 1153 »
902 1104 1187 1170 Velimus,
1220 1104 1500 1172 nolimus,
1532 1104 1592 1158 in
1627 1104 1898 1160 noctibus

249 1208 476 1249 sumus.
511 1193 777 1258 Quandiu
806 1193 865 1248 in
895 1193 1008 1249 isto
1038 1194 1248 1249 saeculo
1274 1210 1501 1265 sumus,
1536 1195 1594 1248 in
1628 1192 1895 1249 noctibus

246 1299 474 1338 sumus.
506 1282 627 1338 Nox
656 1283 927 1339 tenebras
956 1283 1152 1339 habet.
1177 1284 1386 1339 Noctes
1417 1288 1612 1339 autem
1645 1282 1892 1338 istarum

245 1373 639 1440 tenebrarum,
674 1376 912 1445 peccata
958 1376 1096 1429 sunt
1142 1372 1472 1428 hominum.
1506 1372 1709 1427 Videte
1755 1387 1892 1443 ergo

247 1460 387 1532 quid
420 1460 574 1516 dicat
605 1478 617 1516 :
654 1483 682 1511 ‹‹
716 1463 781 1516 In
812 1461 1083 1517 noctibus
1134 1460 1391 1517 extollite
1424 1478 1637 1516 manus
1667 1464 1893 1516 vestras

245 1548 305 1603 in
357 1553 577 1605 sancta.
608 1572 637 1601 »
692 1550 864 1617 Dum,
896 1550 1107 1623 inquit,
1142 1551 1283 1606 estis
1329 1550 1389 1605 in
1435 1551 1546 1605 isto
1596 1549 1807 1605 saeculo
1838 1553 1893 1604 et

244 1637 303 1693 in
330 1638 459 1695 istis
499 1640 790 1710 noctibus,
816 1638 999 1696 levate
1030 1656 1241 1695 manus
1284 1643 1530 1695 vestras.
1571 1638 1760 1695 Nolite
1790 1639 1892 1694 de-

243 1729 491 1795 mittere,
517 1730 618 1785 sed
660 1730 863 1785 levate.
891 1731 1096 1785 Levate
1135 1744 1269 1783 cum
1310 1730 1505 1801 Moyse
1530 1729 1722 1801 (Exod.
1749 1746 1890 1794 xvn,

244 1820 267 1873 1
311 1822 351 1886 ).
383 1819 441 1874 Si
472 1818 796 1876 levaveritis
824 1836 1035 1875 manus
1064 1823 1308 1889 vestras,
1343 1818 1600 1874 vincitur
1629 1816 1887 1874 Amalec.

240 1908 297 1962 Si
341 1914 537 1964 autem
582 1909 961 1975 demiseritis,
1006 1912 1317 1979 superatur
1358 1908 1553 1963 Jesus.
1587 1906 1889 1978 Simulque

239 1998 606 2053 considerate
664 1998 1030 2070 mysterium.
1079 1997 1137 2052 Si
1188 2015 1293 2053 nos
1340 1996 1600 2053 levamus
1648 2013 1879 2064 manus,
1911 2018 1959 2084 B

233 2094 413 2150 vincit
440 2095 633 2151 Jesus.
668 2095 728 2151 Si
758 2094 1143 2151 levaverimus
1174 2111 1385 2150 manus
1426 2098 1657 2151 nostras
1688 2094 1748 2148 in
1779 2094 1880 2148 bo-

232 2183 328 2239 nis
358 2184 652 2255 operibus,
686 2200 788 2256 per
834 2185 988 2240 bona
1017 2200 1193 2256 opera
1242 2187 1442 2239 nostra
1488 2182 1753 2238 Christus
1783 2199 1883 2237 su-

232 2277 400 2344 perat
428 2272 770 2329 diabolum.
815 2273 1024 2330 Manus
1071 2277 1266 2329 autem
1318 2273 1775 2344 interpretantur
1821 2272 1881 2327 in

230 2361 526 2433 operibus.
560 2362 722 2417 Unde
772 2362 1049 2418 scribitur
1082 2364 1311 2418 :Factus
1338 2365 1416 2417 est
1447 2377 1631 2416 sermo
1664 2362 1885 2415 Domini

230 2452 292 2504 in
322 2467 494 2506 manu
521 2453 715 2521 Aggaei
744 2451 894 2522 (Agg.
924 2453 1058 2522 1,1).
1105 2455 1296 2509 Sermo
1323 2454 1497 2522 factus
1515 2455 1596 2506 est
1623 2452 1681 2505 in
1714 2466 1883 2506 manu

227 2540 478 2595 Ieremia
524 2545 802 2612 praphetw
847 2541 1064 2612 (Jerem.
1099 2558 1151 2607 L,
1184 2541 1256 2612 1).
1290 2540 1499 2610 Utique
1547 2555 1740 2595 sermo
1778 2537 1879 2594 Dei

233 2644 351 2683 non
374 2627 438 2682 fit
458 2628 516 2682 in
550 2644 749 2696 manu,
775 2631 876 2684 sed
900 2629 957 2684 in
981 2645 1078 2685 ore
1108 2631 1191 2685 lit.
1216 2630 1323 2686 Sed
1355 2630 1544 2685 videte
1566 2628 1880 2701 Scripturas

232 2716 532 2788 mysteria.
567 2717 722 2773 Deus
772 2735 888 2774 non
918 2718 1076 2774 venit
1122 2719 1193 2774 ad
1225 2734 1554 2774 sermonem
1586 2718 1714 2773 sine
1743 2734 1880 2790 ope-

232 2822 296 2861 re
326 2806 497 2861 bono.
530 2807 814 2863 Caeterum
860 2812 917 2864 et
963 2808 1259 2863 homicida
1288 2807 1586 2863 Christum
1635 2807 1876 2862 conﬁte—

231 2899 350 2960 tur,
384 2900 441 2950 et
473 2911 588 2951 non
619 2896 779 2951 venit
809 2898 879 2951 ad
928 2896 1095 2952 illum
1130 2897 1414 2952 Dominus
1449 2912 1462 2949 :
1496 2895 1635 2966 quia
1666 2912 1879 2951 manus

230 2981 420 3054 ipsius
444 2982 677 3039 Domini
708 2985 1025 3041 adventum
1054 3002 1167 3041 non
1203 2989 1518 3040 merentur.
1551 2984 1713 3039 Unde
1744 2983 1881 3038 scri-

227 3073 399 3143 ptum
432 3076 521 3128 est
548 3073 608 3129 in
640 3073 751 3129 alio
783 3073 941 3130 loco:
972 3079 1040 3130 In
1068 3091 1239 3130 manu
1264 3075 1492 3146 linguae,
1513 3089 1660 3129 mors
1690 3081 1740 3129 et
1766 3075 1883 3129 vita

228 3160 423 3231 (Prov.
456 3178 618 3227 XVIII,
649 3162 727 3232 2).
762 3166 909 3234 Ergo
940 3162 1144 3234 lingua
1174 3179 1387 3218 manus
1417 3161 1642 3217 habet?
1676 3162 1876 3230 Dicite,

227 3265 411 3319 quare
443 3248 658 3304 dicitur
691 3251 799 3305 :‘In
832 3267 1008 3306 manu
1041 3249 1275 3322 linguae,
1308 3267 1467 3306 mors
1500 3253 1557 3305 et
1584 3249 1749 3305 vita?
1778 3250 1878 3305 Vi-

223 3337 357 3393 dete
378 3336 521 3408 quid
543 3337 698 3394 dicat
723 3356 735 3393 :
761 3338 915 3395 Deus
928 3355 1041 3395 non
1065 3339 1229 3394 audit
1248 3337 1657 3411 linguam,non
1680 3338 1874 3408 verba,

2012 738 2245 795 cuniam
2282 753 2504 810 :quare
2560 752 2676 791 non
2725 734 2830 790 das
2876 732 2936 787 in
2994 730 3241 798 occulto,
3296 730 3396 787 sed
3454 730 3560 786 das
3593 730 3657 787 in

2010 827 2242 899 publico
2274 827 2302 881 ‘I
2329 827 2386 881 Si
2412 828 2618 881 testem
2652 823 2835 879 Deum
2867 818 3102 892 quaeris,
3132 818 3428 875 humanos
3458 816 3659 876 oculos

2009 917 2149 988 quid
2207 912 2922 987 requiris?Eleemosyna
2977 912 3081 964 tua
3135 908 3289 981 apud
3344 907 3656 980 imperitos

2006 1006 2234 1061 videtur
2280 1020 2408 1060 esse
2457 1002 2825 1074 eleemosyna
2873 1001 3193 1054 :caeterum
3251 997 3406 1069 apud
3464 995 3654 1054 Deum

2007 1094 2223 1165 injuria
2253 1097 2361 1148 est.
2396 1090 2679 1162 Injuriam
2734 1089 2891 1145 enim
2949 1086 3095 1143 facis
3150 1086 3316 1142 fratri
3369 1088 3491 1141 tuo.
3547 1085 3652 1143 Vis

2003 1184 2160 1239 enim
2193 1182 2528 1238 videntibus
2551 1178 2682 1235 aliis
2714 1176 3051 1234 mendicum
3074 1174 3651 1240 ostendere.Quando

2004 1288 2139 1344 ergo
2198 1272 2432 1340 damus,
2480 1286 2595 1325 non
2627 1268 2837 1325 demus
2906 1265 3074 1338 quasi
3149 1264 3221 1320 de
3274 1268 3494 1333 nostro,
3545 1264 3650 1321 sed

2004 1362 2073 1416 de
2104 1362 2255 1416 dono
2286 1358 2520 1415 Christi.
2571 1358 2697 1414 Non
2746 1357 3028 1412 debemus
3085 1354 3224 1410 dare
3275 1352 3443 1425 quasi
3473 1368 3651 1409 men-

2002 1450 2150 1517 dico,
2185 1451 2287 1505 sed
2318 1448 2490 1520 quasi
2517 1446 2703 1503 fratri.
2764 1446 2883 1504 Nos
2941 1444 3154 1500 damus
3212 1442 3512 1510 carnalia;
3550 1442 3649 1499 ille

2001 1540 2103 1595 dat
2133 1537 2501 1611 spiritualia:
2537 1536 2672 1609 plus
2703 1537 2803 1591 dat
2832 1548 3260 1607 pauper,quam
3293 1531 3649 1604 accipit.Nos

2001 1629 2213 1684 damus
2244 1643 2477 1700 panem,
2526 1626 2626 1699 qui
2657 1625 2718 1680 in
2768 1623 2900 1698 ipsa
2956 1622 3050 1679 die
3104 1620 3514 1692 consumitur;
3548 1620 3649 1679 ille

2000 1734 2103 1789 pro
2137 1734 2285 1790 pane
2342 1716 2544 1771 reddet
2573 1714 2745 1771 nobis
2770 1730 2952 1786 regna
2996 1711 3296 1768 caelorum.
3356 1711 3501 1784 Ergo
3533 1710 3644 1768 hoc

1998 1806 2127 1861 dioo
2156 1811 2223 1861 ut
2270 1805 2425 1878 qUod
2476 1804 2744 1870 facimus,
2809 1802 3096 1858 faciamus
3151 1800 3211 1855 in
3271 1804 3473 1857 sancto
3506 1801 3648 1867 ;aut

1997 1895 2151 1967 quod
2187 1895 2456 1965 facimus,
2517 1891 2735 1950 Christi
2795 1907 2973 1947 causa
3020 1889 3327 1946 faciamus.
3358 1888 3643 1946 Castorum

1998 1983 2168 2040 multi
2199 1983 2448 2056 gentiles
2464 1983 2565 2055 qui
2599 1980 2821 2038 faciunt
2842 1978 3372 2053 eleemosymam,si
3391 1977 3645 2034 viderint

1998 2070 2253 2144 aliquem
2280 2071 2581 2145 praecisum
2614 2087 2854 2127 manum
2885 2070 3099 2126 habere
3123 2086 3147 2132 ;
3177 2068 3225 2124 si
3255 2067 3529 2124 viderunt
3550 2083 3649 2139 pe-

1993 2161 2125 2217 dem
2158 2161 2373 2217 habere
2394 2176 2739 2216 cancrosum
2769 2163 2827 2214 et
2853 2155 3381 2232 putridum,statim
3406 2156 3642 2213 animus

1992 2249 2109 2306 illis
2141 2250 2316 2306 dolet.
2350 2249 2620 2305 Vincitur
2648 2249 2910 2304 humana
2940 2246 3137 2302 anima
3174 2244 3429 2302 naturali
3461 2244 3642 2301 mise-

1993 2331 2269 2394 ricordia.
2295 2339 2363 2394 Et
2389 2338 2527 2410 quid
2559 2337 2752 2393 dicit?
2784 2337 2927 2393 Ecce
2984 2353 3089 2409 ego
3149 2335 3199 2391 si
3257 2334 3395 2391 talis
3423 2350 3639 2406 essem,

1992 2438 2127 2509 quid
2161 2436 2341 2491 miser
2371 2436 2622 2492 facerem
2653 2434 2680 2490 ?
2713 2434 2782 2490 Et
2811 2434 2934 2489 ﬁeri
2993 2437 3186 2506 potest
3216 2435 3283 2488 ut
3307 2430 3442 2488 talis
3501 2430 3640 2505 sim,

1991 2526 2124 2598 quis
2154 2524 2301 2580 mihi
2331 2523 2543 2580 dabit?
2586 2524 2655 2579 Et
2687 2540 2805 2596 ego
2819 2523 2997 2579 debeo
3028 2538 3163 2595 ergo
3193 2521 3333 2577 huic
3361 2521 3502 2577 dare
3537 2536 3550 2576 :
3579 2521 3647 2576 ut

1989 2619 2046 2671 et
2077 2614 2219 2670 mihi
2254 2614 2352 2668 det
2382 2611 2618 2684 aliquis,
2655 2612 2702 2668 si
2735 2610 2870 2667 talis
2902 2610 3082 2667 fuero.
3128 2611 3243 2666 Iste
3271 2609 3509 2682 quidem
3543 2608 3646 2666 dat

1989 2702 2230 2777 pauperi
2255 2718 2466 2775 panem
2502 2720 2516 2769 ;
2543 2702 2644 2756 sed
2676 2700 2737 2755 in
2769 2715 3023 2772 paupere
3053 2698 3143 2754 sui
3175 2697 3641 2764 miseretur,non

1989 2793 2169 2849 illius.
2205 2793 2323 2848 Ista
2350 2790 2755 2847 misericordia
2785 2806 2901 2845 non
2945 2787 3159 2844 Christi
3215 2785 3639 2854 misericordia,

1989 2892 2090 2947 sed
2121 2890 2212 2946 sui
2246 2887 2648 2945 misericordia
2676 2891 2784 2944 est.
2816 2887 3001 2943 Omne
3031 2901 3167 2959 ergo
3198 2886 3353 2958 quod
3384 2884 3636 2944 facimus

1990 2978 2203 3036 Christi
2233 2995 2413 3034 causa
2444 2977 2729 3033 faciamus
2768 2976 3053 3031 faciamus
3110 2975 3170 3031 in
3229 2978 3451 3031 sancto.
3511 2972 3634 3031 Sive

1988 3068 2413 3134 manducamus,
2442 3069 2554 3123 sive
2585 3067 2843 3133 bibimus,
2870 3066 3057 3121 omnia
3084 3066 3144 3147 in
3165 3064 3390 3121 nomine
3418 3064 3628 3121 Christi

1986 3161 2258 3231 faciamus
2286 3158 2334 3229 (Ι
2364 3158 2492 3213 Cor.
2526 3173 2583 3223 x,
2616 3156 2727 3229 31).
2778 3154 3109 3227 Scripturas
3165 3153 3437 3226 legimus.
3470 3152 3635 3209 Psal-

1989 3264 2117 3303 mos
2148 3243 2804 3316 ediscimus,Evangelia
2832 3241 3446 3315 tenemus,prophetas
3476 3241 3634 3298 edis-

1990 3335 2240 3392 serimus
2275 3349 2288 3389 :
2325 3350 2442 3388 non
2472 3333 2754 3388 debemus
2783 3331 2892 3387 hoc
2923 3331 3005 3386 ita
3028 3331 3215 3387 facere
3231 3334 3297 3387 ut
3315 3330 3638 3404 gloriemur

224 3434 328 3490 sed
378 3384 573 3507 ξρετε,
607 3440 671 3491 ut
718 3436 1052 3509 quicunque
1099 3384 1651 3507 aliquidoloqui’tur,
1684 3439 1742 3490 et
1792 3384 1874 3490 fa:
1906 3384 1949 3453 C
1990 3424 2144 3496 apud
2177 3422 2408 3492 fratres,
2441 3421 2542 3475 sed
2574 3424 2639 3474 ut
2667 3418 2894 3477 Christo
2923 3418 3261 3509 placeamus
3293 3384 3413 3509 :f’ut
3436 3434 3632 3509 sermo

224 3523 361 3579 ciat.
414 3524 755 3597 Prascipitur
799 3542 935 3598 ergo
985 3524 1154 3580 nobis
1185 3524 1247 3579 in
1279 3524 1597 3580 novissimo
1647 3523 1875 3596 psalmo

226 3613 543 3683 graduum,
579 3636 608 3663 «
640 3614 702 3669 In
734 3613 1003 3670 noctibus
1035 3613 1288 3670 extollite
1319 3629 1532 3669 manus
1561 3618 1785 3668 vestras
1813 3614 1872 3667 in
1905 3638 1907 3641 ι

227 3706 453 3757 sancta.
508 3724 535 3751 ››
595 3703 820 3770 Levate,
872 3703 1086 3774 inquit,
1137 3719 1349 3758 manus
1406 3705 1630 3757 vestras
1671 3718 1689 3769 ;
1738 3701 1878 3773 quia

222 3789 403 3846 Jesus
449 3807 548 3847 eas
579 3791 789 3847 levavit
834 3792 893 3847 in
925 3809 1112 3848 cruce.
1153 3814 1174 3841 α
1210 3792 1273 3847 In
1306 3791 1573 3847 noctibus
1620 3790 1876 3847 extollite

226 3895 443 3935 manus
471 3884 694 3935 vestras
726 3880 783 3935 in
830 3885 1052 3936 sancta.
1088 3902 1117 3930 ››
1148 3882 1336 3947 Quare
1364 3878 1548 3935 voluit
1577 3880 1788 3936 addere
1820 3884 1877 3935 et

226 3965 441 4034 dicere,
502 3967 562 4022 in
618 3972 871 4025 sancta?
925 3970 995 4024 Et
1050 3969 1305 4025 haeretici
1358 3970 1632 4024 videntur
1686 3967 1875 4024 levare

230 4071 464 4121 manus,
497 4060 554 4112 et
604 4057 853 4128 gentiles
883 4058 1153 4113 videntur
1200 4057 1386 4113 levare
1417 4073 1650 4124 manus,
1683 4062 1741 4112 et
1769 4058 1869 4113 Ju-

227 4142 337 4198 daei
369 4144 640 4200 videntur
686 4144 876 4200 levare
907 4162 1159 4213 manus;
1193 4146 1416 4201 faciunt
1464 4145 1620 4202 enim
1671 4150 1730 4201 et
1760 4145 1879 4221 ipsi

224 4230 626 4304 eleemosynas
652 4257 666 4300 ;
701 4234 748 4287 si
780 4232 1030 4288 viderint
1060 4248 1399 4305 pauperem,
1423 4250 1663 4289 manum
1695 4234 1874 4305 porri-

219 4323 391 4394 gunt.
415 4320 657 4385 Quando
680 4321 919 4377 Judaaus
949 4322 1177 4378 dederit
1204 4322 1653 4395 eleemosynam,
1680 4338 1873 4379 nonne

220 4408 331 4464 tibi
362 4408 593 4464 videtur
622 4408 809 4464 levare
828 4426 1069 4465 manum
1093 4410 1120 4464 ?
1150 4415 1321 4466 Levat
1341 4411 1581 4482 quidem
1604 4427 1867 4478 manum,

221 4497 329 4552 sed
380 4514 496 4553 non
526 4496 677 4553 levat
719 4496 779 4552 in
811 4502 1053 4567 sancta;
1088 4499 1228 4570 quia
1257 4498 1556 4555 Christum
1591 4517 1705 4556 non
1736 4517 1869 4556 con-

218 4585 442 4642 ﬁtetur.
473 4586 589 4641 Vos
628 4590 821 4643 autem
854 4586 953 4658 qui
1000 4586 1142 4642 estis
1172 4587 1231 4641 in
1261 4588 1435 4643 domo
1481 4587 1735 4654 Domini,
1768 4588 1868 4660 qui

219 4673 393 4729 statis
413 4662 481 4728 in
505 4674 679 4730 domo
705 4674 957 4741 Domini,
990 4676 1050 4729 in
1082 4675 1247 4731 atriis
1270 4675 1481 4731 domus
1511 4675 1613 4731 Dei
1644 4676 1864 4745 nostri;

1985 3511 2177 3584 ipsius
2198 3510 2259 3565 in
2291 3526 2389 3565 ore
2419 3511 2616 3565 nostro
2647 3511 2897 3565 resonet.
2951 3506 3151 3563 Solent
3199 3511 3256 3563 et
3282 3498 3413 3576 viri,
3445 3506 3637 3564 solent

1986 3606 2043 3657 et
2075 3599 2369 3670 monachi,
2402 3597 2592 3654 solent
2621 3601 2678 3653 et
2706 3595 3062 3653 muliercula;
3112 3596 3223 3652 hoc
3251 3595 3405 3652 inter
3433 3613 3496 3653 se
3522 3596 3634 3654 ha-

1983 3692 2120 3747 bere
2143 3693 2461 3753 certamen,
2494 3692 2560 3742 ut
2589 3685 2787 3759 plures
2844 3684 3110 3742 ediscant
3163 3685 3539 3761 Scripturas:
3575 3689 3633 3742 et

1984 3780 2043 3835 in
2076 3796 2142 3835 eo
2183 3795 2243 3835 se
2288 3781 2495 3850 putant
2558 3792 2689 3832 esse
2756 3773 3049 3843 meliores,
3120 3774 3170 3832 si
3235 3774 3435 3848 plures
3499 3775 3631 3832 edi-

1986 3868 2250 3924 dicerint.
2276 3866 2386 3923 ‘Ille
2416 3867 2549 3939 plus
2574 3864 2830 3934 edidicit,
2890 3864 2990 3937 qui
3048 3863 3181 3937 plus
3239 3864 3396 3921 facit.
3455 3863 3631 3922 Caete-

1985 3974 2116 4012 rum
2150 3956 2200 4012 si
2243 3955 2399 4028 quod
2458 3959 2520 4009 tu
2553 3953 2786 4021 ediscis,
2845 3969 2951 4027 ego
3005 3952 3174 4021 facio,
3230 3951 3428 4025 magis
3495 3968 3628 4008 mea

1985 4070 2161 4125 opera
2226 4052 2561 4123 Scripturas
2644 4053 2889 4115 tenent,
2957 4064 3133 4121 quam
3216 4052 3356 4105 tuus
3439 4064 3632 4105 sermo

1983 4142 2082 4214 qui
2125 4157 2271 4197 vane
2303 4144 2553 4196 resonat.
2592 4162 2620 4189 ‹‹
2674 4140 2736 4193 In
2782 4136 3052 4194 noctibus
3082 4136 3362 4201 ,extollite
3419 4152 3635 4195 manus

1978 4234 2203 4286 vestras
2236 4229 2294 4285 in
2356 4232 2577 4286 sancta.
2635 4250 2663 4278 ν
2726 4227 2932 4283 Levate
2988 4242 3200 4283 manus
3256 4226 3317 4283 in
3376 4242 3633 4299 crucem,

1981 4320 2164 4376 levate
2186 4317 2483 4375 vexillum.
2518 4340 2545 4367 ‹‹
2608 4317 2670 4372 In
2727 4314 2998 4373 noctibus
3053 4313 3239 4371 levate
3296 4332 3510 4373 manus
3570 4315 3631 4373 in

1979 4412 2202 4466 sancta.
2255 4428 2283 4456 »
2340 4409 2410 4462 Et
2464 4424 2598 4462 cum
2653 4404 2979 4461 levaveritis
3036 4403 3097 4460 in
3155 4407 3382 4471 sancta,
3422 4407 3480 4460 et
3553 4405 3635 4460 fe-

1978 4497 2176 4553 ceritis
2231 4514 2356 4568 quae
2420 4486 2628 4550 sancta
2678 4497 2839 4560 sunt,
2896 4492 3065 4564 quasi
3125 4491 3620 4548 medicamentum

1980 4588 2265 4643 bonorum
2323 4601 2567 4657 operum
2616 4586 2946 4639 vestrorum
3001 4581 3270 4639 Christus
3328 4583 3421 4639 sit.
3476 4605 3506 4634 ‹‹
3556 4583 3631 4640 Et

1980 4674 2303 4732 benedicite
2334 4673 2600 4729 Domino.
2646 4694 2674 4721 ››
2736 4670 2901 4726 Unde
2958 4675 3016 4727 et
3071 4670 3388 4743 Apostolus
3441 4670 3628 4729 dicit:

218 4771 325 4842 qui
357 4771 503 4827 estis
537 4771 684 4827 servi
714 4772 970 4841 Domini,
1004 4773 1223 4844 quibus
1245 4773 1467 4829 dixerat
1497 4790 1510 4828 :
1544 4775 1676 4829 Ecce
1700 4790 1869 4845 quam

1988 4766 2042 4820 in
2071 4765 2360 4821 omniloco
2403 4762 2646 4817 levantes
2702 4776 2905 4816 manus
2953 4761 3333 4817 immaculata:
3387 4759 3435 4830 (ι
3491 4762 3626 4820 Tim.

224 4860 429 4915 bonum
459 4868 511 4917 et
537 4877 704 4931 quam
742 4862 1054 4933 jucundum
1100 4863 1347 4918 habitare
1373 4865 1573 4934 fratres
1605 4865 1665 4918 in
1698 4880 1872 4919 unum

220 4948 406 5022 (Psai.
439 4966 649 5021 cxxxu,
678 4952 734 5016 6,
768 4953 819 5019 1)
854 4970 867 5007 :
901 4951 984 5007 sic
1012 4950 1196 5006 levate
1218 4968 1450 5019 manus,
1483 4956 1549 5008 ut
1577 4952 1636 5008 in
1668 4956 1869 5009 sancto

218 5038 452 5107 levetis,
484 5038 592 5094 hoc
623 5044 731 5105 est,
762 5044 826 5095 ut
852 5040 1246 5096 conﬁteamini
1276 5040 1669 5111 Christum,et
1698 5041 1868 5114 quid-

220 5128 371 5198 quid
402 5128 611 5196 facitis,
636 5145 739 5200 pro
772 5128 999 5186 Christo
1022 5128 1270 5185 faciatis.
1295 5129 1576 5196 Virtutes,
1598 5147 1698 5203 pro
1731 5148 1869 5202 qua-

218 5216 386 5274 litate
434 5218 721 5288 facientis,
756 5217 993 5274 diversae
1043 5223 1200 5274 sunt.
1248 5221 1327 5274 Ac
1377 5219 1427 5274 si
1476 5220 1677 5275 dicat:
1710 5220 1870 5275 Facit

217 5304 654 5379 eleemosynam
701 5306 1108 5374 Christianus;
1153 5307 1289 5363 facit
1338 5312 1395 5363 et
1443 5308 1699 5380 gentilis,
1733 5308 1868 5363 facit

218 5398 280 5451 et
306 5395 562 5465 Judazus,
595 5396 732 5451 facit
762 5401 818 5451 et
864 5396 1016 5452 alius
1064 5395 1432 5454 Christianus
1460 5398 1549 5451 vir
1590 5401 1855 5454 sanctus.

221 5483 486 5541 Invenies
511 5484 740 5557 aliquos
786 5486 857 5540 de
886 5485 1231 5543 Christianis
1282 5486 1412 5542 ideo
1444 5487 1581 5543 dare
1626 5486 1866 5543 eleemo-

218 5589 452 5644 synam,
484 5578 550 5629 ut
577 5572 895 5631 laudentur
923 5591 958 5630 a
986 5574 1243 5647 populis.
1277 5577 1336 5631 Si
1382 5576 1614 5647 quando
1646 5593 1867 5648 pauper

220 5664 389 5732 rogat
444 5662 791 5733 buccellam,
851 5662 967 5718 huc
1030 5662 1288 5735 illucque
1361 5664 1861 5736 circumspiciunt,

212 5755 281 5807 et
314 5749 447 5806 .nisi
492 5755 701 5808 testem
749 5752 1022 5819 viderint,
1071 5755 1376 5825 pecuniam
1438 5772 1553 5810 non
1602 5756 1761 5809 dant.
1805 5754 1864 5810 Si

202 5839 384 5897 :solus
432 5839 627 5909 fuerit,
658 5857 872 5900 manus
920 5842 1212 5900 contrahit
1244 5860 1257 5901 :
1291 5861 1407 5900 non
1457 5846 1557 5901 dat
1593 5842 1860 5901 ltbenter.

1980 4873 2041 4926 ιι,
2074 4854 2149 4925 8).
2186 4876 2213 4903 ‹‹
2246 4853 2317 4907 Et
2344 4849 2672 4907 benedicite
2700 4848 2966 4906 Domino.
3003 4871 3033 4899 »
3089 4850 3489 4922 Quodcunque
3535 4849 3627 4906 fa-

1979 4942 2132 5013 citis,
2167 4934 2396 4998 referte
2433 4939 2505 4995 ad
2566 4938 2899 4994 Dominum.
2956 4938 3167 4994 Manus
3218 4937 3482 4995 leventur
3513 4953 3526 4993 :
3559 4953 3624 4995 os

1977 5031 2273 5087 Christum
2306 5032 2556 5084 resonet.
2620 5029 2689 5083 Et
2745 5027 2804 5083 in
2857 5027 3126 5084 noctibus
3172 5026 3356 5083 levate
3410 5041 3623 5083 manus

1976 5125 2217 5177 vestras.
2252 5118 2335 5174 Da
2366 5117 2722 5191 pauperibus
2754 5116 3207 5188 eleemosynam,
3267 5119 3324 5172 et
3378 5114 3624 5173 benedic

1976 5208 2221 5265 Domino
2255 5224 2268 5265 :
2301 5208 2520 5281 gratias
2576 5223 2682 5278 age
2730 5204 3000 5276 Domino,
3054 5204 3195 5277 quia
3240 5204 3346 5261 tibi
3376 5204 3619 5279 dederit,

1977 5308 2132 5363 unde
2163 5307 2267 5363 des
2309 5305 2492 5362 fratri.
2548 5304 2733 5376 Magis
2790 5308 2853 5359 tu
2908 5302 3063 5376 agito
3118 5302 3338 5375 gratias
3394 5302 3622 5360 Christo

1976 5397 2214 5468 quando
2245 5394 2497 5462 dederis,
2534 5409 2711 5464 quam
2743 5392 2922 5448 frater
2979 5391 3080 5464 qui
3121 5408 3155 5448 a
3208 5395 3266 5448 te
3310 5391 3620 5465 acceperit,

1974 5485 2078 5540 tibi
2111 5489 2246 5557 agat
2275 5481 2757 5558 gratius.Grande
2787 5480 3320 5538 nobisbeneﬁcium
3340 5485 3621 5555 praestant

1974 5591 2279 5647 pauperes.
2316 5576 2573 5642 Peccata,
2604 5587 2731 5642 quae
2754 5572 2880 5642 jam
2912 5570 3080 5627 aliter
3117 5570 3308 5628 lavare
3337 5587 3454 5628 non
3484 5586 3621 5645 pos-

1975 5680 2202 5733 sumus,
2234 5661 2552 5731 exstinguit
2576 5658 3123 5730 eleemosyna.Quid
3153 5660 3440 5733 scriptum
3468 5662 3558 5717 est
3593 5660 3623 5715 ?

1973 5752 2125 5807 Sicut
2154 5768 2300 5822 aqua
2327 5751 2677 5821 exstingnuit
2712 5752 2914 5822 ignem,
2945 5749 3026 5805 sic
3054 5749 3406 5823 eleemosyna
3429 5752 3624 5807 extin-

1977 5844 2097 5914 guit
2125 5848 2343 5914 peccata
2375 5841 2561 5913 (Eccli.
2630 5856 2692 5909 ιι,
2743 5838 2855 5913 33).
2916 5838 3032 5897 Hoc
3089 5842 3325 5913 praestat
3380 5838 3627 5899 eleemo-
