4244 6572
612 481 772 553 1299

2104 496 2526 562 APPENDIX.

3826 494 4020 585 [1300

609 641 777 701 syua,
804 626 963 700 quod
993 630 1051 684 et
1079 625 1390 701 baptisma.
1423 628 1724 695 Quomodo
1763 632 2057 704 baptisma
2085 633 2255 689 nobis
2284 635 2339 700 Α
2367 632 2642 689 litteram.
2678 633 2983 704 Caeterum,
3017 632 3343 691 secundum
3366 630 3817 707 intelligentiam
3846 636 4019 709 spiri-

611 720 851 790 peccata
878 716 1144 784 dimittit,
1176 718 1258 774 ita
1287 723 1345 774 et
1396 719 1767 792 eleemozyna
1825 722 1995 777 nobis
2026 726 2262 794 peccata

612 804 877 862 dimittit.
911 806 1075 862 Sicut
1104 824 1258 880 aqua
1294 808 1617 881 exstinguit
1648 810 1863 882 ignem,
1896 812 1980 866 sic
2013 811 2262 866 eleemo-

614 911 761 969 syna
789 895 1142 969 exstringuit
1170 901 1428 969 peccata.
1494 900 1747 955 Peccatis
1776 900 1933 955 enim
1982 900 2261 971 gehennae

617 985 783 1059 ignes
812 984 1123 1058 praeparati
1156 990 1314 1043 sunt.
1351 989 1464 1044 Hos
1505 992 1705 1044 autem
1762 989 2083 1061 exstinguit
2114 989 2262 1046 elee-

618 1089 884 1148 mosyna.

692 1222 721 1250 ‹‹
753 1200 1066 1257 Benedicat
1095 1204 1149 1257 te
1182 1202 1464 1259 Dominus
1499 1219 1567 1259 ex
1614 1204 1753 1260 Sion
1787 1222 1799 1272 ;
1834 1205 1935 1275 qui
1971 1205 2103 1260 fecit
2151 1222 2261 1259 coe-

618 1288 741 1345 lum
773 1295 829 1345 et
860 1294 1095 1346 terram.
1126 1310 1151 1341 n
1189 1295 1273 1346 Tu
1311 1292 1611 1349 benedicis
1672 1294 2004 1361 Dominum,
2066 1298 2122 1349 et
2156 1298 2263 1348 Do-

618 1378 817 1435 minus
846 1383 903 1435 te
933 1379 1238 1437 benedicit.
1274 1402 1300 1431 ει
1338 1381 1415 1437 Ex
1470 1382 1624 1438 Sion.
1659 1404 1685 1432 ››
1748 1384 1819 1438 de
1876 1384 2132 1456 specula,
2196 1383 2266 1438 de

617 1468 896 1541 Ecclesia,
933 1470 1004 1525 de
1028 1470 1181 1526 veris
1212 1470 1608 1544 dogmatibus,
1643 1474 1714 1527 de
1747 1473 1858 1527 ﬁde
1919 1472 2033 1544 pia.
2069 1495 2097 1522 «
2161 1473 2268 1527 Be-

620 1559 851 1616 nedicat
878 1563 935 1616 te
964 1560 1251 1617 Dominus
1282 1576 1350 1616 ex
1382 1562 1542 1630 Sion,
1604 1583 1632 1611 »
1667 1562 1850 1617 Istum
1908 1561 2266 1617 versiculum

621 1646 875 1720 Spiritus
906 1654 1147 1706 sanctus
1180 1649 1459 1722 loquitur,
1510 1651 1631 1707 sive
1681 1655 1832 1707 certe
1892 1650 2179 1724 Propheta
2207 1650 2267 1704 in

621 1736 841 1810 Spiritu
872 1738 1152 1810 loquitur.
1179 1740 1249 1794 Et
1279 1740 1420 1811 quid
1455 1740 1625 1795 dicit?
1655 1740 1699 1796 Ο
1740 1746 1804 1796 tu
1837 1741 1937 1813 qui
1974 1757 2074 1813 per
2091 1739 2270 1812 quin-

622 1826 813 1882 decim
845 1828 1063 1899 gradus
1097 1830 1168 1884 ad
1201 1828 1477 1884 ultimum
1500 1830 1913 1897 conscendisti,
1950 1830 2049 1901 qui
2082 1830 2268 1884 fecisti

623 1916 746 1970 haec
776 1920 833 1971 et
853 1915 974 1971 haec
1008 1934 1021 1984 ;
1054 1918 1155 1988 qui
1187 1917 1539 1973 benedicicis
1566 1918 1916 1975 Dominum:
1950 1918 2049 1989 qui
2085 1918 2142 1973 in
2177 1936 2271 1973 no-

626 2004 819 2060 ctibus
849 2004 1077 2062 extollis
1110 2012 1492 2063 manustuas.
1527 2011 1671 2074 etc.,
1704 2012 1761 2063 et
1816 2008 2113 2064 benedicis
2170 2008 2275 2063 Do-
2306 2009 2352 2074 B

626 2093 809 2163 mino,
856 2093 1048 2168 recipe
1108 2101 1167 2151 et
1232 2102 1294 2152 tu
1352 2098 1704 2153 mercedem.
1758 2117 1780 2145 κ
1849 2097 2159 2153 Benedicat
2220 2102 2275 2152 te

625 2178 913 2240 Dominus
943 2201 1012 2240 ex
1042 2183 1201 2242 Sion.
1242 2207 1263 2236 ι
1300 2186 1461 2252 Quod
1521 2186 1756 2257 dedisti,
1812 2186 2020 2258 recipe.
2056 2188 2142 2242 'I‘u
2176 2187 2273 2241 de-

638 2272 776 2328 disti
835 2273 1287 2348 eleemosynam,
1338 2280 1401 2331 tu
1456 2276 1641 2331 fecisti
1689 2276 1935 2331 virtutes
1996 2294 2009 2332 :
2071 2293 2104 2331 a
2160 2276 2276 2331 Deo

630 2363 937 2433 praemium
970 2367 1028 2418 et
1062 2365 1523 2419 benedictionem
1573 2366 1973 2437 consequeris.
2039 2387 2060 2415 α
2097 2366 2277 2420 Bene-

631 2450 792 2507 dicat
819 2455 875 2508 te
909 2452 1187 2508 Dominus
1219 2470 1288 2508 ex
1316 2454 1475 2509 Sion.
1513 2475 1540 2502 »
1572 2454 1710 2509 Sion
1743 2454 1814 2509 de
1865 2453 2083 2509 caelesti
2113 2454 2279 2509 Jeru-

631 2540 813 2597 salem
857 2541 916 2597 in
975 2546 1159 2598 matre
1208 2542 1661 2615 primitivorum,
1722 2543 1821 2598 ubi
1880 2548 2025 2599 sunt
2082 2544 2280 2599 futura

628 2630 863 2702 gaudia,
892 2631 989 2687 ubi
1026 2636 1166 2688 sunt
1194 2631 1552 2704 archangeli,
1589 2632 1688 2688 ubi
1747 2633 1993 2688 virtutes
2040 2634 2274 2700 caeteris,

626 2718 728 2774 ubi
760 2720 1032 2791 apostoli,
1081 2720 1183 2777 ubi
1244 2722 1555 2795 prOphetaz,
1589 2722 1689 2777 ubi
1750 2723 1935 2778 sancti
1971 2726 2277 2794 martyres,

629 2808 730 2863 ubi
758 2814 1090 2882 sequuntur
1119 2810 1462 2883 angelorum
1495 2812 1905 2867 multitudines
1958 2816 2014 2866 et
2044 2817 2277 2867 sancto-

629 2912 761 2954 rum
794 2916 1147 2973 quocunque
1176 2903 1378 2974 Agnus
1404 2900 1563 2955 vadit
1621 2902 1802 2973 (Apoc.
1857 2918 1970 2967 xxv,
2034 2901 2108 2971 4).
2176 2902 2278 2955 De-

633 2987 814 3061 nique
837 2986 982 3044 vidit
1010 2995 1068 3045 et
1092 2989 1347 3046 Joannes
1377 2989 1666 3046 civitatem
1701 2994 1966 3046 sanctam
2024 2990 2095 3045 de
2137 2989 2279 3044 coelo

641 3076 989 3148 depositam,
1023 3077 1274 3149 gemmis
1311 3083 1669 3134 exstructam
1727 3079 2033 3133 duodecim
2068 3079 2281 3134 habere

638 3168 839 3236 portas
871 3166 1051 3237 (Apoc.
1083 3182 1199 3233 xxi,
1237 3167 1303 3220 10
1329 3170 1516 3239 seqq)
1568 3167 1712 3222 Tota
1742 3183 1918 3221 aurea
1974 3171 2115 3233 erat,
2151 3184 2277 3221 mu-

635 3268 732 3309 ros
761 3253 1016 3311 habebat
1045 3270 1250 3311 aureos
1286 3272 1298 3310 :
1333 3255 1585 3311 habebat
1610 3260 1668 3312 et
1706 3255 1928 3327 plateas
1950 3257 2020 3312 de
2036 3256 2281 3312 diversis

635 3342 905 3415 gemmis.
940 3347 1001 3399 In
1033 3344 1142 3399 hac
1198 3344 1429 3400 civitate
1474 3344 1740 3401 Christus
1797 3349 2004 3417 regnat
2038 3362 2050 3400 :
2082 3345 2141 3400 in
2172 3345 2281 3401 hac

634 3430 868 3488 civitate
897 3432 1232 3490 habitantes
1264 3433 1374 3505 ipsi
1406 3438 1566 3501 sunt,
1599 3438 1655 3489 et
1684 3434 2046 3490 habitatores
2076 3438 2133 3489 et
2154 3450 2283 3506 por-

636 3525 709 3576 tua
742 3539 756 3589 ;
791 3520 901 3595 ipsi
963 3526 1022 3578 et
1067 3523 1282 3579 domus
1350 3526 1511 3589 sunt,
1569 3526 1625 3578 et
1682 3523 2065 3589 habitatores,
2096 3523 2289 3581 Vultis

636 3610 784 3667 scire
813 3610 1093 3683 quoniam
1135 3612 1346 3667 domus
1394 3612 1592 3668 sunt?
1623 3612 1893 3669 Christus
1946 3613 2171 3669 habitat
2228 3611 2288 3665 in

636 3698 724 3755 eis
757 3715 770 3754 :
803 3698 1071 3756 Christus
1099 3700 1440 3756 deambulat
1469 3702 1526 3756 in
1559 3702 1665 3757 eis.
1699 3703 2038 3770 Inhabitabo,
2075 3700 2287 3773 inquit,

640 3788 703 3842 in
733 3789 812 3842 eis
854 3791 905 3842 et
954 3787 1312 3844 deambulabo
1370 3790 1563 3859 (Leuit.
1624 3807 1779 3860 xxvr,
1843 3792 1944 3857 12;
1980 3792 2023 3845 lI
2057 3791 2177 3845 Cor.
2209 3806 2287 3855 v1,

646 3876 756 3947 16),
788 3875 934 3932 Vide
959 3876 1157 3932 anima
1205 3881 1407 3933 sancta
1465 3895 1643 3950 quam
1701 3880 1943 3952 grandis
1966 3878 2041 3934 sit
2078 3896 2089 3934 :
2124 3879 2287 3935 Chri-

638 3969 802 4021 stum
835 3966 1010 4038 eapit,
1040 3981 1214 4039 quem
1243 3966 1453 4022 cmlum
1488 3968 1666 4041 capit.
1705 3968 1852 4024 Vide
1910 3968 2048 4040 quid
2083 3968 2239 4023 dicat
2271 3985 2283 4023 :

643 4054 966 4112 lnhabitabo
990 4055 1204 4127 inquit,
1236 4058 1342 4112 Sed
1380 4058 1504 4113 ﬁeri
1546 4062 1756 4130 potest.
1791 4062 1856 4113 ut
1911 4057 2128 4129 aliquis
2184 4074 2289 4111 an-

639 4148 815 4215 guste
872 4142 1179 4200 inhabitet.
1240 4146 1570 4203 lnhabitabo
1625 4151 1676 4202 et
1734 4148 2025 4202 ambulabo
2081 4149 2142 4202 in
2189 4147 2286 4202 eis.

630 4231 985 4305 Ubicunque
1017 4233 1373 4305 deambulat,
1417 4236 1617 4307 utique
1646 4235 1769 4292 lata
1797 4238 2009 4292 domus
2040 4240 2142 4291 est.
2182 4235 2290 4291 Ubi

631 4321 1036 4378 deambulat?
1090 4325 1201 4391 Vos,
1261 4327 1407 4385 estis,
1472 4324 1685 4397 inquit,
1746 4326 2008 4397 templum
2066 4326 2184 4388 Dei,
2242 4329 2293 4380 et

643 4411 890 4484 Spiritus
919 4415 1143 4467 sanctus
1193 4413 1406 4468 habitat
1454 4413 1513 4468 in
1564 4414 1715 4468 vobis
1744 4415 1793 4484 (Ι
1842 4414 1967 4470 Cor.
2031 4432 2117 4481 nr,
2179 4416 2288 4485 16).

642 4504 1046 4573 Praeparemus
1075 4501 1361 4574 templum
1396 4506 1685 4570 nostrum,
1718 4508 1783 4557 ut
1812 4503 2080 4558 Christus
2102 4504 2295 4558 veniat

649 4592 707 4643 et
735 4589 958 4645 habitet
987 4590 1046 4645 in
1081 4590 1252 4646 nobis
1285 4608 1297 4645 :
1326 4595 1390 4646 ut
1422 4592 1621 4646 anima
1664 4596 1864 4647 nostra
1915 4593 2049 4648 Sion
2086 4592 2183 4655 sit,
2217 4592 2295 4647 sit

634 4676 886 4747 specula
910 4683 977 4732 ut
1002 4679 1080 4732 sit
1108 4680 1165 4734 in
1200 4680 1644 4736 summitatibus
1704 4685 2022 4737 constituta
2054 4700 2067 4737 :
2098 4687 2164 4737 ut
2218 4683 2295 4735 sit

2370 723 2612 791 tualem,
2644 726 2938 795 quomodo
2970 724 3185 779 dicitur
3206 725 3490 797 peccatori
3524 741 3537 779 :
3574 726 3738 781 Terra
3766 742 3846 795 es,
3875 733 3928 781 et
3957 727 4017 781 in

2371 821 2579 869 terram
2611 814 2714 868 ibis
2764 815 2917 885 (Gen.
2972 832 3055 881 ιιι,
3123 816 3206 885 19)
3244 814 3374 870 :sic
3419 818 3477 869 et
3524 820 3725 870 sancto
3777 814 4011 870 dicitur.

2371 902 2595 958 leum
2627 920 2708 970 es,
2769 909 2825 959 et
2872 905 2928 959 in
2989 904 3198 959 coelum
3260 903 3394 959 ibis.
3457 905 3571 959 Hoc
3618 908 3804 959 totum
3834 920 4016 976 quare

2372 991 2489 1047 dixi
2520 996 2548 1050 ‘I
2578 994 2651 1049 Ut
2683 1000 2918 1051 sanctos
2946 993 3154 1049 ccelum
3204 994 3530 1066 probarem.
3585 994 3726 1050 Caeli
3754 1002 4017 1053 enarravit

2373 1090 2617 1157 gloriam
2654 1088 2823 1156 Dei,et
2847 1100 3018 1155 opera
3045 1100 3317 1138 manuum
3354 1083 3472 1153 ejus
3501 1083 3797 1139 annuntiat
3824 1084 4015 1152 ﬁrma-

2373 1187 2619 1235 mentum
2648 1178 2818 1245 (Psal.
2853 1192 3014 1240 xvui,
3048 1176 3124 1244 ‘2).
3158 1175 3229 1229 Et
3258 1189 3423 1245 aquis
3454 1189 3579 1245 qua:
3638 1189 3813 1245 super
3841 1172 4015 1229 ecelos

2376 1272 2533 1338 sunt,
2559 1266 2800 1321 laudent
2832 1280 3043 1319 nomen
3076 1263 3308 1318 Domini
3358 1264 3530 1331 (Psal.
3589 1277 3821 1327 CXLVIII,
3851 1264 3902 1330 4,
3932 1263 4012 1332 5).

2375 1356 2511 1411 ϐωιί
2542 1354 2818 1410 ccelorum
2852 1351 3096 1407 Domino
3130 1370 3147 1405 :
3180 1352 3279 1422 qui
3315 1352 3449 1406 fecit
3476 1350 3682 1406 cmlum
3712 1356 3770 1407 et
3798 1355 4012 1407 terram

2377 1444 2843 1517 (Psal.cxui,6).
2882 1441 3041 1497 Licet
3090 1440 3303 1497 terreni
3355 1441 3563 1506 simus,
3621 1440 3757 1495 licet
3811 1440 4014 1497 ambu-

2377 1535 2569 1591 lemus
2634 1534 2694 1589 in
2772 1537 2945 1598 terra,
3014 1536 3211 1586 tamen
3270 1529 3629 1587 conversatio
3693 1533 3891 1586 nostra
3958 1529 4017 1585 in

2380 1624 2542 1681 coelis
2581 1629 2691 1680 est.
2755 1621 2839 1677 lbi
2899 1621 3189 1676 habemus
3238 1620 3727 1691 municipationes
3755 1624 4008 1677 nostras.

2386 1733 2407 1762 α
2441 1712 2546 1778 Qui
2580 1712 2715 1767 fecit
2745 1711 2956 1766 ccelum
2989 1715 3045 1767 et
3076 1713 3311 1765 terram.
3346 1732 3373 1758 ››
3426 1709 3584 1765 Licet
3637 1713 3907 1781 peccator
3933 1724 4017 1775 es,
4089 1715 4093 1717 “

2380 1802 2497 1858 noli
2526 1803 2834 1872 desperare
2867 1818 2879 1855 :
2910 1800 3194 1855 Dominus
3242 1800 3442 1855 omnia
3493 1803 3698 1871 potest.
3733 1797 3895 1854 Multi
3948 1799 4023 1854 de

2380 1896 2554 1957 terra,
2587 1889 2711 1944 θα)ὶί
2748 1890 2895 1943 fiunt
2931 1906 2943 1953 ;
2976 1896 3034 1943 et
3064 1886 3236 1942 multi
3267 1888 3338 1941 de
3393 1886 3555 1953 ccelo,
3587 1892 3757 1942 terra.
3814 1886 4019 1942 Inlelix

2382 1979 2569 2036 Judas
2600 1977 2811 2034 coelum
2845 1978 2975 2044 fuit,
3002 1980 3059 2032 et
3090 1976 3278 2032 factus
3308 1981 3398 2031 est
3444 1981 3614 2032 terra.
3648 1975 3861 2032 Paulus
3890 1992 4021 2047 apo-

2385 2067 2571 2125 stolus
2602 2084 2667 2123 eo
2708 2072 2967 2138 tempore
3027 2083 3142 2138 quo
3202 2066 3661 2139 persequebatur
3705 2065 4019 2121 Ecelesiam

2386 2159 2518 2229 (Att.
2554 2158 2675 2225 1x,1
2708 2173 2852 2227 seqq.
2863 2174 2899 2227 ).
2934 2161 3090 2211 terra
3120 2160 3261 2211 erat.
3296 2155 3609 2211 Confessus
3663 2159 3769 2227 est,
3828 2158 3886 2211 et
3913 2170 4024 2209 coe-

2386 2246 2507 2302 lum
2542 2248 2733 2301 factus
2763 2253 2870 2302 est.
2920 2245 3033 2300 Nec
3091 2245 3192 2318 qui
3236 2245 3445 2301 emtum
3504 2249 3611 2316 est,
3680 2244 3845 2305 debet
3899 2260 4024 2299 esse

2387 2353 2630 2392 securus
2666 2352 2678 2391 :
2714 2352 2818 2390 nec
2858 2335 2956 2406 qui
2993 2340 3147 2390 terra
3206 2338 3316 2403 est,
3375 2334 3545 2389 debet
3599 2334 3902 2406 desperare
3955 2333 4023 2388 de

2386 2426 2526 2481 vita.
2562 2425 2741 2480 Jacob
2773 2441 2838 2479 eo
2870 2428 3130 2495 tempore
3168 2424 3402 2495 quando
3433 2422 3691 2495 fugiebat
3729 2422 3788 2477 in
3844 2422 4022 2478 Meso-

2388 2515 2710 2587 potamiam
2743 2514 2979 2569 fratrem
3012 2530 3209 2580 suum,
3240 2514 3397 2569 venit
3444 2513 3514 2568 ad
3548 2512 3758 2567 Luzam
3790 2527 3805 2567 :
3838 2516 3894 2567 et
3922 2510 4020 2579 ibi,

2388 2604 2599 2676 inquit,
2635 2602 2830 2675 posuit
2860 2602 3111 2674 lapidem
3148 2603 3217 2657 ad
3240 2606 3414 2673 caput
3444 2601 3797 2670 (Gen.xxvur.
3824 2602 4019 2671 11,19).

2389 2694 2509 2750 Sub
2532 2693 2719 2765 capite
2751 2692 2937 2764 ipsius
2978 2690 3131 2763 lapis
3190 2696 3314 2746 erat
3370 2691 3662 2748 Christus.
3715 2694 4019 2761 Nunquam

2389 2782 2499 2839 sibi
2553 2780 2751 2853 posuit
2796 2779 3050 2851 lapidem
3102 2780 3172 2834 ad
3227 2784 3419 2852 caput,
3474 2778 3586 2834 nisi
3641 2794 3708 2834 eo
3748 2782 4020 2850 tempore,

2389 2870 2622 2943 quando
2652 2872 3084 2941 persecutorem
3120 2868 3291 2939 fugit.
3323 2868 3594 2933 Quandiu
3622 2870 3745 2924 erat
3766 2866 3823 2922 in
3855 2868 4021 2922 domo

2389 2959 2573 3032 patris
2620 2957 2713 3012 sui
2755 2961 2811 3012 et
2858 2957 3111 3013 habebat
3162 2957 3461 3029 refrigeria
3516 2959 3728 3026 carnis,
3776 2955 4019 3027 lapidem

2389 3065 2505 3104 non
2538 3047 2791 3102 habebat
2819 3047 2891 3101 ad
2925 3051 3123 3119 caput.
3167 3046 3429 3102 Recessit
3476 3046 3546 3102 de
3592 3046 3764 3101 domo
3809 3045 4019 3109 nudus,

2389 3136 2630 3193 recessit
2658 3136 2717 3190 in
2750 3136 2930 3208 virga,
2962 3140 3019 3190 et
3067 3136 3267 3191 statim
3318 3136 3377 3191 in
3428 3135 3555 3208 ipsa
3600 3140 3762 3190 nocte
3808 3132 4021 3189 invenit

2389 3226 2667 3298 lapidem,
2717 3229 2773 3281 et
2820 3225 3017 3297 posuit
3046 3225 3118 3280 ad
3149 3229 3325 3298 caput
3352 3241 3546 3281 suum.
3575 3224 3680 3288 Qui
3708 3223 3881 3280 talem
3920 3222 4020 3277 ha-

2391 3315 2566 3369 bebat
2598 3313 2901 3386 pulvillum
2931 3316 2988 3369 in
3018 3331 3133 3386 quo
3168 3314 3567 3387 refrigerabat,
3633 3313 3820 3369 videte
3859 3311 4025 3367 visio-

2399 3420 2532 3460 nem
2565 3404 2712 3475 ejus.
2755 3404 2913 3470 Vidit,
2949 3403 3163 3475 inquit,
3196 3403 3486 3459 scalamde
3516 3413 3662 3460 terra
3713 3403 4033 3475 pertingen-

2398 3498 2507 3549 tem
2534 3494 2603 3547 ad
2633 3494 2848 3557 cwlum,
2882 3500 2935 3547 et
2965 3493 3122 3559 vidit,
3150 3492 3362 3565 inquit,
3397 3495 3618 3562 angelos
3664 3491 4034 3549 descendentes

2399 3588 2454 3639 et
2484 3583 2829 3638 ascendentes
2858 3582 3019 3650 (Ibid.
3056 3583 3164 3653 12).
3200 3582 3354 3637 Vidit
3385 3582 3623 3655 angelos
3678 3581 3747 3636 de
3782 3579 3922 3636 caelo
3950 3595 4036 3634 ve-

2401 3672 2525 3726 nire
2554 3672 2627 3726 ad
2660 3676 2898 3737 terram,
2931 3674 2987 3725 et
3012 3670 3157 3726 alios
3198 3671 3268 3726 de
3300 3681 3453 3727 terra
3503 3671 3574 3728 ad
3631 3669 3799 3725 caelos
3850 3684 4038 3724 ascen-

2399 3761 2553 3816 dere.
2583 3759 2771 3814 Vultis
2804 3758 2951 3815 seire
2982 3761 3121 3832 quia
3152 3759 3303 3832 lapis
3334 3758 3430 3815 illo
3456 3759 3552 3831 qui
3589 3763 3710 3815 erat
3756 3757 3824 3813 ad
3858 3761 4029 3829 caput

2397 3847 2601 3913 Jacoh,
2635 3846 2906 3902 Christus
2932 3852 3055 3902 erat
3091 3847 3239 3919 lapis
3287 3848 3588 3920 angularia
3615 3847 3643 3902 ?
3696 3847 3855 3919 Lapis
3883 3860 4037 3915 quem

2400 3937 2825 4007 reprobaverunt
2866 3936 3234 4005 aediﬁcantes,
3289 3937 3379 3991 hic
3430 3937 3609 4011 factus
3664 3938 3741 3990 est
3794 3935 3853 3988 in
3879 3935 4036 4005 caput

2402 4026 2597 4096 anguli
2628 4025 2807 4096 (Psal.
2843 4041 3016 4090 cxvu,
3049 4026 3161 4095 22).
3197 4025 3368 4097 Lapis
3401 4025 3495 4081 ille
3526 4025 3624 4097 qui
3674 4024 3923 4095 scriptus
3951 4026 4036 4077 est

2402 4115 2459 4169 in
2516 4118 2846 4185 Regnorum
2906 4113 3076 4181 libro,
3136 4115 3429 4170 Abenezer
3486 4116 3555 4186 (Il
3605 4120 3734 4183 Reg.
3792 4130 3909 4178 Vill,
3959 4112 4033 4181 3).

2403 4203 2575 4275 Lapis
2607 4204 2716 4259 iste
2747 4202 3015 4259 Christus
3046 4208 3161 4259 est.
3197 4205 3489 4259 Abenezer
3536 4208 3731 4259 autem
3762 4200 4035 4272 interpre—

2400 4297 2561 4348 tatur
2591 4294 2737 4362 lapis
2788 4292 3079 4362 adjutorii.
3140 4293 3533 4361 Consurrexit,
3596 4291 3802 4363 inquit,
3858 4290 4032 4346 Jacob

2405 4398 2593 4437 mane.
2629 4382 2696 4436 Et
2728 4380 2865 4455 quid
2899 4382 3101 4436 dixit?
3131 4386 3280 4453 Hazc,
3315 4382 3527 4455 inquit,
3561 4383 3769 4438 domus
3801 4378 3901 4437 Dei
3927 4382 4035 4435 est.

2403 4472 2473 4525 Et
2531 4471 2671 4542 quid
2734 4472 2865 4525 fecit
2915 4471 2942 4525 ‘2
2991 4470 3152 4527 Tulit
3232 4471 3441 4543 inquit,
3509 4471 3700 4527 oleum
3755 4474 3812 4527 et
3879 4468 4039 4523 unxit

2403 4559 2679 4631 lapidem.
2711 4560 2833 4615 Nisi
2886 4559 3164 4633 mysteria
3219 4560 3669 4616 ietellexerimus
3722 4557 4038 4630 Scriptura-

2405 4666 2534 4704 rum
2572 4674 2585 4715 ;
2626 4650 2795 4717 cujus
2826 4650 3069 4705 rationis
3100 4653 3315 4716 erat,ut
3336 4654 3577 4721 ungeret
3607 4647 3854 4720 lapidem
3886 4645 4037 4711 oleo;

638 4734 907 4837 simsum,
941 4783 1058 4822 non
1090 4769 1386 4825 deorsum.
1430 4734 1707 4842 Legimus
1766 4772 1822 4824 in
1856 4772 2133 4827 Zacharia
2164 4788 2295 4842 pro-
2328 4755 2373 4819 Β
2408 4761 2449 4842 “,
2473 4738 2786 4842 Ῑῗθηθόίθθί
2807 4744 2863 4842 ΡΟ
2892 4738 3175 4838 U,Omin.us.
3205 4755 3272 4793 ex
3303 4738 3438 4842 Si?”
3474 4756 3492 4792 "
3525 4738 3627 4842 qni.
3672 4736 3804 4792 feeit
3834 4734 4038 4842 mihi?)

636 4853 825 4927 pheta
858 4872 871 4922 ;
903 4856 968 4911 Et
999 4857 1245 4927 angelus,
1314 4858 1524 4929 inquit,
1578 4860 1673 4929 qui
1730 4860 2056 4930 loquebatur
2097 4860 2153 4913 in
2182 4876 2291 4924 me,

643 4944 792 5000 dixit
816 4944 887 4999 ad
918 4961 1001 5001 me
1029 4946 1212 5012 (Zaeh.
1248 4965 1286 5012 1,
1323 4948 1430 5018 14).
1465 4947 1522 5003 Si
1584 4947 1830 5019 angelus
1862 4948 2204 5020 loquebatur
2234 4948 2292 5003 in

646 5033 947 5106 propheta,
981 5039 1201 5106 quanto
1233 5036 1420 5109 magis
1452 5036 1761 5093 habitat-in
1797 5038 1964 5092 nobis
1999 5038 2010 5091 !
2038 5039 2165 5110 Ipse
2186 5053 2295 5093 nos

647 5124 821 5180 nabet
848 5128 906 5180 et
936 5125 1162 5193 domos,
1205 5134 1262 5181 et
1316 5125 1803 5182 confabulatores.
1838 5149 1865 5175 ‹‹
1901 5127 2208 5182 Benedieat
2238 5132 2293 5182 te

638 5212 932 5273 Dominus
963 5230 1029 5270 ex
1062 5215 1223 5283 Sion,
1256 5216 1355 5286 qui
1392 5216 1525 5271 fecit
1556 5214 1766 5271 cwlum
1798 5221 1855 5271 et
1903 5222 2139 5272 terram.
2174 5242 2195 5269 ι
2234 5217 2291 5271 Si

647 5306 885 5358 sanctus
916 5320 1000 5368 es,
1026 5303 1161 5359 audi
1193 5306 1346 5376 quod
1382 5305 1544 5370 dicit,
1584 5330 1604 5354 α
1641 5305 1739 5375 qui
1804 5305 1935 5359 fecit
1993 5306 2224 5361 coelum.
2264 5328 2291 5354 »

644 5392 699 5445 Si
736 5396 1002 5463 peccator
1032 5410 1116 5458 es,
1169 5384 1327 5465 «qui
1390 5395 1522 5447 fecit
1578 5398 1814 5449 terram.
1880 5417 1907 5441 »
1962 5396 2024 5449 lit
2081 5395 2291 5451 coelum

651 5480 786 5536 fecit
812 5486 868 5537 et
897 5486 1135 5538 terram.
1187 5484 1425 5538 Interim
1473 5482 1741 5538 dicamus
1784 5484 2107 5539 secundum
2141 5484 2294 5539 litte-

654 5585 800 5626 ram.
836 5571 951 5628 Eloc
984 5571 1125 5628 dicit
1184 5573 1255 5626 ad
1315 5572 1751 5628 distinctionem
1811 5571 2121 5629 idolorum.
2181 5574 2291 5640 Dii,

645 5654 863 5729 inquit,
896 5661 995 5731 qui
1021 5678 1132 5716 non
1171 5662 1429 5716 fecerunt
1460 5660 1666 5716 cretum
1688 5666 1991 5729 ctterram,
2025 5669 2297 5732 pereeant

650 5744 723 5799 de
754 5749 930 5802 terra.
975 5750 1252 5807 Dominus
1284 5756 1475 5806 autem
1509 5749 1683 5805 ecelos
1744 5750 1897 5806 fecit.
1958 5753 2041 5805 Ad
2087 5754 2293 5808 distin-

657 5833 909 5891 ctionem
942 5838 1049 5893 hoc
1073 5839 1213 5894 dicit
1234 5839 1669 5896 idolorum.Hoc
1700 5840 1933 5897 interim
1968 5845 2291 5900 secundum

2403 4832 2458 4883 et
2488 4832 2767 4881 terram.»
2805 4827 2977 4881 Uenis
3011 4825 3210 4898 quinis
3241 4825 3471 4882 cantica
3491 4827 3777 4899 graduum
3800 4824 4039 4897 psalmis

2405 4916 2461 4970 in
2496 4916 2898 4971 benedictione
2930 4916 3289 4972 concludens
3320 4933 3385 4972 ex
3420 4932 3554 4972 voce
3586 4914 3917 4988 prophetica
3938 4930 4038 4969 nos

2402 5005 2471 5060 ad
2484 5010 2678 5060 monet
2717 5003 2917 5060 dicens
2948 5023 2965 5060 :

2892 5147 3122 5204 PSALM
3134 5147 3214 5203 US
3275 5147 3559 5203 CXXXIV.

2405 5260 2433 5286 ι(
2487 5237 2738 5292 Laudato
2789 5255 3000 5292 nomen
3061 5236 3316 5292 Domini.
3384 5260 3409 5284 ››
3468 5237 3629 5301 Quod
3716 5252 3818 5307 per
3872 5232 4041 5307 {idem

2476 5310 2828 5379 eugnovistis
2860 5328 2987 5364 esse
3012 5327 3189 5379 super
3218 5327 3396 5365 (nune
3443 5326 3672 5364 nomen.
3711 5306 3737 5359 a
3771 5306 4042 5379 Laudate,

2480 5382 2648 5447 servi,
2686 5382 3019 5435 Dominum.
3060 5378 3221 5444 n’Oui
3258 5382 3475 5452 peccati
3535 5379 3738 5436 famuli
3794 5394 3920 5434 esse
3950 5378 4043 5431 de-

2478 5454 2682 5507 siistis.

2485 5601 2510 5629 ιι
2539 5578 2646 5640 Qui
2679 5576 2845 5633 statis
2877 5577 2934 5631 in
2970 5577 3142 5633 domo
3194 5576 3421 5633 Domini
3455 5593 3469 5633 :
3501 5576 3561 5632 in
3620 5575 3782 5633 atriis
3840 5576 4047 5632 domus

2410 5665 2507 5720 Dei
2541 5666 2745 5720 nostri.
2784 5688 2810 5711 ι»
2844 5666 2946 5730 Qui
2984 5666 3361 5721 immobiliter
3393 5666 3447 5720 in
3484 5682 3549 5721 eo
3582 5664 3826 5739 plantati
3883 5662 4046 5719 estis.

2471 5778 2495 5803 ‹‹
2526 5756 2783 5810 Laudate
2813 5754 3151 5825 Dominum,
3186 5755 3324 5827 quia
3384 5755 3670 5827 benignus
3728 5760 3818 5812 est
3844 5752 4043 5810 Domi-

2409 5862 2541 5901 nus.
2576 5868 2601 5894 ‹‹
2633 5844 2755 5901 Cito
2787 5845 2942 5900 enim
3003 5845 3419 5918 paenitentibus
3479 5844 3706 5902 veniam
3764 5846 4049 5917 praestat:
