4244 6564
274 420 424 490 1301

1451 428 1944 496 BREVIARIUM
1990 429 2068 494 ΙΝ
2114 432 2495 496 PSALMOS.

3518 424 3681 500 1.302

274 577 437 633 spem
482 558 658 618 etiam
709 566 967 619 nostram
1026 580 1136 619 sua
1180 561 1507 636 adimplens
1539 565 1913 637 benignitate.
1945 576 2001 633 Α
2030 566 2184 624 daaos
2214 586 2329 623 non
2363 570 2661 627 credentes
2696 588 2707 626 :
2741 570 2842 644 qui
2874 589 3029 628 nunc
3068 570 3194 644 jam
3228 571 3477 646 judicati
3508 577 3677 632 sunt,

275 672 303 701 «
339 649 574 706 Psallite
607 652 829 708 nomini
860 655 1009 723 ejus,
1044 652 1182 724 quia
1211 670 1387 710 suave
1420 659 1526 710 est.
1558 678 1586 705 ››
1620 656 1743 710 Non
1770 654 1927 709 enim

277 740 566 811 processit
617 742 688 795 ab
733 757 799 796 eo
848 758 1055 813 aspera
1102 742 1506 797 haereticorum
1540 744 1927 815 perversitas;

280 829 381 884 sed
430 845 533 901 per
581 829 769 901 ipsam
824 831 1170 886 suavitatem
1204 848 1237 886 a
1267 831 1539 904 squalore
1587 831 1931 904 gentilitatis

280 918 435 974 eruti
467 934 695 974 sumus.

357 1029 385 1059 α
420 1008 707 1071 Quoniam
750 1008 928 1064 Jacob
984 1008 1157 1081 elegit
1215 1008 1324 1064 sibi
1374 1009 1674 1065 Dominus.
1723 1031 1751 1059 »
1786 1010 1933 1064 Eum

282 1095 522 1161 scilicet,
579 1096 678 1167 qui
711 1097 1088 1169 supplantato
1118 1098 1352 1170 populo,
1386 1098 1636 1171 arripuit
1664 1098 1935 1153 benedic-

282 1186 539 1241 etionem
567 1185 715 1255 ejus.
752 1208 779 1235 ‹‹
818 1186 987 1241 Israel
1021 1186 1081 1241 in
1113 1187 1547 1259 possessionem
1601 1187 1734 1243 sibi.
1769 1208 1794 1236 ››
1827 1186 1936 1253 Qui

280 1278 415 1345 post
444 1273 662 1329 multas
694 1274 882 1330 luctas
916 1277 1096 1332 Deum
1128 1281 1321 1333 mente
1354 1277 1568 1334 meruit
1594 1276 1806 1332 videre.

352 1403 379 1429 «
417 1380 564 1447 Quia
594 1397 700 1452 ego
732 1382 978 1454 cognovi
1010 1384 1164 1455 quod
1198 1400 1447 1457 magnus
1479 1387 1566 1439 cst
1595 1383 1937 1439 Dominus.»

283 1468 603 1525 Revelante
674 1470 814 1525 Filio
888 1473 1300 1545 cognoscimus
1361 1473 1608 1542 Patrem,
1668 1473 1795 1545 ipso
1854 1470 1941 1526 di-

282 1562 447 1614 cente
480 1575 494 1613 :
528 1559 694 1615 Nemo
724 1562 879 1615 novit
908 1563 1152 1629 Patrem,
1204 1564 1319 1617 nisi
1362 1562 1457 1618 cui
1498 1562 1733 1617 voluerit
1763 1560 1943 1615 Filius

288 1648 530 1703 revelare
559 1645 724 1719 (Luc.
758 1667 813 1717 Χ,
845 1651 957 1719 22).
996 1672 1023 1701 ‹‹
1057 1652 1124 1707 Ει
1152 1651 1305 1707 Deus
1350 1655 1549 1707 noster
1596 1668 1711 1723 prae
1755 1648 1944 1706 omni-

294 1737 406 1792 bus
447 1736 580 1792 diis.
619 1759 647 1786 »
682 1739 869 1809 Super
916 1756 1117 1795 omnes
1163 1744 1396 1796 sanctos
1444 1740 1819 1813 angelosque,
1844 1738 1945 1810 qui

295 1824 377 1879 dii
405 1825 568 1897 digni
600 1831 742 1883 sunt
765 1829 983 1884 'vocari.

2041 678 2173 717 cum
2206 678 2321 716 non
2352 660 2720 715 crediderint.
2747 684 2773 711 ‹‹
2806 662 2874 717 Et
2904 661 2962 717 in
2994 661 3177 717 servis
3205 661 3324 718 tuis
3356 661 3682 719 consolabi-

2040 753 2154 805 tur.
2192 772 2219 799 »
2256 751 2317 805 In
2343 750 2715 805 credentibus
2745 750 2967 822 utique.

2118 862 2139 889 α
2174 838 2498 895 Simulaera
2527 839 2790 910 gentium
2820 842 3127 911 argentum
3156 842 3213 897 et
3240 856 3471 913 aurum,
3503 854 3684 914 opera

2044 944 2327 983 manuum
2358 927 2684 995 hominum,
2719 944 2783 984 os
2813 928 3032 984 habent
3060 932 3117 984 et
3146 945 3263 985 non
3292 928 3624 1001 loquentur,
3652 948 3684 980 ››

2044 1022 2151 1072 etc.
2186 1004 2503 1071 Gentilium
2536 1018 2889 1073 exsecranda
2919 1022 3339 1075 commemorat
3383 1017 3635 1075 irridens
3668 1034 3684 1076 :

2044 1105 2183 1178 quia
2231 1121 2364 1160 cum
2413 1104 2633 1161 nullius
2682 1106 2931 1161 membri
2960 1107 3380 1178 vegetationem
3410 1107 3685 1179 habeant,

2045 1194 2171 1251 auri
2202 1194 2545 1267 argentique
2576 1194 2810 1251 metallo
2859 1194 2990 1252 illos
3042 1195 3348 1253 nobilitare
3376 1197 3684 1255 voluerint.

2046 1284 2298 1354 Ideoque
2327 1284 2538 1355 adjecit
2568 1302 2581 1339 :

2124 1396 2145 1422 (ι
2182 1373 2414 1429 Similes
2447 1372 2563 1429 illis
2595 1374 2737 1429 fiant
2765 1373 2867 1445 qui
2897 1373 3118 1431 faciunt
3147 1392 3235 1442 ea,
3265 1378 3323 1432 et
3350 1392 3554 1433 omnes
3584 1376 3689 1449 qui

2050 1463 2351 1519 confidunt
2378 1463 2437 1517 in
2468 1463 2574 1519 eis.
2600 1484 2627 1512 »
2658 1461 2746 1518 Illi
2778 1464 3211 1521 confundantur
3237 1463 3297 1520 in
3326 1464 3423 1522 his
3452 1465 3553 1537 qui
3574 1481 3693 1523 cre-

2051 1554 2232 1620 dunt;
2265 1569 2371 1608 nos
2398 1569 2531 1608 vero
2563 1551 2953 1622 consolemur,
2986 1553 3087 1625 qui
3117 1554 3189 1610 ad
3220 1553 3538 1628 imaginem
3588 1552 3689 1612 Dei

2054 1642 2187 1699 facti
2218 1641 2415 1714 ipsum
2449 1642 2783 1697 adoramus.

2134 1753 2160 1785 α
2189 1731 2409 1787 Domus
2440 1730 2639 1799 Israel,
2671 1731 2995 1789 benedicite
3023 1733 3356 1791 Dominum.
3387 1756 3411 1787 ι
3446 1735 3699 1808 Congre-

2056 1820 2319 1894 gationes
2376 1824 2734 1890 sanctorum,
2787 1821 2970 1877 Deum
3020 1822 3206 1879 oculis
3252 1823 3466 1879 mentis
3515 1823 3702 1895 inspi-

381 1936 402 1964 α
438 1914 648 1971 Omnia
702 1933 1063 1990 quacunque
1102 1917 1288 1974 voluit
1333 1918 1638 1986 Dominus,
1699 1916 1833 1973 fecit
1887 1916 1947 1972 in
1980 1939 2029 2004 Β
2059 1911 2300 1967 cientes.
2335 1932 2362 1959 ‹‹
2396 1909 2617 1965 Domus
2664 1912 2876 1979 Aaron,
2906 1898 3233 1970 benedicite
3279 1912 3615 1969 Dominum.
3667 1932 3698 1962 »

307 2002 447 2058 crnlo
478 2007 534 2059 et
561 2003 618 2059 in
654 2008 808 2061 terra
836 2006 895 2061 in
928 2007 1096 2075 mari,
1131 2012 1185 2062 et
1216 2008 1276 2063 in
1306 2007 1581 2063 omnibus
1632 2007 1879 2080 abyssis.
1920 2026 1949 2057 »

313 2095 424 2147 Pro
469 2091 766 2150 voluntate
823 2095 1103 2152 bonitatis
1151 2095 1370 2168 placuit
1418 2096 1534 2152 Deo
1592 2097 1649 2151 in
1711 2094 1956 2151 excelsis

315 2180 645 2255 animabus,
679 2184 738 2238 in
770 2184 951 2240 aridis
983 2185 1302 2256 mentibus,
1335 2185 1395 2241 in
1426 2185 1622 2240 saeculi
1654 2184 1953 2252 fluctibus,

313 2269 373 2325 in
406 2271 802 2343 profunditate
833 2274 1067 2331 malitiae
1100 2274 1285 2331 facere
1315 2273 1626 2345 mirabilia,
1659 2273 1813 2330 sicut
1862 2289 1955 2330 se-

316 2360 535 2430 quitur.

393 2471 414 2500 α
450 2452 714 2509 Educens
744 2453 930 2509 nubes
959 2453 1032 2509 ab
1061 2457 1318 2509 extremo
1360 2457 1545 2508 terr-az.
1581 2474 1609 2503 »
1641 2453 1726 2509 Ab
1765 2453 1962 2508 humi-

314 2537 475 2596 litate
503 2544 734 2597 terrena
761 2540 995 2598 elevans
1023 2541 1317 2614 apostolos
1347 2558 1412 2597 ac
1443 2542 1807 2614 propbetas.«
1834 2540 1964 2597 Ful-

317 2645 465 2701 gnra
495 2629 553 2684 in
584 2630 842 2703 pluviam
875 2632 1030 2687 fecit.
1062 2654 1091 2681 ‹‹
1128 2631 1195 2687 Ut
1222 2630 1480 2704 primum
1525 2630 1726 2687 lumen
1766 2629 1964 2703 cogni-

324 2718 499 2776 tionis
545 2719 668 2791 Dei,
703 2719 913 2776 deinde
955 2721 1204 2777 imbrem
1254 2720 1649 2777 doctrinarum
1696 2720 1965 2776 infunde-

323 2812 470 2863 rent.

397 2922 424 2950 ‹‹
457 2900 564 2967 Qui
597 2900 865 2970 producit
912 2903 1113 2955 ventos
1159 2900 1230 2954 de
1280 2898 1572 2955 thesauris
1614 2898 1758 2955 suis.
1794 2921 1822 2948 »
1853 2901 1968 2954 An-

218 3050 227 3057 ,
324 2989 484 3061 gelos
516 2993 750 3045 sanctos
781 2989 852 3045 de
896 2989 1123 3044 arcanis
1165 2988 1499 3045 coelestibus
1531 2988 1791 3061 dirigens
1825 3006 1837 3043 :
1871 2988 1972 3060 qui

324 3077 419 3134 his
469 3078 527 3134 in
580 3078 840 3134 nubibus
890 3077 1298 3149 imbribusque
1348 3079 1526 3134 robur
1574 3082 1748 3150 atque
1786 3078 1972 3134 incre-

326 3172 590 3223 mentum
620 3166 894 3222 ferrent.«
926 3167 1035 3230 Qui
1069 3166 1358 3237 percussit
1386 3166 1775 3237 primogenita
1804 3167 1971 3238 {Egy-

326 3255 438 3328 pti;
473 3256 544 3310 ab
574 3254 814 3311 homine
843 3272 1025 3323 usque
1055 3255 1126 3309 ad
1160 3271 1358 3327 pecus.
1394 3276 1422 3303 »
1452 3253 1807 3326 Principalia
1833 3254 1975 3309 vitia

325 3348 501 3416 atque
528 3343 781 3400 erimina
811 3341 1037 3398 mundi.
1738 3406 1741 3409 Ἴ

405 3454 432 3487 α
461 3434 530 3489 Et
561 3433 723 3488 misit
753 3432 920 3503 signa
949 3436 1009 3487 et
1037 3431 1301 3504 prodigia
1329 3431 1388 3485 in
1421 3430 1612 3486 medio
1660 3430 1767 3495 tui,
1808 3431 1976 3503 {Egy-

328 3527 446 3598 pte.
480 3545 509 3572 n
540 3522 790 3577 Terrens
824 3521 1113 3576 mundum
1146 3519 1206 3575 in
1243 3520 1534 3591 passione,
1573 3518 1661 3575 vel
1711 3518 1769 3573 in
1819 3523 1977 3575 tene-

332 3612 474 3679 bris,
506 3611 592 3667 vel
620 3611 681 3666 in
712 3609 1103 3666 commotione
1132 3612 1316 3665 terrae.
1352 3630 1380 3658 «
1414 3608 1477 3663 In
1509 3608 1871 3663 Pharaonem
1923 3611 1981 3663 et

329 3702 390 3758 in
439 3717 643 3759 omnes
695 3716 893 3756 servos
941 3700 1091 3771 ejus.
1148 3718 1176 3747 »
1228 3697 1483 3770 Afﬁgens
1543 3694 1842 3753 diabolum
1890 3696 1978 3753 vel

330 3791 697 3864 principatus
726 3790 855 3861 ejus
884 3787 1041 3843 cruci
1076 3804 1216 3843 suae.

409 3902 430 3931 α
466 3880 575 3944 Qui
608 3878 898 3952 percussit
948 3893 1114 3951 reges
1155 3892 1423 3949 magnos,
1472 3878 1529 3930 et
1571 3874 1785 3931 occidit
1818 3890 1982 3948 reges

262 4007 269 4016 -
334 3970 532 4026 fortes.
571 3993 591 4019 ιι
632 3971 946 4024 Innumera
968 3967 1129 4034 vitia,
1163 3982 1288 4038 qua
1337 3964 1628 4021 mundum
1676 3980 1980 4036 oppresse-

334 4064 487 4115 rant.

408 4170 437 4198 ι(
469 4148 617 4204 Seon
649 4162 845 4218 regem
873 4142 1364 4200 Amorrhaeorum.
1408 4164 1436 4191 ››
1482 4142 1762 4197 Arborem
1796 4141 1984 4197 infru-

334 4238 599 4290 ctuosam
623 4233 842 4287 habent
864 4247 1062 4286 secum
1084 4234 1474 4286 exsecratores
1503 4229 1640 4296 Dei;
1674 4224 1774 4301 qui
1807 4229 1984 4286 simul

335 4321 618 4396 percussi,
652 4321 713 4375 in
744 4320 941 4393 ignem
974 4318 1365 4390 projiciuntur
1402 4324 1704 4373 aeternum.
1741 4340 1768 4369 «
1802 4318 1873 4373 Et
1900 4317 1986 4391 0g

334 4428 530 4485 regem
562 4415 771 4465 Basan.
804 4432 831 4459 »
860 4407 1169 4464 Maceriam
1211 4406 1595 4478 confusionis,
1641 4425 1768 4480 qua:
1816 4408 1984 4464 nobis

336 4516 408 4556 ne
456 4500 639 4555 Deum
672 4511 1144 4571 agnosceremus,
1177 4495 1465 4550 obstabat.
1504 4516 1532 4545 «
1565 4496 1635 4549 Et
1664 4495 1861 4551 omnia
1891 4512 1985 4550 re-

335 4606 452 4664 gna
487 4589 781 4645 Chanaan.
817 4610 845 4636 ››
876 4584 1099 4641 Occidit
1146 4600 1326 4656 regna
1373 4583 1800 4654 commotionis,
1856 4601 1983 4655 quae

2064 1999 2465 2056 Ministrorum
2494 1998 2636 2054 ordo
2667 1999 2973 2071 perfectus.

2139 2088 2295 2155 «Qui
2325 2086 2546 2143 timetis
2575 2088 2912 2158 Dominum,
2946 2089 3270 2147 benedicite
3297 2090 3649 2160 Dominum;
3671 2111 3702 2142 η

2065 2181 2130 2235 ut
2181 2177 2334 2234 sicut
2380 2177 2745 2248 majestatem
2799 2178 3079 2247 metuitis,
3111 2179 3193 2236 ita
3236 2196 3370 2236 cum
3423 2179 3707 2236 charitats

2065 2266 2339 2323 laudetis.

2140 2379 2167 2407 «
2203 2355 2548 2412 Benedictus
2569 2356 2851 2413 Dominus
2880 2357 3035 2414 Deus
3061 2374 3130 2414 ex
3156 2358 3291 2416 Sion
3321 2376 3334 2414 :
3362 2359 3463 2432 qui
3484 2358 3714 2415 habitat

2070 2447 2132 2502 in
2160 2445 2507 2503 Jerusalem.
2544 2467 2571 2494 »
2607 2447 2754 2517 Ipse,
2785 2447 3067 2505 Dominus
3096 2453 3295 2506 noster
3321 2450 3492 2507 Iesus
3520 2448 3717 2506 Chris-

2070 2543 2213 2594 tus:
2249 2536 2341 2594 cui
2370 2540 2458 2593 est
2485 2553 2619 2593 cum
2665 2542 2879 2594 aeterno
2930 2538 3098 2596 Patre
3141 2543 3199 2595 et
3244 2538 3464 2613 Spiritu
3515 2542 3716 2598 sancto

2073 2628 2260 2683 honor
2286 2630 2344 2682 et
2368 2625 2553 2698 gloria
2580 2626 2639 2682 in
2671 2626 2885 2684 saecula
2915 2626 3284 2686 saeculorum.
3314 2631 3520 2685 Amen.

2591 2753 2914 2809 PSALMUS
2953 2753 3203 2810 CXXXV.

2078 2846 2334 2901 Alleluia.
2369 2846 2480 2900 Iste
2508 2842 2774 2915 psalmus
2804 2843 3035 2900 Domini
3076 2841 3505 2915 misericordias
3536 2842 3596 2897 in
3616 2842 3719 2915 _di-

2148 2917 2332 2973 versis
2380 2912 2827 2988 necessitatibus
2872 2915 3132 2971 humano
3183 2914 3381 2988 generi
3432 2912 3725 2986 prastitas

2152 2988 2375 3057 pandit,
2408 2987 2608 3042 dicens
2640 3005 2654 3042 :

2155 3101 2183 3129 ‹‹
2217 3076 2586 3133 Confitemini
2620 3074 3183 3148 Domino,quoniam
3213 3073 3723 3147 bonus,quoniam

2084 3168 2144 3224 in
2176 3166 2457 3224 saeculum
2491 3166 2893 3223 misericordia
2932 3166 3082 3237 ejus.
3121 3188 3142 3216 ι
3177 3162 3548 3221 Confitemini
3595 3179 3727 3237 pec-

2085 3261 2215 3313 cata
2243 3261 2454 3323 vestra,
2486 3261 2541 3312 et
2569 3255 2804 3311 laudate
2834 3271 2967 3311 eum
3002 3254 3104 3326 qui
3136 3270 3240 3327 per
3269 3252 3730 3311 misericordiam

2087 3347 2148 3402 in
2178 3362 2242 3401 se
2272 3343 2534 3400 manenti
2565 3343 2848 3415 indulget.
3620 3378 3625 3383 ›

2162 3460 2189 3489 ‹‹
2218 3435 2585 3495 Confitemini
2610 3435 2727 3491 Deo
2757 3435 3020 3491 deorum.
3056 3453 3081 3484 ι
3115 3431 3205 3487 Illi
3233 3431 3336 3504 qui
3364 3429 3735 3488 credentibus

2091 3530 2150 3584 in
2182 3545 2244 3584 se
2273 3526 2430 3583 dedit
2458 3529 2805 3599 potestatem
2837 3521 2987 3591 ﬁlios
3014 3521 3115 3578 Dei
3144 3520 3291 3577 ﬁeri.

2165 3638 2191 3670 «ι
2211 3614 2579 3673 Confitemini
2609 3613 2854 3669 Domino
2884 3608 3456 3668 dominorum.»Hoc
3482 3608 3737 3666 refertur

2090 3708 2162 3765 ad
2192 3705 2425 3774 Filium,
2456 3709 2514 3762 et
2543 3705 2658 3760 Deo
2689 3703 2955 3767 deorum,
3009 3700 3081 3757 ad
3130 3703 3383 3756 Patrem.
3416 3697 3571 3756 Patri
3598 3714 3737 3772 ergo

2090 3802 2148 3854 et
2176 3795 2320 3852 Filio
2351 3794 2718 3851 conﬁtemur.
2754 3793 2920 3849 Pater
2950 3789 3108 3848 enim
3156 3789 3217 3845 in
3267 3787 3432 3859 Filio,
3463 3791 3521 3845 et
3557 3786 3739 3846 Filius

2092 3888 2151 3944 in
2184 3890 2372 3943 Patre.

2164 3998 2193 4025 ς(
2226 3974 2333 4041 Qui
2366 3973 2502 4031 facit
2529 3970 2823 4030 mirabilia
2851 3985 3067 4043 magna
3095 3966 3277 4024 solus.
3308 3988 3338 4017 »
3366 3966 3540 4024 Prius
3570 3965 3736 4036 dixit,

2100 4087 2121 4115 α
2154 4063 2524 4121 Confitemini
2566 4062 2682 4118 Deo
2712 4061 2976 4127 deorum,
3010 4079 3040 4108 »
3071 4061 3129 4113 et
3157 4056 3393 4127 iterum,
3430 4074 3453 4104 α
3492 4054 3739 4112 Domino

2091 4154 2464 4210 dominorum
2499 4168 2513 4206 :
2549 4174 2576 4200 »
2609 4154 2666 4207 et
2707 4148 2986 4221 quoniam
3036 4146 3182 4203 dixit
3233 4145 3382 4202 duas
3434 4160 3738 4217 personas,

2094 4260 2250 4300 nunc
2282 4241 2444 4307 dicit,
2479 4264 2507 4290 «
2536 4240 2636 4312 qui
2666 4238 2803 4295 facit
2833 4235 3130 4293 mirabilia
3159 4250 3375 4308 magna
3402 4232 3586 4302 solus,
3614 4255 3636 4283 ι
3672 4234 3739 4289 ut

2094 4350 2208 4389 non
2239 4331 2395 4389 dicat
2424 4331 2569 4386 duos
2596 4330 2754 4385 deos.
2789 4327 3085 4399 Scriptum
3136 4328 3225 4382 est
3251 4323 3407 4380 enim
3436 4340 3450 4379 :
3487 4324 3632 4380 Unus
3659 4325 3740 4378 est

2096 4428 2265 4493 Deus,
2317 4438 2386 4477 ea:
2431 4436 2535 4491 quo
2576 4420 2785 4489 omnia,
2833 4420 2886 4473 et
2928 4431 3071 4472 unus
3119 4416 3385 4470 Dominus
3429 4413 3585 4469 Iesus
3637 4424 3740 4482 per

2094 4528 2253 4583 quem
2283 4513 2490 4581 omnia,
2522 4514 2571 4565 et
2600 4525 2695 4564 nos
2722 4525 2822 4577 per
2853 4510 3035 4578 ipsum
3064 4506 3111 4576 (Ι
3141 4503 3261 4561 Cor.
3290 4519 3412 4569 vm,
3444 4501 3521 4572 6).

2167 4624 2196 4649 «
2229 4601 2335 4667 Qui
2367 4600 2503 4655 fecit
2532 4597 2706 4653 caelos
2748 4595 2807 4651 in
2859 4592 3176 4650 intellectu.
3207 4611 3234 4643 ιι
3268 4591 3372 4646 Isti
3419 4594 3561 4646 sunt
3608 4589 3738 4645 οωιὶ

336 4695 442 4734 DOS
474 4678 920 4734 οοωῐῐιονϐὒίιηι
948 4693 982 4731 δι
1014 4679 1143 4742 θοῦν
1176 4678 1235 4729 et
1265 4672 1720 4729 dominabantur
1749 4673 1939 4729 “Obls-
2008 4678 2056 4742 D
2090 4690 2192 4761 qui
2224 4690 2501 4745 enarrant
2521 4684 2765 4760 gloriam
2797 4683 2929 4739 Dei:
2955 4683 3052 4753 qui
3086 4679 3281 4737 vestiti
3311 4682 3451 4735 sunt
3478 4678 3737 4752 imagine

413 4806 441 4836 «
471 4786 541 4841 Et
572 4785 730 4841 dedit
759 4788 973 4839 terram
1018 4798 1219 4837 eorum
1276 4780 1704 4847 haereditatem;
1739 4780 1981 4836 hazredi-

338 4880 518 4932 tatem
549 4873 728 4931 Israel
760 4871 975 4945 populo
1005 4888 1134 4927 suo.
1156 4892 1184 4920 »
1199 4870 1329 4925 Haec
1359 4869 1557 4925 omnia
1587 4868 1800 4925 delevit
1827 4868 1982 4925 Deus

339 4969 514 5036 atque
543 4962 848 5030 subvertit,
877 4975 1099 5031 nosque
1140 4975 1242 5031 per
1270 4958 1661 5031 cognitionem
1705 4974 1873 5014 suam
1921 4957 1980 5013 in

338 5053 737 5110 haereditatem
788 5049 1014 5121 ascivit,
1068 5052 1131 5104 ut
1174 5047 1319 5120 ipsis
1371 5047 1471 5119 qui
1516 5064 1631 5103 non
1680 5047 1985 5104 afﬁxerant

339 5143 802 5211 dominarentur,
828 5137 1094 5195 indulsit.
1479 5192 1493 5202 ,

411 5256 440 5284 ‹‹
472 5232 736 5298 Domine,
788 5244 1002 5285 nomen
1044 5232 1212 5283 tuum
1260 5225 1321 5281 in
1367 5230 1669 5282 aeternum.
1718 5248 1746 5275 »
1778 5225 1884 5281 Illo
1922 5226 1981 5280 in

340 5328 687 5397 perpetuum
728 5321 1128 5392 permanente,
1187 5316 1296 5372 hoc
1342 5316 1509 5371 nobis
1557 5315 1633 5370 sit
1678 5314 1983 5371 hrereditas

339 5412 712 5484 sempiterna.
747 5431 775 5458 «
808 5406 1074 5473 Domine,
1107 5402 1444 5461 memoriale
1473 5409 1642 5460 tuum
1692 5404 1751 5458 in
1800 5420 1981 5459 saecu-

339 5502 463 5558 lum
496 5499 714 5557 saeculi.
749 5519 770 5548 ι
808 5497 880 5552 Ut
909 5495 1062 5567 quod
1093 5495 1261 5566 Legis
1307 5494 1514 5549 veteris
1562 5493 1772 5549 umbra
1801 5493 1983 5564 praefi-

341 5590 591 5664 guravit,
640 5590 699 5644 in
757 5586 935 5643 altero
996 5583 1229 5654 saeculo,
1274 5584 1334 5640 id
1389 5588 1494 5652 est,
1544 5583 1603 5637 in
1659 5581 1984 5654 Evangeliis

342 5683 713 5753 agnoscatur.

415 5790 444 5820 «
476 5765 931 5839 Quiajudicavit
967 5764 1253 5821 Dominus
1278 5763 1558 5837 populum
1590 5778 1786 5819 suum.
1823 5784 1850 5811 »
1879 5762 1983 5818 Ju-

2092 4777 2315 4836 coelesti
2344 4781 2401 4834 et
2429 4780 2569 4832 sunt
2598 4774 2746 4842 coeli,
2781 4773 2883 4845 qui
2913 4788 3029 4828 non
3062 4774 3201 4828 sunt
3238 4768 3430 4827 vestiti
3478 4767 3737 4841 imagine

2091 4867 2306 4924 terreni
2349 4866 2408 4920 in
2456 4864 2776 4929 intellectu,
2827 4863 2885 4917 in
2928 4859 3233 4933 sapientia.
3283 4858 3549 4915 Christus
3577 4856 3736 4912 enim

2091 4956 2192 5012 Dei
2225 4956 2408 5011 virtus
2460 4959 2518 5010 et
2562 4953 2663 5011 Dei
2701 4950 3010 5024 sapientia.
3044 4948 3207 5005 Sicut
3234 4951 3293 5003 et
3320 4947 3381 5002 in
3412 4943 3736 5013 Proverbiis

2092 5046 2234 5102 dicit
2280 5046 2407 5117 ipsa
2457 5042 2802 5115 Sapientia:
2837 5039 3061 5109 Quando
3106 5035 3347 5108 faciebat
3393 5034 3582 5101 caelos,
3611 5048 3736 5089 eum

2090 5138 2205 5208 ipso
2235 5151 2387 5191 eram
2418 5135 2600 5205 (Prov.
2635 5148 2756 5198 vm,
2789 5131 2900 5201 27),
2924 5133 2980 5185 et
3008 5134 3235 5183 caetera.

2163 5249 2190 5276 ιι
2225 5224 2332 5291 Qui
2364 5222 2617 5280 ﬁrmavit
2642 5225 2856 5277 terram
2883 5231 3062 5289 super
3090 5231 3294 5285 aquas.
3332 5235 3361 5263 ››
3393 5211 3552 5270 Licet
3571 5211 3732 5268 diea-

2091 5320 2188 5371 tur
2216 5318 2373 5370 terra
2402 5328 2578 5384 super
2606 5325 2791 5381 aquas
2815 5307 3087 5379 pendere,
3113 5303 3223 5361 hoc
3265 5306 3354 5360 est
3397 5302 3558 5358 inani
3588 5316 3734 5373 pon-

2094 5407 2248 5471 dere,
2291 5408 2486 5459 tamen
2532 5404 2748 5455 terram
2801 5399 3061 5452 nostram
3104 5391 3373 5449 fundavit
3397 5399 3456 5447 et
3483 5388 3738 5446 ﬁrmavit

2093 5496 2152 5550 in
2185 5492 2557 5564 baptismate.
2588 5488 2714 5543 Non
2744 5485 2889 5565 dixit
2918 5482 3309 5549 sustollit,aut
3336 5478 3737 5551 exaltavit,aut

2093 5584 2151 5638 in
2207 5581 2381 5638 caelos
2412 5578 2548 5635 fecit
2574 5576 2902 5633 ascendere.
2951 5572 3253 5645 Baptisms
3295 5569 3451 5626 enim
3498 5570 3740 5641 peccata

2094 5672 2356 5737 dimittit,
2388 5674 2444 5723 et
2473 5666 2640 5740 quasi
2671 5666 2741 5721 de
2772 5678 3000 5721 carcere
3048 5661 3282 5717 liberat:
3320 5674 3499 5732 regna
3537 5662 3734 5715 autem

2097 5761 2373 5817 caelorum
2408 5774 2521 5813 non
2552 5758 2744 5828 potest
2771 5753 3008 5809 donare.
3040 5749 3099 5807 Si
3132 5765 3248 5806 non
3288 5746 3447 5804 enim
3493 5745 3731 5819 aliquis,
