4244 6576
572 421 739 493 1303

2074 420 2495 487 APPENDIX.

3822 414 3989 486 I36!

571 576 676 639 per
701 574 880 638 opera
906 564 965 621 et
992 561 1166 621 fidem
1200 557 1522 633 intraverit,
1570 578 1685 619 non
1733 563 1923 633 potest
1973 576 2213 615 securus
2244 558 2297 625 Α
2328 561 2525 615 noster
2549 557 2725 614 Jesus
2756 553 3049 626 Christus,
3069 553 3164 613 cui
3195 557 3285 614 est
3312 572 3447 613 cum
3478 558 3693 614 aeterno
3726 555 3892 615 Patre
3920 563 3982 617 et

567 668 719 711 8886.

643 768 673 797 α
705 745 814 813 Οιιί
844 746 979 803 fecit
1006 745 1322 803 luminaria
1350 761 1584 819 magna.
1612 763 1639 796 ι
1679 743 2015 800 Secundum
2066 740 2217 796 litte-

568 852 697 893 ram
723 836 795 891 de
819 834 990 893 stella
1017 835 1162 891 dicit
1196 854 1209 893 :
1243 834 1378 891 licet
1402 850 1611 907 parvas
1632 848 1729 889 eas
1760 830 2215 904 conspiciamus,

523 992 527 996 ,
568 926 672 983 sed
703 929 900 982 tamen
934 940 1159 996 magnae
1192 928 1349 980 sunt.
1383 924 1547 980 Sicut
1575 922 1729 979 enim
1760 938 1866 977 nos
1915 922 1964 977 si
2013 936 2215 976 ascen-

566 1017 783 1076 damus
813 1015 874 1070 in
904 1019 1161 1071 montem
1192 1013 1505 1082 excelsum,
1534 1016 1591 1068 et
1618 1012 1922 1068 videamus
1971 1011 2033 1066 in
2083 1013 2219 1068 sub-

558 1105 722 1177 jecta
747 1104 895 1161 valle
925 1103 1246 1169 hominem,
1278 1102 1511 1158 videtur
1557 1101 1728 1157 nobis
1776 1101 1945 1173 quasi
1972 1118 2215 1173 parvum

568 1193 851 1267 quiddam
887 1210 900 1249 :
932 1193 1013 1248 ita
1040 1197 1098 1248 et
1125 1190 1307 1249 stellas
1357 1208 1583 1265 magna
1616 1195 1774 1261 sunt,
1808 1206 1875 1246 ex
1906 1189 2216 1246 altitudine

570 1286 767 1339 autem
800 1298 986 1354 parvae
1017 1280 1187 1337 nobis
1215 1280 1505 1337 videntur.
1540 1278 1722 1337 Stella
1766 1280 1923 1335 enim
1974 1296 2101 1351 quas
2131 1280 2213 1334 vi-

567 1366 742 1429 detur
768 1370 829 1427 in
860 1370 1181 1435 Britannia,
1213 1368 1434 1441 ubique
1462 1373 1521 1425 et
1548 1369 1679 1441 ipsa
1707 1368 2100 1441 apparet.Hoc
2117 1385 2216 1424 au-

563 1465 682 1517 tem
708 1459 850 1517 dicit
874 1460 947 1517 ad
979 1476 1078 1517 eos
1108 1459 1324 1532 quibus
1354 1458 1500 1514 dixit
1534 1474 1547 1513 :
1588 1460 1679 1515 Vos
1707 1459 1839 1513 estis
1885 1460 1985 1513 lux
2021 1458 2218 1513 mundi

566 1549 794 1623 (Matth.
827 1550 1022 1621 ν,14).

636 1660 666 1689 ‹‹
698 1642 919 1694 Lunam
948 1642 1007 1693 et
1031 1637 1232 1693 stellas
1260 1637 1318 1691 in
1352 1639 1696 1709 potestatem
1727 1636 1934 1692 noctis.
1970 1657 1997 1685 »
2030 1635 2217 1691 Eccle-

564 1728 716 1785 siam
748 1727 835 1784 vel
865 1726 1130 1784 doctores
1158 1727 1307 1798 ejus,
1341 1727 1450 1782 sub
1482 1729 1650 1782 nocte
1678 1725 1899 1782 Veteris
1930 1724 2099 1797 Legis
2121 1742 2216 1797 po-

566 1816 689 1873 suit
720 1834 734 1872 :
764 1814 989 1871 scilicet
1017 1820 1083 1871 ut
1109 1815 1265 1885 quod
1298 1814 1398 1871 illa
1427 1814 1716 1870 nuntiavit
1746 1814 1804 1870 in
1836 1813 2048 1881 littera,
2092 1816 2213 1886 spi-

564 1904 858 1961 ritualiter
884 1903 1246 1976 adimpleant
1266 1907 1324 1959 et
1352 1903 1678 1959 observent.

638 2016 666 2045 ‹‹
702 1992 809 2060 Qui
839 1992 1131 2066 percussit
1154 1995 1465 2064 Aigyptum
1498 2009 1632 2047 cum
1682 1991 2089 2064 primogenitis
2120 2009 2214 2048 co-

566 2100 722 2150 rum,
755 2086 813 2139 et
839 2081 1039 2139 eduxit
1074 2080 1251 2138 Israel
1281 2082 1353 2136 de
1399 2081 1590 2137 medio
1622 2082 1751 2152 ejus
1779 2082 1839 2136 in
1872 2099 2047 2137 manu
2082 2082 2213 2137 forti

566 2176 624 2230 et
649 2171 889 2229 brachio
919 2174 1168 2228 extento.
1200 2192 1229 2222 »
1264 2175 1328 2226 In
1359 2171 1571 2226 virtute
1617 2171 1884 2242 potentim
1931 2188 2048 2227 suae
2099 2187 2219 2227 ver-

562 2262 764 2319 berato
795 2260 1038 2326 mundo,
1070 2260 1272 2316 eduxit
1301 2276 1408 2316 nos
1437 2260 1511 2316 ab
1539 2260 1819 2332 operibus
1849 2261 1999 2332 ejus.

642 2391 665 2419 ι
689 2366 800 2434 Qui
822 2366 1027 2424 divisit
1047 2383 1207 2423 mare
1237 2368 1501 2423 Rubrum
1524 2366 1584 2422 in
1611 2366 2013 2435 divisiones,et
2032 2371 2220 2424 trans-

561 2456 708 2530 jecit
736 2456 913 2514 Israel
943 2474 1047 2530 per
1074 2456 1335 2512 medium
1368 2457 1562 2527 ejus.»
1588 2456 1648 2510 In
1683 2455 1883 2512 multis
1912 2456 2069 2512 enim
2096 2473 2221 2528 gra-

568 2546 746 2603 dibus
775 2541 1080 2602 scanditur
1107 2561 1211 2618 per
1230 2544 1409 2616 hujus
1440 2543 1635 2599 saeculi
1657 2544 1961 2612 ﬂuctus,ut
1989 2545 2060 2600 ad
2084 2562 2217 2601 eum

566 2634 757 2709 possit
785 2650 962 2706 quem
993 2638 1188 2690 mente
1216 2637 1436 2701 tuetur,
1469 2633 1761 2689 accedere.
1920 2708 1925 2711 Δ

636 2748 667 2775 «
701 2725 769 2780 Et
795 2721 1053 2780 excussit
1099 2723 1462 2778 Pharaonem
1509 2726 1567 2777 et
1613 2722 1929 2778 exercitum
1979 2724 2108 2794 ejus
2157 2724 2217 2779 in

565 2812 713 2871 mari
758 2812 973 2868 Rubro.
1006 2833 1035 2862 »
1069 2810 1129 2867 Si
1156 2810 1334 2867 Israel
1382 2810 1591 2876 simus,
1650 2812 1797 2866 Deus
1844 2815 2069 2883 pugnat
2117 2828 2219 2882 pro

563 2901 756 2973 nobis,
807 2906 865 2957 et
920 2917 1028 2957 nos
1078 2898 1425 2966 tacebimus,
1459 2903 1516 2955 et
1556 2898 1871 2970 prosternit
1919 2899 2219 2955 diabolum

581 3005 715 3044 cum
749 2986 1099 3043 satellitibus
1130 2986 1254 3041 suis
1287 3004 1299 3042 :
1334 3003 1406 3041 ne
1437 2986 1606 3041 nobis
1629 3001 1836 3041 nocere
1865 2986 2114 3043 valeant.

638 3080 669 3145 «ἑ
700 3093 809 3175 Qui
837 3092 1171 3148 transduxit
1202 3090 1483 3164 populum
1519 3108 1694 3147 suum
1724 3109 1825 3163 per
1855 3093 2212 3150 desertum..

568 3185 814 3255 Semper
864 3179 1118 3253 populus
1164 3179 1286 3247 Dei,
1341 3196 1442 3251 per
1488 3180 1717 3237 deserta
1780 3180 1955 3252 hujus
2010 3184 2215 3239 mundi

2327 648 2546 719 Spiritu
2577 652 2778 704 sancto
2809 648 2995 703 honor
3037 651 3093 703 et
3142 647 3326 720 gloria
3371 647 3432 703 in
3477 646 3691 704 saecula
3731 648 3981 707 saeculo-

2328 753 2482 792 rum.
2515 738 2718 792 Amen.

2834 846 3156 903 PSALMUS
3194 846 3473 904 CXXXVI.

2326 936 2580 991 Psalmus
2615 935 2792 1011 Dauid
2816 938 3380 1011 propterjeremiam.
3432 938 3547 993 Iste
3594 939 3862 1011 psalmus
3909 960 3977 1001 ex

2397 1024 2536 1062 voce
2565 1007 2901 1089 prophetica
2930 1007 3635 1089 prolatus.docet_r_nente's
3664 1011 3973 1089 hominum

2398 1096 2432 1134 a
2465 1079 2719 1150 peccatis
2749 1079 2898 1150 capi,
2928 1079 2988 1134 in
3019 1079 3350 1152 exemplum
3394 1080 3554 1137 illius
3602 1087 3847 1140 terrente
3875 1085 3976 1142 Je-

2398 1149 2652 1205 rusalem
2686 1166 2813 1221 quae
2845 1168 2878 1205 a
2905 1152 3178 1221 gentibus
3224 1151 3436 1208 educta
3466 1153 3526 1210 in
3578 1155 3970 1221 captivitatem

2398 1167 2652 1205 rusaiem
2686 1167 2813 1221 quas
2845 1168 2878 1205 a
2905 1167 3178 1223 gentibus
3224 1167 3436 1208 educta
3466 1170 3526 1210 in
3578 1167 3969 1225 captmtatem

2396 1222 2665 1277 deﬂebat.
2723 1222 2923 1298 Dicant
2950 1239 3086 1295 ergo
3116 1223 3360 1298 animas,
3399 1241 3525 1295 qua
3574 1231 3706 1298 post
3752 1227 3969 1286 multos

2396 1309 2617 1348 errores
2649 1297 3066 1349 convertuntur
3093 1295 3165 1349 ad
3199 1295 3510 1351 Dominum
3546 1313 3558 1351 :

2396 1423 2423 1450 ‹‹
2458 1401 2645 1473 Super
2675 1400 2924 1456 ﬂumina
2951 1386 3260 1474 Babylonis
3291 1401 3411 1458 illic
3440 1404 3789 1473 sedimus,et
3817 1407 3973 1464 tlevi-

2325 1506 2459 1544 mus
2494 1506 2507 1543 :
2542 1490 2682 1544 dum
2715 1489 3157 1546 recordaremur
3202 1491 3357 1546 Sion.
3408 1514 3435 1541 ›ι
3488 1492 3545 1547 Si
3594 1510 3707 1549 non
3758 1494 3972 1568 aliquis

2323 1582 2579 1651 mgrotat,
2622 1578 2807 1635 nescit
2850 1584 3139 1650 quantum
3182 1579 3337 1636 valet
3387 1582 3631 1647 sanitas.
3663 1583 3733 1639 Et
3760 1584 3973 1642 iterum

2324 1665 2572 1724 claudus
2589 1669 2773 1723 nescit
2790 1673 3076 1741 quantum
3097 1670 3248 1725 valet
3270 1670 3369 1741 qui
3392 1687 3573 1727 sanus
3591 1677 3681 1728 est
3701 1673 3973 1745 pedibus.

2324 1756 2607 1812 Similiter
2635 1761 2691 1813 et
2720 1774 2906 1814 caecus
2936 1758 3248 1814 videntem.
3301 1760 3413 1815 [loc
3450 1763 3639 1816 totum
3670 1779 3847 1832 quare
3880 1764 3971 1820 di-

2323 1851 2483 1903 ctum
2516 1848 2642 1902 est?
2674 1847 2958 1911 Quoniam
2978 1847 3241 1920 psalmus
3263 1847 3439 1905 dicit:
3465 1873 3492 1898 «
3519 1850 3707 1922 Super
3726 1852 3970 1911 ﬂumina

2244 1934 2291 1998 B
2323 1935 2659 2008 Babylonis,
2683 1935 2802 1992 illic
2835 1937 3097 1993 sedimus
3126 1941 3184 1992 et
3212 1936 3501 2010 ﬂevimus,
3526 1939 3666 1995 dum
3702 1944 3968 1999 recorda-

2327 2041 2525 2081 remur
2553 2024 2712 2081 Sion.
2745 2047 2773 2075 »
2809 2026 3064 2099 Babylon
3095 2030 3341 2099 confusio
3372 2028 3804 2101 interpretatur.
3825 2033 3971 2105 Ergo

2327 2113 2582 2187 Babylon
2614 2113 2709 2169 hic
2740 2110 3018 2169 mundus.
3051 2119 3320 2171 Peccator
3348 2132 3484 2189 ergo
3515 2118 3617 2189 qui
3649 2118 3853 2174 cecidit
3899 2122 3971 2176 de

2326 2202 2620 2274 paradiso,
2647 2203 2804 2258 venit
2831 2202 2893 2258 in
2923 2202 3133 2259 vallem
3166 2202 3577 2277 lacrymarum,
3628 2206 3735 2263 hoc
3780 2213 3871 2265 est
3914 2208 3972 2265 in

2326 2290 2701 2364 Babylonem,
2735 2291 2792 2346 in
2825 2292 3004 2347 istum
3034 2293 3342 2348 mundum.
3376 2294 3560 2367 Magis
3590 2300 3784 2352 autem
3832 2297 3972 2353 Pro-

2329 2381 2500 2453 pheta
2532 2396 2600 2436 ex
2630 2397 2879 2452 persona
2924 2382 3051 2451 ejus
3100 2381 3198 2453 qui
3250 2382 3455 2438 cecidit
3504 2383 3683 2440 dicit:
3720 2406 3750 2435 «
3789 2386 3975 2459 Super

2328 2470 2577 2524 ﬂumina
2621 2468 2953 2542 Babylonis.
3006 2491 3033 2519 ›ι
3086 2469 3327 2525 Flumen
3388 2476 3579 2528 autem
3641 2473 3969 2546 Babylonis,

2329 2559 2565 2631 quando
2620 2558 2835 2613 videris
2880 2557 3135 2631 aliquem
3170 2558 3480 2631 pulchrum
3529 2561 3599 2616 ad
3651 2560 3875 2633 horam,
3918 2569 3973 2619 et

2330 2651 2617 2720 aegrotans
2648 2647 2933 2720 pediderit
2980 2647 3501 2720 pulchritudinem,
3552 2655 3611 2706 et
3656 2658 3972 2708 marcescat

2331 2741 2434 2792 tlos
2464 2737 2652 2809 ipsius
2683 2755 2695 2793 :
2729 2737 2823 2793 hic
2855 2737 3007 2793 sicut
3036 2739 3254 2793 flumen
3285 2740 3518 2807 transit,
3549 2745 3606 2795 et
3636 2756 3801 2813 aquas
3839 2758 3970 2797 suc-

2330 2827 2601 2882 cedentes
2655 2825 2766 2880 sibi
2817 2825 3115 2882 venientes
3160 2832 3217 2882 et
3263 2827 3594 2885 recedentes
3623 2834 3887 2901 pereunt,
3916 2835 3973 2885 et

2329 2914 2540 2970 iterum
2598 2914 2719 2969 alios
2770 2914 3061 2981 oriuntur,
3114 2919 3171 2970 et
3210 2915 3350 2988 ipsae
3399 2922 3687 2988 pereunt:
3721 2918 3800 2974 ita
3828 2919 3973 2975 etin

2328 3003 2437 3059 hoc
2468 3003 2688 3058 mundo
2720 3020 2835 3074 quo
2873 3003 2944 3058 ad
2979 3009 3345 3060 momentum
3393 3010 3496 3060 aut
3543 3004 3777 3079 aliquod
3826 3012 3971 3064 tem-

2328 3110 2459 3164 pus,
2491 3098 2593 3148 aut
2623 3092 3011 3159 ditamur,aut
3042 3093 3219 3149 fortes
3240 3110 3467 3161 sumus,
3501 3100 3601 3150 aut
3628 3094 3854 3169 pulchri
3875 3114 3975 3154 su-

2328 3199 2484 3250 mus,
2515 3186 2571 3237 et
2611 3187 2742 3253 post
2771 3181 3066 3237 modicum
3116 3184 3329 3241 transit
3359 3184 3511 3239 sicut
3543 3201 3695 3257 aqua
3718 3190 3774 3241 et.
3803 3189 3971 3258 perit.

570 3269 992 3339 transducitur,
1026 3268 1411 3340 quoadusque
1459 3267 1520 3323 in
1568 3272 1783 3324 terram
1815 3271 2215 3342 repromissio-
2250 3296 2293 3364 ρ
2332 3271 2418 3327 lbi
2448 3288 2583 3345 ergo
2617 3271 2898 3339 sedimus,
2932 3275 2988 3327 et
3018 3271 3305 3344 ﬂevimus,
3347 3273 3488 3328 dum
3540 3275 3977 3332 recordaremur

572 3360 665 3417 nis
695 3360 1117 3417 introducatur.
1151 3382 1178 3408 ‹‹
1208 3358 1317 3423 Qui
1345 3358 1546 3414 eduxit
1572 3376 1785 3432 aquam
1819 3362 1890 3417 de
1921 3366 2082 3432 petra
2121 3380 2216 3417 ru-

572 3450 686 3523 pis.
712 3471 740 3499 »
770 3451 819 3505 A
839 3448 1070 3504 Christo
1107 3447 1372 3519 Domino,
1406 3447 1505 3519 qui
1541 3453 1630 3503 est
1654 3449 1885 3506 stabilis
1916 3455 2097 3522 petra,
2128 3452 2218 3507 vel

568 3538 934 3611 baptismum
984 3536 1288 3609 processit,
1345 3536 1433 3594 vel
1482 3537 1759 3609 poculum
1807 3543 2035 3596 aeternae
2089 3542 2218 3596 vitae

571 3628 853 3685 manavit.

646 3736 676 3766 ‹‹
706 3704 815 3781 Qui
847 3715 1138 3787 percussit
1172 3719 1375 3786 gentes
1406 3715 1643 3783 multas,
1693 3721 1751 3773 et
1796 3718 2010 3774 occidit
2054 3735 2220 3791 reges

570 3805 775 3872 fortes,
807 3804 958 3859 Seon
1005 3819 1201 3875 regem
1248 3803 1741 3875 Amorrhasorum,
1788 3810 1846 3861 et
1892 3806 1977 3878 0g
2025 3824 2219 3880 regem

572 3898 784 3960 Basan,
813 3896 870 3948 et
897 3891 1096 3947 omnia
1142 3908 1323 3964 regna
1360 3891 1635 3949 Chanaan
1680 3894 1912 3950 occidit.
1953 3916 1981 3944 »
2013 3896 2221 3952 Omnia

564 3997 754 4055 regna
783 3973 1003 4054 peccati
1031 3999 1067 4037 a
1086 3980 1316 4038 Christo
1347 3998 1626 4054 percussa
1653 3982 1795 4039 dicit
1821 4003 1833 4032 :
1860 3984 1958 4056 qui
1992 4001 2222 4057 percus-

571 4072 652 4129 sit
678 4087 844 4145 reges
873 4087 1140 4144 magnos.
1182 4070 1447 4126 Primum
1497 4074 1789 4144 percussit
1836 4073 2221 4145 Pharaonem,

571 4159 676 4233 qui
704 4159 1053 4232 intelligitur
1080 4159 1370 4229 diabolus,
1402 4166 1459 4217 et
1488 4161 1573 4217 sic
1602 4165 1919 4218 exercitum
1958 4164 2108 4234 ejus,
2138 4164 2222 4220 si-

570 4253 672 4306 cut
699 4248 759 4305 in
790 4249 1076 4322 superiori
1108 4248 1335 4321 psalmo
1364 4251 1764 4322 exposuimus.

645 4362 674 4389 ‹‹
706 4339 777 4394 Et
805 4338 968 4394 dedit
996 4342 1211 4394 terram
1244 4354 1447 4393 eorum
1496 4338 1897 4395 hmreditatem
1931 4357 1944 4396 :
1981 4340 2221 4397 haeredi-

572 4433 752 4485 tatem
785 4427 961 4484 Israel
993 4426 1208 4499 populo
1239 4443 1366 4482 suo.
1404 4448 1432 4477 ››
1463 4427 1792 4484 Christiano
1820 4429 2042 4501 utique.

648 4540 670 4567 ι
706 4516 851 4581 Quia
896 4516 957 4572 in
989 4514 1322 4571 humilitate
1361 4520 1564 4572 nostra
1611 4534 1836 4574 memor
1883 4519 1992 4574 fuit
2038 4520 2221 4575 nostri

570 4605 1183 4677 Dominus:quoniam
1213 4604 1273 4659 in
1297 4605 1571 4661 saeculum
1607 4606 2006 4663 misericordia
2035 4609 2221 4679 ejus.»

571 4694 647 4750 Ut
675 4709 783 4749 nos
811 4693 1077 4750 visitaret
1106 4695 1359 4750 adventu
1388 4711 1515 4750 suo.

646 4806 675 4833 ‹‹
706 4786 774 4837 Et
802 4782 1049 4839 redemit
1095 4798 1202 4838 nos
1250 4784 1322 4839 de
1370 4800 1548 4839 manu
1580 4782 1954 4843 inimicorum
1988 4793 2216 4844 nostro-

571 4889 774 4931 rum.»
797 4871 1072 4928 Fundens
1101 4872 1160 4926 in
1193 4872 1377 4943 pretio
1409 4878 1608 4928 nostro
1640 4875 1987 4948 sanguinem
2020 4894 2216 4933 suum.

641 4986 671 5014 «
703 4961 811 5028 Qui
842 4963 945 5018 dat
972 4977 1168 5018 escam
1221 4961 1378 5017 omni
1427 4963 1606 5019 carni.
1644 4986 1671 5013 ››
1703 4963 1969 5022 Ρνωδθηε
2014 4982 2075 5021 se
2120 4983 2217 5039 pa-

570 5068 706 5110 nem
731 5052 925 5108 vivum
960 5055 1018 5108 et
1044 5050 1221 5107 vitam
1253 5051 1491 5107 dantem
1522 5052 1660 5108 huic
1690 5054 1931 5109 mundo.

642 5164 671 5192 «
703 5141 1070 5199 Confitemini
1119 5141 1235 5198 Deo
1281 5140 1430 5197 cmli.
1484 5166 1506 5195 ι
1563 5142 1820 5197 Laudem
1866 5144 1916 5198 ei
1962 5144 2217 5200 debitam

568 5231 794 5290 reddite
827 5249 840 5287 :
876 5230 977 5303 qui
1006 5248 1107 5287 vos
1137 5249 1170 5286 ει
1202 5232 1446 5287 terrenis
1467 5230 1525 5285 in
1558 5236 1775 5287 aeterna
1803 5239 2144 5289 commutat.

642 5343 672 5370 ‹‹
702 5320 1074 5377 Conﬁtemini
1106 5320 1352 5375 Domino
1383 5320 1777 5377 dominorum.
1808 5343 1833 5369 ››
1861 5322 1967 5384 Qui
2000 5341 2101 5379 vos
2131 5324 2217 5379 vel

561 5409 907 5483 judices,vel
931 5408 1204 5465 dominos
1227 5409 1431 5465 mundi
1449 5409 1911 5482 constituit.lpse
1934 5411 2218 5467 Dominus

639 5624 655 5659 ¹
691 5624 751 5680 Id
784 5642 898 5706 non
929 5625 1002 5680 de
1032 5622 1228 5706 salice,
1276 5625 1376 5706 sed
1421 5624 1493 5679 de
1539 5623 2215 5706 alia_p_lanta,_quamA/t-

566 5711 736 5764 gnum
764 5705 973 5751 castum
999 5703 1229 5763 vocant,
1260 5701 1481 5751 veteres
1529 5697 1857 5767 prodidere.
1910 5698 1973 5751 In
2017 5713 2084 5752 ea
2129 5702 2218 5752 ta-

570 5778 701 5823 men
743 5767 1036 5824 sententia
1082 5784 1253 5824 verus
1304 5767 1691 5839 Hieronymus
1722 5769 1829 5823 fuit
1857 5768 1958 5824 lib.
1994 5785 2056 5836 ιι,
2084 5785 2211 5843 cap.

2333 3362 2493 3417 Sion.
2530 3361 2687 3415 Licet
2718 3360 2956 3432 quidem
2988 3361 3126 3416 vitio
3159 3366 3355 3418 nostro
3387 3363 3705 3419 cecidimus
3722 3364 3790 3419 de
3811 3381 3977 3437 para-

2328 3448 2455 3505 diso
2485 3466 2496 3503 :
2522 3455 2716 3505 tamen
2752 3449 3186 3505 reminiscimur
3215 3450 3426 3522 prioris
3458 3450 3835 3521 felicitatis,et
3853 3470 3971 3510 non

2329 3538 2749 3594 obliviscimur.
2772 3539 2838 3593 Et
2867 3538 2961 3595 ille
2992 3539 3093 3610 qui
3125 3540 3196 3594 de
3227 3539 3643 3613 Hierosolymis
3673 3542 3975 3598 descendit

2328 3627 2385 3682 in
2430 3627 2685 3694 Jericho,
2737 3645 2864 3699 quae
2916 3628 3332 3700 interpretatur
3378 3631 3533 3700 luna,
3566 3630 3674 3687 hoc
3704 3636 3810 3699 est,
3843 3649 3970 3703 qua:

2329 3732 2563 3783 semper
2591 3721 2855 3771 mutatur
2884 3716 3026 3787 (haec
3080 3721 3275 3772 autem
3323 3716 3671 3790 intelligitur
3717 3736 3972 3791 praesens

2330 3805 2634 3872 mundus),
2668 3804 2727 3859 in
2757 3803 3015 3860 latrones
3045 3803 3270 3873 ipcidit,
3304 3809 3362 3861 et
3400 3806 3803 3864 Samaritanus
3837 3808 3974 3864 tulit

2328 3910 2487 3960 eum,
2519 3898 2575 3947 et
2603 3892 2728 3948 oleo
2759 3897 2815 3948 et
2844 3892 2976 3967 vino
3007 3898 3171 3949 curat
3202 3894 3353 3964 (Luc.
3386 3912 3441 3963 x,
3474 3897 3685 3966 30-37),
3720 3897 3971 3954 miscens

2329 3983 2730 4039 austeritatem
2760 3999 2893 4037 cum
2928 3982 3343 4039 misericordia.

2401 4072 2465 4127 In
2497 4070 2773 4128 salicibus
2804 4072 2863 4126 in
2895 4068 3087 4128 medio
3134 4074 3263 4144 ejus
3310 4075 3728 4146 suspendimus
3756 4092 3974 4149 organa

2331 4167 2547 4219 nostra.
2588 4184 2614 4211 »
2648 4161 2807 4218 Salix
2832 4160 3009 4219 talem
3051 4167 3321 4218 naturam
3371 4163 3541 4221 habet
3573 4182 3586 4221 :
3618 4169 3707 4221 est
3736 4165 3973 4237 quidem

2330 4251 2556 4324 lignum
2588 4251 3040 4318 infructuosum,
3074 4256 3132 4307 et
3162 4251 3377 4308 dicitur
3421 4254 3572 4326 quod
3626 4254 3675 4309 si
3724 4254 3855 4326 quis
3904 4272 3973 4311 ex

2332 4340 2432 4395 illa
2462 4339 2709 4410 accipiat
2742 4339 3031 4411 potionem
3066 4344 3168 4395 aut
3195 4342 3528 4409 manducet,
3561 4342 3711 4399 ﬁlios
3759 4360 3870 4399 non
3895 4346 3973 4399 fa-

2332 4429 2401 4484 cit
2430 4429 2560 4484 ‘.Ibi
2594 4445 2731 4501 ergo
2753 4427 3173 4500 suspendimus
3194 4447 3412 4503 organa
3433 4436 3650 4487 nostra.
3676 4431 3969 4504 Organum

2331 4521 2526 4573 autem
2558 4517 2813 4574 hominis
2844 4534 3055 4590 corpus
3087 4523 3192 4574 est.
3218 4518 3383 4575 Sicut
3410 4520 3567 4575 enim
3598 4537 3880 4593 organum
3903 4538 3972 4576 ex

2331 4605 2534 4662 multis
2566 4607 2783 4662 fistulis
2804 4609 3195 4679 compositum
3226 4613 3460 4675 est,una
3488 4613 3683 4665 autem
3714 4609 3974 4666 modula-

2255 4668 2298 4731 D
2332 4695 2488 4751 tione
2506 4695 2688 4751 melos
2710 4668 3000 4763 mittit,ita
3018 4701 3074 4753 et
3090 4668 3375 4770 organum
3398 4702 3664 4755 nostrum
3687 4697 3973 4755 habemus

2330 4788 2553 4840 tactum
2606 4802 2618 4840 ε
2671 4802 2772 4856 per
2820 4785 3037 4857 ipsum,
3088 4784 3196 4841 hoc
3250 4791 3339 4842 est
3390 4803 3490 4858 per
3539 4803 3732 4859 opera,
3767 4788 3975 4855 melos,

2329 4874 2624 4930 canticum
2653 4878 2709 4928 et
2739 4875 3023 4945 hymnum
3055 4873 3360 4931 referimus
3408 4876 3544 4933 Deo.
3599 4876 3879 4933 Similiter
3919 4882 3979 4934 et

2330 4979 2433 5035 per
2460 4963 2749 5033 auditum,
2780 4969 2837 5018 et
2866 4980 2969 5034 per
2998 4964 3326 5033 odoratum,
3376 4970 3433 5021 et
3476 4982 3580 5037 per
3624 4970 3882 5039 gustum,
3917 4973 3975 5024 et

2213 5068 2217 5073 '
2329 5069 2431 5124 per
2457 5052 2734 5118 visum,et
2764 5070 2865 5124 per
2895 5052 3000 5109 has
3029 5070 3233 5109 omnes
3262 5054 3504 5110 virtutes
3546 5056 3713 5127 quasi
3752 5056 3825 5112 de
3855 5073 3974 5135 uno

2329 5159 2547 5217 organo
2594 5141 2878 5213 hymnum
2917 5147 2975 5198 et
3006 5142 3299 5199 canticum
3353 5143 3658 5200 referimus
3710 5146 3975 5204 Domino.

2330 5231 2549 5286 Dicitur
2594 5231 2807 5288 iterum
2858 5230 3002 5287 salix
3051 5233 3303 5288 radicem
3350 5251 3461 5290 non
3515 5233 3745 5292 habere.
3777 5235 3888 5291 Sed
3924 5237 3977 5293 si

2330 5339 2528 5377 ramus
2551 5322 3003 5389 abscinditur,et
3030 5321 3327 5392 plantatur
3346 5324 3367 5357 ²
3390 5340 3559 5380 secus
3594 5342 3829 5395 aquam,
3853 5331 3976 5382 sta-

2330 5412 2433 5466 tim
2466 5410 2717 5466 virescit.
2764 5411 2850 5467 lta
2893 5416 3089 5467 autem
3132 5415 3189 5466 ct
3220 5417 3506 5483 peccator,
3535 5412 3670 5470 licet
3701 5430 3972 5486 peccave-

2326 5644 2440 5695 xrv,
2473 5630 2852 5682 commentar.
2885 5624 2944 5679 in
2978 5623 3337 5681 Zachariam.

2396 5699 2416 5732 ²
2444 5699 2689 5775 Videtur
2718 5715 2786 5775 ex
2813 5701 2869 5751 S.
2903 5695 3117 5775 Bilario
3149 5698 3458 5766 delibasse,
3487 5700 3585 5754 ubi
3616 5698 3734 5768 ille,
3773 5721 3795 5750 ι
3818 5699 3975 5775 ALig-

2328 5787 2558 5839 norum,
2589 5770 2803 5841 inquit,
2836 5767 3084 5826 salicum
3115 5774 3325 5827 natura
3367 5788 3435 5827 ea
3471 5775 3580 5841 est,
3613 5777 3678 5828 ut
3708 5767 3970 5832 arefacta
