4244 6572
303 419 457 488 1305

1478 426 1972 492 BREVIABIUM
2017 429 2096 491 IN
2141 431 2530 496 PSALMOS.
2605 409 2618 414 ’

3549 427 3709 500 1306

299 559 394 627 rit,
429 559 563 616 licet
611 554 926 616 ceciderit:
960 561 1154 615 tamen
1216 561 1292 616 sit
1349 577 1516 617 secus
1576 578 1780 633 aquas,
1841 562 1948 617 hoc
1979 565 2025 630 Α
2063 565 2442 636 cupiscentia,
2493 584 2607 623 non
2664 570 2854 639 potest
2904 567 3107 640 postea
3158 565 3418 623 abscindi
3472 567 3708 638 quando

300 653 407 716 est,
441 650 491 705 si
522 649 660 722 legit
689 654 922 706 sanctas
971 651 1321 723 Scripturas,
1381 656 1437 706 et
1487 651 1650 707 audit
1705 653 1946 706 verbum

299 738 560 794 divinum
594 757 628 795 a
657 744 859 794 saneto
890 739 1033 810 viro,
1067 740 1211 795 viret
1240 741 1366 810 ejus
1399 740 1615 807 anima,
1649 744 1704 794 et
1737 740 1794 795 in
1830 757 1948 811 poe-

300 827 606 885 nitentiam
638 830 1021 884 convertitur.

371 919 577 981 «Quia
633 918 750 973 illic
791 919 1296 991 interrogaverunt
1351 935 1480 985 nos,
1536 920 1637 991 qui
1688 919 1950 990 captivos

276 1006 588 1061 ‘duxerunt
618 1024 744 1076 nos,
803 1008 978 1063 verba
1021 1008 1405 1076 canticorum,
1439 1012 1548 1062 etc.
1584 1031 1610 1056 »
1646 1009 1949 1063 Daemones

299 1095 399 1165 qui
429 1095 782 1165 deceperunt
824 1113 929 1152 nos
989 1103 1045 1151 et
1101 1098 1383 1168 captivos,
1444 1098 1732 1152 duxerunt
1793 1113 1948 1152 nunc

296 1184 462 1256 quasi
497 1185 831 1241 deridentes
872 1203 978 1240 nos
1025 1189 1081 1241 et
1112 1185 1436 1256 gloriantes
1466 1185 1668 1240 dicunt
1727 1186 1896 1241 nobis
1931 1203 1943 1241 :

300 1272 545 1327 Reddite
573 1273 743 1328 nobis
774 1275 1014 1329 verbum
1047 1275 1118 1329 de
1151 1275 1262 1328 ﬁde
1293 1280 1483 1329 vestra
1519 1291 1529 1329 :
1567 1276 1945 1346 quemadmo—

296 1361 436 1416 dum
461 1362 694 1432 quando
719 1363 893 1417 eratis
922 1363 979 1419 in
1000 1363 1328 1419 Jerusalem
1352 1363 1637 1435 hymnum
1663 1363 1945 1419 dicebatis

297 1449 430 1504 Deo.
467 1450 842 1522 Respondent
874 1452 970 1523 qui
1020 1457 1403 1524 peccaverunt
1433 1457 1488 1507 et
1530 1453 1752 1524 decepti
1786 1457 1944 1522 sunt,

261 1525 266 1530 ’
296 1541 353 1593 et
381 1537 586 1594 dicunt
620 1558 630 1594 :

369 1651 397 1676 α
432 1630 731 1693 Quomodo
753 1631 1120 1687 cantabimus
1143 1631 1433 1686 canticum
1459 1629 1690 1688 Domini
1712 1630 1769 1684 in
1797 1634 1947 1685 terra

298 1714 536 1770 aliena?
569 1739 594 1766 ››
629 1719 692 1773 In
745 1720 999 1790 peccatis
1031 1721 1356 1784 constituti,
1391 1721 1491 1791 qui
1525 1719 1844 1774 cecidimus
1877 1719 1948 1773 de

295 1803 620 1862 Jerusalem
655 1809 711 1863 in
746 1809 1094 1881 Babylonem
1123 1811 1150 1864 7
1184 1811 1329 1881 Ergo
1352 1827 1465 1864 non
1501 1812 1687 1880 potest
1709 1808 1946 1878 aliquis,

299 1891 485 1949 sinon
509 1895 585 1950 sit
606 1898 1111 1963 sanctus,laudare
1143 1898 1758 1954 Dominum.Peccator
1789 1895 1942 1952 enim
1977 1928 2024 1994 B

297 1999 412 2036 non
445 1985 618 2044 debet
647 1991 881 2042 cantare
916 1987 1286 2056 Domino,sed
1322 1987 1520 2059 lugere
1551 1990 1788 2057 peccata
1817 2002 1943 2040 sua.

369 2093 397 2119 «
429 2073 484 2126 Si
518 2073 735 2130 oblitus
768 2076 928 2131 fuero
986 2077 1095 2141 tui,
1152 2076 1500 2142 Jerusalem,
1535 2074 1810 2130 oblivioni
1845 2075 1947 2129 de-

298 2163 392 2215 tur
450 2162 685 2219 dextera
745 2181 891 2220 mea.
929 2188 954 2213 »
989 2169 1134 2237 Ergo
1167 2165 1306 2236 quia
1346 2165 1603 2236 peccavit
1635 2169 1688 2220 et
1719 2164 1945 2234 cecidit,

297 2248 695 2306 reminiscitur
750 2253 962 2324 prioris
1019 2253 1476 2309 conversationis
1515 2258 1570 2309 et
1599 2251 1945 2321 Jerusalem,

296 2341 688 2411 proponitque
710 2342 820 2396 sibi
849 2358 861 2397 :
891 2345 1052 2408 Quod
1077 2343 1188 2398 nisi
1221 2359 1453 2414 semper
1470 2342 1554 2396 tui
1583 2357 1807 2397 memor
1826 2357 1945 2406 ero,

297 2431 355 2482 et
387 2444 618 2500 semper
647 2429 704 2484 in
738 2437 927 2486 mente
959 2431 1224 2501 habeam,
1254 2430 1576 2486 «oblivioni
1610 2431 1782 2484 detur
1811 2432 1948 2483 ilex-

296 2519 422 2571 tera
451 2534 601 2585 mea,
637 2542 665 2568 ››
699 2520 805 2575 hoc
835 2525 923 2576 est
965 2537 1138 2592 opera
1170 2537 1316 2576 mea.
1351 2521 1475 2575 Non
1509 2519 1654 2574 dixit
1683 2518 1946 2588 sinistra,

300 2607 400 2659 sed
430 2606 679 2662 dextera.
715 2609 965 2665 Sinistra
986 2609 1140 2664 enim
1174 2626 1405 2680 semper
1434 2611 1494 2662 in
1527 2607 1813 2662 oblivione
1838 2611 1945 2661 est.

296 2693 398 2748 Vis
429 2710 563 2766 ergo
595 2712 827 2769 semper
856 2697 915 2752 in
950 2698 1233 2753 memoria
1293 2698 1518 2752 Domini
1545 2713 1672 2752 esse
1696 2696 1722 2750 ?
1753 2697 1947 2751 dexte-

299 2798 374 2835 rae
409 2799 586 2854 opera
617 2785 723 2839 fac.

374 2893 400 2919 ‹‹
435 2872 738 2928 Αάὺωῐνθειῐ
794 2874 996 2947 lingua
1056 2893 1183 2931 mea
1225 2876 1491 2932 faucibus
1551 2875 1717 2943 meis,
1751 2873 1947 2928 sinon

298 2960 618 3017 meminero
653 2963 756 3017 tui.
784 2987 806 3016 ι
837 2969 956 3019 Hoc
988 2969 1095 3034 est,
1130 2981 1243 3019 non
1276 2965 1523 3019 habeam
1556 2977 1743 3033 neque
1775 2978 1950 3033 opera

297 3063 488 3118 neque
518 3067 868 3122 sermonem,
903 3053 952 3108 si
986 3071 1098 3108 non
1124 3054 1346 3125 jugiter
1378 3052 1659 3108 memoria
1703 3051 1787 3106 tui
1818 3067 1947 3105 ver-

297 3141 458 3192 setur
487 3137 547 3192 in
579 3141 750 3196 corde
784 3158 928 3196 meo.

369 3247 397 3272 ‹‹
449 3229 667 3280 Memor
715 3232 863 3295 esto,
913 3229 1179 3294 Domine,
1241 3227 1495 3283 ﬁliorum
1529 3228 1730 3293 Edom,
1762 3226 1821 3280 in
1854 3226 1946 3280 die

2059 655 2314 710 creverit.
2380 656 2590 712 Beatus
2645 673 2780 728 ergo
2831 660 2917 711 est
2962 657 3063 726 qui
3115 657 3314 711 statim
3350 655 3617 723 abscidit,
3650 657 3710 710 et

2058 741 2248 797 allidit
2274 744 2343 799 ad
2376 751 2620 816 petram.
2653 747 2819 801 Petra
2849 750 3044 800 autem
3085 750 3174 801 est
3203 745 3486 801 Christus.

2550 888 2866 944 PSALMUS
2905 887 3210 944 CXXXVII.

2135 1034 2161 1060 ‹‹
2195 1012 2521 1067 Conﬁtebor
2551 1013 2675 1082 tibi,
2727 1014 2992 1077 Domine,
3048 1013 3106 1067 in
3139 1016 3256 1068 toto
3287 1013 3458 1068 corde
3488 1029 3635 1068 meo.
3674 1033 3702 1068 »

2059 1099 2259 1163 Qualia
2295 1105 2432 1155 sunt
2458 1101 2718 1167 vulnera,
2750 1100 2863 1156 tale
2893 1106 2950 1156 et
2981 1103 3386 1173 emplastrum.
3419 1090 3702 1166 Quemad-

2059 1188 2298 1242 modum
2331 1188 2486 1243 enim
2520 1206 2729 1261 corpus
2760 1189 2935 1244 habet
2966 1189 3194 1245 diversa
3226 1189 3466 1245 vulnera
3499 1208 3511 1244 ε
3538 1190 3619 1244 ita
3649 1193 3706 1244 et

2059 1275 2254 1332 anima
2286 1277 2460 1332 habet
2491 1295 2627 1333 suas
2660 1279 2963 1350 passiones
2993 1282 3049 1334 et
3078 1295 3185 1333 sua
3216 1278 3476 1345 vulnera,
3508 1283 3566 1334 et
3615 1278 3705 1341 di,-

2055 1380 2220 1420 versa
2267 1365 2526 1435 vulnera,
2561 1372 2616 1422 et
2643 1369 2920 1423 adversus
2952 1373 3250 1439 peccatum
3285 1367 3461 1422 talem
3494 1371 3552 1422 et
3582 1384 3703 1437 pm‘

2057 1453 2362 1510 nitentium
2423 1457 2705 1512 debemus
2764 1472 2952 1529 agere.
2988 1457 3046 1512 Si
3101 1457 3234 1527 quis
3295 1473 3394 1528 pro
3427 1455 3703 1512 omnibus

2057 1545 2310 1614 peccatis
2337 1545 2462 1599 suis
2480 1547 2813 1600 conﬁtetur:
2839 1546 2949 1600 isto
2973 1546 3029 1601 in
3054 1550 3174 1601 toto
3201 1546 3370 1600 corde
3393 1546 3700 1601 conﬁtetur

2057 1631 2406 1688 Domino.Ac
2437 1634 2486 1688 si
2508 1634 2749 1690 dixisset
2774 1653 2784 1688 :
2811 1634 3148 1691 Fornicatus
3179 1640 3267 1689 est
3296 1634 3533 1705 aliquis,
3567 1650 3702 1688 con-

2059 1722 2254 1776 ﬁtetur
2275 1739 2376 1793 pro
2401 1722 2910 1779 fornicatione.Sed
2937 1724 3211 1795 quoniam
3237 1727 3324 1780 est
3344 1727 3444 1778 aut
3466 1739 3697 1790 avarus,

2057 1814 2157 1863 aut
2177 1809 2625 1879 iracundus,aut
2649 1813 2958 1877 detractor,
2983 1817 3081 1868 aut
3099 1811 3561 1883 blasphemus,et
3582 1810 3705 1883 plu-

2057 1897 2205 1953 rima
2235 1900 2377 1954 vitia
2397 1900 2709 1967 habet,istc
2736 1918 2850 1955 non
2875 1902 3180 1955 conﬁtetur
3202 1901 3256 1954 in
3281 1904 3398 1955 toto
3423 1900 3612 1954 corde.
3647 1899 3702 1953 Si

2055 1988 2187 2058 quis
2206 1993 2397 2044 autem
2428 2006 2527 2060 pro
2552 1990 2824 2045 omnibus
2844 1989 3000 2044 vitiis
3023 1994 3075 2044 et
3101 1988 3474 2061 passionibus
3496 1987 3702 2042 animae

2057 2093 2173 2131 suae
2211 2077 2327 2147 agit
2364 2078 2902 2148 pcsnitentiam,iste
2928 2082 3115 2149 potest
3138 2077 3327 2132 dicere
3355 2093 3367 2130 :
3395 2099 3420 2125 ‹‹
3454 2075 3705 2132 Conﬁte-

2057 2166 2161 2220 bor
2184 2165 2642 2235 tibi,Domine,in
2668 2170 2785 2221 toto
2807 2167 2977 2221 corde
3002 2183 3148 2222 meo.
3174 2166 3458 2229 Quoniam
3488 2165 3706 2220 audisti

2057 2253 2254 2309 omnia
2279 2256 2453 2310 verba
2482 2255 2600 2310 oris
2632 2255 2764 2310 mei.
2793 2277 2819 2303 »
2852 2260 2966 2310 Iste
2997 2253 3318 2311 versiculus
3340 2255 3398 2309 in
3422 2254 3705 2310 Hebraico

2059 2360 2172 2398 non
2205 2343 2472 2398 habetur.
2507 2345 2788 2398 Caeterum
2848 2344 3002 2414 quod
3059 2343 3218 2411 dicit,
3251 2343 3359 2398 hoc
3405 2348 3493 2398 est
3527 2360 3538 2397 :
3573 2343 3708 2398 Pro-

2058 2435 2253 2503 pterea
2274 2433 2591 2488 conﬁtebor
2611 2433 2716 2486 tibi
2750 2433 2806 2487 in
2831 2437 2950 2488 toto
2975 2433 3145 2487 corde
3168 2432 3430 2496 meo,hoc
3463 2431 3716 2506 est:Proj

2057 2519 2333 2576 omnibus
2390 2521 2547 2576 vitiis
2606 2521 2752 2576 meis
2807 2521 3191 2592 et'peccatis,
3255 2520 3535 2592 quoniam
3589 2535 3705 2575 non

2058 2625 2160 2680 pro
2196 2626 2308 2664 uno
2341 2609 2478 2663 vitio
2512 2610 2812 2665 confessus
2844 2626 2975 2663 sum
3008 2609 3133 2675 tibi,
3179 2612 3235 2664 et
3262 2607 3545 2664 exaudisti
3589 2623 3707 2662 me.

2141 2718 2168 2750 α
2199 2702 2261 2752 In
2323 2704 2633 2771 conspectu
2668 2697 3006 2770 angelorum
3059 2697 3308 2770 psallam
3347 2697 3475 2751 tibi.
3507 2717 3535 2746 η
3573 2685 3710 2751 Vide

2057 2788 2481 2858 provectionem
2514 2787 2868 2859 pmnitentis,
2905 2787 3042 2857 quia
3096 2790 3228 2857 post
3273 2785 3709 2841 confessionem

2057 2882 2112 2932 et
2141 2877 2537 2949 pmnitentiam
2572 2894 2703 2932 cum
2737 2874 2960 2948 angelis
3001 2880 3257 2930 meretur
3285 2873 3556 2947 psallere.
3598 2873 3707 2939 Qui

2059 2970 2250 3022 autem
2288 2965 2506 3038 psallit,
2532 2967 2656 3037 jam
2688 2983 2804 3020 non
2837 2966 2957 3036 agit
2987 2964 3408 3036 paenitentiam,
3439 2965 3540 3018 sed
3571 2980 3703 3035 gra-

2058 3055 2170 3109 tias
2200 3054 2320 3125 agit
2349 3059 2406 3110 et
2433 3054 2745 3110 benedicit.
2778 3077 2804 3103 ‹‹
2835 3054 3103 3109 Adorabo
3134 3052 3205 3107 ad
3253 3050 3538 3123 templum
3570 3068 3706 3106 san-

2057 3148 2216 3198 ctum
2272 3148 2462 3198 tuum.
2509 3166 2535 3192 ›ι
2584 3144 2640 3198 Si
2675 3143 2782 3198 hoc
2815 3147 2904 3198 est
2933 3141 3215 3214 templum
3249 3140 3401 3212 quod
3434 3157 3590 3195 nunc
3620 3139 3702 3216 vi-

2057 3233 2227 3287 detur
2257 3233 2572 3299 desertum,
2607 3233 2665 3286 in
2694 3250 2807 3304 quo
2839 3236 3066 3302 oportet
3113 3231 3354 3285 adorare
3381 3246 3392 3285 :
3427 3246 3564 3301 ergo
3591 3245 3706 3283 non

297 3312 644 3370 Jerusalem.
683 3340 704 3367 ι
742 3317 921 3371 Edom
982 3318 1401 3388 interpretatur
1450 3321 1668 3371 terrena
1721 3319 1778 3379 et
1804 3331 1941 3369 san-
1975 3294 2018 3360 α
2061 3320 2275 3375 debent
2301 3319 2486 3375 Judaai
2519 3294 2780 3383 adorare,
2817 3319 3091 3390 quoniam
3141 3335 3408 3374 eversum
3442 3322 3530 3373 est
3558 3321 3707 3371 tem-

298 3404 518 3472 guinea.
582 3404 722 3467 Quis
752 3421 886 3476 ergo
919 3409 1006 3460 est
1062 3405 1172 3459 nisi
1232 3405 1502 3460 diabolus
1531 3405 1558 3458 "P
1615 3403 1759 3458 Vide
1813 3420 1948 3474 ergo

300 3493 438 3562 quid
474 3491 646 3548 dicat.
672 3494 788 3549 Hoc
812 3511 879 3549 ex
904 3511 1151 3566 persona
1179 3495 1363 3549 Adam
1395 3494 1607 3549 dicitur
1636 3511 1648 3548 :
1683 3492 1949 3560 Domine,

301 3587 594 3637 memento
625 3584 1120 3652 quemadmodum
1155 3600 1246 3638 me
1279 3582 1522 3654 decepit,
1559 3585 1614 3637 et
1653 3581 1829 3636 traxit
1858 3597 1950 3636 me

301 3685 542 3741 serpens
570 3670 860 3742 diabolus,
882 3660 984 3743 qui
1017 3671 1363 3743 intelligitur
1391 3670 1946 3737 Nabuchodonosor,

300 3763 356 3813 et
382 3759 552 3828 ejecit
582 3775 676 3815 me
709 3761 780 3816 de
810 3761 1099 3833 paradiso.
1143 3764 1428 3816 Memento
1480 3765 1536 3814 et
1592 3759 1845 3814 retribue
1876 3758 1947 3828 ei,

300 3851 357 3902 et
394 3847 650 3918 patiatur
681 3867 908 3921 poenam
943 3867 1120 3922 quam
1153 3851 1278 3922 ipse
1308 3867 1417 3906 sua
1440 3848 1666 3904 malitia
1696 3847 1838 3902 mihi
1868 3847 1951 3902 in-

301 3935 514 3992 duxit:
551 3938 788 3994 trahens
847 3956 940 3995 me
984 3940 1227 3996 adduxit
1284 3939 1342 3994 in
1401 3937 1752 4009 Babylonem
1805 3935 1949 3993 etin

298 4025 584 4096 Assyrios.

372 4136 399 4161 ‹‹
435 4114 578 4169 Filia
607 4115 921 4184 Babylonis
951 4117 1182 4172 misera.
1223 4138 1251 4166 »
1284 4115 1426 4170 Filia
1454 4113 1767 4186 Babylonis
1817 4114 1946 4168 ani-

301 4218 398 4256 ma
423 4207 534 4268 est,
585 4220 710 4274 quae
765 4221 996 4275 semper
1026 4204 1085 4259 in
1122 4205 1376 4260 motione
1431 4208 1537 4271 est,
1568 4209 1624 4258 et
1655 4205 1711 4258 in
1745 4203 1948 4258 confu-

301 4289 484 4357 sione,
547 4296 603 4346 et
660 4309 774 4346 non
805 4293 1028 4349 habens
1086 4299 1326 4364 statum,
1361 4294 1460 4349 sed
1499 4297 1587 4348 est
1616 4292 1675 4347 in
1708 4291 1863 4348 vitiis
1895 4296 1950 4348 et

303 4379 711 4450 peccatis,quzs
733 4397 868 4437 vera
890 4382 1104 4438 misera
1124 4389 1230 4438 est.
1259 4385 1516 4438 «Beatus
1537 4382 1637 4453 qui
1668 4381 1951 4437 retribuet

298 4468 404 4523 tibi
436 4469 874 4524 retributionem
907 4487 1083 4541 quam
1111 4471 1430 4526 retribuisti
1458 4471 1646 4526 nobis.
1673 4493 1700 4521 »
1737 4474 1948 4525 Beatus

299 4562 388 4613 est
417 4557 518 4629 qui
551 4559 829 4614 retribuet
859 4564 915 4613 et
971 4561 1123 4631 quod
1157 4559 1286 4630 ipsa
1318 4560 1468 4615 fecit.
1514 4559 1683 4614 Verbi
1715 4557 1942 4630 gratia:

2061 3407 2244 3479 plum.
2278 3407 2583 3478 Templum
2617 3413 2812 3462 autem
2861 3406 3003 3461 dicit
3033 3410 3297 3461 sanctam
3328 3409 3385 3461 et
3412 3404 3704 3460 caelestem

2058 3493 2406 3550 Jerusalem.

2132 3606 2159 3632 ‹‹
2193 3584 2381 3655 Super
2411 3582 2811 3638 misericordia
2870 3587 2970 3638 tua
2998 3587 3056 3639 et
3084 3580 3324 3637 veritate
3357 3586 3475 3637 tua.
3513 3603 3539 3629 »
3571 3585 3705 3635 Pec-

2060 3678 2220 3728 cator
2250 3673 2448 3728 audiat
2470 3671 3156 3743 misericordiam,justus
3187 3675 3380 3726 autem
3413 3674 3468 3726 et
3499 3685 3709 3741 super-

2060 3762 2170 3818 bus
2201 3762 2401 3817 audiat
2429 3761 2750 3818 veritatem.

2138 3872 2160 3901 «
2195 3850 2610 3924 Multiplicabis
2641 3851 2700 3906 in
2735 3851 2931 3906 anima
2962 3867 3092 3906 mea
3120 3849 3394 3904 virtutem
3434 3872 3479 3904 ι›.
3515 3846 3710 3903 Multi-

2061 3939 2326 4012 plicabis,
2357 3941 2465 3995 hoc
2496 3944 2603 4008 est,
2639 3938 2840 4006 multis
2870 3937 3366 3995 sollicitudinibus
3395 3935 3703 4006 subjacené

2059 4033 2176 4084 tem
2209 4029 2488 4084 animam.

2133 4140 2160 4168 ‹‹
2193 4119 2592 4173 Conﬁteantur
2621 4116 3015 4186 tibi,Domine,
3052 4131 3252 4171 omnes
3288 4131 3450 4187 reges
3480 4117 3705 4194 terrae.»

2059 4211 2244 4278 Reges
2304 4212 2471 4263 terra:
2526 4209 2664 4262 sunt
2719 4206 2814 4262 isti
2847 4205 2946 4278 qui
2999 4208 3244 4277 regnant
3273 4208 3526 4276 peccato.
3559 4205 3710 4275 Ergo

2065 4296 2177 4369 ipsi
2209 4298 2598 4352 conﬁteantur
2629 4295 2728 4367 qui
2762 4299 3007 4368 regnant
3035 4293 3410 4366 peccato.Nec
3438 4293 3592 4348 enim
3640 4292 3711 4346 de

2059 4386 2293 4458 regibus
2325 4386 2503 4457 hujus
2534 4385 2738 4440 mundi
2800 4383 3084 4456 scriptum
3116 4387 3205 4438 est
3255 4401 3266 4437 :
3320 4382 3421 4437 Cor
3466 4383 3608 4451 regis
3648 4382 3710 4434 in

2058 4492 2226 4530 manu
2257 4477 2352 4530 Dei
2407 4473 2590 4544 (Prov.
2626 4489 2739 4545 xxx,
2776 4474 2847 4542 l).
2895 4473 3071 4528 Putas
3103 4489 3201 4527 cor
3227 4470 3445 4526 Juliani
3477 4469 3710 4541 impiis—

2060 4563 2193 4617 simi
2228 4564 2283 4617 in
2321 4581 2499 4618 manu
2561 4562 2659 4617 Dei
2693 4561 2855 4616 fuit?
2887 4560 3089 4629 Absit;
3124 4564 3225 4615 aut
3279 4558 3546 4622 Neronis,
3607 4564 3710 4613 aut

295 4647 464 4716 ejecit
494 4663 586 4702 me
616 4649 686 4702 de
717 4648 986 4719 paradiso
1021 4692 1034 4715 ,
1067 4665 1170 4721 ego
1204 4648 1364 4704 illam
1398 4665 1500 4720 per
1531 4647 1947 4704 abstinentiam
1979 4665 2026 4729 D
2059 4651 2389 4706 Maximiani
2423 4655 2480 4704 et
2512 4649 2664 4704 Decii
2695 4652 3134 4720 persecutorum
3168 4648 3195 4700 ?
3221 4646 3406 4701 Absit.
3448 4645 3557 4700 Sed
3590 4644 3707 4701 illis

297 4735 510 4790 reduco
571 4735 808 4792 ibidem.
868 4737 1103 4810 Decepit
1162 4755 1254 4793 me
1313 4754 1413 4810 per
1455 4736 1943 4792 fornicationem:

297 4839 404 4896 ego
437 4840 538 4896 per
566 4825 896 4881 castitatem
947 4827 1159 4882 reduco
1190 4825 1352 4881 illam
1384 4826 1443 4880 in
1486 4823 1833 4890 Jerusalem,
1866 4829 1948 4879 "et

296 4929 366 4968 ex
395 4914 551 4968 vitiis
581 4913 640 4969 in
689 4914 981 4971 virtutem.
1046 4917 1192 4987 Ergo
1224 4932 1339 4970 non
1373 4919 1438 4970 ut
1467 4913 1743 4969 inimicus
1774 4913 1944 4980 facio,

301 5002 400 5057 sed
432 5006 498 5056 ut
528 5003 776 5059 amicus.

311 5097 314 5100 ’
373 5114 400 5141 ‹‹
437 5093 646 5147 Beatus
678 5093 777 5163 qui
809 5094 1048 5161 tenebit,
1082 5100 1139 5150 et
1179 5094 1379 5151 allidet
1408 5093 1677 5166 parvulos
1713 5098 1843 5148 tuos
1873 5093 1944 5147 ad

298 5181 815 5251 petram.»Parvuli
848 5184 1124 5239 dicuntur
1155 5185 1638 5255 cogitationes.Ac
1667 5183 1713 5237 si
1748 5181 1901 5237 dicat
1928 5199 1940 5236 :

300 5271 431 5325 Vidi
467 5271 796 5339 mulierem,
829 5275 1130 5345 concupivi
1162 5290 1289 5329 eam
1326 5292 1336 5328 :
1372 5274 1569 5328 statim
1603 5273 1650 5327 si
1696 5288 1809 5326 non
1843 5273 1942 5327 ab-

299 5358 525 5416 scidere
573 5361 1108 5433 concupiscentiam
1142 5363 1323 5428 illam,
1358 5368 1412 5417 et
1443 5363 1594 5417 sicut
1626 5362 1828 5433 pedem
1862 5364 1942 5414 te-

301 5465 502 5515 nuero,
534 5453 591 5503 et
620 5449 852 5505 allisero
902 5451 973 5506 ad
1005 5456 1230 5524 petram
1274 5454 1456 5508 donec
1486 5468 1660 5523 parva
1691 5455 1780 5506 est
1810 5467 1944 5504 con-

297 5625 456 5703 licet,
488 5625 537 5681 si
565 5628 739 5703 modo
799 5629 980 5703 aquis
1013 5629 1332 5703 alluantur,
1366 5632 1655 5687 virescant
1688 5647 1699 5684 :
1734 5628 1945 5703 deinde

296 5697 492 5776 excisa
520 5700 787 5776 atque_in
820 5697 1081 5776 humido,
1127 5705 1259 5776 ﬁxa,
1317 5697 1612 5760 radicibus
1660 5716 1788 5757 sese
1818 5701 1946 5772 ipsa

296 5771 659 5840 demergunt.
694 5771 764 5828 Et
815 5773 926 5829 sub
981 5773 1160 5845 hujus
1212 5771 1440 5834 arboris
1472 5779 1680 5832 natura
1711 5771 1945 5830 sanctos

2059 4740 2200 4795 dicit
2250 4740 2346 4811 qui
2410 4743 2657 4811 regnant
2707 4743 2959 4810 peccato,
2994 4736 3133 4808 quia
3182 4736 3276 4791 isti
3337 4735 3436 4807 qui
3468 4735 3711 4791 vincunt

2056 4828 2194 4884 vitia
2223 4833 2277 4883 et
2308 4828 2612 4900 passiones
2643 4826 2874 4892 animae,
2934 4831 2991 4881 et
3040 4830 3286 4898 regnant
3316 4829 3570 4897 peccato,
3603 4841 3702 4880 cor

2057 4933 2255 4973 eorum
2290 4919 2347 4972 in
2381 4933 2558 4971 manu
2591 4915 2689 4971 Dei
2723 4919 2831 4970 est.
2890 4935 2911 4961 α
2963 4914 3109 4979 Quia
3166 4914 3476 4969 audierunt
3506 4911 3705 4968 omnia

2057 5008 2232 5061 verba
2264 5005 2381 5062 oris
2413 5005 2518 5061 tui.
2556 5029 2583 5054 »
2612 5006 2758 5071 Quia
2809 5004 3217 5060 custodierunt
3253 5003 3529 5056 mandata
3580 5007 3706 5056 tua.

2130 5120 2156 5144 ‹‹
2194 5099 2258 5149 Et
2288 5098 2522 5150 cantent
2552 5095 2608 5149 in
2641 5095 2749 5149 viis
2810 5092 3058 5148 Domini.
3095 5115 3115 5139 υ
3154 5089 3489 5162 Philosophi
3530 5089 3708 5161 hujus

2059 5183 2249 5240 saeculi
2305 5201 2419 5239 non
2453 5187 2830 5239 cantaverunt
2860 5182 2914 5235 in
2975 5181 3082 5236 viis
3141 5179 3388 5245 Domini,
3452 5179 3550 5234 sed
3595 5195 3701 5234 nos

2056 5277 2362 5329 cantamus
2396 5273 2454 5327 in
2488 5273 2595 5326 viis
2653 5269 2897 5338 Domini,
2933 5269 3040 5324 hoc
3087 5273 3196 5334 est,
3227 5268 3284 5322 in
3321 5268 3513 5340 Moyse
3543 5272 3600 5322 et
3638 5267 3698 5321 in

2057 5363 2221 5430 Isaia,
2255 5369 2312 5418 et
2342 5363 2396 5416 in
2427 5361 2699 5422 Jeremia,
2736 5363 2790 5412 et
2824 5359 2893 5412 de
2945 5357 3052 5413 viis
3113 5358 3240 5428 istis
3299 5355 3566 5412 venimus
3623 5356 3694 5411 ad

2056 5451 2213 5507 illam
2245 5451 2395 5506 viam
2429 5467 2555 5520 qua:
2587 5448 2727 5504 dicit
2759 5465 2772 5501 ε
2811 5448 2912 5516 Ego
2941 5462 3062 5502 sum
3095 5451 3201 5502 via.
3687 5463 3692 5467 '

2055 5635 2143 5757 et'3
2168 5629 2366 5686 ﬁdeles
2424 5628 2577 5684 viros
2634 5626 2948 5698 signiﬁcari
3009 5623 3347 5698 prophetica
3421 5623 3706 5679 autoritas

2055 5719 2115 5757 es
2151 5746 2162 5757 .

2054 5719 2162 5758 εει.
