4244 6576
580 407 736 476 13οἹ

1048 555 1372 617 PSALMUS
1430 559 1758 617 CXXXVIII.

654 682 681 710 ‹‹
718 660 980 730 Domine,
1016 666 1269 737 probasti
1302 684 1417 737 me,
1478 691 1505 716 ››
1538 673 1645 723 etc.
1682 692 1709 718 ‹‹
1742 668 2024 723 Mirabilis
2076 669 2230 723 facta

582 754 673 805 est
703 752 946 808 scientia
974 758 1075 809 tua
1105 771 1173 810 ex
1203 772 1316 812 me.
1352 779 1379 806 η
1427 757 1791 813 Manifestius
1824 758 1931 813 hoc
1963 759 2227 830 Symma-

586 840 733 896 chus
768 842 1182 915 interpretatus
1205 850 1330 901 est:
1370 867 1390 898 ι
1418 848 1895 920 Praetergreditur
1924 864 2016 902 me
2048 848 2231 903 scien-

586 929 670 985 tia
700 934 823 1001 tua,
862 955 881 980 ι
918 933 978 987 id
1008 938 1115 999 est,
1151 951 1263 989 non
1296 953 1537 1007 possum
1570 941 1671 991 tua
1701 937 1849 991 scire
1897 942 2138 1005 secreta,
2174 941 2231 991 et

585 1016 644 1073 in
675 1020 1035 1091 profundum
1068 1023 1363 1094 sapientiae
1396 1030 1506 1079 tuae
1539 1041 1704 1080 mens
1738 1042 1865 1082 mea
1897 1043 2010 1080 non
2044 1029 2233 1099 potest

583 1107 845 1165 introire.

663 1219 685 1247 ι
723 1199 846 1263 Quo
878 1199 974 1257 ibo
1006 1219 1039 1257 a
1069 1202 1275 1273 spiritu
1307 1207 1407 1260 tuo
1435 1205 1463 1260 ?
1492 1210 1594 1261 aut
1624 1223 1658 1261 a
1689 1206 1832 1263 facie
1858 1210 1958 1263 tua
1989 1224 2104 1279 quo
2139 1206 2233 1262 fu-

589 1286 745 1359 giam
767 1287 795 1342 ?
828 1311 855 1337 ››
886 1292 1187 1355 Quomodo
1235 1298 1428 1350 autem
1487 1299 1646 1352 tuam
1706 1313 1946 1368 possum
1978 1312 2235 1368 compre-

589 1375 843 1433 hendere
874 1379 1162 1448 notitiam,
1198 1399 1332 1439 cum
1365 1383 1426 1439 in
1461 1390 1514 1440 te
1545 1386 1665 1440 sint
1721 1386 1937 1452 omnia,
1974 1385 2236 1456 nihilque

591 1464 858 1538 sitquod
915 1473 971 1524 te
1029 1471 1236 1543 fugiat,
1295 1480 1355 1529 et
1396 1473 1612 1547 ubique
1669 1476 1746 1531 sit
1802 1475 2103 1547 spiritus?
2157 1475 2238 1529 Ex

591 1570 707 1626 quo
737 1555 1123 1632 intelligimus
1156 1566 1336 1617 Deum
1396 1580 1525 1619 esse
1555 1565 1653 1637 qui
1704 1568 1863 1620 totus
1893 1563 2108 1635 ubique
2139 1564 2235 1619 sit.

658 1669 687 1695 «
722 1646 781 1702 Si
812 1650 1128 1705 ascendere
1162 1650 1219 1705 in
1254 1651 1486 1719 cmlum,
1518 1659 1579 1709 tu
1630 1654 1709 1709 ibi
1743 1671 1803 1709 es
1857 1672 1870 1721 ;
1930 1654 1979 1709 si
2039 1654 2239 1709 desce-

591 1733 728 1791 dero
759 1737 827 1791 ad
862 1736 1178 1808 infernum,
1204 1736 1366 1809 ades,
1399 1763 1427 1791 »
1460 1748 1567 1799 etc.
1598 1742 1771 1799 Nulla
1800 1742 2049 1798 altitudo
2080 1747 2135 1797 te
2158 1741 2238 1796 al-

591 1824 706 1880 tior
738 1840 750 1879 :
786 1824 1015 1882 nullum
1046 1829 1405 1900 profundum
1437 1835 1491 1887 te
1536 1832 1884 1905 profundius
1914 1850 1927 1888 :
1961 1832 2155 1888 oriens
2185 1835 2241 1887 et

593 1912 863 1969 occidens
891 1914 951 1969 in
982 1918 1084 1971 tua
1112 1918 1485 1975 continentur
1513 1937 1711 1976 manu.

667 2022 695 2051 ‹‹
724 2002 794 2057 Et
822 2002 939 2059 dixi
964 2020 977 2059 :
1003 2004 1150 2079 Ergo
1180 2008 1431 2064 tenebras
1464 2010 1891 2066 conculcabunt
1920 2015 2097 2075 me,et
2127 2028 2237 2065 nox

592 2090 691 2148 lux
721 2109 852 2150 mea
881 2095 942 2151 in
998 2095 1221 2155 deliciis
1256 2100 1424 2156 meis.
1461 2122 1488 2149 ››
1524 2102 1584 2155 In
1619 2101 1856 2156 Hebrmo
1887 2118 2096 2157 sensus
2129 2101 2237 2156 iste

592 2186 679 2238 est
738 2199 752 2239 :
803 2207 831 2234 «
888 2184 955 2240 Et
1011 2186 1151 2254 dixi,
1214 2189 1477 2246 Forsitan
1529 2191 1779 2247 tenebrae
1811 2190 2239 2246 conculcahunt

590 2286 682 2327 me
710 2290 722 2339 ;
758 2294 785 2321 »
818 2289 848 2329 e
880 2277 1170 2332 contrario
1201 2281 1395 2333 autem
1429 2296 1541 2335 nox
1582 2280 1711 2352 ipsa
1752 2281 1906 2352 apud
1939 2285 1994 2337 te
2038 2278 2236 2335 lumen

590 2358 719 2428 fuit,
754 2362 893 2434 quia
921 2363 1069 2418 nihil
1100 2364 1285 2421 celare
1316 2370 1373 2422 te
1402 2372 1611 2439 potest.
1654 2369 1816 2433 Quod
1850 2368 2238 2441 Symmachus

594 2448 805 2505 melius
863 2452 1279 2524 interpretatus
1336 2460 1424 2511 est
1478 2457 1679 2512 dicens
1713 2474 1725 2510 :
1763 2458 1828 2512 Et
1867 2474 1979 2513 nox
2011 2457 2109 2512 lux
2138 2456 2241 2512 cir-

591 2552 725 2593 cum
760 2556 853 2595 me
883 2542 1063 2597 sedet.
1100 2564 1127 2591 »
1161 2543 1266 2599 Sed
1328 2549 1384 2599 et
1440 2550 1751 2617 sequentes
1808 2546 2080 2601 versiculi
2130 2546 2239 2601 hoe

592 2624 745 2683 idem
780 2628 1131 2701 signiﬁcant.

669 2738 690 2765 ι
728 2718 873 2782 Quia
899 2720 1151 2775 tenebras
1184 2739 1299 2779 non
1366 2723 1839 2780 obscurabuntur
1870 2742 1903 2780 a
1934 2730 2008 2791 te,
2042 2714 2108 2781 et.
2128 2741 2241 2779 nox

596 2804 765 2875 quasi
790 2806 916 2863 dies
947 2807 1379 2868 illuminabitur
1411 2830 1423 2867 :
1467 2814 1621 2869 sicut
1677 2815 1930 2869 tenebrae
1979 2814 2127 2886 ejus,
2160 2814 2243 2869 ita

591 2897 649 2948 et
676 2892 874 2952 lumen
905 2898 1053 2970 ejus.
1090 2921 1117 2948 »
1150 2900 1211 2955 Id
1246 2906 1352 2957 est.
1381 2906 1501 2957 tam
1534 2903 1690 2959 clara
1721 2908 1859 2959 sunt
1889 2905 2240 2975 omniaquae

595 2987 655 3038 at
685 2988 740 3039 te
772 2984 1055 3057 putamur
1085 2989 1333 3058 occulta,
1355 2996 1421 3047 ut
1450 2993 1850 3048 manifestiora
1871 2993 1989 3048 sint
2020 2992 2167 3047 luce.

669 3095 696 3121 ‹‹
730 3074 1053 3147 Suscepisti
1087 3094 1181 3132 me
1210 3079 1281 3133 de
1310 3084 1510 3135 ventre
1542 3081 1751 3136 matris
1783 3097 1943 3135 meae.
1971 3102 1999 3129 »
2031 3081 2245 3145 Quinta

584 3153 772 3217 'editio
803 3161 885 3217 ita
912 3165 1216 3220 transtulit
1249 3182 1262 3220 :
1303 3190 1322 3215 α
1360 3168 1633 3224 Conﬂasti
1665 3186 1757 3225 me
1787 3170 1857 3225 de
1886 3173 2085 3225 ventre
2116 3186 2243 3225 ma-

596 3248 702 3304 tris
730 3266 889 3306 meze.
924 3274 952 3304 »

670 3362 699 3389 ‹‹
732 3340 1139 3413 Imperfectum
1170 3362 1366 3402 meum
1422 3347 1693 3404 viderunt
1748 3348 1898 3404 oculi
1930 3349 2035 3404 tui.
2070 3371 2098 3399 ››
2134 3349 2248 3404 Im-
2273 3309 2318 3377 Ο

598 3430 920 3500 perfectum
979 3432 1074 3488 hic
1150 3452 1253 3507 pro
1313 3436 1700 3510 incomposito
1758 3439 1956 3511 posuit
2013 3454 2026 3493 :
2089 3437 2244 3509 quod

597 3517 769 3574 etiam
803 3520 1093 3580 elementa
1143 3524 1402 3582 hominis
1453 3532 1767 3600 antequam
1803 3527 2131 3584 formentur
2182 3527 2243 3582 in

598 3613 786 3675 utero,
840 3618 1153 3684 cognoscat
1212 3616 1380 3671 Deus.
1447 3640 1468 3667 α
1536 3618 1607 3673 Ut
1639 3619 1695 3672 in
1728 3618 1875 3673 libro
1909 3622 2009 3674 tuo
2041 3634 2245 3673 omnes

595 3697 945 3755 scribentur.
1003 3724 1031 3750 »
1074 3703 1143 3757 Et
1206 3705 1361 3775 quod
1411 3705 1611 3763 nullus
1670 3708 1893 3779 absque
1948 3705 2244 3763 voluntate

576 3788 874 3869 nascatur
906 3786 1000 3842 Dei
1035 3805 1048 3843 :
1082 3804 1154 3844 ne
1184 3790 1499 3862 quisquam
1531 3794 1660 3863 ejus
1714 3794 1980 3850 notitiam
2012 3796 2245 3850 subter-

594 3871 798 3944 fugiat.

670 3984 698 4011 «
731 3962 865 4019 Dies
896 3964 1328 4040 formabuntur,
1359 3974 1417 4026 et
1458 3988 1630 4027 nemo
1675 3972 1733 4027 in
1765 3972 1869 4027 eis.
1907 3994 1933 4021 ››
1965 3976 2130 4027 Hunc
2162 3971 2245 4027 lo-

601 4066 733 4106 cum
766 4052 1155 4125 Symmachus
1184 4057 1267 4114 ita
1295 4060 1597 4116 transtulit
1631 4078 1643 4116 :
1679 4085 1707 4111 ‹‹
1742 4062 1874 4116 Dies
1905 4061 2121 4133 quibus
2140 4061 2249 4116 for-

602 4140 742 4195 mati
774 4148 933 4210 sunt,
966 4161 1039 4200 ne
1092 4163 1210 4203 una
1239 4149 1474 4220 quidem
1508 4166 1575 4205 ex
1624 4151 1707 4206 eis
1739 4152 1916 4206 deest.
1979 4172 2008 4201 »
2041 4151 2111 4205 Et
2160 4153 2250 4205 est

603 4245 814 4287 sensus
849 4247 861 4286 :
896 4236 1078 4290 Omne
1108 4239 1343 4310 tempus
1396 4238 1583 4295 aetatis
1617 4240 1709 4295 cui
1754 4241 1880 4311 jam
1913 4239 1984 4294 ab
2015 4239 2247 4295 exordio

598 4318 728 4374 vita;
758 4320 931 4377 istius
961 4328 1102 4379 sunt
1131 4326 1422 4382 curricula
1450 4329 1749 4400 deputata,
1799 4333 1954 4383 certo
2002 4329 2117 4383 ﬁne
2148 4328 2248 4382 de-

602 4409 801 4479 currit,
835 4428 941 4468 nec
973 4429 1091 4469 uua
1130 4414 1257 4470 dies
1287 4420 1387 4471 aut
1417 4416 1549 4488 plus
1581 4421 1685 4473 aut
1714 4418 1912 4477 minus
1942 4422 2031 4473 est
2068 4432 2249 4488 quam

600 4502 662 4554 tu
695 4501 962 4557 conditor
990 4518 1119 4567 esse
1156 4503 1413 4561 voluisti.
1474 4507 1809 4563 Secundum
1869 4506 2252 4579 Septuaginta

602 4593 798 4644 autem
830 4590 1177 4664 interpretes
1207 4599 1263 4649 et
1320 4593 1583 4651 altiorem
1614 4595 2084 4670 intelligentiam,
2116 4611 2249 4670 sen-

605 4694 710 4733 sus
741 4685 829 4734 est
862 4696 875 4735 :
906 4681 993 4735 Tu
1023 4697 1227 4739 omnes
1258 4683 1317 4738 in
1349 4685 1442 4739 die
1500 4685 1742 4751 formas,
1800 4689 1861 4741 tu
1895 4690 2134 4741 cunctos
2164 4685 2249 4740 vis
2279 4683 2325 4749 D

604 4783 735 4823 esse
762 4767 913 4825 ﬁlios
938 4770 1178 4839 Dei,sed
1206 4772 1405 4829 nullus
1432 4778 1521 4830 est
1547 4773 1605 4830 in
1639 4775 1976 4832 hominibus
2007 4774 2108 4847 qui
2133 4790 2250 4829 non

603 4862 838 4930 peccato
871 4860 1158 4917 obnoxius
1192 4862 1309 4935 ﬁat,
1361 4869 1417 4918 et
1446 4880 1550 4935 per
1576 4864 1685 4921 hoc
1716 4863 1873 4921 ﬁlius
1905 4864 2093 4921 noctis
2124 4879 2253 4919 esse

602 4947 863 5020 incipiat,
898 4966 1001 5006 nec
1022 4949 1336 5024 quisquam
1368 4969 1569 5009 eorum
1613 4953 1741 5010 luce
1769 4953 1957 5026 ipsius
1988 4952 2101 5008 diei
2132 4956 2251 5007 toto

599 5038 726 5094 vitae
759 5056 877 5095 suae
915 5044 1177 5112 tempore
1233 5042 1410 5115 digna
1467 5044 1746 5115 perﬁciat.
1809 5043 1970 5099 Unde
2010 5047 2069 5098 et
2098 5047 2250 5114 Apo-

605 5129 794 5185 stolus
824 5131 895 5185 ad
929 5147 1028 5187 eos
1060 5131 1160 5203 qui
1191 5130 1294 5187 ﬁlii
1354 5133 1542 5189 noctis
1571 5148 1698 5189 esse
1746 5135 2137 5199 cessaverant,
2167 5129 2249 5186 lo-

605 5217 808 5289 quitur
839 5237 851 5275 :
885 5218 1001 5276 Nos
1032 5224 1241 5286 autem,
1265 5221 1494 5290 fratres,
1529 5238 1644 5277 non
1676 5237 1883 5276 sumus
1914 5219 2018 5274 ﬁlii
2041 5218 2249 5287 noctis,

605 5307 707 5363 sed
739 5307 845 5363 ﬁlii
877 5308 978 5365 Dei
1010 5310 1054 5380 (1
1087 5311 1260 5366 Thess.
1286 5327 1342 5377 v,
1372 5313 1446 5379 5).

1091 5424 1419 5483 PSALMUS
1478 5425 1759 5483 CXXXIX.

674 5547 701 5574 ι(
735 5524 905 5597 Eripe
937 5541 1049 5592 me,
1083 5526 1348 5590 Domine,
1408 5525 1483 5581 ab
1542 5526 1775 5581 homine
1828 5521 2004 5579 malo.
2064 5542 2092 5571 υ
2140 5525 2249 5577 etc.

607 5612 732 5667 Non
756 5614 813 5667 in
842 5619 1072 5670 tantum
1107 5619 1297 5685 potest
1318 5631 1423 5669 nos
1452 5614 1716 5685 decipere
1746 5612 2034 5677 diabolus,
2069 5626 2253 5681 quan-

609 5703 733 5755 tum
767 5718 871 5772 per
923 5720 1211 5775 organum
1270 5702 1574 5759 hominis:
1617 5702 1689 5757 ab
1751 5702 1858 5758 hoc
1908 5701 2255 5775 deprecatur

607 5789 891 5864 propheta
917 5791 1171 5848 liberari.

2072 412 2491 481 APPENDIX.

2255 554 2308 623 Α

3832 412 3990 484 1308

2415 578 2441 604 ‹‹
2474 552 2581 618 Qui
2613 552 3012 626 cogitaverunt
3041 551 3378 625 iniquitates
3398 552 3457 610 in
3488 532 3683 610 corde.
3712 575 3742 602 »
3772 552 3853 610 De
3876 554 3991 610 be-

2339 643 2534 699 reticis
2563 644 2721 699 dicit.

2412 758 2440 781 u
2470 733 2770 789 Venenum
2803 736 3075 805 aspidum
3128 735 3237 789 sub
3287 734 3458 789 labiis
3515 750 3743 790 eorum.
3781 756 3810 783 n
3836 736 3986 799 Quo-

2340 821 2497 876 niam
2530 822 2798 877 videntur
2852 822 3123 878 amicitiae
3177 822 3353 877 verba
3398 821 3630 892 habere,
3681 822 3785 877 sed
3817 822 3989 894 plena

2341 915 2479 966 sunt
2508 928 2749 967 vencmo
2782 912 3095 968 mortifero.

2418 1023 2439 1049 ι
2490 1002 2664 1055 Juxta
2695 1004 2804 1057 iter
2833 1000 3174 1057 scandalum
3232 1011 3552 1073 posuerunt
3605 1000 3774 1056 mihi.
3811 1023 3838 1048 ι»
3868 1001 3984 1058 Hoc

2341 1096 2450 1159 est,
2483 1092 2553 1146 de
2584 1090 2899 1162 Scripturis
2924 1091 3278 1163 proferentes
3298 1090 3788 1162 testimonia,quaa
3818 1090 3985 1163 quasi

2344 1181 2695 1236 videbantur
2750 1181 3032 1235 rationem
3083 1179 3340 1251 aliquam
3401 1176 3635 1246 habere,
3676 1180 3987 1236 tentabunt

2346 1287 2437 1325 me
2468 1272 2751 1342 decipere.

2417 1382 2444 1407 «
2478 1359 2602 1414 Dixi
2638 1359 2904 1427 Domino,
2936 1359 3089 1415 Deus
3141 1374 3307 1414 meus
3363 1375 3425 1414 es
3481 1363 3566 1414 tu.
3623 1377 3651 1410 ι
3690 1358 3749 1413 Si
3784 1374 3894 1414 non
3924 1374 3985 1415 es

2346 1453 2607 1515 sanctus,
2651 1465 2767 1503 non
2828 1454 2990 1520 potes
3047 1448 3203 1503 hunc
3258 1448 3609 1504 versiculum
3649 1448 3856 1503 dicere.
3889 1447 3989 1503 Cui

2347 1555 2463 1593 non
2494 1541 2696 1609 regnat
2725 1543 3051 1609 peccatum.
3086 1537 3192 1593 hoc
3225 1538 3365 1593 dicit
3423 1556 3437 1593 ε
3494 1540 3633 1592 Pars
3659 1553 3781 1593 mea
3812 1538 3987 1593 Domi-

2345 1643 2452 1681 nus
2483 1628 2654 1695 (Psal.
2688 1644 2778 1695 xv,
2810 1628 2887 1698 5).

2421 1741 2449 1766 «
2481 1717 2605 1772 Non
2638 1717 2838 1772 tradas
2870 1734 2982 1787 me,
3014 1716 3278 1787 Domine,
3311 1735 3345 1772 a
3381 1715 3668 1772 desiderio
3699 1732 3825 1771 meo
3854 1731 3988 1788 pec-

2347 1806 2549 1863 ceteri.
2585 1829 2613 1856 ››
2648 1806 2795 1861 Dicit
2823 1806 3121 1878 Scriptura
3153 1822 3165 1861 :
3199 1806 3352 1876 Quod
3381 1808 3432 1861 si
3468 1807 3592 1878 quis
3646 1805 3843 1861 viderit
3865 1822 3987 1861 mu-

2270 1935 2317 2000 B
2350 1896 2538 1951 liorem
2566 1897 2637 1951 ad
2664 1896 3189 1977 concupiscendum,_
3201 1900 3334 1967 jam
3390 1896 3687 1950 mqechatus
3740 1899 3819 1950 est
3864 1910 3989 1950 eam

2348 1987 2407 2039 in
2433 1987 2601 2040 corde
2628 2002 2723 2040 suo
2755 1986 2961 2055 (Matth.
2995 2001 3029 2038 v
3056 1986 3168 2056 28).
3203 1986 3350 2056 Ergo
3378 1984 3517 2040 dicit
3547 1984 3830 2056 Pr0pheta
3860 2001 3874 2039 :
3903 1983 3987 2039 Ne

2346 2074 2417 2129 de
2450 2074 2923 2146 concupiscentia
2953 2091 3083 2130 mea
3111 2074 3310 2129 tradas
3341 2089 3434 2129 me
3463 2072 3729 2137 diabolo;
3763 2073 3860 2128 sed
3890 2072 3984 2128 be-

2346 2163 2419 2217 de
2451 2163 2593 2218 mihi
2625 2162 2802 2218 habet
2831 2164 2888 2218 in
2921 2177 3092 2234 opere
3114 2163 3403 2235 judicare,
3436 2166 3493 2217 et
3516 2179 3632 2218 non
3679 2161 3739 2217 in
3769 2161 3980 2234 cogita-

2346 2252 2523 2308 tione.

2421 2362 2448 2389 ‹‹
2481 2341 2666 2412 Caput
2693 2341 2973 2397 circuitus
3019 2359 3243 2411 eorum,
3277 2343 3442 2399 labor
3498 2341 3781 2398 labiorum
3830 2340 3984 2411 ipso-

2348 2446 2478 2484 rum
2512 2430 2730 2502 operiet
2751 2448 2869 2487 eos.
2894 2453 2921 2480 »
2953 2432 3459 2497 Quemadmodum
3489 2447 3727 2503 serpens
3756 2428 3985 2500 quando

2348 2519 2554 2575 viderit
2583 2519 2839 2592 aliquem
2872 2521 3197 2576 venientem
3255 2524 3327 2577 ad
3386 2519 3844 2593 percutiendum,
3876 2516 3986 2572 cir-

2349 2608 2549 2665 culum
2584 2610 2723 2665 facit
2751 2610 2932 2665 totius
2985 2610 3244 2681 corporis
3276 2609 3386 2677 sui,
3420 2613 3477 2664 et
3514 2608 3573 2663 in
3630 2608 3813 2664 medio
3841 2604 3987 2661 celat

2350 2703 2548 2771 caput,
2581 2699 2681 2755 ubi
2714 2699 2824 2754 scit
2879 2698 3092 2754 habere
3137 2715 3199 2753 se
3228 2697 3406 2753 vitam
3441 2715 3454 2753 :
3488 2697 3571 2753 ita
3599 2700 3657 2752 et
3684 2695 3778 2751 isti
3809 2695 3985 2750 haere-

2349 2789 2450 2843 tici
2483 2805 2585 2862 per
2640 2805 2972 2844 sermonem
3006 2786 3515 2859 philosophorum,
3548 2790 3605 2842 et
3641 2783 3980 2853 Aristotelis,

2352 2883 2411 2933 ct
2441 2883 2778 2934 caeterorum
2811 2878 3082 2933 videntur
3104 2893 3166 2933 se
3196 2878 3554 2933 abscondere
3582 2879 3639 2931 et
3667 2873 3833 2947 quasi
3858 2889 3986 2946 pro-

2351 2970 2544 3039 tegere
2573 2972 2662 3023 est
2690 2968 3016 3023 defendere.
3049 2968 3160 3023 Sed
3219 2966 3649 3022 ecclesiasticus
3706 2963 3792 3018 vir
3820 2961 3985 3035 quasi

2353 3056 2412 3111 in
2442 3055 2624 3128 virga,
2658 3055 2766 3111 hoc
2798 3060 2886 3111 est
2940 3055 3000 3110 in
3059 3073 3247 3125 cruce,
3281 3054 3453 3111 solvit
3483 3054 3785 3121 circulum,
3818 3056 3875 3108 et
3900 3052 3985 3106 in-

2353 3144 2509 3227 venit
2547 3150 2722 3217 caput
2750 3144 2959 3212 latens,
2996 3149 3052 3200 et
3107 3144 3187 3201 ibi
3219 3161 3354 3200 eum
3411 3142 3681 3216 percutit,
3721 3142 3826 3198 hoc
3880 3143 3987 3209 est,

2354 3234 2757 3289 testimonium
2794 3235 3010 3306 profert
3039 3235 3110 3289 de
3138 3234 3476 3307 Scripturis.

2432 3345 2460 3373 ‹‹
2492 3324 2850 3379 Habitabunt
2879 3324 3018 3379 recti
3049 3341 3183 3380 cum
3211 3323 3377 3380 vultu
3410 3327 3528 3379 tuo.
3588 3344 3615 3373 »
3657 3319 3864 3377 Vultus
3894 3318 3989 3375 Dei

2354 3413 2496 3484 quid
2528 3416 2618 3469 est
2646 3410 2761 3468 nisi
2791 3412 3058 3469 Christus
3080 3414 3108 3468 ?
3140 3436 3167 3463 »
3200 3413 3307 3481 Qui
3332 3430 3445 3469 non
3472 3414 3733 3484 rapinam
3760 3409 3992 3465 arbitra-

2353 3508 2441 3557 tus
2468 3505 2545 3557 est
2574 3518 2687 3557 esse
2714 3517 2772 3557 se
2798 3503 3071 3574 aqualem
3099 3507 3211 3559 Deo
3243 3502 3507 3575 (Philipp.
3540 3519 3600 3570 ιι,
3638 3502 3713 3572 6).

2928 3638 3052 3693 PSA
3062 3637 3251 3693 LMUS
3283 3636 3433 3692 CXL.

2429 3757 2452 3785 ι
2488 3734 2756 3802 Domine;
2788 3733 3033 3791 clamavi
3064 3735 3137 3795 ad
3167 3738 3247 3803 te,
3278 3732 3485 3789 exaudi
3544 3748 3656 3788 me.
3715 3752 3744 3779 ι)
3774 3729 3992 3802 Moyses

2354 3825 2548 3880 stabat
2576 3841 2712 3880 cum
2746 3822 2980 3895 populo,
3013 3827 3071 3878 et
3100 3822 3322 3879 Pharao
3344 3822 3693 3894 sequebatur
3719 3823 3850 3893 post
3875 3823 3995 3874 ter-

2354 3930 2495 3985 gum
2527 3914 2676 3984 ejus,
2709 3917 2765 3968 et
2802 3912 3065 3983 undique
3122 3910 3397 3985 angustia
3450 3910 3535 3967 illi
3591 3914 3734 3966 erat.
3791 3909 3852 3963 In
3898 3906 3993 3963 illo

2354 4008 2615 4075 tempore
2643 4002 3002 4074 lacrymatus
3023 4005 3113 4057 est
3142 4002 3212 4057 ad
3237 4001 3518 4057 Deum.Et
3542 3999 3814 4055 continuo
3843 3997 3993 4053 Deus

2357 4093 2428 4147 ad
2462 4109 2598 4148 eum
2633 4108 2646 4148 :
2680 4092 2827 4158 Quid
2862 4091 3081 4148 clamas
3140 4092 3211 4147 ad
3241 4090 3377 4146 me?
3413 4092 3557 4146 Dum
3609 4104 3741 4145 cum
3770 4084 3994 4143 silentio

2359 4183 2581 4248 orabat,
2615 4182 2855 4237 auditus
2886 4185 2994 4236 est.
3026 4181 3327 4251 Scriptura
3354 4183 3549 4236 autem
3592 4194 3705 4235 non
3736 4173 3997 4233 meminit

2360 4271 2515 4341 quod
2542 4270 2773 4326 locutus
2804 4270 2901 4336 sit,
2936 4270 3037 4325 sed
3071 4273 3298 4325 tantum
3329 4269 3484 4341 quod
3515 4268 3866 4340 lacrymatus
3894 4265 3992 4320 sit.

2360 4363 2427 4414 Et
2456 4359 2698 4431 sanguis
2729 4364 3054 4431 martyrum
3078 4374 3310 4431 semper
3331 4358 3545 4415 clamat
3573 4358 3643 4414 ad
3665 4355 3993 4422 Dominum,

2361 4452 2419 4504 et
2448 4447 2780 4504 exauditur.
2816 4450 2886 4504 Et
2912 4448 3202 4503 Dominus
3227 4447 3461 4503 loeutus
3509 4450 3599 4502 est
3628 4445 3767 4503 Cain
3800 4462 3814 4500 ι
3843 4443 3993 4499 San-

2356 4540 2481 4608 guis
2510 4538 2703 4609 fratris
2732 4541 2817 4594 tui
2847 4539 3047 4592 clamat
3085 4537 3164 4594 ad
3190 4554 3279 4593 me
3307 4536 3457 4608 (Gen.
3517 4552 3591 4606 IV,
3653 4535 3761 4606 10).
3818 4536 3883 4587 Et
3935 4532 3995 4587 in

2358 4627 2705 4700 Apocalypsi
2735 4626 2998 4694 Joannis,
3029 4627 3238 4683 animae
3259 4627 3561 4698 justorum
3592 4623 3701 4680 sub
3732 4620 3998 4680 altaridi-

2358 4718 2567 4772 cebant
2594 4717 2665 4771 ad
2698 4715 3011 4772 Dominum
3046 4731 3059 4770 :
3094 4716 3396 4788 Usqueth,
3453 4715 3699 4785 Domine,
3753 4727 3859 4769 non
3900 4725 3997 4766 nos

2360 4806 2604 4877 defendis
2649 4806 2848 4877 (Apoc.
2894 4821 2972 4872 v1,
3022 4804 3158 4874 10)?
3200 4803 3384 4861 Simul
3432 4807 3629 4860 autem
3675 4800 3998 4858 considere-

2362 4910 2497 4952 mus
2527 4895 2666 4967 quia
2695 4894 2905 4950 animaa
2957 4893 3255 4964 justorum
3315 4892 3526 4950 altaria
3565 4895 3705 4950 sunt
3747 4887 3995 4947 Domini.

2368 5006 2388 5034 ι
2425 4985 2665 5039 Intende
2694 4984 2818 5040 voci
2850 5001 3014 5050 meae,
3069 4999 3204 5039 cum
3262 4982 3583 5039 clamavero
3612 4982 3687 5038 ad
3716 4986 3792 5037 te.
3822 5000 3852 5031 ››
3881 4978 3998 5035 Hoc

2363 5078 2477 5145 est,
2513 5074 2643 5130 vide
2664 5077 2721 5129 et
2753 5072 3080 5140 considera,
3112 5089 3144 5129 o
3174 5071 3442 5140 Domine,
3468 5071 3633 5143 .quid
3655 5074 3787 5143 peto
3815 5087 3829 5125 :
3855 5084 3999 5140 quo-

2363 5164 2524 5219 niam
2555 5180 2671 5219 non
2701 5167 2833 5235 peto
2859 5160 3144 5235 corporali
3177 5160 3487 5230 desiderio,
3515 5164 3618 5217 aut
3643 5174 3871 5227 aurum,
3900 5159 4003 5212 aut

2361 5253 2479 5309 tale
2496 5250 2718 5325 aliquid
2741 5251 3117 5324 hujusmodi:
3143 5250 3244 5307 sed
3266 5254 3333 5307 ut
3360 5249 3817 5306 misericordiam
3841 5250 4001 5303 tuam

2364 5357 2708 5413 consequar.
2769 5341 3077 5413 Propterea
3128 5338 3293 5409 dicit,
3323 5339 3567 5407 intende,
3600 5338 3708 5395 hoc
3736 5341 3844 5405 est,
3871 5334 4002 5391 dili-

2363 5433 2567 5502 genter
2595 5430 2752 5499 audi,
2784 5430 2923 5502 quia
2954 5428 3099 5487 nihil
3130 5428 3387 5486 alienum
3417 5432 3571 5502 peto.

2437 5541 2465 5567 «
2501 5518 2790 5591 Dirigatur
2819 5519 3001 5574 oratio
3033 5535 3183 5591 mea,
3226 5517 3379 5574 sicut
3427 5518 3732 5574 incensum
3786 5515 3845 5570 in
3873 5531 4005 5571 con-

2365 5612 2567 5679 spectu
2598 5613 2720 5663 tuo.
2756 5630 2784 5657 »
2814 5612 2933 5662 Hoc
2962 5612 3069 5677 est,
3103 5612 3260 5664 recta
3297 5608 3369 5663 ad
3400 5610 3456 5663 te
3485 5606 3782 5679 perveniat
3821 5604 4001 5661 oratio

2364 5713 2518 5763 mea,
2576 5714 2693 5753 non
2725 5696 2945 5753 habens
2976 5696 3203 5769 aliquas
3260 5697 3484 5768 sordes,
3541 5700 3645 5753 aut
3696 5695 3852 5767 vitia,
3899 5696 4003 5750 aut

2363 5786 2745 5859 cogitationes
2776 5785 3114 5847 diabolicae.
3148 5788 3458 5847 Inoensum
3488 5791 3685 5845 autem
3714 5784 4004 5847 orationés
