4244 6564
335 475 488 543 1309

1507 477 2001 544 BREVIARIUM
2044 478 2122 541 IN
2170 479 2552 543 PSALMOS.

3578 476 3737 541 1310

332 617 672 671 sanctorum
707 618 867 671 sunt.
903 613 1022 671 Hoc
1052 620 1246 671 autem
1287 614 1697 688 cognoscimus
1738 615 1809 670 de
1828 616 1976 685 Apo-
2008 614 2063 680 Α
2093 614 2304 670 mulier
2331 614 2488 671 venit
2516 615 2588 671 ad
2618 629 2731 686 me,
2756 613 2885 686 ipsa
2906 610 3086 681 misit,
3110 613 3239 687 ipsa
3261 628 3353 670 me
3373 611 3585 685 tetigit,
3607 611 3739 685 ipsa

334 702 574 776 calypsi,
607 704 842 776 quando
873 704 1079 777 viginti
1124 709 1374 776 quatuor
1420 705 1676 760 seniores
1708 704 1983 759 tenebant

333 792 653 862 thuribula,
687 796 742 848 et
772 793 1079 850 dicebant:
1126 796 1248 851 Haec
1290 803 1416 850 sunt
1463 796 1730 850 orationes
1767 796 1977 848 sancto-

334 898 458 937 rum
485 883 667 953 (Apoc.
699 900 755 953 v,
786 886 862 955 8).
902 906 924 935 ι
968 883 1217 939 Elevatio
1262 900 1545 939 manuum
1595 900 1861 939 mearum
1893 899 1983 937 sa-

335 970 620 1027 orificium
680 973 1100 1044 vespertinum.
1149 995 1169 1021 ιι
1220 972 1476 1029 Elevatio
1529 989 1812 1028 manuum
1870 976 1981 1027 Do~

335 1059 565 1115 minum
624 1061 1007 1124 demonstrat.
1068 1066 1125 1117 et
1180 1062 1240 1117 in
1316 1061 1635 1119 elevatione
1694 1077 1977 1117 manuum

334 1148 660 1205 Creatorem
693 1150 984 1206 videmus.
1017 1150 1161 1206 Vide
1209 1138 1425 1219 autem,
1479 1150 1619 1222 quia
1666 1168 1779 1205 non
1812 1148 1978 1216 dixit,

333 1238 594 1293 extensio
626 1256 910 1295 manuum
942 1257 1224 1295 mearum.
1260 1240 1527 1296 Extensio
1555 1240 1712 1296 enim
1744 1256 1859 1295 non
1894 1241 1983 1294 est

333 1325 593 1382 elevatio.
648 1328 760 1383 Sed
810 1329 1070 1384 extendit
1115 1329 1352 1401 aliquis,
1382 1334 1438 1385 et
1485 1333 1618 1401 post
1640 1333 1891 1400 tergum,
1924 1331 1982 1383 et

334 1412 393 1469 in
448 1413 624 1484 latus,
675 1416 783 1472 hoc
827 1421 935 1486 est,
968 1417 1027 1473 in
1081 1418 1258 1474 vitia:
1313 1418 1809 1490 quemadmodum
1842 1415 1983 1471 dicit

331 1504 653 1561 Dominus:
687 1508 750 1561 Et
781 1508 999 1578 quando
1029 1509 1389 1564 ascenderitis
1432 1508 1504 1564 ad
1551 1523 1639 1562 me
1674 1522 1871 1561 manus
1894 1522 1981 1561 ve-

332 1601 490 1665 stras,
522 1611 633 1650 non
678 1596 978 1651 exaudiam
1038 1613 1127 1652 vos
1183 1598 1310 1667 (Isa.
1344 1616 1383 1664 ι,
1420 1599 1527 1667 15).
1561 1620 1588 1647 ‹‹
1620 1595 1981 1651 Sacriﬁcium

330 1685 756 1755 vespertinum,
803 1706 830 1733 »
890 1686 1201 1742 undecima
1232 1686 1393 1753 hora,
1455 1688 1510 1742 id
1571 1691 1660 1741 est
1710 1685 1766 1740 in
1800 1685 1981 1739 Evan-

332 1772 502 1844 gelio,
535 1772 657 1830 levo
686 1792 898 1831 manus
929 1792 1110 1831 meas.
1145 1779 1211 1831 Et
1248 1775 1460 1831 iterum
1491 1774 1843 1847 Apostolus:
1878 1775 1985 1830 Le-

331 1871 457 1917 vate
485 1880 682 1918 manus
729 1874 930 1919 vestras
984 1865 1054 1919 ad
1109 1868 1386 1921 orationes
1437 1868 1487 1934 (l
1545 1867 1679 1921 Tim.
1713 1881 1774 1931 Ii,
1808 1865 1884 1934 8).
1917 1867 1985 1917 Et

2091 702 2235 759 mihi
2265 702 2409 758 illud
2443 702 2607 774 dixit,
2648 703 2776 774 ipsa
2806 720 2897 759 me
2941 703 3187 773 vocavit,
3235 707 3292 759 et
3341 719 3445 775 pro
3490 718 3604 775 quo
3634 703 3733 758 de-

2091 795 2406 850 bueramus
2438 792 2837 865 paenitentiam
2880 808 3049 865 agere
3098 798 3154 848 et
3205 792 3431 849 dicere:
3466 791 3731 859 Domine,

2089 882 2339 955 peccavi,
2372 898 2741 946 excusamus,
2774 886 2831 937 et
2851 882 3162 955 jungimus
3195 885 3430 955 peccata
3453 879 3729 953 peccatis.

2090 972 2328 1043 Equale
2375 988 2586 1043 corpus
2642 971 2930 1027 habemus
2988 987 3192 1027 omnes
3248 969 3506 1026 diversos
3536 973 3732 1025 autem

2090 1060 2339 1117 labores.
2372 1064 2494 1116 Non
2524 1065 2603 1115 est
2631 1076 2988 1131 personarum
3034 1069 3285 1131 acceptor
3335 1061 3474 1115 Deus
3504 1058 3639 1129 (Act.
3672 1075 3729 1125 κ,

2089 1151 2201 1219 34).
2234 1148 2337 1205 Vis
2368 1165 2503 1221 ergo
2529 1148 2677 1204 scire
2707 1149 2859 1220 quod
2894 1149 3116 1220 ecquale
3145 1148 3434 1204 habemus
3462 1151 3519 1202 et
3549 1164 3657 1203 nos
3678 1150 3735 1202 et

2091 1239 2279 1296 sancti
2309 1242 2565 1311 corpus?
2610 1238 2827 1294 Paulus
2878 1237 3191 1310 Apostolus
3237 1237 3416 1292 dicit:
3456 1236 3610 1292 Video
3638 1252 3735 1291 au-

2086 1332 2195 1385 tem
2240 1330 2415 1384 aliam
2462 1329 2636 1399 legem
2679 1332 3076 1399 repugnantem
3125 1328 3236 1397 legi
3270 1327 3467 1382 mentis
3494 1339 3655 1391 meae,
3686 1332 3736 1379 et

2088 1420 2454 1490 captivantem
2509 1433 2596 1472 me
2651 1419 2713 1471 in
2770 1418 2886 1485 lege
2930 1420 3136 1489 peccati
3165 1418 3340 1488 (Rom.
3389 1432 3487 1483 νη,
3519 1415 3633 1482 23).
3665 1414 3736 1467 Et

2090 1508 2302 1563 iterum
2336 1511 2467 1579 post
2505 1506 2663 1561 hmo:
2711 1508 3009 1578 Propterea
3054 1509 3262 1575 castigo
3304 1520 3500 1577 corpus
3545 1519 3733 1558 meum

2091 1601 2144 1651 et
2166 1598 2227 1650 in
2282 1596 2601 1651 servitutem
2645 1598 2894 1665 subitae,
2949 1613 3021 1650 ne
3083 1597 3212 1651 aliis
3257 1594 3589 1667 praedicans,
3620 1594 3737 1664 ipse

2094 1687 2353 1759 reprobus
2383 1688 2637 1741 inveniar
2668 1688 2715 1753 (ι
2741 1686 2862 1741 Cor.
2923 1703 2999 1753 1x,
3049 1686 3161 1757 27).
3221 1688 3288 1739 Et
3341 1683 3554 1739 iterum
3583 1699 3597 1737 :
3629 1682 3755 1737 Mi-'

2088 1792 2180 1831 ser
2214 1792 2308 1845 cgo
2339 1776 2515 1846 homo,
2545 1778 2668 1848 quis
2708 1791 2800 1831 me
2854 1774 3113 1831 liberabit
3170 1774 3242 1829 de
3296 1787 3517 1844 corpore
3546 1771 3735 1825 mortis

2090 1865 2255 1927 huius
2284 1865 2461 1935 (Rom.
2502 1881 2601 1930 νυ,
2626 1865 2767 1935 2’1)?
2816 1864 3081 1919 Diversos
3112 1878 3247 1934 ergo
3279 1861 3506 1917 labores
3563 1853 3737 1914 habe-

333 1950 562 2023 Moyses
610 1953 847 2023 quando
904 1951 1131 2009 levabat
1186 1971 1421 2020 manus,
1476 1955 1743 2009 vincebat
1769 1954 1979 2009 Jesus:
2012 1988 2060 2053 B
2094 1966 2247 2009 mus.
2280 1955 2349 2009 Et
2403 1959 2690 2025 quantum
2747 1954 2879 2025 quis
2935 1953 3180 2019 laborat,
3238 1954 3468 2007 tantum
3498 1953 3556 2004 et
3586 1964 3729 2019 prie-

332 2041 569 2110 quando
601 2041 946 2113 deponebat,
977 2043 1317 2099 vincebatur
1348 2044 1540 2115 (Exod.
1591 2060 1728 2113 xvn,
1764 2043 1878 2113 11).
1920 2041 1977 2097 Si

333 2126 598 2200 intelligo
655 2128 991 2201 Scripturas
1049 2132 1374 2187 secundum
1435 2131 1736 2187 historiam
1800 2136 1859 2187 et
1888 2147 1977 2186 se-

332 2216 594 2272 cundum
652 2217 931 2287 litteram,
988 2219 1215 2292 Moyses
1270 2221 1544 2276 deorsum
1622 2219 1798 2275 habet
1853 2237 1978 2275 ma-

329 2322 462 2361 nus.
495 2308 551 2361 Si
584 2311 784 2363 autem
818 2308 1223 2379 spiritualiter,
1263 2308 1449 2365 elevat
1498 2326 1709 2365 manus
1757 2326 1896 2365 suas
1921 2309 1979 2364 in

330 2393 542 2451 altum.

403 2525 431 2551 «
465 2507 637 2570 Pone,
690 2504 954 2569 Domine,
1004 2505 1333 2561 custodiam
1383 2506 1471 2561 ori
1524 2522 1672 2561 meo.
1705 2524 1733 2557 n
1770 2505 1907 2560 Mors
1934 2509 1984 2560 et

329 2592 444 2646 vita
466 2593 526 2646 in
546 2593 806 2647 manibus
834 2594 1055 2666 linguae
1084 2594 1264 2659 (Prov.
1296 2611 1460 2667 xvm,
1493 2597 1605 2665 22).
1634 2595 1703 2649 Et
1727 2595 1940 2649 iterum
1969 2612 1981 2649 :

332 2682 503 2736 Amen
550 2680 669 2736 dico
725 2682 916 2744 vobis;
976 2684 1238 2752 quoniam
1294 2683 1362 2739 de
1420 2685 1573 2738 omni
1617 2686 1783 2739 otioso
1824 2682 1985 2737 verbo

338 2769 477 2841 quod
508 2771 679 2826 locuti
703 2772 943 2841 fueritis,
974 2772 1214 2827 reddetis
1261 2774 1534 2828 rationem
1583 2774 1642 2827 in
1672 2772 1761 2827 die
1780 2771 1985 2844 judicii

336 2858 550 2931 (Matth.
584 2876 681 2925 xu,
712 2861 823 2927 36).
858 2860 975 2915 Hoc
996 2875 1131 2932 ergo
1154 2859 1411 2932 postulat
1442 2862 1747 2932 Propheta,
1781 2865 1847 2915 ut
1867 2877 1987 2915 om-

340 2963 414 3002 ne
435 2949 589 3019 quod
605 2947 885 3021 loquitur,
902 2965 1015 3004 non
1040 2949 1117 3004 sit
1138 2950 1412 3015 otiosum,
1432 2951 1530 3005 sed
1551 2955 1817 3006 sanctum
1833 2948 1987 3005 etdiv

343 3052 525 3107 gnum
551 3043 684 3092 Deo.
717 3060 747 3087 «
772 3039 841 3093 Et
861 3038 1073 3094 ostium
1100 3039 1552 3095 circumstantiae
1576 3039 1745 3095 labiis
1764 3038 1931 3093 meis.
1960 3058 1988 3084 »

344 3126 575 3180 Ostium
625 3125 1079 3181 circumstantia:-
1137 3128 1307 3198 quasi
1367 3144 1602 3183 murum
1652 3127 1710 3182 in
1741 3127 1989 3182 circuitu

2091 2043 2276 2098 mium
2306 2043 2571 2114 aocipict.

2168 2172 2189 2198 ι
2225 2154 2291 2205 Et
2320 2166 2454 2205 cum
2486 2149 2825 2205 hominibus
2852 2149 3231 2221 operantibus
3279 2146 3672 2219 iniquitatem.
3705 2165 3733 2195 »

2090 2242 2170 2294 Ex
2201 2240 2501 2294 communi
2526 2238 2917 2295 subauditur:
2953 2254 3067 2293 non
3118 2235 3372 2293 declines
3410 2252 3508 2291 cor
3536 2250 3735 2290 meum

2091 2344 2224 2385 cum
2256 2327 2598 2384 hominibus
2629 2326 3006 2399 operantibus
3034 2316 3426 2399 iniquitatem.
3460 2347 3489 2375 «
3520 2325 3591 2379 Et
3620 2339 3737 2379 non

2091 2416 2541 2474 communicabo
2572 2432 2705 2471 cum
2738 2415 2937 2473 electis
2963 2432 3187 2472 eorum.
3223 2435 3252 2465 »
3272 2415 3433 2471 Sicut
3457 2413 3739 2489 Dominus

2091 2507 2269 2562 habet
2297 2505 2513 2562 electos
2535 2509 2790 2573 sanctos,
2816 2505 2897 2560 ita
2915 2509 2973 2559 et
3006 2503 3273 2559 diabolus
3318 2502 3493 2558 habet
3524 2501 3739 2557 electos

2094 2612 2254 2652 suos.
2288 2590 2550 2665 Intellige
2582 2593 2727 2649 mihi
2757 2594 3049 2666 principes
3087 2592 3513 2659 haereticorum,
3547 2595 3604 2646 et
3632 2606 3739 2646 nos

2095 2683 2392 2739 dubitabis
2423 2683 2493 2737 de
2523 2682 2722 2738 electis
2752 2698 2976 2738 eorum.
3019 2672 3079 2737 Si
3136 2682 3291 2737 enim
3350 2679 3592 2735 dixisset
3620 2674 3741 2734 ele-

2094 2778 2240 2841 ctos,
2274 2777 2475 2827 etnon
2525 2787 2659 2826 cum
2714 2770 3223 2838 subdistinctione,
3282 2785 3507 2839 eorum,
3540 2766 3739 2849 exclu-

2095 2861 2272 2917 sisset
2300 2860 2513 2916 electos
2543 2860 2665 2916 Dei.
2702 2860 3124 2916 Communicabo
3172 2856 3479 2931 dupliciter
3523 2855 3738 2911 intelli-

2095 2950 2254 3022 gitur
2279 2968 2290 3005 :
2315 2953 2417 3005 aut
2440 2949 2823 3018 consentiam,
2862 2953 2962 3003 aut
2999 2948 3294 3004 secundus
3317 2946 3473 3017 tiam,
3496 2944 3607 3001 hoc
3630 2948 3738 3012 est,

2097 3038 2461 3095 immundus.
2494 3038 2667 3093 Scitis
2696 3037 2853 3092 enim
2885 3036 3246 3108 Scripturam
3284 3036 3402 3091 duo
3431 3033 3741 3090 immunda

2096 3145 2320 3184 vocare.
2352 3127 2502 3183 Dicit
2528 3126 2888 3199 Apostolus:
2949 3127 3012 3183 Ut
3064 3124 3367 3198 confundat
3424 3126 3737 3196 utrumque,

344 3214 520 3269 istius
549 3215 762 3269 domus
789 3214 1068 3286 postulat,
1100 3218 1167 3270 ut
1214 3215 1273 3269 in
1324 3215 1485 3270 nullo
1528 3215 1813 3271 vincatur.
1848 3216 1993 3271 Dicit
2099 3216 2210 3272 hoc
2240 3221 2349 3287 est,
2406 3217 2540 3273 duos
2596 3217 2840 3271 homines
2897 3217 2958 3270 in
2993 3228 3169 3270 unum
3216 3229 3419 3270 novum
3466 3213 3742 3269 hominem

346 3302 501 3357 enim
532 3301 860 3357 Jeremias:
904 3307 1053 3360 Mors
1099 3304 1335 3358 intravit
1358 3320 1462 3375 per
1487 3306 1755 3374 fenestras
1789 3312 1989 3360 vestras

2101 3286 2414 3376 (Ephesii,
2451 3306 2537 3372 14,
2574 3305 2680 3372 15).
2714 3305 2871 3359 Duos
2914 3286 3250 3359 interiorem
3293 3306 3351 3358 et
3377 3301 3746 3372 exteriorem,

342 3392 569 3451 (Jerem.
617 3407 695 3460 ιχ,
744 3392 856 3459 21).
911 3391 1217 3447 Fenestras
1264 3353 1459 3447 entiam
1487 3353 1789 3448 'habemus
1814 3393 1987 3466 quin-
2020 3353 2063 3420 ϐ
2100 3353 2210 3450 ξιοΓο
2240 3398 2350 3459 est,
2382 3353 2760 3448 immhndlum
2809 3392 3019 3447 faciam
3071 3396 3363 3447 sanctum.
3398 3392 3465 3446 Et
3495 3353 3745 3446 iterum;

346 3497 483 3551 que,
515 3479 625 3535 hoc
681 3482 790 3547 est,
819 3480 1033 3548 visum,
1062 3480 1352 3552 auditum,
1385 3484 1647 3554 gustum,
1680 3482 1987 3537 odoratum

337 3572 395 3624 et
420 3572 663 3623 tactum.
697 3569 751 3623 Si
776 3585 912 3641 ergo
932 3569 1129 3624 videro
1152 3569 1459 3625 mulierem
1484 3571 1554 3625 ad
1579 3570 1991 3643 concupiscen-

334 3658 474 3712 dum
510 3674 659 3724 eam,
682 3658 809 3729 jam
842 3657 1167 3713 moechatus
1212 3676 1344 3714 sum
1394 3664 1522 3714 eam
1553 3657 1611 3713 in
1655 3660 1827 3715 corde
1859 3676 1988 3715 meo

330 3746 541 3815 (Matth.
601 3764 658 3815 v,
714 3748 826 3818 28),
886 3751 945 3802 et
998 3747 1241 3801 intravit
1298 3765 1459 3803 mors
1511 3765 1613 3820 per
1672 3750 1986 3805 fenestram

252 3906 261 3909 ν
332 3850 547 3902 meam,
578 3835 687 3891 hoc
717 3840 804 3891 est
835 3852 936 3908 per
978 3836 1191 3891 visum.
1226 3836 1284 3891 Si
1334 3836 1499 3906 tibia,
1541 3841 1641 3892 aut
1671 3853 1979 3910 organum,

333 3928 436 3978 aut
465 3924 730 3981 calamus
761 3927 931 3997 quasi
963 3924 1246 3982 dissolvat
1268 3943 1380 3993 me,
1414 3943 1572 3982 mors
1613 3927 1851 3983 intravit
1883 3944 1984 4000 per

333 4013 601 4068 auditum
635 4029 853 4068 meum.
886 4014 943 4067 Si
976 4019 1172 4070 autem
1203 4014 1424 4084 aliquid
1448 4015 1621 4069 molle
1646 4019 1908 4087 tangam,
1933 4022 1990 4072 et

335 4103 526 4157 solvar
552 4101 814 4173 corporis
846 4101 1107 4168 mollitie,
1143 4119 1302 4157 mors
1355 4102 1595 4157 intravit
1640 4119 1741 4175 per
1768 4108 1985 4159 tactum

334 4205 554 4256 meum,
586 4193 646 4244 et
673 4194 884 4244 caetera
934 4189 1227 4246 similiter.
1277 4192 1427 4263 Ergo
1480 4191 1824 4263 deprecatur
1853 4197 1990 4249 Pro-

333 4277 509 4349 pheta
535 4277 754 4332 ostium
788 4278 1263 4345 circumstantiae,
1295 4279 1404 4335 hoc
1436 4286 1544 4348 est,
1590 4285 1656 4334 ut
1687 4281 1989 4337 muniatur

331 4370 453 4421 tota
483 4366 610 4437 ejus
640 4366 874 4435 domus,
906 4371 964 4421 et
1006 4383 1123 4423 non
1167 4369 1380 4423 habeat
1429 4370 1800 4425 adversarius
1833 4372 1986 4426 unde

334 4455 700 4528 ingrediatur
728 4458 787 4511 et
815 4455 1151 4511 dominetur
1180 4456 1542 4512 hominibus.
1576 4457 1802 4512 Dicitur
1825 4458 1983 4513 enim

332 4544 393 4600 in
424 4543 684 4617 Epistula
713 4544 898 4599 sancti
941 4543 1089 4599 Petri
1119 4560 1131 4599 :
1183 4545 1543 4601 Adversarius
1591 4554 1769 4601 noster
1794 4546 1983 4600 diabo-

334 4634 421 4688 lus
447 4636 590 4688 sicut
620 4634 700 4688 leo
756 4636 976 4705 rugiens
1029 4635 1248 4704 circuit,
1302 4650 1555 4704 quaerens
1583 4650 1742 4707 quem
1769 4635 1983 4689 devoret

2096 3483 2215 3538 Noe
2236 3484 2293 3538 in
2318 3498 2474 3549 area,
2503 3482 2726 3538 munda
2757 3486 2998 3552 septena
3021 3479 3347 3536 introduxit
3368 3495 3568 3536 secum
3594 3496 3606 3533 :
3632 3478 3742 3535 im-

2099 3572 2321 3628 munda
2352 3575 2544 3626 autem
2577 3570 2693 3627 duo
2724 3574 2781 3626 et
2809 3570 2924 3625 duo
2954 3569 3109 3641 (Gen.
3142 3586 3240 3636 vn,
3272 3569 3350 3640 2).

2169 3698 2196 3727 ‹‹
2231 3676 2518 3749 Corripiet
2546 3693 2640 3733 me
2668 3678 2870 3748 justus
2900 3677 2958 3731 in
3000 3675 3419 3744 misericordia,
3457 3679 3515 3731 et
3556 3673 3743 3731 incre-

2099 3768 2262 3840 pabit
2292 3783 2404 3822 me.
2437 3788 2464 3817 »
2500 3768 2668 3835 Quem
2720 3768 2905 3837 diligit
2948 3767 3228 3833 Dominus,
3276 3766 3503 3837 corripit
3524 3782 3542 3819 :
3575 3766 3744 3820 casti-

2097 3865 2188 3929 gat
2217 3862 2402 3912 autem
2427 3872 2645 3912 omnem
2678 3858 2856 3920 ﬁlium
2884 3873 3043 3927 quem
3071 3856 3267 3927 recipit
3314 3855 3495 3927 (Hebr.
3530 3871 3630 3922 xu,
3662 3854 3741 3924 6).

2098 3947 2311 4001 Beatus
2344 3949 2435 4001 est
2464 3946 2563 4017 qui
2606 3944 2937 4017 corripitur,
2979 3961 3095 3999 non
3150 3943 3433 3998 retribuet
3460 3941 3745 3997 Dominus

2097 4034 2189 4089 bis
2220 4036 2278 4089 in
2311 4034 2568 4104 idipsum
2601 4033 2863 4103 (Nahum,
2902 4034 2949 4101 1,
3005 4033 3081 4102 9).
3140 4032 3351 4102 Magna
3405 4034 3494 4086 est
3528 4030 3615 4085 ira
3643 4031 3745 4086 Dei

2096 4123 2331 4194 quando
2364 4139 2478 4178 non
2512 4120 2681 4177 nobis
2710 4121 3000 4176 irascitur.
3018 4120 3291 4175 Reservat
3322 4119 3479 4176 enim
3504 4136 3609 4175 nos
3630 4119 3741 4176 sic-

2097 4218 2164 4266 ut
2189 4210 2436 4266 vitulum
2461 4210 2518 4264 in
2542 4209 2919 4265 occisionem.
2963 4209 3051 4263 Ad
3095 4207 3421 4265 Jerusalem
3466 4206 3623 4265 enim
3654 4207 3743 4263 di-

2094 4299 2209 4356 cit:
2243 4298 2422 4354 Multa
2454 4303 2593 4354 sunt
2622 4302 2857 4370 peccata
2887 4302 3009 4365 tua,
3043 4303 3100 4353 et
3135 4297 3331 4352 multa:
3364 4297 3742 4369 iniquitates:

2094 4394 2399 4462 propterea
2454 4404 2569 4442 non
2628 4388 2851 4443 irascor
2905 4387 3012 4442 tibi
3070 4389 3288 4453 (Jerem.
3353 4404 3435 4456 ιιι,
3495 4386 3603 4457 12),
3635 4384 3747 4442 hoc

2105 4482 2213 4542 est,
2238 4477 2472 4547 quando
2496 4474 2760 4531 adultera
2780 4492 2910 4531 eras
2935 4480 3181 4541 tantum,
3223 4475 3480 4529 zelabam
3505 4478 3559 4529 te
3576 4474 3745 4546 quasi

2098 4566 2353 4638 diligens
2382 4570 2475 4620 te:
2511 4565 2744 4636 quand‘o
2796 4569 2994 4619 autem
3049 4563 3266 4619 multos
3297 4563 3554 4619 habuisti
3588 4580 3746 4620 ama-

2095 4660 2268 4723 tores,
2328 4654 2650 4725 contempsi
2707 4658 2783 4718 te,
2816 4658 2873 4707 et
2931 4670 3046 4707 non
3105 4653 3325 4707 irascor
3383 4653 3488 4707 tibi
3523 4653 3741 4723 (Ezech.

335 4722 385 4793 (l
411 4723 558 4777 Petr.
581 4739 638 4787 v,
670 4724 748 4787 8).
782 4721 1063 4778 Diabolus
1095 4740 1208 4779 non
1249 4728 1474 4795 pugnat
1502 4724 1615 4779 cito
1645 4728 1847 4779 contra
1876 4723 1985 4779 ali-

2095 4762 2210 4813 xvr,
2244 4746 2351 4813 42).
2403 4742 2909 4810 Quemadmodum
2966 4742 3055 4796 vir
3111 4741 3258 4798 zelat
3306 4758 3544 4797 uxorem
3577 4758 3746 4798 suam

335 4826 511 4882 quem
543 4825 646 4882 per
674 4811 920 4882 grandia
948 4812 1108 4879 vitia,
1163 4813 1262 4867 sed
1317 4830 1417 4884 per
1466 4829 1664 4885 parva,
1702 4818 1769 4867 ut
1802 4814 1988 4884 possit

336 4900 867 4972 quomodocunque
917 4901 1135 4956 intrare
1192 4906 1250 4956 et
1305 4902 1594 4959 dominari
1652 4903 1898 4969 homini,
1932 4908 1989 4959 et

338 4993 540 5060 postea
568 5003 701 5044 eum
734 4990 792 5043 in
824 4990 1050 5060 majora
1078 4989 1220 5045 vitia
1268 4991 1538 5062 impellit.
1587 4992 1710 5047 Non
1744 5009 1847 5063 per
1874 4993 1988 5046 for-

338 5077 712 5143 nicationem,
773 5093 889 5134 non
945 5095 1049 5151 per
1106 5078 1433 5147 avaritiam,
1488 5081 1588 5136 sed
1634 5097 1737 5152 per
1766 5080 1992 5137 minora

336 5165 474 5222 vitia
503 5166 849 5239 ingreditur.

409 5296 434 5322 ιι
471 5272 595 5329 Νοη
629 5271 887 5329 declines
934 5291 1032 5329 cor
1074 5292 1268 5331 meum
1322 5275 1379 5329 in
1431 5276 1606 5330 verba
1654 5275 1887 5330 malitiae
1917 5275 1989 5330 ad

334 5364 704 5419 excusandas
734 5364 1141 5421 excusationes
1173 5363 1230 5419 in
1264 5365 1539 5437 peccatis.
1579 5387 1604 5412 ››
1637 5363 1681 5419 Ο
1713 5364 1989 5420 infelicis-

335 5451 556 5510 simum
588 5452 919 5510 humanum
950 5469 1157 5525 genus,
1190 5455 1288 5527 qui
1335 5457 1571 5526 peccata
1617 5470 1989 5524 excusemus,

340 5541 635 5598 dicentes:
669 5543 873 5599 Victus
906 5558 1038 5599 sum
1069 5560 1102 5598 a
1132 5548 1381 5600 natura:
1433 5561 1565 5599 cum
1614 5543 1670 5598 in
1707 5548 1993 5616 potestate

343 5634 543 5685 nostra
572 5631 671 5699 sit,
703 5636 761 5688 et
792 5647 1052 5704 peccare,
1105 5636 1162 5687 et
1210 5632 1457 5690 Domino
1510 5634 1842 5703 adjuvante,
1875 5650 1991 5688 non

348 5733 607 5791 peccare.
647 5721 892 5794 Semper
936 5737 1285 5778 excusemus
1329 5720 1719 5794 nosmetipsos
1765 5727 1823 5777 et
1851 5722 1992 5777 dici-

349 5824 519 5866 mus:
580 5808 698 5881 Ego
754 5810 1021 5870 nolebam
1076 5826 1351 5883 peccare:
1386 5829 1518 5869 caro
1569 5827 1661 5869 me
1698 5811 1850 5868 vicit.
1888 5811 1993 5869 llla

2096 4834 2332 4906 quando
2354 4849 2481 4888 eam
2519 4829 2749 4903 diligit;
2775 4831 2823 4887 si
2847 4834 3043 4887 autem
3090 4848 3204 4887 non
3244 4831 3411 4898 zelat,
3441 4832 3565 4888 odit
3593 4846 3747 4902 eam,

2098 4928 2153 4979 et
2172 4940 2284 4977 non
2310 4920 2696 4992 consequitur
2725 4920 2884 4976 illius
2907 4937 3206 4977 sermones
3236 4920 3335 4991 qui
3382 4920 3569 4975 dicet:
3608 4920 3748 4975 Visi-

2100 5014 2222 5067 tabo
2256 5014 2316 5067 in
2344 5014 2503 5082 virga
2539 5013 2863 5081 iniquitates
2893 5026 3078 5065 eorum
3113 5009 3287 5077 (Psal.
3337 5025 3601 5079 Lxxxvm,

2099 5101 2167 5155 Et
2198 5100 2411 5155 iterum
2438 5117 2451 5157 :
2486 5102 2549 5156 Et
2580 5116 2690 5156 non
2723 5099 2955 5155 visitabo
2980 5098 3127 5168 ﬁlias
3157 5113 3342 5152 eorum
3375 5097 3589 5167 quando
3627 5099 3747 5168 for-

2098 5192 2299 5245 nicata!
2325 5192 2539 5260 fuerint
2565 5190 2711 5258 (Ose,
2748 5205 2822 5257 1v,
2874 5188 2984 5257 14).
3035 5209 3061 5235 ‹‹
3097 5184 3381 5257 Corripiet
3428 5202 3521 5241 mc
3545 5186 3747 5258 justus

2103 5278 2159 5333 in
2194 5278 2613 5343 misericordia,
2646 5281 2704 5332 et
2736 5275 3060 5346 increpabit
3090 5292 3201 5331 mc.
3240 5297 3268 5322 ››
3312 5279 3467 5330 Pone
3499 5273 3592 5330 hic
3622 5290 3746 5329 ma-

2100 5367 2351 5440 gistrum
2374 5367 2651 5437 aliquem,
2699 5369 2798 5419 aut
2829 5368 3050 5435 patrem
3096 5369 3197 5419 aut
3228 5363 3537 5420 medicum.
3572 5362 3630 5419 Si
3656 5361 3746 5417 vi-

2103 5456 2251 5512 derit
2279 5455 2541 5511 medicus
2571 5454 2629 5507 in
2661 5468 2899 5524 corpore
2934 5470 3138 5508 carnes
3170 5451 3456 5523 putridas,
3488 5456 3545 5508 et
3563 5452 3742 5522 dicat,

2103 5545 2249 5612 Quid
2281 5544 2352 5599 ad
2385 5558 2479 5598 me
2511 5541 2846 5615 pertinent?
2874 5542 3027 5595 scias
3073 5542 3212 5613 quia
3261 5541 3512 5597 crudelis
3543 5544 3649 5597 est.
3688 5540 3749 5596 Si

2102 5638 2296 5689 autem
2322 5632 2617 5703 praecidat,
2640 5635 2697 5685 et
2727 5630 3051 5685 caulerium
3089 5629 3369 5702 imponat,
3411 5629 3748 5687 misericors

2102 5726 2223 5778 est:
2257 5722 2395 5793 quia
2426 5724 2595 5776 sanat
2624 5719 2942 5775 hominem.
2976 5719 3260 5775 Similiter
3287 5724 3345 5777 et
3392 5720 3671 5794 magister
3695 5720 3744 5775 si

2105 5810 2346 5866 dimittit
2375 5826 2644 5882 puerum,
2676 5814 2733 5865 et
2764 5826 2877 5865 non
2910 5808 2982 5865 ab
3012 5826 3078 5865 eo
3125 5810 3304 5883 exigit
3348 5805 3745 5885 disciplinam,
