4244 6570
554 435 714 503 ’1311

2063 459 2486 524 APPENDIX.

3796 460 3965 533 ,1313

551 583 672 641 odit
703 596 860 643 eum.
894 584 955 646 Si
986 593 1182 649 autem
1213 590 1424 666 exigat,
1457 594 1515 648 et
1544 592 1805 651 medicus
1845 601 2041 665 curet;
2067 616 2193 671 quae
2222 601 2278 668 Α
2306 603 2371 655 In
2416 600 2692 657 vicesimo
2748 598 2938 672 primo
2989 597 3213 670 psalmo
3269 598 3449 657 dicit:
3510 599 3790 675 Dissipata
3837 611 3965 661 sunt

551 680 792 747 putatur
866 699 995 740 esse
1070 688 1375 761 asperitas,
1454 688 1765 751 clementia
1838 700 1944 751 est.
1998 697 2197 755 Achab

551 770 818 842 arguitur
847 790 881 828 a
909 774 1157 833 Domino
1178 779 1249 835 de
1272 779 1523 849 Naboth,
1550 785 1786 854 quando
1807 786 2022 842 occidit
2041 805 2199 856 eum,

550 862 607 913 et
637 860 858 933 accepit
884 862 1113 921 vineam
1154 868 1302 939 ejus,
1363 873 1420 925 et
1475 871 1680 927 effudit
1729 876 2079 947 sanguinem
2100 877 2199 949 ju-

550 950 730 1037 stum.
751 950 905 1008 Elias
931 956 1214 1026 propheta
1235 958 1454 1016 missus
1493 964 1583 1016 est
1620 964 1691 1018 ad
1727 981 1861 1020 eum
1885 966 1984 1037 qui
2008 967 2155 1023 dixit
2182 985 2195 1023 :

550 1036 826 1108 Occidisti,
884 1048 935 1099 et
984 1048 1268 1115 possedisti
1323 1049 1424 1121 (III
1476 1053 1602 1120 Reg.
1659 1071 1774 1121 xxx,
1838 1036 2198 1127 19):'statim

549 1129 909 1187 conscientia
958 1149 1273 1205 percussus
1332 1139 1609 1198 submisit
1665 1144 1944 1201 cervicem
1975 1152 2032 1203 et
2061 1164 2196 1203 ocu-

547 1214 658 1282 los,
714 1222 773 1274 et
827 1219 936 1277 hoc
993 1223 1232 1294 impius,
1288 1231 1345 1283 et
1394 1246 1493 1285 rex
1548 1230 1792 1288 indutus
1823 1251 2102 1307 purpura.
2134 1237 2201 1292 Et

550 1310 751 1377 postea
780 1309 920 1365 dicit
951 1312 1254 1384 Scriptura
1288 1332 1299 1371 :
1352 1318 1506 1389 quod
1562 1321 1805 1378 audiens
1855 1323 2047 1379 induit
2072 1325 2195 1380 cili-

547 1394 702 1450 cium
736 1398 947 1455 subtus
976 1418 1321 1473 purpuram.
1357 1409 1423 1461 Et
1453 1408 1656 1467 videns
1686 1411 1837 1467 Deus
1870 1413 2015 1469 dixit
2039 1416 2199 1484 :Quia

545 1487 819 1543 reveritus
849 1494 925 1545 est
954 1494 1035 1546 est
1079 1509 1166 1549 me
1218 1495 1439 1552 Achab:
1498 1515 1607 1555 non
1659 1502 1919 1558 inducam
1959 1507 2106 1560 mala
2137 1506 2196 1560 in

542 1591 675 1630 eum
701 1576 862 1645 (Ibid.
894 1580 1006 1651 29).
1037 1580 1183 1638 Vide
1209 1599 1346 1656 ergo
1376 1592 1663 1657 quantum
1704 1591 1887 1647 valuit
1917 1592 2193 1660 cilicium,

542 1668 601 1718 et
621 1665 940 1736 jejunium,
975 1674 1033 1724 et
1081 1672 1311 1729 modica
1342 1674 1601 1749 lacryma
1640 1684 1925 1750 quantum
1960 1684 2195 1748 sangui-

547 1768 683 1808 nem
710 1753 871 1810 lavit.
904 1757 989 1813 Ita
1017 1775 1153 1831 ergo
1202 1767 1430 1835 oportet
1475 1768 1671 1823 vestiri
1720 1770 1908 1826 cilicio
1956 1776 2013 1827 et
2036 1774 2191 1842 jeju-

545 1842 707 1930 nare,
739 1852 802 1899 ut
831 1862 1002 1903 nemo
1026 1849 1240 1907 videat.
1290 1855 1573 1926 Corripiet
1618 1858 1930 1930 dupliciter
1975 1860 2189 1917 intelli-

2309 695 2569 748 universa
2597 708 2717 748 ossa
2761 708 2883 747 mea
2942 690 3109 763 (Psal.
3170 707 3284 762 XXI,
3346 691 3456 763 15),
3513 692 3573 747 Si
3633 692 3957 750 secundum

2309 780 2560 837 litteram
2592 780 2998 853 intelligimus,
3046 797 3161 837 non
3200 784 3336 837 stat.
3387 782 3690 853 Siquidem
3721 782 3957 839 cruciﬁ-

2309 889 2418 927 xus
2485 876 2574 927 est
2628 877 2878 927 tantum.
2938 871 3179 938 Quando
3231 870 3444 927 videris
3502 872 3731 942 Arium,
3762 872 3957 929 Euno-

2311 962 2495 1017 mium
2552 965 2714 1017 extra
2772 961 3130 1029 Ecclesiam;
3192 960 3452 1033 intellige
3510 961 3797 1033 dissipata
3824 978 3951 1019 esse

2308 1067 2443 1105 ossa
2473 1050 2711 1106 Domini
2738 1068 2906 1107 secus
2962 1050 3279 1107 infernum.
3342 1050 3419 1105 Os
3477 1051 3630 1122 quod
3673 1052 3815 1106 forte
3844 1056 3948 1123 est,

2309 1138 2421 1210 ipsi
2454 1141 2704 1210 majores
2735 1144 2875 1196 sunt
2918 1140 3019 1213 qui
3069 1140 3339 1196 videntur
3385 1139 3604 1211 aliquid
3655 1155 3817 1197 esse:
3853 1148 3955 1212 per

2308 1228 2749 1301 multiloquium
2810 1230 3093 1303 ipsorum,
3154 1235 3211 1285 et
3269 1245 3370 1302 per
3423 1228 3850 1301 philosophiam
3894 1235 3952 1287 et

2308 1319 2739 1375 contentionem
2770 1318 3133 1375 inducuntur
3156 1319 3229 1375 ab
3261 1317 3567 1374 haereticis.

2386 1427 2405 1455 ι
2442 1408 2681 1463 Custodi
2712 1425 2805 1464 me
2835 1426 2869 1463 a
2899 1409 3107 1480 laqueo
3134 1424 3310 1480 quem
3357 1412 3690 1464 statuerunt
3721 1407 3887 1464 mihi.
3922 1431 3951 1460 ››

2307 1497 2548 1568 Semper
2593 1497 2763 1552 nobis
2809 1496 3051 1570 laqueos
3098 1499 3350 1554 tendunt
3401 1501 3502 1553 aut
3546 1497 3818 1567 haeretici,
3852 1502 3953 1554 aut

2305 1586 2620 1641 daemones.
2652 1586 2809 1642 Vitia
2836 1588 2993 1643 enim
3032 1588 3224 1643 vicina
3282 1591 3422 1642 sunt
3476 1587 3808 1643 virtutibus.
3841 1588 3950 1643 La-

2304 1691 2521 1746 queum
2547 1674 2691 1730 mihi
2717 1680 3041 1748 posuerunt
3063 1677 3120 1732 in
3144 1675 3533 1748 eleemosyna,
3574 1676 3622 1731 si
3644 1677 3947 1733 extendere

2305 1781 2546 1820 manum
2571 1770 2852 1831 meam,ut
2873 1765 3108 1822 videant
3132 1765 3435 1822 homines:
3463 1770 3519 1820 et
3539 1765 3707 1837 quasi
3730 1766 3942 1823 bonum

2304 1854 2544 1922 faciens,
2575 1854 2743 1910 venio
2775 1854 2835 1910 in
2864 1856 3073 1911 vitium
3114 1860 3170 1910 et
3200 1855 3260 1910 in
3306 1859 3627 1928 peccatum.
3661 1856 3717 1911 Si
3749 1862 3942 1912 autem

541 1929 704 2030 gitur
723 1948 736 1986 :
771 1937 873 2033 aut
902 1942 1126 2042 arguet,
1160 1944 1261 1996 aut
1289 1943 1537 2000 docebit.
1578 1966 1599 1993 π
1635 1929 1838 2004 Oleum
1872 1952 2191 2022 peccatoris
2223 1978 2271 2042 B
2302 1943 2514 2042 άθςιῗνο
2557 1943 2817 2042 tunica?1
2858 1944 3061 2042 fratri.
3124 1949 3187 1999 Ut
3236 1944 3383 2042 εξηθΓ
3433 1944 3642 2042 Videt“:
3676 1943 3943 2042 Ῑαίίιξθυπξ

543 2035 657 2075 non
689 2022 1018 2095 impingunt
1044 2033 1220 2100 caput
1253 2047 1471 2087 meum.
1508 2057 1534 2083 ››
1566 2035 1826 2107 populus
1869 2056 2055 2111 meus,
2090 2041 2191 2113 qui
2225 2022 2271 2042 ”
2303 2030 2449 2087 mihi
2480 2036 2820 2113 posuerunt.
2856 2034 3095 2105 Semper
3124 2033 3307 2089 cervis
3347 2034 3669 2089 tenduntur
3698 2034 3856 2101 retia,
3890 2037 3947 2090 et

539 2124 642 2199 vos
700 2110 1034 2170 beatiﬁcant
1090 2118 1381 2177 seducunt
1442 2140 1544 2180 vos
1602 2126 1730 2196 (ιεα,
1783 2145 1858 2199 ιχ,
1894 2130 2000 2199 16),
2038 2110 2189 2187 [έυε
2299 2119 2491 2191 laquei
2523 2112 2609 2176 eis
2642 2127 2961 2192 ponuntur,
2995 2122 3092 2177 ubi
3124 2122 3368 2196 vestigia
3398 2138 3600 2178 eorum
3631 2122 3944 2194 deprehen-

538 2196 965 2292 baareticorum,
989 2212 1046 2260 et
1064 2206 1256 2265 oleum
1280 2210 1568 2284 ipsorum,
1591 2232 1706 2287 quo
1738 2196 1971 2290 ungunt
1996 2220 2191 2292 capita
2299 2209 2447 2265 derit
2476 2215 2734 2265 venator.
2770 2213 2984 2268 Cervus
3036 2216 3232 2267 autem
3284 2211 3565 2284 accipitur
3611 2211 3669 2266 in
3701 2216 3899 2268 sancto
3928 2228 3942 2267 :

539 2285 871 2358 hominum,
895 2297 951 2348 et
973 2298 1389 2366 repromittunt
1436 2303 1520 2359 eis
1561 2285 1729 2377 signa
1750 2285 2186 2377 coelorum,im-

536 2377 787 2469 pinguat
815 2380 900 2437 eis
926 2390 1119 2456 caput.
1154 2387 1337 2443 Omne
1368 2396 1563 2448 autem
1616 2394 1834 2466 pingue
1874 2399 2183 2469 reprehen-

538 2464 626 2520 dit
654 2467 976 2542 Scriptura,
1011 2473 1164 2530 sicut
1219 2477 1398 2537 dicit:
1458 2483 1524 2536 Et
1573 2464 1865 2540 inundavit
1917 2464 2099 2557 Iacob,
2132 2498 2185 2545 et

534 2561 812 2613 saturatas
883 2565 961 2615 est
1018 2571 1071 2618 et
1137 2567 1495 2626 catcitravit:
1554 2571 1784 2629 dilectus
1840 2577 2185 2634 incrassatus

532 2646 1063 2721 est:impinguatus,
1112 2655 1378 2713 dilatatus
1435 2667 1513 2715 est
1572 2661 1750 2732 (Deut.
1807 2681 1968 2733 xxm,
2013 2666 2097 2734 15,
2130 2672 2185 2722 et

531 2734 646 2824 Jer.
675 2752 728 2805 v,
760 2738 850 2805 20,
881 2740 993 2811 28).
1027 2742 1242 2801 Monna
1273 2750 1468 2804 autem
1521 2751 1862 2824 angelorum
1893 2757 2067 2811 tenue
2096 2760 2186 2813 est

531 2823 723 2890 (Exod.
755 2844 871 2895 xvx,
907 2830 1015 2899 14).

602 2953 631 2980 ‹‹
664 2934 951 2998 Quoniam
982 2938 1195 3003 adhuc.
1228 2946 1286 2998 et
1315 2945 1498 3002 oratio
1530 2963 1661 3004 mea
1706 2949 1764 3005 in
1798 2949 2181 3023 beneplacitis

533 3035 757 3114 eorum.
797 3024 971 3114 »'Hoc
997 3028 1139 3085 dicit
1171 3048 1182 3084 :
1237 3033 1354 3103 Ipsi
1406 3036 1644 3106 quidem
1694 3039 2041 3110 sapiebant:
2075 3058 2180 3114 ego

536 3112 730 3165 autem
764 3128 867 3182 pro
896 3113 1043 3186 ipsis
1072 3119 1312 3176 orabam
1348 3126 1408 3177 ut
1437 3129 1872 3183 convertantur.
1913 3151 1934 3178 ι
1961 3112 2179 3186 Absor-

534 3196 614 3268 pii
646 3203 786 3255 sunt
806 3201 999 3272 juncti
1030 3210 1206 3277 petra:
1253 3210 1486 3279 judices
1530 3231 1753 3271 eorum.
1790 3238 1818 3265 »
1850 3217 2013 3274 Sicut
2041 3219 2178 3275 alibi

2297 2298 2435 2369 quia
2467 2299 2619 2355 altus
2649 2306 2760 2366 est,
2797 2308 2853 2356 et
2897 2318 3117 2357 cornua
3158 2302 3404 2375 grandia
3452 2300 3649 2371 habet,
3679 2305 3734 2357 et
3762 2299 3942 2356 inter-

2297 2388 2417 2443 ﬁcit
2446 2394 2767 2461 serpentes.
2819 2394 3131 2462 Propterea
3181 2391 3321 2448 dicit
3368 2389 3543 2447 alibi:
3578 2391 3688 2461 Qui
3711 2392 3941 2462 perfecit

2292 2477 2453 2549 pedes
2482 2494 2629 2534 meos
2658 2483 2921 2551 tanquam
2974 2496 3259 2537 cervorum.
3308 2480 3476 2552 (Psal.
3522 2496 3655 2547 xvn,
3689 2479 3799 2550 34).
3832 2480 3945 2535 Ta-

2296 2564 2371 2621 lis
2429 2566 2586 2622 enim
2646 2568 2862 2624 dicitur
2891 2586 3020 2625 esse
3051 2570 3304 2640 virtutis,
3347 2572 3411 2625 ut
3458 2568 3666 2641 spiritu
3713 2568 3943 2633 narium

2296 2672 2538 2712 suarum
2606 2658 2945 2729 protrahere
3003 2664 3301 2732 serpentes
3357 2660 3427 2715 de
3491 2657 3747 2714 cavernis
3776 2662 3832 2713 et
3858 2657 3941 2714 sic

2294 2747 2597 2802 comedere
2623 2748 2828 2805 valeat.
2862 2748 2979 2821 Ipsi
3009 2765 3145 2822 ergo
3190 2752 3489 2822 serpentes
3519 2752 3744 2821 ponunt
3771 2747 3937 2803 nobis

2293 2835 2590 2908 scandala,
2624 2837 2732 2892 hoc
2763 2842 2872 2906 est,
2907 2839 3201 2894 daemones
3252 2839 3312 2893 in
3365 2837 3510 2910 ipsis
3555 2836 3813 2909 vestigiis
3844 2853 3939 2893 no-

2294 2923 2434 2979 stris
2473 2925 2574 2980 ubi
2604 2927 2947 2997 gradimur:
2981 2929 3042 2983 in
3078 2928 3416 2996 virtutibus,
3449 2927 3508 2982 in
3552 2926 3935 2999 eleemosyna,

2293 3017 2357 3067 ut
2386 3029 2581 3069 coram
2612 3014 2955 3073 hominibus
2985 3018 3270 3073 faciamus
3302 3021 3538 3090 propter
3575 3031 3781 3071 venam
3812 3014 3938 3088 glo-

2291 3101 2460 3158 riam.
2488 3104 2551 3157 ln
2569 3104 2817 3174 jejunio,
2842 3104 2899 3159 in
2924 3107 3206 3175 oratione,
3233 3106 3291 3160 in
3317 3105 3616 3161 vestiendo
3639 3104 3894 3160 cilicium
3918 3121 3935 3160 :

2290 3194 2346 3245 et
2376 3192 2683 3248 ostendere
2715 3192 3076 3252 heminibus.
3110 3195 3219 3261 Qui
3249 3194 3407 3251 enim
3457 3194 3701 3252 vestitur
3727 3192 3935 3263 cilicio,

531 3284 674 3341 dicit
700 3292 723 3341 τ’
744 3292 943 3347 Beatus
970 3295 1068 3365 qui
1095 3300 1299 3354 tenebit
1326 3304 1379 3355 et
1407 3302 1613 3359 (illidet
1659 3304 1923 3375 parvulos
1951 3324 2077 3363 suos
2108 3309 2178 3364 ad
2214 3349 2255 3375 ρ,
2288 3280 2699 3375 ίῗθδθίμιυὲίῗνῗ
2720 3300 2828 3339 sua
2875 3288 3149 3356 Ρθθθθιαῖ
3199 3283 3614 3375 nonsloriari»
3662 3285 3721 3375 9t
3744 3287 3938 3375 οδῩῙθΨ

526 3378 745 3445 petram
773 3377 954 3448 (ρεαι,
976 3349 2178 3458 'cxxgsl','§),"pg;,;”,g;,;,";;al"ag;
2213 3349 2255 3416 Ο
2293 3370 2428 3425 dere
2458 3349 2818 3428 hominibus.
2855 3349 2893 3424 «-
2916 3374 2984 3429 Et
3023 3392 3057 3430 a
3107 3349 3401 3431 scandalis
3430 3349 3793 3446 operantium
3824 3370 3935 3427 ini-

529 3465 658 3519 stus
688 3464 885 3557 (I_Cor.
919 3486 975 3536 x,
1006 3472 1080 3543 4).
1120 3476 1345 3531 Parvuli
1395 3484 1591 3536 autem
1644 3482 1921 3550 minores,
1956 3488 2014 3541 et
2044 3502 2177 3557 par-

527 3568 607 3646 vas
639 3554 1023 3646 cogitationes
1055 3567 1368 3636 antequam
1421 3574 1703 3625 crescant.
1756 3571 1825 3627 Et
1872 3554 2174 3646 nunciipsi

528 3638 802 3714 hmretici,
828 3643 962 3701 licet
990 3664 1093 3719 per
1120 3652 1491 3712 Aristotelem
1524 3661 1583 3713 et
1611 3658 1910 3717 Platonem
1942 3638 2178 3718 videan-

527 3732 626 3783 tur
682 3730 1120 3819 simplicitatem
1192 3741 1461 3800 Ecclesize
1536 3754 1925 3819 contemnere,
1980 3755 2178 3807 tamen

527 3818 764 3888 quando
788 3823 1053 3882 venerint
1083 3827 1153 3882 ad
1185 3829 1537 3903 Scripturas,
1561 3835 1761 3892 statim
1783 3818 2180 3894 absorbebun-

527 3907 685 3962 tura
733 3914 917 3981 petra,
949 3912 1058 3970 hoc
1111 3921 1223 3985 est,
1256 3935 1291 3974 a
1345 3919 1599 3993 Christo,
1657 3929 1715 3980 et
1772 3932 2181 3984 convertentur

528 3995 599 4051 ad
632 4013 790 4061 eum,
823 4001 1134 4076 Absorptio
1156 4008 1312 4064 enim
1337 4026 1437 4081 pro
1460 4011 1701 4069 victoria
1744 4015 1993 4071 dicitur:
2027 4017 2182 4073 sicut

529 4087 848 4157 Apostolus
881 4090 1060 4148 dicit:
1093 4095 1357 4169 Absorpta
1387 4109 1465 4156 est
1499 4118 1647 4159 mors
1688 4105 1749 4158 in
1792 4107 2040 4160 victoria.
2079 4107 2181 4163 Ubi

529 4178 635 4263 est,
663 4190 831 4263 mors,
869 4179 1098 4237 victoria
1132 4188 1267 4239 tua?
1316 4187 1433 4259 Ubi,
1468 4190 1722 4261 inferme,
1762 4195 2020 4250 stimulus
2051 4199 2178 4251 tuus

525 4262 577 4356 (l
604 4261 726 4318 Cor.
754 4261 843 4356 sv,
894 4268 987 4337 54,
1020 4269 1161 4343 55)?
1202 4273 1517 4333 Victoriam
1574 4285 1774 4336 autem
1815 4282 1957 4339 dicit
1985 4284 2177 4356 ipsam

525 4349 986 4427 absorptionem,
1021 4375 1198 4431 quam
1249 4362 1552 4421 victoriam
1600 4367 1854 4426 habebat
1884 4372 1942 4426 in
1973 4349 2174 4429 absor-

523 4438 736 4497 bendo.

599 4552 627 4578 ‹‹
660 4531 917 4622 ᾼιιάὶθηι
943 4537 1119 4593 verba
1148 4555 1297 4608 mea,
1323 4543 1601 4613 quoniam
1624 4550 1960 4617 potuerunt.
1994 4572 2023 4599 »
2046 4550 2175 4622 Ipse

526 4616 812 4707 Dominus
843 4623 1024 4680 dicit:
1059 4628 1205 4691 Quia
1233 4630 1305 4685 ad
1347 4648 1439 4687 me
1483 4616 1791 4703 venerunt,
1844 4636 1975 4692 victi
2011 4616 2171 4707 sunt,

2284 3459 2589 3530 quitatem.
2626 3483 2652 3511 »
2687 3465 2806 3517 Hoc
2840 3468 2952 3534 est,
2986 3467 3051 3519 ut
3081 3481 3197 3520 non
3229 3463 3543 3520 oll’endam.

2361 3570 2387 3598 ‹‹
2419 3548 2640 3605 Cadent
2667 3551 2725 3606 in
2756 3552 3034 3609 retiaculo
3064 3554 3194 3624 ejus
3224 3557 3576 3626 peccatores.
3604 3574 3632 3602 ››
3653 3551 3934 3624 Superius

2288 3637 2452 3705 dixit,
2487 3640 2709 3695 Custodi
2750 3657 2837 3696 me
2881 3659 2913 3696 a
2982 3643 3176 3713 laqueo
3241 3659 3399 3715 quem
3451 3645 3757 3697 statuerunt
3788 3642 3934 3697 mihi

2286 3728 2461 3796 (Vers.
2493 3728 2569 3796 9).
2603 3729 2674 3784 de
2704 3729 2927 3798 multis,
2962 3748 3118 3787 nunc
3150 3736 3344 3787 autem
3376 3732 3448 3787 de
3476 3747 3632 3787 uno:
3664 3730 3932 3801 «Cadent

2286 3816 2346 3870 in
2378 3816 2657 3873 retiaculo
2680 3819 2806 3889 ejus
2838 3823 3189 3891 peccatores.
3224 3842 3253 3870 ››
3284 3820 3785 3883 Quemadmodum
3817 3823 3929 3873 Do-

2287 3904 2486 3960 minus
2517 3905 2699 3961 mittit
2728 3912 2872 3976 rete,
2904 3913 2963 3963 et
3009 3908 3452 3981 comprehendit
3490 3908 3927 3965 multitudinem

2287 3992 2562 4065 piscium,
2595 3999 2653 4051 et
2689 3995 2864 4054 habet
2910 3997 3207 4071 apostolos
3255 3998 3572 4070 piscatores
3600 3996 3929 4069 colligentes

2287 4088 2345 4138 et
2385 4084 2692 4141 afferentes
2723 4087 2794 4142 ad
2818 4103 2975 4155 eum,
3000 4087 3108 4143 hos
3134 4087 3293 4160 ipsos
3313 4087 3413 4160 qui
3438 4104 3539 4161 per
3553 4104 3651 4144 eos
3667 4087 3928 4152 credunt,

2289 4172 2369 4228 ita
2391 4180 2449 4228 et
2473 4173 2743 4230 diabolus
2768 4176 2944 4231 habet
2965 4177 3258 4233 daamones
3279 4177 3381 4249 qui
3420 4177 3471 4231 ei
3495 4176 3742 4247 subjecti
3766 4177 3922 4242 sunt,

2293 4261 2392 4332 qui
2423 4266 2480 4316 et
2508 4263 2809 4335 decipiunt
2837 4264 3106 4322 homines
3134 4272 3190 4321 et
3236 4266 3489 4321 afferunt
3518 4264 3623 4320 illi.
3663 4283 3691 4317 α
3719 4263 3928 4336 Singu-

2294 4348 2495 4406 lariter
2515 4368 2647 4407 sum
2678 4368 2783 4425 ego
2813 4353 2995 4410 donec
3025 4358 3343 4411 transeam.
3378 4377 3407 4405 »
3428 4353 3581 4411 Dicit
3607 4352 3925 4410 Jeremias:

2294 4439 2449 4496 Solus
2476 4442 2748 4514 sedebam,
2789 4444 3168 4501 amaritudine
3204 4446 3355 4500 enim
3382 4444 3615 4517 repletus
3643 4458 3799 4498 eram
3824 4441 3929 4512 (Je-

2294 4545 2428 4586 rem.
2462 4549 2553 4593 xv.
2614 4533 2724 4603 17).
2782 4533 2901 4589 Hoc
2967 4536 3074 4604 est,
3131 4534 3190 4590 in
3247 4533 3606 4607 paenitentia,
3637 4530 3797 4588 solus
3824 4546 3928 4602 ego

2289 4621 2398 4677 hos
2427 4620 2592 4678 dolos
2639 4638 2831 4677 caveo.
2894 4622 2961 4677 Et
3012 4625 3236 4695 Moyses
3291 4621 3477 4677 dicit:
3536 4621 3819 4678 Transiens
3845 4620 3930 4673 vi-

526 4709 584 4761 et
614 4705 887 4765 delectati
919 4719 1058 4770 sunt
1090 4717 1235 4772 meis
1272 4720 1485 4790 verbis,
1537 4727 1593 4778 et
1640 4727 1901 4781 conversi
1934 4732 2073 4783 sunt
2100 4705 2172 4784 ad

2293 4711 2415 4766 iebo
2464 4710 2606 4766 hanc
2650 4712 2917 4767 visionem
2961 4728 3223 4783 magnam
3265 4711 3455 4784 (Exod.
3503 4728 3590 4777 ιιι,
3622 4711 3697 4779 3).
3721 4708 3781 4766 Si
3810 4724 3925 4764 non

527 4809 641 4862 me,
673 4799 730 4851 et
786 4804 926 4856 sunt
976 4801 1034 4857 in
1080 4804 1333 4863 Ecclesia
1382 4826 1528 4867 mea.
1557 4834 1586 4863 «
1637 4813 1801 4870 Sicut
1845 4818 2174 4875 crassitudo

524 4888 712 4939 terrae.
750 4908 778 4935 ››
810 4886 995 4946 Omne
1026 4907 1288 4950 crassum
1322 4897 1579 4956 vicinum
1608 4907 1699 4958 est
1732 4911 1910 4960 terrae.
1946 4910 2013 4962 Et
2043 4908 2173 4962 ani-

528 4990 625 5030 ma
654 4990 782 5047 qua
815 4983 1032 5050 peccat,
1094 4986 1256 5039 terra:
1316 4985 1515 5044 haeret.
1574 4990 1860 5049 Dominus
1915 4995 2074 5051 enim
2106 5013 2174 5053 ex

528 5063 697 5158 initio
728 5068 927 5125 omnia
954 5072 1156 5129 tenuia
1188 5074 1340 5130 fecit.
1376 5077 1495 5134 Suo
1523 5095 1659 5153 ergo
1691 5082 1827 5139 vitio
1860 5086 2177 5158 unusquis-

524 5169 637 5225 que
668 5155 1051 5227 incrassatur,
1097 5168 1153 5218 et
1208 5166 1523 5224 deducitur
1566 5169 1627 5224 in
1685 5155 2172 5233 terram.\Demus

523 5244 893 5318 exemplum:
927 5248 1080 5305 sicut
1126 5253 1338 5311 vulnus
1392 5257 1450 5313 in
1489 5276 1729 5333 corpore
1786 5266 2019 5319 tumens
2050 5265 2170 5336 ple-

522 5349 664 5389 num
693 5340 782 5411 est
811 5353 1099 5411 crassum,
1148 5346 1206 5397 et
1246 5348 1481 5416 quando
1530 5350 1747 5405 venerit
1792 5352 2057 5409 medicus
2088 5371 2172 5410 se-

520 5427 613 5515 cat
641 5423 860 5515 ipsum,
892 5432 950 5483 et
973 5434 1145 5485 sanat
1174 5437 1232 5488 et
1264 5439 1432 5492 tenue
1465 5438 1623 5509 facit,
1674 5443 1731 5495 et
1780 5443 1923 5497 tunc
1955 5441 2168 5515 redigi-

522 5514 621 5566 tur
652 5512 711 5568 in
742 5531 908 5572 suam
969 5522 1263 5592 naturam,
1313 5528 1606 5596 quomodo
1664 5531 1721 5583 et
1769 5533 2029 5587 creatum
2059 5512 2167 5589 est.

522 5598 657 5653 Ideo
685 5602 865 5658 dicit:
920 5628 949 5655 ‹‹
1011 5607 1173 5664 Sicut
1232 5613 1562 5669 ccassitudo
1622 5620 1785 5671 terrae
1846 5622 2052 5690 erupta
2082 5626 2171 5678 est

522 5701 701 5758 super
727 5692 965 5760 terram,
996 5700 1054 5752 et
1082 5697 1360 5757 salvatur.
1391 5724 1419 5752 »

514 5800 541 5865 ,⁷
600 5812 622 5842 ι
656 5794 951 5869 Dissipata
981 5806 1120 5860 sunt
1149 5820 1284 5866 ossa
1324 5812 1526 5869 nostra
1567 5828 1738 5871 secus
1785 5815 2101 5883 infernum.
2136 5841 2165 5872 »

2284 4800 2605 4870 transierit,
2633 4800 2744 4856 hoc
2774 4805 2884 4872 est,
2915 4802 3115 4857 omnia
3143 4800 3304 4869 vitia,
3352 4818 3472 4857 non
3516 4803 3708 4873 potest
3733 4797 3926 4854 videre

2284 4905 2559 4962 magnam
2588 4889 2892 4946 visionem.
2923 4893 3133 4965 Magna
3155 4896 3351 4947 autem
3372 4890 3518 4946 visio
3545 4907 3558 4946 :
3584 4889 3721 4962 quia
3744 4887 3926 4943 rubus

2284 4979 2546 5047 ardebat,
2603 4983 2662 5035 et
2720 4995 2835 5035 non
2891 4980 3351 5037 incendebatur:
3411 4979 3693 5037 ardebant
3720 4976 3924 5049 spina),

2286 5067 2391 5123 hoc
2447 5072 2538 5123 est
2599 5074 2851 5140 peccata.
2911 5073 3030 5126 Hoc
3080 5069 3214 5143 igne
3271 5070 3592 5126 mundatur
3616 5072 3675 5125 et
3704 5066 3923 5124 Isaias:

2281 5157 2393 5212 iste
2422 5161 2511 5211 est
2536 5157 2691 5213 enim
2717 5159 2890 5214 carbo
2913 5159 3012 5232 qui
3032 5159 3227 5232 tetigit
3274 5157 3430 5215 labia
3453 5159 3613 5230 ejus:
3662 5156 3762 5229 qui
3803 5158 3929 5210 erat

2282 5262 2460 5318 super
2488 5246 2668 5303 altare
2700 5248 2824 5318 (Isa.
2852 5264 2928 5317 vx,
2960 5250 3014 5320 6,
3046 5248 3125 5319 7).
3179 5249 3366 5320 Hujus
3416 5247 3685 5305 carbonis
3714 5244 3925 5302 memi-

2281 5335 2368 5391 nit
2397 5341 2453 5392 et
2472 5336 2757 5410 propheta
2783 5338 2957 5394 David
2984 5356 2997 5393 :
3024 5337 3249 5407 Sagitta
3285 5340 3521 5411 potentis
3567 5343 3766 5401 acutae,
3796 5351 3927 5391 cum

2278 5426 2605 5482 carbonibus
2634 5426 2984 5483 desolatoriis
3014 5428 3184 5500 (Psat.
3210 5445 3356 5500 cxix,
3380 5429 3456 5500 4).
3485 5428 3594 5484 Iste
3628 5425 3797 5483 carbo
3820 5425 3922 5480 de-

2279 5517 2499 5572 solotor
2518 5521 2628 5583 est,
2652 5516 3026 5573 solitudinem
3049 5517 3205 5587 facit,
3229 5523 3286 5575 et
3307 5522 3668 5592 peccatorem
3689 5518 3926 5588 purgat.

2811 5641 3143 5699 PSALMUS
3196 5643 3384 5702 CXLI.

2278 5729 2588 5787 Intellectus
2642 5732 2838 5789 David.
2898 5748 3023 5788 cum
3086 5742 3221 5792 esset
3275 5737 3336 5791 in
3391 5735 3668 5807 spelunca,
3720 5733 3923 5790 oratio.

2350 5819 2749 5879 Praescribitur
2803 5821 2915 5880 iste
2972 5824 3180 5885 titulus
3238 5825 3564 5885 secundum
3611 5821 3921 5883 historiam
