4244 6578
1511 392 2008 463 BREVIARIUM
2054 401 2133 462 IN
2183 406 2564 469 PSALMOS.

418 526 653 653 quidem
688 522 1207 605 quando-fugiebat
1237 525 1415 581 David
1448 542 1481 581 a
1510 528 1652 584 facie
1712 531 1873 596 Saul,
1931 532 1989 588 in
2021 548 2073 615 Α
2175 554 2309 619 suus
2335 540 2580 596 Absolon.
2624 541 2738 598 Iste
2769 542 3031 615 psalmus
3071 563 3266 605 vocem
3298 555 3554 611 continet
3589 557 3750 618 illius

461 602 647 653 eserto
679 596 942 653 Engaddi
973 612 1031 650 1n
1064 595 1341 653 snelunca
1381 599 1701 653 absconsus
1760 604 1806 653 (I
1866 605 1987 653 Rm.
2179 626 2274 653 mn
2321 628 2423 653 nm
2472 611 2724 653 hnmnnn
2788 616 3187 653 υρΑοηηηιςηηο
3234 624 3490 653 ....:..........
3553 630 3711 653 -_:__

461 602 647 675 esertc
679 595 942 675 Eligaddi
973 595 1036 650 in
1064 595 1341 675 spelunca
1381 599 1701 675 absconsus
1724 672 1736 675 _
1760 604 1806 675 (I
1864 605 1987 672 Reg.

418 687 568 735 xxw,
602 669 675 740 4).
708 669 1108 746 Etingressus
1141 673 1244 746 est.
1267 668 1544 746 ignorans
1602 668 1774 739 Saul,
1823 668 1991 746 quasi

420 738 754 814 suacausa.
778 738 1196 814 §edquoniam
1231 738 1406 795 habet
1421 741 1490 814 in
1533 738 1989 814 praescriptione,

419 812 738 869 Intellectus
769 811 984 865 David:
1023 810 1303 866 debemus
1343 810 1726 873 spiritualiter
1778 810 1992 873 intelliQ

421 900 555 954 gere
587 881 901 954 psalmum.
935 882 1230 954 Accipitur
1259 881 1496 954 quidem
1530 885 1587 939 in
1619 887 1869 944 Domino
1900 905 1993 944 ve-

419 952 522 1011 rus
552 952 752 1020 David,
788 959 843 1008 et
873 952 1217 1025 intelligitur
1247 952 1385 1008 Saul
1418 954 1475 1009 in
1529 955 1789 1013 Diabolo.
1852 965 1995 1025 Spe-

421 1025 595 1080 lunca
623 1033 815 1097 autem
849 1026 907 1097 in
929 1024 1037 1097 hoc
1078 1024 1298 1079 mundo
1334 1042 1345 1079 :
1406 1031 1462 1080 et
1519 1030 1671 1097 quod
1726 1024 1995 1086 diabolus

420 1114 536 1152 non
569 1095 833 1170 immittit
856 1095 913 1149 in
946 1094 1102 1170 hunc
1135 1097 1425 1170 mundum
1456 1094 1679 1170 aliquid
1714 1101 1871 1170 boni,
1893 1100 1994 1156 sed

421 1173 668 1242 stercus,
692 1166 830 1242 etsi
862 1166 1000 1242 quid
1035 1167 1333 1242 putridum
1383 1173 1491 1223 est.
1545 1166 1832 1242 Spelunca
1859 1166 1866 1170 ⁷
1892 1189 1995 1228 au-

426 1245 539 1313 tem
591 1237 935 1313 intelligitur
986 1237 1095 1293 iste
1144 1240 1433 1313 mundus,
1484 1237 1621 1312 quia
1675 1244 1996 1313 perfectum

426 1254 539 1295 tem
591 1254 935 1363 intelligitur
986 1254 1095 1293 iste
1144 1254 1423 1304 mundus,
1484 1258 1621 1312 quia
1675 1254 1995 1313 perrectum

424 1312 622 1390 iumen
654 1325 770 1390 non
845 1310 1314 1390 abetzquantum
1369 1312 1457 1390 ad_
1499 1315 1995 1390 comparationem

428 1382 631 1449 futuri,
667 1381 767 1436 sed
800 1380 968 1451 quasi
996 1378 1194 1435 lumen
1226 1380 1460 1451 aliquod
1497 1378 1725 1439 induxit
1752 1387 1997 1442 Domino

424 1453 663 1529 veniens
687 1452 743 1529 in
771 1452 934 1529 hunc
966 1452 1278 1529 mundum.
1312 1452 1619 1529 Propterea
1656 1456 1801 1511 Dicit
1847 1461 1996 1529 Apo-

426 1524 611 1580 stolus
636 1540 649 1597 ξ
674 1524 922 1597 Qui‘est
950 1525 1169 1597 lumen
1198 1524 1390 1597 gloria:
1430 1524 1556 1595 ejus
1603 1527 1786 1597 (Hebr.
1838 1546 1878 1593 1,
1900 1524 1996 1596 '3).

426 1602 572 1667 Ergo
606 1596 759 1649 sicut
787 1594 1260 1668 Davidintroivit
1286 1595 1346 1668 in
1378 1594 1717 1668 speluncam
1750 1594 1995 1654 abscon-

428 1664 573 1741 dens
605 1683 666 1722 se
690 1683 723 1721 a
755 1664 891 1741 S_aul
925 1684 937 1721 :
973 1665 1054 1721 ita
1074 1670 1131 1721 et
1163 1664 1443 1741 Dominus
1471 1668 1776 1741 ingressus
1807 1675 1896 1726 est
1941 1672 1999 1725 in

429 1738 584 1793 hunc
616 1738 926 1804 mundum,
963 1741 1019 1791 et
1053 1739 1518 1809 persecutionem
1541 1738 1761 1812 passus
1794 1748 1899 1797 est.

434 1851 455 1878 α
490 1831 642 1883 Voce
674 1843 804 1883 mea
835 1827 907 1882 ad
938 1826 1249 1882 Dominum
1284 1821 1528 1885 clamavi
1559 1847 1730 1887 :voce
1762 1848 1893 1887 mea
1930 1831 2000 1886 ad

2179 610 2423 695 qui-pro
2472 611 2729 695 humana
2769 610 3187 695 'redemptione
3234 610 3747 695 seipsumex—i‘na:

2175 681 2339 759 nivit,
2374 684 2664 759 accipiens
2696 687 2941 743 formam
2965 681 3137 759 servi,
3169 698 3233 747 ut
3264 681 3369 751 nos
3427 681 3751 759 erueret—ma

2175 754 2453 809 servitute
2485 754 2750 829 (Philipp.
2783 760 2867 830 ιι).

2179 918 2206 944 ‹‹
2238 896 2501 964 Domine,
2537 899 2745 954 exaudi
2779 902 3099 960 orationem
3150 923 3361 965 meam.
3395 934 3422 962 ››
3492 917 3752 975 Humilia

2104 983 2281 1039 verba
2311 990 2367 1040 et
2398 984 2569 1057 plena
2591 987 2941 1047 humilitatis
2965 998 3021 1048 et
3052 994 3479 1057 misericordiae.
3541 1028 3569 1054 «
3629 1013 3741 1063 Au.

2105 1072 2269 1127 ribus
2302 1074 2532 1146 percipe
2551 1075 3009 1137 obsecrationem
3043 1100 3233 1141 meam
3263 1087 3322 1143 in
3344 1091 3748 1152 veritatetua.»

2104 1161 2462 1217 Confidentis
2501 1166 2675 1221 verba
2722 1173 2878 1223 sunt.
2913 1193 2939 1218 ‹‹

2109 1338 2285 1409 (Joan.
2320 1357 2426 1408 xw,
2459 1342 2537 1412 6).
2578 1362 2599 1389 α
2624 1343 2691 1398 Et
2721 1347 2927 1401 exaudi
2962 1365 3055 1405 me
3084 1350 3141 1406 in
3173 1356 3273 1407 tua
3316 1355 3570 1426 justitia.
3606 1384 3636 1410 ››
3680 1364 3751 1420 Et

2107 1426 2165 1481 in
2198 1427 2430 1483 Christo
2461 1434 2580 1486 tuo.
2634 1431 2751 1487 Hoc
2800 1440 2907 1503 est,
2968 1455 3084 1493 non
3132 1443 3359 1499 confido
3416 1447 3583 1515 mihi,
3644 1452 3745 1508 sed

2108 1532 2213 1608 ego
2244 1517 2543 1575 veritatem
2579 1525 2634 1574 et
2657 1521 2950 1591 justitiam
2984 1532 3144 1584 tuam
3172 1537 3323 1603 peto,
3355 1538 3420 1588 ut
3448 1534 3576 1608 ipsa
3635 1540 3747 1596 mei

2110 1604 2477 1661 misereatur.

2182 1734 2209 1760 «
2243 1712 2310 1766 Et
2331 1728 2445 1768 non
2479 1714 2659 1772 intres
2719 1718 2777 1773 in
2820 1719 3112 1791 judicium
3162 1741 3295 1783 cum
3343 1747 3506 1787 servo
3565 1737 3687 1791 tuo.
3724 1759 3752 1786 ››

2110 1799 2252 1855 Ecce
2303 1802 2785 1862 manifestissime
2834 1810 3273 1882 demonstravit,
3334 1820 3472 1890 quia
3524 1823 3750 1880 miseri-

359 1917 675 1973 Dominum
699 1917 1042 1987 deprecatus
1075 1933 1230 1973 sum.
1284 1918 1530 1974 Eﬁ'undo
1582 1919 1639 1974 in
1688 1924 2005 1993 conspectu
2035 1917 2083 1982 B
2114 1888 2380 1993 ῨΟῙἸῘῘῨΪΠ,
2403 1891 2502 1946 Dei
2536 1896 2926 1991 Ρῗίθδίοιδῖυνθ
2958 1900 3196 1993 ἀίεθξξξε
3236 1926 3262 1957 α
3292 1888 3366 1962 Et;
3404 1925 3515 1964 non
3576 1912 3758 1972 intres

359 2007 487 2075 ejus
517 2005 837 2060 orationem
861 2020 1073 2060 meam.
1109 2029 1131 2058 ι)
1164 2005 1372 2062 Omnia
1401 2007 1523 2063 haec
1560 2008 1621 2063 in
1669 2008 2001 2064 humilitate

359 2111 634 2166 corporea
661 2092 939 2165 loquitur,
998 2097 1063 2149 ut
1118 2111 1179 2150 se
1222 2112 1423 2151 verum
1470 2096 1790 2164 hominem,
1849 2097 2003 2153 sicut

361 2200 514 2256 saepe
544 2182 820 2249 diximus,
853 2182 1207 2239 manifestat.
1240 2206 1269 2235 «
1302 2185 1764 2243 Tribulationem
1810 2202 2000 2243 meam

357 2276 492 2329 ante
520 2272 715 2344 ipsum
743 2272 1077 2344 pronuntio,
1110 2272 1169 2327 in
1208 2273 1528 2330 deﬁciendo
1578 2275 1637 2331 in
1688 2292 1781 2332 me
1829 2275 2001 2347 spiri-

356 2365 484 2417 tum
517 2378 734 2418 meum.
772 2383 800 2411 »
831 2362 1029 2433 Neque
1052 2360 1352 2418 tribulatio
1385 2381 1661 2436 praesens,
1684 2375 1872 2437 neque
1903 2365 2001 2420 de-

356 2450 528 2507 fectio
560 2449 806 2522 spiritus
838 2450 1082 2522 impedit
1107 2466 1120 2504 :
1146 2451 1479 2524 sedjugiter
1500 2453 1825 2525 spiritualis
1848 2453 2002 2509 vocis

356 2540 613 2596 oratione
643 2538 897 2595 clamare
929 2556 1045 2595 non
1076 2539 1310 2596 desinit.
1351 2564 1379 2592 ‹‹
1437 2542 1507 2596 Et
1561 2546 1622 2597 tu
1682 2540 2002 2616 cognovisti

358 2629 598 2685 semitas
631 2645 811 2685 meas.
848 2651 876 2678 »
908 2628 1210 2685 Doctrinas
1239 2646 1386 2702 quas
1421 2631 1615 2687 doceo.

430 2740 458 2768 ‹‹
491 2718 553 2773 ln
582 2718 675 2772 via
706 2717 815 2773 hac
836 2734 953 2790 qua
999 2717 1395 2789 ambulabam,
1451 2720 1886 2777 absconderunt
1910 2738 2006 2776 su-

324 2808 332 2815 “
356 2806 519 2880 perbi
540 2806 779 2878 laqueos
802 2806 1233 2879 mihi.»Saapius
1253 2808 1305 2863 ei
1328 2825 1362 2863 a
1389 2810 1611 2864 Judaeis
1632 2809 2004 2866 absconditos

356 2896 749 2953 tentationum
774 2894 1015 2967 laqueos
1048 2896 1105 2950 in
1138 2896 1233 2952 via
1260 2899 1587 2969 praesentis,
1618 2899 1771 2969 vitae,
1830 2903 1888 2955 et
1944 2898 2005 2954 in

360 2985 493 3041 aliis
523 2983 949 3040 declaravimus
981 2983 1246 3056 psalmis.

431 3097 460 3124 ‹‹
491 3073 946 3130 Considerabam
977 3090 1010 3128 a
1039 3074 1278 3130 dextris.
1316 3096 1345 3126 »
1392 3079 1466 3130 Ut
1522 3076 1592 3132 de
1641 3075 1882 3133 sinistra
1933 3077 2005 3133 ad

361 3164 657 3219 dexteram
701 3162 1149 3217 adducerentur.
1184 3183 1212 3212 »
1270 3164 1340 3218 Et
1388 3164 1677 3233 videbam,
1717 3165 1856 3237 quia
1891 3182 2006 3220 non

359 3256 486 3308 erat
514 3250 614 3322 qui
637 3246 1006 3321 cognosceret
1035 3267 1145 3306 me.
1191 3273 1219 3300 »
1242 3250 1426 3307 Deum
1450 3268 1621 3308 carne
1649 3258 2003 3310 contectum.
2038 3286 2081 3353 C

434 3363 463 3391 «
495 3339 673 3395 Periit
702 3339 889 3411 fugaa
920 3355 1032 3395 me.
1065 3360 1092 3389 ››
1128 3339 1306 3394 Periit
1333 3340 1470 3412 fuga
1508 3341 1656 3411 ejus,
1708 3358 1841 3397 cum
1902 3342 2007 3397 de-

360 3429 517 3485 latus
547 3445 581 3485 a
607 3427 846 3497 Judaeis,
880 3427 1094 3499 saepius
1126 3426 1277 3483 ultro
1300 3428 1511 3483 iterum
1545 3445 1606 3485 se
1636 3428 1868 3497 obtulit,
1903 3447 2008 3486 nec

362 3522 452 3575 est
480 3517 715 3590 agnitus
746 3517 818 3572 ab
850 3516 988 3572 eis.«
1014 3516 1084 3572 Et
1105 3533 1220 3571 non
1251 3521 1340 3572 est
1367 3516 1467 3589 qui
1499 3522 1719 3589 quierat
1749 3518 2008 3574 animam

363 3623 574 3663 meam.
617 3627 638 3655 ιι
673 3608 897 3677 Corpus
929 3603 1226 3676 accipiunt
1258 3605 1329 3659 ad
1361 3604 1819 3678 cruciﬁgendum
1846 3624 1859 3675 ;
1884 3607 2007 3662 ani-

364 3711 521 3751 mam
554 3697 749 3750 autem
781 3710 896 3749 non
930 3692 1320 3765 requirunt,id
1356 3697 1586 3763 est,non
1619 3695 1934 3767 attingunt.

435 3783 731 3841 «Clamavi
763 3783 834 3839 ad
865 3782 1251 3850 te,Domine.»
1284 3782 1365 3839 De
1387 3799 1576 3839 cruce.
1612 3784 1794 3856 «Dixi,
1827 3785 1914 3841 Tu
1947 3801 2009 3841 es

362 3892 496 3948 spes
530 3873 1151 3930 meaaCommendans
1181 3872 1239 3928 in
1283 3872 1557 3960 manibus
1583 3874 1703 3930 tuis
1737 3873 2009 3946 spiritum

364 3979 561 4020 meum
585 3963 731 4034 (Lac.
763 3962 1128 4033 xx111,46).»
1187 3961 1378 4017 Portio
1436 3978 1565 4018 mea
1612 3963 1671 4017 in
1722 3968 1873 4019 terra
1926 3963 2008 4019 vi-

362 4053 695 4108 ventium.»
730 4050 792 4105 In
815 4051 1037 4106 sanctis
1094 4050 1194 4122 qui
1253 4051 1309 4105 in
1368 4067 1497 4106 eam
1552 4052 2007 4120 transferuntur,

365 4140 517 4199 sicut
545 4145 603 4195 et
648 4139 859 4195 latroni
907 4139 1031 4194 ait:
1095 4140 1263 4195 Amen
1317 4140 1439 4196 dico
1486 4140 1606 4207 tibi,
1664 4143 1797 4212 quia
1853 4141 2011 4197 hodie

362 4246 575 4284 mecum
624 4230 733 4282 eris
752 4229 807 4282 in
839 4228 1116 4297 paradiso.

442 4342 462 4367 σι
499 4317 739 4372 Intende
769 4316 828 4370 in
861 4317 1183 4373 orationem
1210 4333 1399 4374 meam
1436 4318 1614 4391 :quia
1662 4318 2010 4376 humiliatus

366 4423 498 4463 sum
529 4405 728 4461 nimis.
755 4404 963 4460 Libera
991 4422 1083 4460 me
1113 4424 1147 4462 a
1176 4408 1663 4480 persequentibus
1696 4424 1825 4465 me:
1873 4409 2013 4480 quia

366 4494 677 4553 confortati
708 4498 847 4551 sunt
863 4511 1038 4567 super
1067 4511 1180 4561 me,
1212 4516 1241 4545 ι)
1272 4501 1381 4551 etc.
1414 4499 1459 4551 A
1507 4497 1674 4553 Patre
1731 4514 1793 4554 se
1841 4498 2010 4554 educi

367 4587 441 4642 de
470 4585 685 4641 inferni
711 4583 984 4640 claustris
1017 4583 1296 4657 postulat,
1360 4589 1422 4641 ut
1481 4586 1829 4643 resurrectio
1881 4588 2011 4658 ejus

367 4673 595 4747 paterni
625 4674 881 4730 nominis
913 4673 1098 4729 honor
1127 4673 1221 4730 sit.
1251 4674 1384 4739 Quae
1405 4675 1692 4731 confessio
1715 4692 1745 4730 a
1797 4675 2012 4747 quibus

369 4764 447 4821 sit
475 4763 1090 4834 conﬁtendaostendit,
1138 4763 1375 4820 dicens:
1436 4787 1464 4815 «
1525 4765 1615 4820 Me
1678 4770 2014 4837 exspectant

360 4854 577 4925 justi.»
608 4852 871 4925 Apostoli
898 4852 986 4909 vel
1018 4852 1223 4924 reliqui
1253 4854 1458 4922 sancti,
1505 4870 1755 4928 quorum
1807 4872 2013 4928 exspe-

370 4943 631 5014 ctationi,
659 4959 792 4998 cum
827 4958 1217 5010 resurrexero,
1250 4942 1567 4999 satisfacio.
1600 4968 1629 4993 «
1675 4950 1864 5001 Donec
1921 4963 2015 5002 re-

373 5032 605 5088 tribuas
636 5032 824 5087 mihii.
863 5054 884 5082 ιι
914 5032 1228 5088 Claritatem
1259 5032 1419 5087 illam
1438 5049 1605 5103 quam
1625 5034 1812 5101 habui,
1840 5036 2019 5105 prius-

372 5138 537 5194 quam
590 5122 827 5177 mzmdus
845 5122 999 5193 ﬁeret
1020 5121 1163 5193 apud
1190 5125 1240 5197 te
1268 5123 1444 5190 (Joan.
1476 5138 1613 5191 xvn,
1672 5123 1747 5194 5).
1793 5123 1863 5177 Et
1911 5139 2017 5178 nos

370 5210 676 5267 humiliter
723 5211 1107 5283 deprecamur
1176 5227 1240 5266 ac
1324 5210 1602 5282 petimus,
1681 5216 1745 5266 ut
1819 5228 2016 5268 susce-

352 5328 357 5331 Α
370 5304 471 5374 pta
499 5317 636 5357 voce
671 5296 944 5356 clamoris
974 5301 1183 5369 nostri,
1205 5301 1443 5356 eductos
1498 5298 1575 5355 ex'
1626 5300 1836 5356 inferni
1893 5318 2013 5357 car-

372 5406 520 5461 cere,
552 5389 693 5445 illuc
754 5406 860 5446 nos
911 5389 1125 5461 jubeas
1159 5389 1464 5447 transferri
1516 5390 1586 5446 de
1638 5396 1847 5460 morte,
1918 5390 2019 5446 ubi

376 5480 655 5553 pendenti
676 5478 886 5536 latroni
910 5481 1246 5553 praeparasti
1261 5478 1451 5536 locum
1476 5477 1733 5535 lucidum
1758 5496 1824 5536 ac
1863 5480 2020 5553 quie-

368 5568 538 5625 tem:
591 5568 731 5641 quia
785 5568 893 5626 tibi
951 5574 1039 5625 est
1085 5569 1272 5625 honor
1323 5574 1380 5625 et
1424 5568 1609 5641 gloria
1665 5586 1798 5625 cum
1854 5569 2019 5628 Patre

374 5662 434 5715 et
448 5657 668 5731 Spiritu
700 5663 901 5716 sancto
932 5659 991 5713 in
1025 5657 1238 5714 saecula
1268 5660 1633 5716 saeculorum.
1666 5664 1875 5716 Amen.

911 5748 1240 5806 PSALMUS
1287 5750 1493 5807 CXCII.

370 5840 628 5907 Psalmus
682 5839 855 5900 David
908 5838 1124 5918 quando
1180 5842 1610 5919 persequebatur
1673 5858 1800 5902 cum
1873 5843 2027 5923 ﬁlius

2112 1979 2172 2075 in
2196 1979 2488 2075 judicium
2521 1984 2654 2038 cu'm
2688 2001 2849 2041 servo
2882 1992 3002 2044 tuo.
3038 2013 3066 2040 »
3089 1990 3190 2048 Hic
3220 1996 3388 2065 quasi
3422 1998 3637 2073 aliquis
3659 2004 3759 2075 ju-

2111 2067 2265 2121 dicet
2286 2066 2437 2161 inter
2469 2070 2649 2161 Deum
2682 2077 2739 2128 et
2764 2074 3132 2150 Prophetam,
3154 2082 3309 2138 sicut
3355 2090 3412 2140 et
3468 2066 3539 2143 in
3583 2066 3752 2161 quin-

2113 2156 2455 2228 quagesimo
2487 2159 2713 2230 psalmo
2745 2164 3028 2235 scriptum
3055 2173 3181 2225 est:
3220 2172 3285 2228 Ut
3314 2156 3639 2246 justi/neris
3694 2182 3758 2235 in

2112 2246 2460 2301 sermonibus
2489 2250 2619 2316 tuis,
2654 2252 2702 2304 et
2735 2253 2917 2309 vincas
2943 2269 3072 2311 cum
3099 2258 3372 2329 judicaris
3422 2264 3533 2332 (Ps.
3591 2283 3641 2337 L,
3673 2270 3751 2342 6).

2200 2338 2505 2429 propterea
2537 2336 3094 2429 intratinjudicium
3125 2346 3300 2423 Deus,
3332 2356 3397 2406 ut
3426 2354 3588 2423 juste
3628 2336 3754 2429 pur-

2112 2422 2254 2479 niat.
2307 2424 2442 2480 Tale
2491 2426 2631 2498 quid
2686 2429 2820 2485 fecit
2875 2436 2932 2487 et
2958 2433 3159 2506 Cyrus,
3194 2422 3299 2493 rex,
3338 2422 3664 2501 Persarum-
3703 2451 3761 2503 et

2114 2510 2442 2605 Medorum,
2468 2515 2588 2588 regi
2618 2519 3050 2592 Armeniorum,
3083 2528 3316 2596 quando
3348 2533 3755 2605 transgressus

2114 2604 2204 2696 est
2231 2600 2695 2696 amicitiasejus.
2728 2606 2880 2663 Vicit
2908 2625 3042 2666 eum
3075 2618 3132 2668 et
3161 2616 3453 2687 captivum
3489 2600 3711 2696 ahcepit
3744 2641 3757 2679 :

2112 2691 2170 2778 et
2204 2689 2470 2778 preprios
2529 2691 2687 2748 illius
2723 2701 3019 2769 cognatos,
3081 2705 3139 2756 et
3196 2720 3455 2778 uxorem,
3516 2713 3576 2766 et
3608 2689 3759 2769 filios

2113 2776 2534 2869 fecitjudicare
2560 2781 2711 2837 inter
2740 2783 2871 2840 illos
2896 2803 2907 2841 :
2934 2791 2998 2842 ut
3019 2789 3179 2859 juste
3230 2798 3333 2849 aut
3384 2776 3754 2869 misereatur,

2114 2871 2216 2961 aut
2235 2867 2455 2961 puniat.
2493 2891 2513 2918 ι
2544 2869 2691 2961 Quia
2721 2889 2835 2929 non
2858 2874 3283 2945 justiﬁcabitur
3324 2883 3382 2939 in
3441 2895 3756 2961 conspectu

2115 2959 2215 3010 tuo
2264 2956 2457 3012 omnis
2501 2958 2721 3015 vivens.
2758 2983 2786 3010 »
2834 2964 2975 3020 Deus
3030 2967 3327 3039 Abraham,
3381 2974 3520 3031 Deus
3562 2956 3757 3046 'lsaac,

2116 3048 2259 3099 Deus
2314 3046 2473 3101 Iacob
2504 3067 2523 3101 :
2583 3048 2723 3104 Deus
2775 3054 3096 3124 viventium,
3133 3067 3185 3114 et
3238 3077 3350 3117 non
3420 3068 3761 3123 mortuorum

2118 3133 2268 3225 (Luc.
2300 3133 2419 3203 XX,
2450 3137 2541 3225 37,
2572 3138 2683 3209 38).
2722 3139 2871 3212 Ergo
2929 3160 3034 3201 nec
3064 3145 3176 3218 ipsi
3207 3150 3548 3221 patriarchae
3579 3156 3758 3225 justi-

2118 3221 2453 3278 ﬁcabuntur
2480 3223 2539 3280 in
2571 3233 2881 3299 conspectu
2916 3232 3038 3288 Dei.
3072 3235 3260 3292 Stella:
3300 3239 3455 3296 enim
3492 3221 3601 3299 νιοᾶ
3631 3248 3761 3301 sunt

2116 3309 2342 3367 munda
2371 3313 2431 3365 in
2450 3320 2734 3386 conspectu
2761 3319 2878 3387 ejus
2907 3320 3040 3390 (Job.
3074 3339 3202 3392 xxv,
3232 3326 3314 3398 5.)

2190 3438 2216 3466 ‹‹
2250 3418 2395 3481 Quia
2428 3426 2771 3490 persecutus
2801 3430 2891 3480 est
2920 3426 3194 3486 inimicus
3215 3433 3474 3491 animam
3507 3454 3760 3497 meam.»

2121 3505 2235 3559 Hoc
2293 3504 2773 3579 interpretatione
2824 3530 2936 3569 non
2994 3516 3242 3591 indiget.
3304 3522 3461 3578 Nulli
3509 3526 3761 3587 dubium

2118 3591 2258 3663 quin
2289 3593 2555 3652 diabolus
2584 3615 2642 3654 ;‹‹
2676 3599 3016 3659 Humiliavit
3043 3604 3102 3661 in
3124 3612 3276 3665 terra
3297 3611 3477 3669 vitam
3507 3632 3760 3675 meam.»

2117 3684 2237 3737 Hoc
2262 3686 2370 3750 est,
2403 3686 2557 3756 quod
2590 3687 2749 3744 dicit.
2774 3692 2916 3747 Ante
2971 3692 3094 3751 alas
3132 3695 3440 3770 habebam,
3503 3708 3561 3760 et
3611 3705 3764 3764 vola-

2119 3771 2252 3826 bam
2284 3789 2295 3827 :
2332 3790 2487 3830 nunc
2510 3781 2703 3833 autem
2756 3788 3100 3852 persecutus
3156 3792 3246 3843 est
3302 3789 3577 3850 inimicus
3636 3796 3761 3852 ani-

2120 3876 2278 3955 mam
2311 3878 2531 3920 meam:
2563 3871 2620 3922 et
2649 3869 3052 3943 apprehendit,
3080 3878 3136 3930 et
3163 3874 3363 3949 ligavit
3393 3880 3538 3936 mihi
3588 3862 3764 3955 pedes

2120 3953 2177 4006 et
2206 3967 2437 4021 manus,
2467 3956 2964 4025 quemadmodum
2994 3961 3223 4021 volatile
3239 3966 3310 4021 ab
3342 3953 3761 4028 homin’e‘com-

2118 4040 2523 4111 prehenditur,
2574 4050 2637 4099 ut
2693 4048 2862 4117 quasi
2922 4049 3188 4107 videatur
3235 4061 3533 4113 mortuum
3600 4076 3759 4118 esse:

2120 4129 2258 4200 quia
2278 4146 2392 4184 non
2416 4129 2593 4187 habet
2622 4132 2916 4192 licentiam
2939 4137 3165 4196 alarum
3194 4158 3434 4201 suarum
3468 4151 3534 4203 ut
3589 4149 3759 4207 volet.

2120 4219 2204 4274 Ita
2223 4224 2282 4275 et
2311 4236 2424 4290 me,
2448 4220 2660 4293 inquit,
2693 4224 2967 4283 inimicus
2998 4228 3199 4301 ligavit
3228 4235 3584 4294 conscientia
3627 4255 3761 4312 pec-

2120 4312 2380 4364 catorum
2406 4325 2692 4369 meorum.

2198 4439 2217 4465 ιι
2247 4415 2561 4474 Collocavit
2587 4435 2679 4476 me
2709 4420 2767 4476 in
2801 4423 3087 4493 obscuris,
3138 4426 3291 4485 sicut
3337 4436 3601 4491 mortuos
3652 4453 3763 4492 sas-

2121 4504 2311 4574 culi,»
2346 4506 2405 4563 Si
2463 4508 2615 4564 sicut
2670 4514 2932 4568 mortuOs
2991 4515 3208 4588 saeculi,
3260 4519 3451 4577 adhuc
3515 4525 3764 4582 necdum

2122 4599 2411 4666 mortuus,
2443 4597 2582 4687 quia
2628 4599 2967 4687 pmnitentia
2995 4607 3129 4671 stat,
3163 4606 3213 4662 si
3244 4609 3379 4679 quis
3406 4616 3601 4669 autem
3634 4629 3766 4687 pec-

2046 4660 2091 4726 D
2120 4700 2261 4740 cans
2291 4701 2405 4741 non
2454 4686 2575 4758 agit
2629 4686 2688 4741 in
2746 4689 3167 4763 paenitentiam,
3217 4660 3311 4753 hic
3366 4660 3770 4761 mortuusrest

2123 4772 2339 4843 seaculi,
2364 4778 2585 4843 etnon,
2630 4776 2783 4833 sicut
2839 4784 3129 4852 mortuus,
3178 4786 3298 4853 sed,
3329 4790 3571 4860 perfecit
3612 4808 3765 4848 mor-

2125 4866 2282 4917 tuus.
2316 4862 2433 4919 Hoc
2449 4879 2585 4936 ergo
2617 4866 2840 4938 patavit
2871 4868 3167 4943 inimicus,
3199 4875 3339 4946 quia
3366 4894 3481 4933 non
3512 4895 3619 4953 ago
3652 4897 3769 4953 poe-

2125 4951 2431 5008 nitentiam
2458 4969 2562 5024 pec
2584 4956 2836 5026 peccatis
2874 4975 3001 5031 qua:
3035 4961 3160 5034 ipse
3182 4963 3325 5018 mihi
3349 4951 3667 5039 suggessit
3703 4975 3770 5025 ut

2126 5040 2358 5096 faciam.
2394 5064 2419 5091 ‹‹
2445 5042 2514 5098 Et
2543 5046 2813 5102 anxiatus
2843 5053 2932 5104 est
2971 5066 3148 5122 super
3181 5068 3273 5108 me
3305 5054 3548 5125 spiritus
3574 5072 3763 5114 meus.

2129 5131 2201 5185 Tu
2225 5131 2321 5188 dic
2356 5132 2516 5203 prius
2561 5139 2781 5205 peccata
2825 5139 2939 5206 tua,
2971 5147 3023 5193 et
3055 5140 3239 5195 salvus
3294 5145 3403 5198 eris
3422 5144 3548 5215 (Isa.
3607 5162 3765 5215 xun,

2127 5220 2245 5291 26.)
2276 5220 2345 5275 Et
2375 5220 2590 5277 iterum
2616 5241 2636 5277 :
2659 5223 2720 5278 Si
2745 5225 2927 5280 solum
2972 5230 3337 5298 suspiraveris
3384 5249 3486 5305 pro
3526 5237 3769 5306 peccatis

2127 5311 2259 5381 tuis,
2282 5310 2468 5366 salvus
2496 5313 2611 5366 eris
2635 5312 3042 5385 (I:'zech.xvm,
3085 5318 3197 5390 21).
3251 5341 3279 5368 ‹‹
3313 5321 3377 5375 In
3429 5337 3520 5377 me
3565 5322 3768 5379 turba-

2128 5402 2254 5454 tum
2287 5404 2376 5455 est
2404 5417 2503 5455 cor
2530 5415 2749 5456 meum.
2786 5424 2814 5451 »
2837 5400 3076 5476 Propter
3104 5407 3519 5466 conscientiam
3552 5427 3768 5483 meam,

2131 5488 2268 5561 quia
2288 5489 2538 5561 peccavi.

2203 5600 2232 5628 «
2294 5577 2516 5633 Memor
2564 5577 2645 5633 fui
2688 5579 2948 5643 dierum
2990 5584 3388 5657 antiquorum.
3417 5610 3444 5639 ››
3533 5588 3769 5648 Dierum

2132 5682 2394 5723 meorum
2418 5667 2681 5739 priorum
2746 5683 2972 5727 memor
3025 5673 3130 5745 fui,
3190 5678 3425 5748 quando
3485 5677 3771 5737 habebam

2132 5757 2543 5814 conﬁdentiam
2570 5773 2582 5812 :
2617 5774 2773 5813 nunc
2804 5766 2996 5818 autem
3028 5763 3172 5820 mihi
3205 5782 3317 5821 nox
3345 5770 3454 5822 est.

2203 5868 2234 5902 «
2261 5847 2522 5925 Expandi
2561 5862 2775 5910 manus
2803 5844 2965 5912 meas
2990 5851 3064 5912 ad
3104 5855 3180 5916 to.
3218 5853 3611 5932 ii'Ligatusab
3659 5855 3775 5943 ini:
