4244 6574
547 402 703 464 1315

2043 385 2462 447 APPENDIX.

3796 377 3955 441 I316

544 536 716 602 mico,
750 531 898 589 nihil
921 529 1078 588 aliud
1110 544 1353 603 possum
1382 526 1570 583 facere
1618 522 1728 580 nisi
1786 519 2187 593 paenitentiam
2217 519 2272 584 Α
2304 532 2515 571 manus
2546 531 2705 569 meas
2735 514 2808 568 ad
2837 511 3118 586 praelium,
3150 515 3207 567 et
3235 511 3448 583 digitos
3497 524 3662 567 meos
3718 511 3791 567 ad
3838 511 3953 567 bel-

547 641 737 699 agere,
765 627 821 679 et
851 638 1063 677 manus
1095 636 1255 676 meas
1286 617 1477 672 levare
1535 614 1605 668 ad
1663 617 1739 667 te.
1796 610 2008 665 Anima
2063 623 2193 662 mea

546 698 698 772 sicut
726 718 881 768 terra
910 712 1038 766 sine
1067 726 1219 781 aqua
1248 707 1376 762 tibi.
1408 727 1437 756 »
1471 704 1634 759 Sicut
1654 705 1809 757 terra
1858 698 1984 754 sine
2042 711 2195 767 aqua

545 804 671 861 sitit
699 807 757 858 et
786 801 992 873 quaerit
1018 798 1269 853 imbrem
1294 795 1405 851 :ita
1427 804 1482 848 et
1511 792 1707 848 anima
1732 805 1867 844 mea
1907 786 2194 841 desiderat

548 898 605 951 et
633 892 756 950 sitit
774 896 851 958 te,
885 896 1066 946 Deum
1101 902 1300 943 suum.

621 1006 648 1033 ‹‹
672 981 961 1038 Velociter
989 977 1197 1034 exaudi
1221 991 1335 1039 me,
1371 972 1611 1027 Domine
1641 987 1654 1025 :
1691 966 1900 1023 defecit
1939 962 2193 1036 Spiritus

547 1090 736 1129 meus.
772 1094 794 1123 ι
831 1070 1046 1125 Anima
1077 1083 1205 1122 mea
1250 1062 1478 1127 defecit,
1538 1064 1595 1116 et
1631 1075 1764 1113 caro
1809 1072 1939 1111 mea
1985 1051 2195 1109 defecit

549 1161 798 1235 spiritus
843 1162 1074 1214 tantum
1106 1153 1387 1210 remansit
1419 1151 1477 1205 in
1511 1165 1624 1218 me,
1656 1152 1713 1203 et
1764 1145 1889 1218 ipse
1944 1141 2191 1208 defecit;

549 1231 673 1322 sed,
712 1273 733 1299 ι
762 1248 1032 1304 velociter
1062 1241 1267 1300 exaudi
1299 1257 1411 1304 me,
1444 1236 1704 1299 Domine,
1743 1258 1769 1283 ››
1810 1238 1867 1289 et
1921 1231 2195 1287 miserere

547 1341 684 1400 mei.

617 1455 645 1481 «
680 1432 887 1483 Notam
923 1426 1009 1480 fac
1032 1422 1172 1479 mihi
1204 1422 1359 1477 viam
1393 1418 1451 1474 in
1484 1434 1601 1489 qua
1622 1411 1940 1472 ambulem.
1980 1433 2006 1459 ››
2038 1407 2196 1465 Chri-

544 1526 701 1578 stum
732 1522 902 1574 tuum
944 1518 1146 1569 notum
1180 1512 1267 1567 fac
1309 1508 1476 1576 mihi,
1527 1505 1629 1579 qui
1669 1504 1813 1559 dixit
1847 1519 1859 1556 :
1917 1502 2024 1570 Ego
2073 1513 2197 1552 sum

544 1613 639 1665 via
665 1610 844 1680 (Joan.
877 1621 993 1671 xw,
1018 1604 1104 1668 6).

622 1719 649 1748 «
682 1695 937 1769 Spiritus
967 1699 1105 1748 tuus
1161 1690 1352 1745 bonus
1407 1686 1656 1741 deducet
1705 1699 1797 1737 me
1862 1680 1920 1734 in
1982 1682 2196 1732 terram

546 1764 784 1842 rectam.
813 1806 841 1833 ››
874 1780 977 1837 llic
1008 1777 1345 1851 impiissimi
1377 1774 1572 1831 Ariani
1615 1772 1950 1845 proponunt
2004 1764 2194 1830 nobis,

546 1879 603 1932 et
632 1873 836 1930 dicunt
869 1889 883 1927 ε
911 1868 1183 1941 Magister
1211 1867 1380 1930 bone,
1414 1863 1553 1936 quid
1587 1860 1795 1917 faciam
1826 1855 1961 1913 boni
1994 1859 2058 1909 ut
2086 1851 2196 1908 sal-

543 1981 653 2020 vus
683 1964 821 2018 fiam
850 1961 878 2015 ‘I
912 1959 1059 2025 Quid
1092 1956 1233 2011 dicit
1265 1972 1279 2010 :
1317 1952 1453 2023 Quid
1486 1968 1572 2007 me
1600 1950 1735 2005 dicis
1762 1948 1963 2003 bonum
1989 1943 2193 1998 ?Nemo

545 2061 623 2110 est
655 2055 825 2108 bonus
853 2050 968 2105 nisi
1000 2063 1144 2102 unus
1177 2049 1325 2101 Deus
1374 2044 1523 2114 (Luc.
1557 2057 1712 2104 xvm,
1770 2036 1879 2106 19).
1940 2034 2088 2103 Ergo
2144 2030 2193 2085 si

544 2142 724 2198 Filius
746 2157 862 2196 non
894 2141 983 2193 est
1008 2136 1218 2205 bonus,
1243 2132 1344 2189 sed
1378 2136 1545 2186 Pater
1577 2146 1589 2184 :
1652 2128 1840 2197 major
1893 2127 1981 2179 est
2028 2122 2196 2176 Pater

548 2229 712 2286 Filio.
746 2232 897 2300 Ergo
920 2224 1248 2281 secundum
1296 2226 1467 2278 tuum
1523 2233 1787 2282 sensum,
1847 2209 2196 2284 impiissime

548 2319 782 2383 Ariane,
816 2296 949 2387 quis
975 2312 1208 2382 major?
1256 2309 1455 2374 Filius,
1488 2325 1560 2363 an
1594 2305 1848 2378 Spiritus
1900 2304 2141 2357 sanctus
2168 2296 2196 2351 ‘I

549 2407 762 2478 Utique
795 2404 963 2468 dicis,
1016 2400 1215 2457 Filius.
1280 2397 1382 2453 Hic
1432 2412 1567 2468 ergo
1628 2393 1802 2449 dicit:
1856 2413 1885 2441 «
1942 2387 2197 2461 Spiritus

550 2499 689 2551 tuus
719 2490 1169 2549 bonusdeducet
1205 2486 1371 2543 mein
1423 2490 1636 2540 terram
1698 2486 1936 2537 rectam.
1976 2501 1996 2527 υ
2050 2478 2197 2546 Ergo

550 2583 599 2640 si
631 2581 885 2655 Spiritus
907 2580 1095 2634 bonus
1121 2582 1227 2643 est,
1262 2574 1361 2647 qui
1395 2574 1586 2628 minor
1609 2577 1715 2638 est,
1749 2570 1904 2625 sicut
1932 2572 1995 2622 tu
2026 2565 2195 2620 dicis:

552 2672 734 2727 multo
766 2669 955 2742 magis
988 2665 1167 2722 Filius
1199 2666 1389 2720 bonus
1421 2668 1529 2730 est,
1565 2676 1737 2732 quem
1791 2664 1856 2712 tu
1918 2657 2196 2726 majorem

516 2763 716 2818 -dicis.
746 2762 808 2815 In
841 2755 1150 2830 Evangelio
1182 2758 1380 2811 autem
1423 2752 1507 2807 ita
1541 2750 1717 2805 habet
1750 2767 1762 2803 :
1822 2750 1886 2803 Et
1940 2745 2197 2802 accedens

548 2867 693 2907 unus
736 2850 803 2905 de
844 2848 1043 2905 scribis
1092 2849 1309 2901 tentans
1347 2858 1495 2909 eum,
1548 2842 1667 2895 ait:
1716 2839 1972 2908 Magister
2043 2837 2195 2908 bone,

532 2945 599 2996 -ει
627 2942 747 2995 ait:
781 2937 924 3007 Quid
954 2951 1039 2989 me
1067 2934 1205 2989 dicis
1231 2933 1450 3002 bonum,
1484 2936 1541 2984 et
1574 2945 1687 2982 non
1721 2924 2015 2982 confiteris
2035 2923 2194 2995 (Ibid.

553 3032 641 3098 l8,
680 3027 807 3099 l9)?
839 3026 1003 3082 Sicut
1031 3023 1081 3078 si
1112 3021 1328 3092 aliquis
1357 3023 1589 3075 tentans
1609 3016 1951 3088 episcopum
1999 3030 2197 3085 suum,

552 3134 728 3190 quem
761 3112 1105 3178 contemnit,
1129 3107 1434 3165 dicatilli:
1490 3105 1789 3178 Episcope,
1842 3106 1897 3157 et
1956 3102 2051 3157 ille
2108 3118 2195 3158 re-

552 3205 801 3279 spondet
832 3221 845 3258 :
875 3201 1005 3257 Tibi
1036 3215 1151 3254 non
1184 3213 1323 3253 sum
1380 3195 1710 3268 episcopus,
1737 3192 1940 3247 recede
1997 3208 2031 3245 a
2079 3207 2193 3247 me.

548 3262 699 3351 A‘libi
733 3298 930 3349 autem
963 3306 1078 3345 non
1123 3286 1380 3359 legistis:
1414 3262 1607 3340 ’Βοηηὲ
1662 3288 1852 3355 pastor
1878 3282 2032 3352 ponit
2072 3281 2197 3335 ani-
2229 3262 2272 3330 C

546 3401 701 3442 mam
729 3398 899 3440 suam
921 3396 1023 3452 pro
1044 3378 1231 3435 ovibus
1260 3378 1376 3431 suis
1411 3376 1587 3445 (Joan.
1612 3389 1666 3439 Χ,
1726 3371 1851 3442 11)?
1891 3369 2039 3435 Quid
2094 3386 2195 3425 au-

538 3479 659 3531 tem
692 3472 910 3529 melius
942 3468 1105 3535 Filio,
1139 3467 1239 3539 qui
1274 3479 1509 3521 carnem
1540 3462 1734 3518 induit
1776 3465 2013 3533 prepter
2068 3475 2195 3530 nos,

538 3568 595 3620 et
624 3578 839 3636 passus
871 3565 984 3627 est,
1038 3564 1096 3613 et
1162 3554 1526 3611 descendens
1583 3553 1655 3608 de
1716 3567 1824 3606 sua
1875 3549 2197 3619 majestate,

543 3668 753 3709 novem
781 3666 1017 3706 menses
1046 3648 1105 3702 in
1130 3651 1292 3701 utero
1324 3641 1582 3715 Virginis
1622 3642 1683 3695 in
1714 3636 2010 3710 sanguine
2069 3636 2196 3704 fuit,

544 3744 604 3798 in
636 3739 949 3797 cunabulis
971 3737 1100 3804 fuit,
1124 3750 1336 3808 passus
1368 3737 1457 3788 est
1483 3748 1586 3804 per
1614 3732 1914 3785 momenta
1943 3741 2200 3781 crescere

546 3836 602 3887 et
633 3826 945 3894 verberari,
978 3830 1035 3881 st
1064 3821 1414 3895 calaphizari
1443 3826 1501 3876 et
1526 3817 1788 3888 crucifigi
1819 3821 1842 3872 ἲ
1897 3814 2044 3878 Quid
2088 3814 2200 3868 hoc

547 3917 765 3975 melius
790 3916 819 3972 ?

1091 4055 1421 4114 PSALMUS
1452 4053 1667 4111 CXLIII

549 4182 797 4252 Propter
825 4194 924 4252 eos
954 4176 1055 4248 qui
1099 4176 1373 4252 ignorant
1409 4170 1675 4252 Latinam
1717 4167 2003 4252 linguam,
2069 4163 2202 4252 licet

626 4239 814 4307 multa
844 4250 914 4304 de
944 4239 1248 4315 Evangeno
1278 4244 1821 4315 dixerimus,tam_e_n
1852 4239 2204 4315 debemuset

627 4325 698 4378 de
729 4319 1007 4376 Psalterio
1055 4308 1318 4390 quaedam
1354 4316 1547 4390 dicere
1571 4318 1677 4390 :_ut
1708 4311 1839 4390 aliis
1897 4308 2198 4390 satyratis,

624 4394 721 4450 alii
744 4392 933 4465 jejuni
976 4379 1091 4447 non
1124 4390 1385 4465 redeant.
1403 4384 1716 4465 Quoniam
1743 4387 1940 4465 autem
1992 4379 2200 4461 longus

622 4471 710 4522 est
742 4451 1093 4536 psalmusmt
1118 4461 1166 4536 si
1198 4451 1645 4536 volueriinusjq
1671 4452 1921 4536 singulis
1951 4451 2202 4536 versiCu:

622 4521 697 4593 lis
726 4521 1047 4602 immorari,
1075 4534 1200 4589 dies
1231 4529 1484 4604 praeterit
1516 4521 1837 4604 :_debemus
1865 4521 2197 4604 breviterad

2302 604 2507 659 lum.»
2543 605 2667 658 Ηωο
2698 608 2783 659 est
2807 602 2932 673 lyra
2980 605 3199 672 nostra,
3248 600 3371 655 haec
3416 598 3662 656 cithara.
3723 599 3787 655 In
3844 598 3953 657 hac

2302 698 2609 749 cantamus
2643 692 2912 761 Domino,

2373 824 2401 852 ‹‹
2434 799 2831 855 Misericordia
2863 814 2991 854 mea
3022 801 3080 853 et
3109 796 3401 869 refugium
3424 812 3646 863 meum,
3710 810 3948 866 suscep-

2301 893 2393 945 tor
2421 906 2587 944 meus
2619 893 2675 944 et
2705 888 2980 943 liberator
3011 902 3196 942 meus.
3232 886 3532 941 Pretector
3562 901 3750 954 meus,
3785 888 3841 940 et
3888 885 3945 938 in

2302 978 2429 1051 ipso
2487 978 2731 1050 speravi.
2792 1000 2818 1025 ››
2873 977 2937 1033 In
3020 975 3200 1030 tantis
3278 974 3617 1031 nominibus
3693 973 3948 1046 appella-

2301 1072 2398 1123 tur
2420 1068 2593 1123 Deus.
2622 1067 2772 1131 Quot
2800 1066 3099 1132 beneﬁcia,
3121 1068 3205 1120 tot
3235 1064 3493 1119 nomina.
3528 1086 3557 1113 «
3586 1063 3693 1127 Qui
3744 1065 3947 1122 subdis

2303 1155 2585 1229 populum
2620 1172 2813 1211 meum
2830 1155 2939 1210 sub
2972 1169 3085 1209 me.
3119 1175 3146 1204 »
3172 1153 3289 1208 Hoc
3337 1156 3527 1225 potest
3582 1170 3651 1208 ex
3701 1170 3947 1225 persona

2303 1245 2517 1301 Christi
2549 1245 2685 1312 dici,
2707 1244 2815 1299 hoc
2844 1248 2953 1311 est,
2985 1260 3055 1298 ex
3082 1246 3387 1314 assumpto
3445 1240 3701 1297 homine.
3757 1242 3949 1300 Potest

2305 1340 2499 1390 autem
2532 1352 2599 1390 ex
2629 1350 2878 1407 persona
2907 1331 3303 1405 apostolorum
3337 1329 3473 1399 dici,
3504 1330 3644 1401 quia
3688 1331 3901 1388 dicitur
3929 1351 3942 1389 :

2305 1424 2459 1488 «Qui
2490 1424 2694 1480 subdis
2726 1421 3007 1494 populum
3040 1438 3233 1477 meum
3263 1420 3374 1475 sub
3406 1436 3519 1476 me.
3579 1442 3608 1471 »
3653 1420 3796 1476 Dicit
3839 1422 3947 1477 hoc

2304 1518 2361 1570 et
2383 1517 2622 1569 sanctus
2654 1513 2821 1567 Pater
2844 1512 2903 1566 in
2935 1510 3311 1580 monasterio,
3343 1514 3401 1564 et
3429 1509 3650 1581 gratias
3695 1510 3947 1567 referens

2309 1608 2418 1657 Deo
2450 1602 2626 1657 dicit:
2662 1600 3009 1656 Benedictus
3038 1598 3322 1654 Dominus
3346 1597 3501 1653 Deus
3532 1613 3719 1669 meus,
3772 1621 3799 1649 ι(
3846 1600 3946 1671 qui

2306 1691 2511 1747 subdis
2543 1690 2823 1763 populum
2857 1706 3053 1745 meum
3084 1689 3193 1743 sub
3228 1704 3340 1743 me.
3377 1710 3403 1736 ››
3432 1687 3558 1743 Non
3588 1688 3743 1743 enim
3802 1688 3944 1743 mihi

2306 1780 2617 1852 subjicitur
2652 1780 2789 1847 ;sed
2820 1778 2922 1833 tibi
2953 1777 3292 1850 ,subjicitur.
3357 1776 3488 1832 Ideo
3546 1776 3691 1833 mihi
3746 1778 3943 1844 servit,

2226 1890 2274 1955 Β
2310 1876 2372 1927 ut
2402 1870 2617 1925 serviat
2644 1868 2771 1933 tibi,

2376 1983 2403 2009 ‹‹
2442 1958 2699 2028 Domine,
2734 1957 2872 2029 quid
2903 1961 2992 2012 est
3034 1956 3230 2023 homo,
3292 1955 3431 2028 quia
3484 1955 3785 2011 innotuisti
3844 1956 3941 2012 ei:

2305 2054 2406 2107 aut
2430 2049 2584 2103 filius
2606 2045 3029 2118 hominis,quia
3050 2049 3285 2117 reputas
3304 2062 3437 2101 eum
3457 2044 3640 2101 ?nHoc
3669 2044 3863 2118 ipsum
3890 2049 3945 2101 et

2304 2139 2365 2194 in
2413 2143 2609 2193 octavo
2661 2135 2887 2209 psalmo
2945 2134 3203 2190 dicitur:
3265 2134 3404 2203 Quid
3460 2138 3539 2189 est
3593 2134 3751 2190 homo
3804 2134 3945 2207 quod

2301 2244 2510 2283 memor
2536 2242 2590 2281 es
2619 2226 2737 2295 ejus
2766 2244 2787 2288 ;
2806 2227 2904 2279 aut
2932 2224 3082 2295 ﬁlius
3139 2223 3396 2293 hominis,
3454 2223 3710 2294 quoniam
3758 2226 3945 2280 visitas

2304 2335 2431 2373 eum
2462 2317 2636 2386 (l’sal.
2698 2333 2820 2385 vui,
2876 2313 2979 2382 5)?
3041 2337 3060 2361 η
3126 2312 3387 2384 Domine,
3431 2312 3570 2384 quid
3619 2317 3707 2368 est
3752 2312 3944 2381 homo,

2307 2407 2444 2479 quia
2474 2404 2780 2461 innotuisti
2813 2403 2913 2459 ei?
2944 2425 2971 2453 »
3001 2404 3074 2458 De
3097 2401 3409 2473 fragilitate
3442 2402 3698 2474 corporis
3721 2407 3777 2457 et
3830 2402 3946 2457 hu—

2307 2513 2480 2551 mana
2512 2494 2840 2549 conditione
2874 2490 3153 2564 loquitur.
3189 2492 3257 2545 Et
3289 2490 3427 2562 quid
3458 2490 3599 2546 dicit
3627 2491 3654 2547 ‘2
3711 2490 3769 2545 Si
3815 2507 3945 2546 car-

2307 2602 2440 2641 nem
2472 2580 2890 2654 aspicias,quid
2921 2585 3009 2635 est
3040 2579 3215 2635 homo
3246 2579 3272 2633 ‘?
3301 2579 3358 2633 Si
3380 2579 3673 2651 spiritum,
3731 2580 3947 2652 grande

2307 2673 2587 2746 quiddam
2620 2675 2709 2727 est
2738 2671 2932 2725 homo.
2959 2670 3081 2725 Non
3115 2668 3507 2740 despiciemus
3530 2684 3785 2736 carnem,
3840 2669 3937 2725 sed

2307 2762 2503 2817 carnis
2535 2777 2711 2833 opera
2741 2765 3208 2815 contemnamus.
3246 2757 3371 2816 Non
3402 2756 3793 2829 despiciamus
3819 2774 3939 2814 car-

2307 2868 2463 2916 nem,
2496 2868 2621 2921 qua:
2643 2865 2778 2904 cum
2838 2847 3067 2903 Christo
3116 2851 3321 2918 regnat
3374 2845 3434 2902 in
3493 2846 3654 2903 caelo.
3705 2848 3837 2903 Caro
3890 2851 3944 2903 et

2306 2942 2535 3009 sanguis
2564 2954 2794 3008 regnum
2825 2939 2927 2992 Dei
2957 2954 3064 2992 non
3086 2936 3442 3008 possidebunt
3487 2937 3530 3006 (Ι
3554 2935 3678 2992 Cor.
3711 2953 3801 3003 xv,
3830 2935 3941 3003 58).

2308 3028 2431 3085 Non
2466 3044 2597 3082 caro
2619 3031 2676 3083 et
2716 3026 2977 3097 sanguis,
3039 3027 3138 3079 sed
3200 3024 3391 3080 carnis
3449 3041 3643 3097 opera.
3701 3025 3837 3081 Caro
3887 3030 3942 3081 et

2308 3117 2550 3189 sanguis
2581 3131 2826 3188 regnum
2860 3114 2954 3170 Dei
2987 3131 3103 3169 non
3135 3113 3538 3186 possidebunt,
3568 3118 3627 3170 et
3656 3114 3939 3186 quomodo

2311 3206 2371 3261 in
2430 3205 2658 3261 Christo
2716 3206 2981 3275 regnant,
3043 3207 3100 3258 et
3155 3201 3448 3274 quomodo
3479 3203 3748 3259 sedemus
3811 3218 3943 3258 cum

2312 3294 2539 3351 Christo
2574 3295 2629 3349 in
2662 3292 2996 3348 cmlestibus
3025 3291 3052 3347 ?
3082 3315 3110 3343 «
3144 3290 3562 3363 Domine,!quid
3612 3295 3699 3347 est
3751 3291 3945 3357 homo,

2308 3384 2447 3457 quia
2477 3382 2783 3439 innotuisti
2814 3381 2864 3437 ei
2900 3399 2912 3437 :
2949 3386 3050 3437 aut
3081 3380 3234 3436 illius
3266 3380 3541 3447 hominis,
3562 3379 3696 3452 quia
3716 3385 3949 3452 reputas

2307 3491 2441 3529 eum
2469 3474 2497 3528 ‘I
2525 3494 2551 3524 ιι
2582 3472 2809 3528 Gratias
2836 3471 2955 3543 agit
2986 3475 3121 3538 Deo,
3154 3475 3210 3525 et
3240 3470 3393 3541 quod
3443 3468 3600 3540 dicit,
3658 3468 3761 3525 hoc
3816 3472 3907 3524 est
3935 3485 3952 3524 :

2309 3564 2605 3629 Quantum
2631 3562 2702 3616 ad
2735 3560 3058 3616 humanam
3089 3558 3509 3625 conditionem,
3568 3558 3739 3614 homo
3805 3556 3955 3613 nihil

2308 3657 2414 3708 est.
2483 3652 2698 3708 Vanilas
2750 3650 3080 3714 vanitatum,
3140 3652 3191 3703 et
3248 3650 3434 3703 omnia
3509 3648 3736 3714 vanitas,
3817 3644 3960 3701 dicit

2309 3740 2691 3797 Ecclesiastes
2721 3738 2917 3810 (Eccle,
2952 3755 2991 3806 1,
3024 3738 3099 3808 2).
3154 3736 3212 3792 Si
3261 3738 3461 3794 omnia
3515 3736 3759 3803 vanitas,
3811 3750 3944 3808 ergo

2309 3834 2367 3885 et
2415 3828 2649 3896 coelum,
2709 3843 2846 3899 ergo
2902 3832 2958 3881 et
3014 3825 3224 3897 angeli.
3286 3824 3345 3880 Si
3390 3823 3600 3879 cmlum
3666 3829 3722 3879 et
3762 3822 3952 3895 angeli

2308 3918 2573 3973 vanitas:
2608 3917 2783 3971 homo
2815 3918 3033 3987 quanto
3066 3914 3292 3969 vanitas
3327 3913 3339 3967 l
3371 3914 3438 3969 Et
3484 3914 3532 3968 si
3580 3912 3802 3968 vanitas
3850 3928 3950 3967 an-

2310 4006 2446 4080 geli,
2481 4005 2765 4061 sicmlum
2796 4003 3059 4059 vanitas:
3095 4004 3249 4059 Deus
3306 4019 3442 4075 ergo
3498 4018 3676 4074 quare
3728 4000 3945 4057 vanita-

2310 4102 2427 4151 tem
2460 4100 2732 4168 operatus
2764 4099 2853 4151 est
2872 4093 2901 4147 ‘I
2930 4092 3171 4149 Vanitas
3201 4092 3273 4148 ad
3306 4091 3798 4163 comparationem
3827 4088 3947 4145 Dei:

2309 4191 2579 4241 caeterum
2614 4201 2717 4256 per
2746 4201 2807 4241 se
2838 4201 2954 4239 non
2985 4184 3233 4238 vanitas.
3267 4206 3293 4232 «
3346 4181 3613 4249 Domine,
3672 4179 3809 4252 quid
3864 4182 3955 4234 est

2310 4275 2504 4344 homo,
2538 4274 2676 4346 quia
2705 4271 3013 4328 innotuisti
3040 4271 3089 4327 ei
3112 4272 3139 4326 ‘2
3167 4295 3187 4321 ι
3234 4271 3482 4327 Grandis
3515 4269 3764 4325 hominis
3785 4266 3953 4324 felici-

2308 4368 2398 4419 tas
2431 4364 2579 4419 scire
2608 4366 2935 4418 Creatorem
2967 4377 3165 4417 suum.
3200 4361 3316 4415 Hoc
3348 4378 3382 4415 a
3411 4360 3613 4416 bestiis
3648 4359 3954 4422 distamus,

2309 4453 2449 4525 quia
2478 4470 2583 4507 nos
2616 4451 2996 4524 intelligimus
3028 4450 3355 4505 Creatorem
3391 4454 3678 4519 nostrum,
3709 4446 3806 4503 illa
3835 4462 3946 4501 non

2308 4541 2784 4614 intelligunt.Sed
2816 4545 2873 4596 et
2902 4540 3027 4613 ipse
3057 4543 3247 4596 status
3270 4538 3527 4611 corporis
3558 4554 3730 4593 suum
3751 4535 3953 4608 quierit

621 4592 712 4665 sin
760 4608 857 4663 ula
920 4624 1002 4662 ua;
1034 4592 1120 4662 'ue
1153 4592 1363 4659 sensus
1394 4617 1489 4657 ma
1534 4600 1583 4655 is
1652 4614 1787 4654 uam
1820 4595 1993 4651 verba
2021 4610 2082 4649 re
2128 4592 2195 4647 li-
2310 4592 2784 4641 ”“ῗ”’⁰”’”’””
2823 4592 2870 4596 ’⁷
2902 4592 3022 4641 ΤΤ
3421 4592 3433 4594 “
3511 4592 3521 4594 ⁷
3604 4592 3607 4593 ⁷
3644 4592 3649 4593 ί
3767 4592 3785 4608 ³

628 4624 755 4703 --.ξ
875 4623 912 4678 q
1008 4624 1043 4678 (ἶ
1493 4616 1529 4672 g
1609 4615 1643 4671 (ί
2086 4610 2121 4665 p
2229 4632 2615 4703 Dartificem.
2653 4632 2870 4686 Caetera
2891 4628 3169 4685 animalia
3223 4633 3439 4684 terram
3498 4625 3834 4700 respiciunt,
3892 4629 3949 4680 et

624 4696 777 4734 care.

627 4837 1040 4895 «Benedictus
1093 4835 1378 4891 Dominus
1439 4838 1588 4888 Deus
1646 4846 1833 4899 meus,
1888 4826 1992 4900 qui
2039 4827 2208 4881 docet

553 4947 770 4985 manus
801 4944 962 4983 meas
992 4927 1060 4983 ad
1094 4924 1381 4997 prazlium,
1407 4926 1462 4977 et
1492 4921 1704 4994 digitos
1753 4934 1913 4973 meos
1962 4916 2032 4971 ad
2078 4913 2199 4970 bel-

552 5020 700 5075 lum.
728 5042 756 5068 n
787 5016 893 5083 Qui
924 5016 1180 5072 breviter
1202 5012 1638 5084 interpretatur,
1671 5009 1780 5064 hoc
1803 5007 2204 5079 consequitur,

550 5109 763 5182 utipse
795 5108 1031 5163 laudem
1060 5122 1174 5161 non
1202 5103 1435 5169 habeat,
1470 5106 1525 5156 et
1560 5104 1750 5154 tamen
1814 5097 2207 5169 quodcunque

551 5199 610 5253 in
641 5195 1121 5269 interpretatione
1152 5198 1261 5259 est,
1288 5187 1677 5247 retineantilli
1736 5187 1835 5259 qui
1897 5183 2207 5240 audierunt

625 5311 651 5340 ‹‹
680 5286 1023 5342 Benedictus
1048 5286 1328 5339 Dominus
1350 5287 1498 5335 Deus
1535 5294 1721 5346 meus,
1756 5275 1855 5349 qui
1887 5275 2053 5329 docet
2080 5290 2204 5327 ma-

555 5395 667 5434 nus
699 5393 858 5432 meas
890 5375 961 5431 ad
994 5372 1280 5447 prazlium,
1310 5375 1365 5425 et
1394 5369 1609 5441 digitos
1628 5383 1790 5422 meos
1822 5364 1891 5419 ad
1926 5362 2200 5418 bellum,»

550 5465 831 5523 Levemus
860 5480 1073 5519 manus
1100 5463 1157 5517 in
1191 5465 1395 5517 sancta
1442 5460 1569 5513 sine
1652 5451 2104 5527 cogitationibus
2148 5458 2205 5505 et

554 5553 1079 5629 disceptationibus
1116 5577 1130 5620 ;
1164 5552 1426 5605 levemus
1460 5548 1516 5601 in
1550 5545 1709 5602 omni
1745 5544 1890 5598 loco.
1939 5542 2009 5595 Et
2067 5556 2200 5596 cum

557 5641 942 5699 levaverimus
965 5658 1177 5698 manus
1208 5643 1459 5707 nostras,
1518 5634 1807 5692 orationes
1864 5634 2075 5688 nostra:
2128 5631 2202 5693 ad

558 5732 747 5795 Deum
777 5748 941 5789 arma
979 5736 1119 5790 sunt
1173 5733 1375 5789 contra
1414 5724 1737 5787 diabolum.
1780 5747 1808 5778 «
1872 5720 1979 5791 Qui
2033 5720 2202 5782 docet

2318 4720 2418 4776 ubi
2446 4725 2663 4790 venter,
2696 4719 2775 4774 ibi
2808 4725 2867 4774 et
2897 4718 3071 4774 oculi.
3104 4719 3386 4774 Caeterum
3441 4716 3592 4772 oculi
3652 4714 3828 4772 nostri
3885 4714 3957 4769 ad

2319 4809 2529 4866 ccelum
2555 4808 2729 4865 erecti
2773 4812 2930 4877 sunt,
2981 4812 3039 4861 et
3097 4807 3144 4862 si
3204 4823 3371 4862 mens
3426 4806 3599 4861 fuerit
3653 4805 3956 4871 obcaecata,

2318 4904 2515 4955 tamen
2548 4898 2780 4955 invictis
2808 4896 2993 4952 oculis
3011 4894 3221 4951 coelum
3255 4894 3573 4951 videamus.

2392 5031 2419 5059 ‹‹
2447 5007 2629 5064 Homo
2660 5005 2901 5062 vanitati
2934 5003 3143 5061 similis
3174 5003 3364 5060 factus
3385 5002 3626 5070 cst,dies
3656 5002 3783 5073 ejus
3811 4999 3962 5057 sicut

2320 5098 2529 5153 umbra
2562 5099 2927 5168 praetereunt.
2965 5094 3135 5151 nVcre
3168 5092 3293 5147 dies
3324 5090 3507 5148 nostri
3540 5090 3707 5164 quasi
3728 5088 3954 5145 umbra.

2319 5187 2421 5241 Fui
2454 5183 2891 5250 infantulus,fui
2926 5199 3090 5255 puer,
3115 5181 3193 5237 fui
3228 5179 3720 5247 adolescentulus,
3753 5178 3831 5234 fui
3856 5178 3963 5249 ju-

2315 5275 2587 5343 venis,i'ui
2621 5271 3051 5343 vir,hecest,fui
3088 5270 3276 5326 aetatis
3317 5271 3601 5343 perfectae,
3635 5269 3715 5326 fui
3738 5268 3965 5324 mediae.

2317 5371 2465 5421 Dum
2487 5365 2887 5427 nescio,senex
2919 5378 3073 5417 sum.
3107 5360 3397 5415 Senectuti
3450 5376 3607 5416 mors
3661 5356 3945 5429 subrepit.

2317 5455 2509 5511 Mutor
2533 5452 2877 5525 quotidie,et
2910 5448 3163 5505 nihilme
3193 5465 3319 5505 esse
3353 5465 3467 5504 non
3490 5447 3707 5504 sentio.
3736 5451 3816 5502 Ne
3846 5461 3961 5501 uno

2319 5544 2553 5616 quidem
2589 5545 2883 5598 momento
2914 5538 3068 5594 horae
3097 5543 3324 5594 stamus
3352 5537 3411 5593 in
3445 5541 3600 5593 statu
3632 5534 3960 5603 nostro,sed

2316 5649 2548 5706 semper
2605 5635 2706 5689 aut
2756 5627 3100 5697 crescimus,
3175 5632 3276 5684 aut
3345 5625 3758 5683 decrescimus.
3806 5628 3953 5698 Ergo

2316 5725 2491 5784 homo
2520 5739 2625 5799 per
2652 5721 2951 5781 momenta
2970 5721 3257 5797 mutatur,
3307 5722 3365 5775 et
3417 5718 3559 5779 dum
3608 5714 3812 5789 nescit,
3867 5714 3958 5775 in-
