4244 6564
292 420 446 479 1317

1468 420 1961 484 BREVIAHIUM
2007 424 2085 485 ΙΝ
2129 424 2554 493 PSALMOS.‘

3534 450 3691 516 1318

287 538 442 609 terit,
468 551 613 624 Ergo
645 568 840 619 senex,
864 552 1133 608 recordor
1162 526 1489 610 indautulus
1520 556 1661 627 quid
1695 555 1927 621 fuerim,
1959 559 2014 625 Α
2043 556 2388 617 alienorum.
2419 585 2439 611 ι
2478 564 2599 620 Non
2632 569 2773 622 sunt
2791 567 2947 625 enim
2970 568 3073 627 filii
3103 572 3208 642 tui,
3234 578 3333 649 qui
3363 591 3688 644 nascuntur

291 640 433 713 quid
481 640 739 707 fecerim,
770 642 1061 713 quomodo
1092 640 1361 710 luserim,
1394 646 1689 715 quomodo
1720 644 1836 700 huc
1866 644 1932 699 il-

290 729 503 802 lucque
524 730 899 786 discurrerim
926 748 939 785 :
974 748 1128 786 nunc
1162 748 1254 787 me
1283 732 1446 790 video
1479 734 1659 790 nimio
1682 736 1935 806 pondere

293 824 739 891 praegravatum.
760 819 939 875 «Dies
959 820 1085 890 ejus
1108 820 1262 876 sicut
1283 823 1491 878 umbra
1514 828 1931 895 praetereunt.»

293 907 425 964 Vita
472 913 669 965 nostra
716 908 924 963 umbra
972 926 1099 964 esse
1144 908 1391 977 videtur,
1440 916 1497 965 et
1544 913 1935 968 substantiam

295 1014 409 1053 non
462 996 656 1053 habet.
689 998 851 1063 Quod
901 1002 1097 1053 autem
1146 998 1536 1055 substantiam
1581 1018 1695 1056 non
1739 1001 1931 1069 habet,

295 1086 408 1141 cito
448 1086 615 1157 perit.
649 1085 794 1152 Quia
838 1102 973 1157 ergo
1016 1086 1190 1142 homo
1233 1091 1354 1143 tam
1401 1087 1752 1145 miserabilis
1800 1093 1935 1146 est:

294 1175 434 1246 quia
479 1175 563 1230 sic
610 1178 699 1232 est
739 1174 1031 1246 infirmus,
1066 1176 1205 1247 quid
1248 1176 1381 1232 inde
1412 1178 1765 1250 precamur?
1795 1178 1935 1250 quid

293 1281 567 1336 rogamus
587 1266 615 1319 ‘t
659 1265 799 1337 quid
829 1265 924 1321 hic
954 1265 1093 1320 dicit
1124 1265 1457 1338 Propheta?
1487 1266 1628 1338 quid
1661 1271 1751 1323 est
1780 1267 1934 1339 quod

293 1356 562 1425 precatur
580 1353 607 1408 ?

363 1479 682 1548 «Domine,
733 1480 952 1535 inclina
1003 1480 1177 1536 ccelos
1236 1485 1388 1549 tuos,
1447 1486 1505 1537 et
1550 1483 1856 1538 descende.
1911 1506 1932 1533 ι

290 1568 414 1623 Non
446 1569 663 1640 poteris
713 1584 942 1624 servare
983 1568 1158 1625 istam
1199 1569 1455 1625 hominis
1484 1570 1787 1639 vilitatem,
1823 1571 1936 1627 nisi

290 1658 417 1727 ipse
442 1674 569 1712 eam
599 1656 881 1713 indueris.
917 1680 943 1707 «
969 1658 1231 1723 Domine,
1256 1658 1473 1714 inclina
1498 1660 1673 1715 caelos
1703 1667 1857 1731 tuos,
1881 1665 1937 1716 et

293 1746 597 1802 descende.
634 1769 661 1795 »
711 1745 845 1802 Ovis
892 1751 993 1801 tua
1041 1763 1282 1803 erronca
1321 1749 1513 1803 sanari
1559 1766 1672 1804 non
1704 1750 1932 1821 poterit,

293 1835 408 1889 nisi
438 1836 556 1890 tuis
589 1835 849 1891 humeris
882 1840 1207 1908 reportetur
1245 1837 1393 1908 (Luc.
1427 1854 1517 1904 xv,
1548 1838 1625 1909 5).
1679 1860 1706 1888 (ί
1741 1838 1936 1909 Tange

292 1929 543 1993 montes,
577 1928 633 1979 et
663 1924 1053 1996 fumigabunt.
1084 1944 1110 1976 η
1149 1927 1341 1991 Amen,
1372 1942 1531 1981 amen
1572 1926 1689 1982 dico
1740 1926 1887 1981 vobis
1915 1942 1934 1981 :
1964 1937 2012 2002 Β

290 2014 343 2067 .ςὶ
372 2012 672 2069 habueritis
712 2012 882 2082 ﬁdem
927 2022 989 2068 ut
1024 2031 1262 2084 granum
1302 2017 1543 2087 sinapis,
1570 2017 1819 2087 poteritis
1847 2016 1931 2071 di-

291 2117 410 2156 cere
462 2102 639 2157 monti
690 2103 817 2157 huic
856 2122 876 2157 .·
927 2104 1134 2171 Transi,
1190 2106 1241 2157 et
1294 2106 1658 2175 transferetur
1709 2105 1928 2176 (Matth.

291 2206 428 2257 xvn,
465 2191 571 2259 19).
604 2190 689 2245 Ibi
724 2190 793 2245 de
830 2189 1089 2246 lunatico
1121 2191 1442 2260 dicebatur,
1478 2194 1550 2247 de
1581 2192 1679 2249 illo
1710 2198 1932 2260 monte,

292 2279 394 2351 qui
424 2280 495 2349 ab
526 2277 645 2333 illis
676 2279 979 2334 transferri
1010 2296 1125 2335 non
1158 2285 1399 2352 poterat.
1427 2280 1720 2353 Scriptum
1752 2286 1843 2337 est
1871 2283 1932 2337 in

290 2367 588 2422 Jeremia:
640 2369 773 2423 Date
819 2369 1046 2423 Domino
1098 2369 1202 2423 Deo
1244 2379 1430 2425 nostro
1476 2370 1729 2437 gloriam,
1780 2374 1931 2426 ante-

292 2472 458 2526 quam
502 2456 779 2527 offendant
822 2458 984 2527 pedes
1029 2459 1198 2513 vestri
1245 2458 1315 2512 ad
1357 2461 1563 2513 montes
1625 2461 1933 2515 tenebrosos

292 2547 507 2617 (Jerem.
541 2562 663 2613 xm,
713 2547 821 2616 16).
867 2550 986 2601 Hoc
1022 2551 1210 2602 totum
1242 2563 1420 2618 quare
1448 2547 1751 2603 diximus?
1783 2549 1933 2612 Quo-

292 2634 451 2689 niam
483 2638 541 2688 et
571 2651 726 2690 nunc
758 2635 1060 2706 sequitur:
1096 2658 1123 2685 «
1158 2637 1354 2708 Tange
1386 2640 1634 2705 montes,
1667 2642 1724 2693 et
1754 2637 1933 2693 fumi-

291 2724 537 2795 gabunt.
571 2746 599 2774 »
638 2723 865 2779 Montes
895 2723 993 2796 qui
1026 2729 1271 2795 regnant
1302 2742 1315 2780 :
1368 2731 1594 2781 montes
1628 2727 1726 2798 qui
1758 2726 1931 2782 erecti

292 2815 432 2867 sunt
458 2829 559 2883 per
578 2813 913 2884 superbiam
937 2829 949 2867 :
983 2813 1083 2883 qui
1115 2813 1354 2868 dicunt:
1389 2814 1500 2869 Mea
1528 2818 1659 2869 sunt
1677 2815 1930 2884 ﬂumina,

291 2909 345 2955 et
372 2918 465 2972 ego
495 2900 605 2974 feci
632 2918 699 2956 ea
743 2903 953 2973 (Ezech.
984 2919 1134 2973 xxxx,
1165 2904 1241 2971 9).
1292 2926 1319 2951 «
1353 2904 1548 2976 Tange
1596 2909 1844 2970 montes,
1878 2906 1935 2958 et

290 2991 684 3062 fumigabunt.
721 3013 748 3040 »
796 2991 921 3046 Non
971 2991 1136 3063 dixit,
1189 2992 1754 3060 inﬂammabuntur;
1805 2992 1931 3059 sed,

288 3081 659 3150 fumigabunt.
692 3079 952 3134 Habeant
985 3084 1212 3136 montes
1240 3097 1421 3152 poenae
1455 3080 1735 3137 indicium
1767 3099 1780 3137 :
1815 3099 1930 3136 non

288 3167 555 3239 fulgoris,
589 3184 703 3222 non
735 3167 1083 3238 splendoris.

358 3323 390 3351 «
423 3299 681 3372 Fulgura
735 3302 1199 3371 coruscationes,
1259 3308 1316 3358 et
1374 3303 1688 3377 dissipabis
1744 3321 1863 3360 eos.
1899 3327 1928 3357 ››
1961 3303 2005 3370 C

287 3389 433 3445 Vide
461 3388 601 3460 quid
635 3389 810 3445 dicat.
843 3390 968 3445 Non
999 3390 1162 3459 dixit,
1197 3392 1418 3448 delebis
1446 3410 1544 3449 eos
1570 3412 1583 3449 :
1617 3395 1739 3464 sed,
1770 3394 1933 3450 dissi-

285 3479 446 3553 pabis
492 3494 601 3534 eos.
656 3478 926 3550 Legimus
965 3479 1023 3534 in
1054 3480 1284 3551 Genesi,
1316 3497 1380 3536 eo
1412 3485 1670 3553 tempore
1701 3500 1815 3554 quo
1847 3483 1932 3540 fa-

289 3567 596 3623 bricabant
624 3571 866 3639 turrem,
899 3568 1043 3623 dixit
1072 3569 1226 3624 Deus
1261 3586 1272 3624 :
1314 3571 1513 3641 Venite,
1546 3572 1933 3628 descendemus

291 3661 345 3712 et
389 3657 785 3728 con/"undamus
835 3658 1053 3729 linguas
1088 3675 1297 3725 eorum,
1327 3675 1396 3713 ne
1441 3660 1740 3731 aliquando
1778 3664 1838 3717 in
1876 3680 1935 3717 se

288 3762 613 3802 consensum
660 3746 917 3815 habeant,
954 3746 1048 3803 sed
1095 3746 1478 3819 disperguntur
1524 3749 1676 3821 (Gen.
1727 3768 1805 3819 x1,
1855 3752 1930 3824 4).

293 3836 539 3893 Prodest
569 3834 706 3893 illis.

364 3992 392 4019 «
426 3969 638 4025 Emitte
681 3986 921 4026 manum
968 3977 1131 4028 tuam
1176 3978 1247 4028 de
1289 3972 1423 4028 alto.
1462 3994 1488 4021 »
1536 3974 1780 4041 Domine,
1812 3977 1935 4046 quis

287 4058 524 4113 credidit
578 4059 802 4113 auditui
855 4064 1059 4132 nostro,
1120 4063 1170 4115 et
1227 4062 1511 4117 brachium
1564 4063 1789 4119 Domini
1843 4066 1937 4119 cui

285 4146 588 4202 revelatum
624 4150 703 4202 est
744 4148 879 4218 (Isa.
913 4165 1011 4219 ιιι,
1044 4150 1094 4217 1)
1117 4150 1144 4204 ‘?
1195 4170 1224 4200 «
1255 4150 1465 4205 Emitte
1497 4167 1737 4207 manum
1770 4156 1931 4210 tuam

286 4234 357 4290 de
387 4234 524 4291 alto.
558 4235 822 4301 Domine,
857 4237 1077 4293 inclina
1108 4238 1281 4295 caelos
1311 4243 1444 4296 tuos
1474 4243 1531 4295 et
1561 4241 1865 4297 descende.
1899 4264 1928 4293 ››

283 4323 402 4379 Hoc
454 4324 527 4379 ad
581 4322 789 4380 Filium
840 4325 1099 4382 dicitur:
1156 4351 1184 4377 ι(
1219 4328 1443 4384 Inclina
1485 4328 1661 4385 caelos
1704 4333 1836 4386 tuos
1877 4336 1934 4387 et

282 4413 591 4469 descende.
626 4434 654 4463 ››
706 4414 775 4468 Et
813 4416 1106 4486 quomodo
1136 4417 1285 4472 dixit
1316 4434 1328 4472 :
1381 4441 1408 4468 «
1443 4419 1655 4475 Emitte
1689 4437 1930 4476 manum

283 4505 449 4557 tuam
499 4503 571 4558 de
616 4501 782 4557 alto?
815 4525 834 4550 ι»
889 4501 948 4557 Si
989 4504 1309 4572 descendit,
1342 4509 1634 4576 quomodo
1687 4525 1930 4565 manum

288 4591 472 4646 mittit
517 4592 587 4647 de
636 4590 798 4647 alto?
846 4592 956 4647 Sed
1006 4590 1139 4647 licet
1181 4593 1240 4647 in
1283 4597 1439 4661 terra
1481 4595 1577 4666 sit,
1620 4600 1815 4652 tamen
1860 4596 1931 4653 de

2046 645 2105 702 in
2138 648 2339 705 multis
2370 652 2577 722 aquis;
2612 655 2714 711 sed
2746 655 2916 713 alieni
2947 657 3051 714 filii
3083 668 3240 720 sunt.

2123 758 2149 790 α
2177 742 2430 801 Quorum
2458 758 2521 797 os
2544 742 2803 800 locutum
2827 750 2916 802 est
2944 749 3284 813 vanitatem.
3312 780 3333 806 ι
3370 759 3683 822 Scientiam

2046 824 2158 880 sibi
2190 828 2625 899 repromittunt,
2658 837 2714 887 et
2749 835 2983 908 erigunt
3012 856 3076 893 os
3107 848 3307 900 contra
3353 846 3680 911 Creatorem

2046 930 2242 969 suum.
2281 916 2600 974 Posucrunt
2646 920 2705 975 in
2751 923 2893 979 coelo
2931 942 2995 982 os
3025 943 3219 987 suum.
3272 956 3299 983 «
3334 935 3590 999 Quorum
3621 959 3687 999 os

2046 1000 2307 1058 locutum
2329 1010 2419 1060 est
2448 1007 2784 1065 vanitatem.
2815 1033 2836 1063 ι
2874 1014 3126 1073 Scientia
3154 1019 3389 1080 illorum
3418 1028 3688 1087 vanitatis

2046 1091 2292 1147 scientia
2321 1098 2428 1148 est.
2477 1117 2505 1145 «
2537 1098 2605 1151 Et
2634 1096 2868 1155 dextera
2894 1118 3118 1176 eorum,
3151 1108 3383 1169 dextera
3412 1114 3686 1189 iniquita~

2045 1179 2143 1235 tis.
2178 1202 2206 1229 »
2261 1180 2581 1255 Utrumque
2622 1187 3063 1261 condemnatur,
3097 1200 3156 1251 et
3185 1214 3249 1253 os
3280 1206 3337 1256 et
3367 1179 3599 1275 manus,
3635 1214 3695 1265 et

2046 1269 2290 1325 scientia
2319 1275 2374 1326 et
2402 1289 2594 1344 opera.
2632 1277 2938 1341 «Quorum
2965 1297 3030 1336 os
3061 1281 3321 1343 locutum
3353 1298 3442 1348 est
3471 1269 3693 1355 vanita-

2045 1360 2186 1425 tem,
2222 1380 2251 1408 ››
2300 1359 2408 1416 hoc
2464 1366 2553 1417 est
2608 1363 2934 1423 scientiam.
2985 1392 3014 1418 ‹‹
3048 1375 3115 1426 Et
3170 1375 3407 1435 dextera
3459 1399 3687 1456 eorum,

2047 1446 2282 1503 dextera
2311 1448 2657 1521 iniquitatis.
2694 1476 2721 1503 »
2771 1459 3034 1526 Dextera,
3068 1460 3125 1516 in
3158 1479 3347 1535 opere.
3383 1446 3687 1532 Dexteram

2046 1551 2108 1591 se
2158 1534 2372 1593 habere
2420 1539 2643 1608 dicunt,
2685 1544 2782 1599 sed
2835 1546 2938 1600 toti
2985 1534 3211 1606 sinistri
3256 1560 3412 1613 sunt.
3445 1558 3690 1621 Dextera

2043 1622 2371 1695 iniquitatis
2421 1633 2528 1697 est,
2562 1634 2618 1684 et
2664 1648 2776 1686 non
2824 1637 2913 1688 est
2960 1637 3270 1708 aequitatis.
3304 1642 3464 1703 Unde
3494 1652 3552 1704 et
3580 1651 3680 1707 tali

2044 1711 2292 1809 sinistrae
2337 1715 2552 1809 dicitur
2582 1734 2593 1772 :
2644 1719 2755 1809 Stet
2785 1720 3033 1779 diabolus
3061 1743 3094 1781 a
3122 1727 3332 1787 dextris
3359 1735 3476 1805 ejus
3504 1737 3679 1809 (Psal.

2043 1816 2199 1897 avni,
2229 1802 2305 1873 6).
2340 1802 2445 1866 Qui
2478 1804 2652 1897 talem
2684 1807 2859 1866 habet
2900 1812 3215 1886 dexteram,
3248 1825 3306 1876 et
3352 1802 3683 1897 iniquitatis

2044 1888 2365 1957 dexteram,
2397 1897 2513 1948 stat
2543 1896 2811 1954 diabolus
2840 1916 2874 1955 a
2904 1901 3120 1960 dextris
3149 1909 3297 1979 ejus.

2117 2017 2144 2045 «
2175 1995 2347 2067 Deus,
2381 2001 2671 2058 canticum
2722 2021 2938 2062 novum
2969 2013 3217 2067 cantabo
3247 2015 3375 2073 tibi.
3413 2040 3441 2070 »
3492 2022 3688 2082 Novus

2041 2083 2238 2149 homo,
2270 2103 2483 2143 novum
2512 2092 2825 2149 canticum.
2873 2120 2899 2146 «
2936 2097 3108 2170 Deus,
3141 2104 3435 2163 canticum
3466 2126 3680 2170 novum

2043 2174 2288 2230 cantabo
2348 2176 2473 2231 tibi.
2509 2200 2537 2227 ››
2592 2179 2815 2239 Cantate
2871 2186 3101 2244 Domino
3159 2195 3435 2251 canticum
3482 2215 3682 2257 novum

2041 2261 2366 2357 (Psal._xcv,
2401 2267 2473 2357 1).
2519 2267 2703 2330 Quam
2737 2271 2975 2343 pulchre
3006 2294 3119 2333 non
3152 2279 3315 2350 dixit,
3348 2290 3538 2357 canto,
3574 2291 3675 2346 sed

2042 2352 2288 2407 cantabo.
2324 2353 2385 2409 In
2433 2356 2626 2413 futuro
2678 2363 3056 2432 repromisit:
3107 2366 3165 2422 in
3215 2375 3484 2441 praesenti
3523 2352 3681 2436 enim

2042 2439 2151 2495 scit
2179 2445 2469 2498 certamen
2502 2461 2648 2513 esse,
2672 2464 2787 2504 non
2819 2453 3130 2511 canticum.
3154 2439 3467 2532 Nunquam
3489 2472 3687 2524 cantat

2043 2529 2496 2603 exercitus,.nisi
2551 2536 2784 2605 quando
2826 2539 3045 2598 vicerit.
3098 2532 3245 2618 Ergo
3295 2529 3573 2621 quoniam
3626 2555 3686 2611 in

2043 2619 2310 2687 praesenti
2366 2636 2584 2692 pugno,
2634 2641 2748 2679 non
2805 2628 2951 2683 mihi
3002 2639 3166 2688 vacat
3221 2619 3475 2696 cantare.
3536 2646 3682 2701 Cum

2039 2704 2249 2769 vicero,
2294 2712 2432 2763 tunc
2481 2712 2772 2768 cantabo:
2826 2737 2848 2766 ι
2887 2718 2946 2771 In
2997 2720 3270 2791 psalterio
3323 2727 3684 2789 decachordo

2041 2794 2298 2887 psallam,
2320 2795 2507 2887 tibi.»
2541 2800 2702 2856 Tunc
2732 2807 3038 2863 extendam
3073 2815 3381 2885 utramque
3415 2834 3681 2887 manum,

2041 2888 2099 2979 et
2125 2883 2397 2941 vitalibus
2427 2886 2531 2943 tibi
2561 2889 2793 2947 chordis
2822 2909 3049 2953 canam.
3084 2883 3437 2961 Oratioﬁmea
3468 2883 3680 2979 psalte;

2041 2973 2195 3029 rium
2226 2978 2395 3031 tuum
2434 2982 2539 3032 est.

2113 3088 2139 3114 ‹‹
2173 3063 2290 3160 Qui.
2304 3064 2405 3160 das
2428 3065 2678 3160 salutem
2704 3070 2957 3143 regibus,
2976 3095 3002 3126 υ
3031 3082 3141 3135 etc.
3159 3080 3382 3145 Quibus
3405 3086 3684 3160 regibus?

2042 3152 2143 3251 ρον
2173 3156 2315 3224 regis
2346 3156 2403 3209 in
2432 3172 2599 3212 manu
2628 3159 2724 3251 Dei
2771 3161 2951 3251 (Prov.
2984 3184 3098 3235 xxi,
3132 3170 3186 3242 1)
3221 3189 3233 3227 :
3286 3174 3383 3246 qui
3440 3152 3686 3251 regnant

2040 3240 2099 3296 in
2132 3259 2370 3335 corpore
2418 3261 2545 3316 suo,
2595 3248 2696 3318 qui
2746 3250 3069 3322 subjiciunt
3115 3240 3325 3332 corpus
3379 3240 3575 3335 suum,
3624 3277 3688 3329 et

2042 3330 2303 3425 servituti
2325 3333 2613 3425 redigunt,
2641 3352 2710 3392 ne
2732 3336 2863 3393 aliis
2890 3330 3290 3417 praedicantes,
3314 3349 3426 3423 ipsi
3451 3330 3683 3425 reprobi

2040 3419 2411 3515 inveniantur
2457 3425 2506 3515 (ΔΙ
2533 3423 2652 3515 Cor.
2677 3443 2760 3515 ix,
2792 3428 2903 3498 27).
2956 3431 3056 3487 Isti
3089 3441 3228 3492 sunt
3256 3419 3421 3512 reges
3451 3419 3533 3496 de
3552 3443 3680 3515 qui-

2042 3508 2152 3565 bus
2182 3510 2321 3565 dicit
2350 3510 2647 3583 Sapientia
2674 3513 2733 3569 in
2763 3520 3087 3577 Proverbiis
3120 3539 3132 3577 :
3185 3529 3292 3583 Dat
3323 3508 3685 3599 regnumre-

2040 3598 2200 3666 gibus
2229 3599 2410 3669 (Prov.
2444 3617 2564 3667 VIII,
2599 3603 2706 3674 15).

2114 3727 2142 3755 «
2174 3705 2344 3777 Eripe
2374 3723 2488 3774 me,
2521 3712 2578 3765 et
2607 3708 2791 3767 libera
2819 3730 2911 3771 me
2941 3716 3012 3771 de
3042 3734 3220 3776 manu
3252 3722 3507 3783 filiorum
3546 3727 3686 3787 alia-

2044 3811 2275 3849 norum.
2312 3817 2341 3844 ››
2388 3796 2672 3855 Versiculi
2725 3801 2824 3873 qui
2877 3820 3058 3877 supra
3094 3808 3234 3865 dicti
3274 3818 3434 3882 sunt,
3466 3816 3680 3875 iterum

2043 3888 2406 3976 repetuntur.
2463 3909 2490 3935 «
2523 3888 2781 3952 Quorum
2824 3908 2890 3948 os
2934 3891 3194 3952 locutum
3225 3905 3315 3956 est
3343 3904 3682 3976 vanitatem,

2043 3976 2099 4028 et
2123 3974 2356 4029 dextera
2377 3990 2600 4042 eorum,
2630 3978 2864 4035 dextera
2891 3980 3239 4054 iniquitatis.
3272 3988 3530 4053 Quorum
3555 3974 3686 4067 filii,

2043 4062 2192 4117 sicut
2242 4061 2481 4119 novellae
2530 4064 2919 4137 plantationes
2973 4072 3029 4126 in
3081 4074 3387 4144 juventute
3433 4097 3560 4136 sua.
3601 4061 3684 4139 De

2043 4168 2222 4207 manu
2255 4152 2505 4209 tiliorum
2537 4154 2881 4214 alienorum.
2915 4181 2944 4209 »
2996 4161 3411 4223 Haereticorum
3442 4168 3568 4239 filii,
3601 4170 3685 4226 vi-

2043 4241 2286 4297 deamus
2333 4241 2536 4312 quales
2583 4242 2719 4299 sint.
2771 4249 3028 4313 Quorum
3083 4252 3209 4321 ﬁlii,
3251 4256 3403 4312 sicut
3448 4258 3684 4315 novella

2040 4329 2432 4402 plantationes
2462 4332 2521 4386 in
2546 4333 2851 4403 juventute
2880 4354 3007 4395 sua.
3043 4365 3069 4391 «
3104 4342 3185 4399 De
3214 4361 3394 4401 manu
3426 4345 3681 4405 ﬁliorum

2040 4418 2384 4476 alienorum.
2423 4445 2444 4473 ι
2479 4420 2798 4494 Diligenter
2825 4426 3270 4489 animadvertite
3300 4435 3441 4507 quid
3473 4433 3689 4494 dicitur

2042 4509 2112 4564 de
2142 4508 2446 4566 haereticis.

2120 4622 2148 4651 «
2179 4599 2334 4656 Filiae
2375 4616 2577 4659 eorum
2609 4606 2942 4678 compositae
2976 4627 2988 4676 ;
3040 4594 3577 4672 circumornataa'ut
3605 4617 3687 4674 ei-

288 4679 444 4776 coelo.
483 4679 671 4735 mittit
718 4697 959 4776 manum
994 4699 1006 4735 :
1051 4698 1165 4736 non
1216 4682 1374 4737 enim
1419 4683 1637 4776 recedit
1675 4684 1745 4739 de
1775 4685 1938 4742 coelo.
1975 4675 2017 4739 Ι)
2051 4687 2320 4744 militudo
2350 4690 2571 4763 templi,
2596 4698 2703 4750 etc.
2732 4675 2974 4752 Deatum
2997 4698 3268 4755 dixerunt
3289 4704 3569 4776 pOpulum
3593 4706 3688 4763 cui

294 4788 323 4822 α
352 4767 522 4840 Eripe
554 4785 666 4834 me,
697 4778 754 4824 et
794 4768 979 4826 libera
1017 4787 1109 4825 me
1141 4772 1211 4825 de
1241 4772 1411 4843 aquis
1443 4770 1665 4828 multis.
1689 4796 1729 4826 .››
1779 4773 1934 4837 Quo-

288 4856 449 4912 niam
508 4857 882 4929 descendisti,
938 4859 1215 4931 quoniam
1271 4858 1570 4917 inclinasti
1628 4861 1824 4931 cmlos,
1880 4868 1936 4919 et

289 4946 504 5003 misisti
537 4963 778 5003 manum
811 4952 973 5003 tuam
1006 4948 1076 5003 de
1106 4947 1244 5017 alto,
1268 4954 1325 5005 et
1354 4949 1675 5006 humanam
1698 4968 1931 5008 carnem

287 5034 565 5107 dignatus
612 5052 674 5091 es
720 5053 1039 5105 assumere,
1073 5042 1129 5093 et
1160 5038 1329 5094 multi
1362 5040 1736 5097 crediderunt
1765 5042 1823 5097 in
1854 5046 1930 5110 te,

282 5140 388 5195 pro
420 5141 539 5180 una
570 5141 722 5197 aqua
752 5125 950 5198 plures
979 5144 1141 5200 aquze
1170 5144 1300 5183 esse
1345 5134 1647 5201 coeperunt
1675 5149 1688 5198 ;
1733 5132 1934 5188 videas

283 5212 578 5285 dispersas
638 5215 698 5269 in
754 5218 876 5271 toto
934 5217 1072 5271 orbe
1139 5234 1266 5273 esse
1332 5218 1581 5274 haereses
1651 5220 1930 5276 diversas.

280 5323 313 5352 «
339 5301 505 5375 Eripe
526 5319 638 5369 me,
654 5307 711 5359 et
730 5302 913 5358 libera
933 5322 1025 5360 me
1048 5307 1117 5361 de
1140 5306 1310 5377 aquis
1335 5305 1569 5375 multis;
1594 5329 1622 5357 »
1647 5313 1703 5363 et
1725 5314 1935 5381 praesta

279 5390 428 5447 mihi
477 5392 697 5448 fontem
744 5391 1050 5449 viventem.
1106 5396 1253 5451 Unus
1299 5400 1377 5451 est
1422 5398 1570 5451 enim
1622 5398 1777 5466 Deus,
1821 5415 1935 5454 una

285 5481 440 5553 ﬁdes,
494 5498 665 5537 unum
716 5482 984 5553 baptism
1030 5484 1251 5554 (Ephes.
1286 5502 1359 5552 IV,
1391 5486 1468 5555 5).
1523 5508 1550 5536 «
1588 5486 1793 5543 Libera
1844 5504 1936 5544 me

289 5570 362 5626 de
392 5569 564 5641 aquis
595 5570 817 5627 multis.
851 5593 880 5621 »
931 5571 1047 5626 Illze
1078 5574 1234 5629 enim
1266 5592 1428 5647 aquae
1458 5574 1659 5631 multae
1689 5593 1807 5632 non
1837 5593 1935 5650 ge-

290 5660 501 5721 nerant
521 5657 677 5715 ﬁlios
699 5663 853 5726 tuos,
876 5660 978 5717 sed
1005 5659 1157 5717 ﬁlios
1180 5662 1420 5720 alienos.
1447 5663 1609 5721 Unde
1635 5666 1934 5738 sequitur:

293 5770 326 5826 μ
359 5745 569 5806 Libera
594 5763 689 5807 me
718 5749 789 5807 de
820 5749 989 5824 aquis
1017 5750 1243 5828 multis,
1275 5758 1333 5814 et
1370 5754 1442 5813 de
1471 5770 1651 5814 manu
1681 5753 1936 5817 ﬁliorum

2043 4777 2164 4832 haec
2214 4782 2373 4833 sunt.
2406 4802 2434 4829 »
2486 4779 2574 4836 Illi
2634 4782 2742 4838 hoc
2802 4784 3092 4843 dixerunt.
3142 4788 3260 4860 Ego
3317 4791 3457 4863 quid
3517 4793 3689 4852 dico?

2048 4887 2076 4915 «
2107 4865 2319 4922 Beatus
2345 4868 2600 4940 populus
2633 4873 2801 4944 cujus
2828 4874 3114 4933 Dominus
3148 4878 3298 4934 Deus
3323 4880 3472 4949 ejus.
3494 4900 3521 4933 η
3556 4882 3687 4938 Sin.

2043 4953 2183 5026 gula
2210 4955 2390 5027 igitur
2408 4959 2617 5016 vestris
2639 4962 3000 5021 orationibus
3024 4966 3276 5023 breviter
3304 4967 3685 5027 disseremus.

2046 5063 2075 5092 «
2090 5045 2345 5109 Quorum
2362 5045 2893 5115 filii,sicutnovellaa
2904 5053 3295 5125 plantationes
3312 5056 3371 5112 in
3381 5058 3690 5129 juventute

2045 5148 2170 5188 sua.
2207 5155 2236 5182 »
2288 5133 2570 5193 Plantatio
2610 5156 2809 5196 eorum
2844 5159 2960 5197 non
2992 5148 3081 5199 est
3110 5148 3297 5216 vetus,
3330 5146 3429 5202 sed
3464 5146 3691 5204 novella

2043 5225 2150 5276 est.
2186 5221 2308 5278 Non
2342 5228 2431 5279 est
2459 5226 2614 5281 enim
2650 5228 2719 5283 de
2750 5229 2937 5285 Veteri
2970 5231 3116 5304 Lege
3149 5249 3162 5287 :
3198 5249 3313 5289 non
3343 5238 3432 5290 est
3463 5235 3532 5292 de
3561 5253 3688 5308 pro-

2047 5310 2236 5383 phetis
2269 5328 2281 5367 :
2336 5330 2448 5369 non
2500 5319 2589 5369 est
2627 5316 2698 5371 de
2740 5318 3042 5389 apostolis,
3076 5322 3177 5376 sed
3206 5321 3275 5378 de
3304 5318 3469 5379 novis
3500 5324 3691 5397 magi.

2047 5399 2185 5456 stris
2206 5404 2311 5455 est.
2338 5400 2492 5455 Filiae
2516 5419 2740 5475 eorum,
2767 5406 2919 5463 sicut
2940 5408 3176 5464 novellae
3202 5410 3595 5483 plantationes
3624 5411 3685 5468 in

2039 5488 2345 5559 juventute
2375 5506 2501 5547 sua.
2550 5492 2613 5547 In
2636 5494 2945 5564 juventute
2976 5515 3082 5554 sua
3117 5514 3130 5554 :
3181 5517 3413 5572 semper
3440 5501 3689 5572 juvenes

2047 5582 2207 5636 sunt.
2268 5578 2421 5635 Licet
2476 5580 2674 5637 multa:
2732 5582 2849 5639 sint
2902 5585 3153 5643 haereses
3206 5593 3448 5661 veteres,
3498 5594 3689 5649 tamen

2048 5668 2309 5739 quotidie
2354 5672 2677 5744 mutantur,
2708 5675 2765 5729 et
2803 5690 2961 5732 nova;
3001 5676 3261 5748 quotidie
3290 5676 3686 5738 inveniuntur.

2046 5756 2224 5851 Novae.
2246 5762 2386 5818 sunt
2413 5760 2551 5835 ipsae
2581 5761 2852 5839 haereses,
2883 5764 3020 5843 licet
3046 5770 3267 5830 veteres
3296 5765 3417 5829 sint
3444 5784 3458 5831 :
3490 5771 3687 5838 tamen
