4244 6578
611 424 768 487 1319

2104 418 2521 484 APPENDIX.

3863 392 4030 487 £326

607 573 743 613 cum
774 557 1033 630 quotidie
1065 557 1364 613 doctrinas
1405 571 1544 612 suas
1574 555 1872 626 innovant,
1905 572 2060 611 novae
2092 560 2251 611 sunt.
2282 556 2337 623 Α
2368 572 2497 621 nos,
2559 554 2741 610 Nemo
2802 546 2963 627 putet
3022 528 3114 610 me
3181 554 3610 627 blasphemare,
3670 556 3813 629 quia
3878 558 4023 628 dixi,

602 646 727 702 Non
761 646 917 702 enim
951 651 1089 702 sunt
1117 650 1379 702 veterum
1413 645 1828 717 magistrorum
1873 660 2067 700 errore
2118 661 2254 699 con-

600 735 768 803 tenti,
804 737 904 792 sed
933 735 1195 807 quotidie
1225 734 1340 806 ipsi
1372 751 1519 789 nova
1550 733 1847 803 reperiunt
1879 751 1891 790 :
1941 756 1968 783 ‹‹
2003 749 2254 804 quorum

600 823 729 895 ﬁlii,
764 825 915 880 sicut
945 824 1182 880 novellae
1229 823 1614 895 plantationes
1642 824 1698 879 in
1723 825 2029 893 juventute
2061 840 2187 878 sua.
2229 844 2249 870 ι

600 913 684 969 De
704 914 980 985 Ecclesia,
1002 914 1141 985 quid
1166 912 1378 968 dicitur
1400 929 1411 967 :
1438 913 1509 967 de
1530 912 1873 967 timentibus
1898 911 2256 966 Dominum?

602 1003 762 1057 Beati
790 1018 975 1058 omnes
1017 1003 1115 1074 qni
1156 1003 1353 1056 timent
1385 1002 1694 1071 Dominum,
1730 1004 1826 1071 qui
1870 1001 2155 1055 ambulant
2194 1002 2251 1055 in

604 1092 710 1145 viis
756 1092 871 1160 eius
917 1091 1089 1161 (Psal.
1142 1107 1348 1155 cxxvu,
1398 1090 1470 1158 1).
1505 1090 1655 1153 Quid
1706 1089 1921 1145 dicitur
1970 1089 2042 1144 de
2089 1087 2253 1143 illis?

596 1180 734 1235 Filii
771 1182 877 1246 tui,
909 1182 1047 1234 sicut
1093 1180 1324 1235 novellae
1368 1179 1647 1233 olivarum
1689 1180 1749 1233 in
1785 1180 2021 1234 circuitu
2051 1193 2252 1232 mensae

592 1275 710 1324 tuae
739 1268 896 1339 (Ibid.
929 1269 1003 1338 3).
1038 1268 1200 1323 Circa
1230 1283 1495 1323 mensam
1527 1266 1738 1322 Christi
1788 1272 1927 1321 sunt
1972 1266 2053 1320 illi
2098 1266 2200 1320 ﬁlii
2232 1281 2245 1320 :

602 1373 719 1411 non
748 1355 918 1428 longe
950 1362 1088 1411 sunt
1125 1373 1158 1411 a
1202 1372 1405 1411 mensa
1433 1355 1671 1411 Christi.
1713 1356 1790 1410 lbi
1847 1373 1960 1410 non
2014 1355 2247 1421 dicitur,

601 1444 772 1512 ﬁlia};
826 1446 926 1500 sed
986 1445 1413 1512 tantummodo,
1464 1443 1589 1498 filii.
1655 1447 1937 1499 Cmterum
1994 1444 2248 1499 haeretici

599 1534 819 1589 habent
848 1538 903 1589 et
934 1533 1106 1600 ﬁlias,
1138 1534 1356 1588 habent
1387 1537 1443 1588 et
1486 1532 1839 1605 fragiliorem
1890 1550 2113 1599 sexum,
2146 1550 2247 1587 vo-

596 1622 874 1694 luptates,
933 1622 1194 1678 delicias.
1259 1644 1287 1673 ‹‹
1332 1622 1484 1676 Filiae
1544 1639 1747 1677 eorum
1808 1623 2162 1693 compositio.
2216 1642 2242 1674 η

598 1712 802 1768 Sermo
859 1712 1222 1783 compositus
1277 1715 1384 1781 est,
1440 1716 1499 1765 et
1557 1728 1768 1766 sensus
1827 1712 2121 1767 sordibus.
2184 1712 2245 1767 ln

595 1800 915 1872 Scripturis
960 1800 1179 1855 sanctis
1227 1800 1610 1871 cogitationes
1643 1816 1874 1872 semper
1903 1799 2008 1855 ﬁlii
2038 1799 2244 1854 dicun-

2369 644 2596 699 Patrem
2620 642 2876 715 reliquit.
2901 644 3234 699 Secundum
3258 644 3756 716 dispensationem
3787 645 4019 718 loquor,

2367 733 2691 787 secundum
2721 732 2877 803 quod
2909 733 3200 787 mittitur:
3235 733 3561 787 secundum
3586 734 3741 805 quod
3764 734 4016 791 dicitur:

2364 824 2529 876 Pater
2557 823 2652 891 qui
2682 838 2769 877 me
2800 824 2969 888 misit,
3001 822 3182 892 major
3210 838 3298 877 me
3325 830 3401 878 est
3447 822 3624 894 (Joan.
3660 840 3716 890 x,
3747 825 3854 889 29;
3903 842 4014 897 xxv,

2326 910 2474 980 ~28).
2512 915 2662 966 Deus
2694 927 2807 966 non
2844 911 3096 966 mittitur
3129 927 3142 966 :
3193 912 3345 967 Deus
3388 929 3503 967 non
3553 913 3865 984 subjicitur
3894 931 4014 970 ser-

2363 999 2533 1053 vituti
2569 1016 2582 1054 :
2636 1002 2735 1055 sed
2769 1001 3131 1072 dispensatio
3181 1001 3457 1056 mittitur.
3488 1002 3549 1056 Si
3593 1001 3747 1058 Deus
3796 1003 4015 1075 ubique

2362 1093 2470 1151 est,
2502 1093 2561 1143 et
2589 1088 2788 1143 omnia
2834 1090 2893 1145 in
2943 1089 3059 1145 Deo
3105 1093 3263 1157 sunt,
3296 1091 3590 1161 quomodo
3623 1095 3773 1147 Deus
3802 1091 3873 1147 ad
3905 1091 4010 1147 ali-

2363 1175 2502 1246 quid
2534 1176 2807 1244 mittitur,
2841 1194 2973 1233 cum
3006 1178 3160 1233 Deus
3192 1178 3270 1234 sit
3299 1178 3545 1234 omnia?
3592 1178 3860 1236 Christus
3907 1180 4016 1253 igi-

2360 1268 2458 1318 tur
2506 1281 2609 1336 pro
2659 1266 2829 1321 nobis
2877 1283 3102 1338 pauper
3152 1267 3342 1321 factus
3396 1273 3484 1323 est
3528 1269 3600 1339 (11
3626 1268 3745 1325 Cor.
3780 1286 3901 1336 vm,
3930 1270 4008 1339 9).

2360 1356 2478 1406 Hoc
2512 1358 2698 1409 totum
2732 1370 2910 1425 quare
2940 1353 3201 1410 diximus
3224 1356 3251 1411 ?
3279 1355 3424 1419 Quia
3451 1373 3605 1412 nunc
3637 1358 3852 1413 lectum
3882 1363 4008 1413 est:

2363 1463 2390 1490 ‹‹
2423 1442 2670 1499 Cellaria
2727 1459 2930 1497 eorum
2990 1443 3163 1515 plena
3208 1460 3219 1499 :
3282 1446 3610 1501 eructantia
3663 1462 3732 1502 ex
3786 1446 3892 1502 hoc
3947 1446 4005 1501 in

2360 1528 2525 1586 illud.
2561 1554 2588 1579 »
2643 1532 2889 1587 Pulchre
2947 1532 3110 1600 dixit,
3162 1536 3524 1589 eructantia:
3579 1534 3650 1590 de
3701 1535 4009 1591 saturitate

2360 1617 2558 1675 nimia.
2596 1619 2684 1674 Illi
2715 1624 2981 1676 eructant
3010 1621 3081 1676 de
3111 1622 3437 1690 saturitate,
3471 1626 3527 1677 et
3565 1627 3807 1694 pereunt
3838 1642 3850 1679 :
3898 1640 4003 1680 nos

2359 1711 2429 1765 de
2451 1709 2699 1779 jejunio,
2734 1714 2799 1765 ut
2838 1708 3150 1765 salvemur.

2429 1842 2454 1866 «ι
2485 1820 2627 1871 Oves
2686 1833 2887 1872 eorum
2943 1818 3156 1871 i'etosm.
3197 1839 3223 1866 ››
3284 1817 3499 1874 Multos
3556 1818 3771 1875 habent
3827 1819 4000 1879 ﬁlios.

592 1887 692 1942 tur
723 1905 736 1943 :
778 1888 973 1958 verba,
1008 1888 1159 1942 ﬁliae.
1192 1887 1335 1942 Vide
1365 1903 1501 1959 ergo
1533 1889 1671 1959 quid
1703 1888 1848 1943 dicit
1881 1906 1892 1942 :
1935 1889 2237 1960 Cogitatio-

2358 1905 2578 1961 Multus
2625 1906 2783 1961 enim
2831 1922 3115 1961 numerus
3158 1906 3565 1963 hereticorum
3595 1912 3706 1964 est.
3739 1912 3879 1965 Oves
3907 1926 4001 1966 eo-

594 1992 701 2032 1199
750 1992 973 2070 εοτξηη,
1024 1975 1270 2070 δυο-θεῖ
1327 1975 1428 2070 mli
1487 1976 1619 2031 “0"i
1680 1981 1838 2070 51m}-
1866 1978 2072 2070 _Vel‘ba_
2111 1994 2244 2033 νθτο
2277 1975 2323 1989 υ
2355 2011 2483 2050 rum
2527 1996 2732 2064 lutosae.
2786 1994 2947 2050 Unde
2999 1994 3215 2050 dicitur
3266 2000 3321 2051 et
3371 1996 3432 2052 in
3477 1996 3621 2053 Osee
3671 1997 3996 2070 propheta:

592 2080 819 2135 eorum,
855 2064 964 2120 hoc
1013 2070 1120 2135 est,
1156 2064 1585 2132 haereticorum,
1616 2080 1743 2136 quae
1787 2066 2004 2121 habent
2043 2067 2111 2122 de
2152 2083 2244 2121 sa-

595 2153 816 2225 pientia
864 2153 1151 2224 saeculari,
1206 2154 1534 2225 composita
1584 2159 1768 2209 sunt:
1820 2155 2036 2210 habent
2087 2155 2243 2210 enim

600 2243 778 2298 verba
823 2241 1167 2314 composita,
1229 2242 1534 2297 laudatum
1595 2259 1947 2298 sermonem.
2017 2262 2039 2290 α
2090 2243 2241 2297 Filiae

598 2346 801 2386 eorum
833 2331 1188 2403 compositae.
1219 2351 1247 2379 »
1280 2329 1565 2385 Videntur
1587 2330 1825 2402 quidem
1856 2347 2245 2403 essecompo-

598 2419 745 2490 sitas,
779 2420 881 2476 sed
929 2419 1069 2490 quia
1120 2418 1250 2474 ﬁliae
1295 2423 1452 2485 sunt,
1497 2422 1552 2473 et
1602 2436 1713 2474 non
1762 2419 1885 2486 ﬁlii,
1926 2419 2079 2475 vires
2126 2436 2243 2476 non

595 2507 834 2562 habent.
895 2531 915 2557 α
951 2505 1401 2563 Circumornatae
1461 2513 1525 2563 ut
1571 2507 1897 2573 similitudo
1951 2507 2241 2580 templi.»

594 2595 842 2651 Pulchre
886 2595 1048 2664 dixit,
1099 2620 1125 2646 «
1160 2596 1483 2652 similitudo
1515 2597 1737 2668 templi.
1774 2619 1801 2647 »
1857 2597 1979 2655 Non
2025 2598 2242 2653 habent

587 2702 785 2741 veram
824 2685 1163 2754 Ecclesiam,
1208 2687 1307 2741 sed
1352 2685 1799 2742 similitudinem
1840 2686 2125 2743 Ecclesiae.

666 2833 694 2861 ‹‹
726 2809 972 2867 Cellaria
1019 2826 1221 2867 eorum
1271 2810 1488 2883 plena:
1539 2811 1866 2867 eructantia
1912 2829 1981 2867 ex
2032 2812 2141 2869 hoc
2182 2813 2239 2869 in

590 2898 821 2955 illud.»
879 2901 1071 2955 Parati
1129 2904 1267 2955 sunt
1323 2900 1395 2955 ad
1454 2902 1947 2957 contendendum.
1997 2902 2054 2956 Si
2106 2902 2239 2959 illos

595 2988 853 3043 tenueris
881 2988 942 3043 in
974 3005 1091 3043 uno
1130 2989 1488 3059 testimonio,
1523 2991 1593 3044 ad
1630 2989 1787 3045 aliud
1822 2995 2145 3047 transeunt.
2179 2991 2239 3048 Si

591 3076 653 3130 in
683 3077 1002 3147 Scripturis
1050 3077 1327 3145 tenueris,
1362 3078 1434 3132 ad
1477 3077 1848 3134 Aristotelem
1890 3079 2143 3151 fugiunt.
2178 3080 2240 3136 Si

588 3164 959 3219 Aristotelem
1036 3165 1328 3237 tenueris,
1394 3165 1454 3221 in
1533 3165 1828 3222 Platonem
1910 3173 2235 3225 transeunt.

592 3276 621 3304 «
647 3251 893 3309 Cellaria
913 3270 1112 3309 eorum
1137 3253 1338 3326 plena:
1369 3256 1695 3310 eructantia
1714 3270 1782 3310 ex
1809 3255 1916 3311 hoc
1936 3256 1997 3312 in
2021 3256 2184 3313 illud.
2208 3280 2235 3307 ››

590 3341 1160 3416 Cellarium-proprie
1180 3344 1416 3410 dicitur,
1440 3345 1594 3416 quod
1624 3343 1857 3401 divitias
1877 3347 2234 3418 compositas

591 3431 789 3487 habet.
819 3432 1081 3488 Haeretici
1114 3432 1350 3489 cellaria
1381 3434 1614 3489 habent.
1642 3432 1869 3491 Habent
1898 3435 2052 3491 enim
2089 3454 2232 3509 prae-

585 3525 792 3593 parata
836 3522 1011 3577 verba
1060 3522 1277 3594 quibus
1326 3524 1699 3579 contendant.
1733 3524 2017 3581 Caeterum
2047 3525 2235 3581 eccle-

583 3610 805 3666 siastici
837 3610 1135 3684 simplices
1167 3617 1308 3667 sunt
1339 3630 1352 3668 :
1394 3611 1539 3667 nihil
1572 3612 1788 3669 habent
1819 3620 2233 3686 praeparatum.

579 3699 871 3770 Aperiunt
894 3717 980 3766 os,
1003 3705 1061 3756 et
1084 3700 1342 3773 repletur
1364 3718 1397 3757 a
1416 3701 1657 3757 Domino
1681 3719 1695 3757 :
1730 3705 2054 3759 secundum
2076 3705 2231 3775 quod

581 3787 847 3843 dicitur:
909 3791 1080 3860 Aperi
1131 3805 1191 3845 os
1243 3799 1420 3856 tuum,
1465 3797 1517 3845 et
1575 3792 1803 3861 implebo
1861 3793 2004 3847 illud
2061 3794 2231 3863 (Psal.

584 3894 751 3943 Lxxx,
810 3878 920 3949 11).
981 3878 1074 3947 Et,
1132 3879 1317 3936 Nolite
1371 3880 1623 3950 cogitare
1676 3880 1807 3951 quid
1864 3881 2233 3953 respondeatis

583 3966 702 4024 illis
733 3984 753 4020 :
803 3966 953 4023 dabit
1006 3968 1158 4023 enim
1202 3969 1352 4024 vobis
1397 3973 1567 4025 Pater
1613 3978 1789 4025 vester
1836 3973 1896 4025 in
1946 3971 2047 4026 illa
2099 3971 2235 4027 hora

582 4055 718 4127 quid
767 4054 965 4113 dicatis
1015 4057 1221 4129 (Matth.
1256 4075 1311 4127 x,
1348 4060 1455 4131 19).
1506 4058 1725 4116 Videtis
1778 4060 2057 4131 quoniam
2119 4079 2232 4118 non

579 4144 872 4201 habemus
916 4145 1151 4202 cellaria
1198 4153 1552 4219 praparata:
1602 4148 1703 4204 sed
1755 4148 1969 4205 divitiae
2020 4155 2232 4207 nostrae

585 4233 832 4289 subditae
863 4240 1021 4290 sunt.
1059 4236 1200 4291 Dicit
1231 4237 1445 4308 aliquis
1480 4254 1493 4293 :
1535 4242 1617 4292 Da
1645 4236 2050 4294 testimonium
2085 4257 2232 4312 quo-

581 4323 757 4403 modo
789 4324 977 4380 sancti
1010 4323 1241 4382 cellaria
1279 4343 1391 4382 non
1421 4326 1658 4381 habent.
1694 4327 1981 4398 Respicite,
2018 4328 2232 4400 inquit,

580 4428 706 4468 aves
726 4414 869 4479 caeli,
892 4416 1154 4486 quoniam
1174 4431 1281 4471 non
1309 4415 1504 4471 habent
1525 4416 1753 4472 cellaria
1783 4433 1958 4487 neque
1989 4420 2185 4473 horrea
2213 4436 2232 4473 :

580 4508 632 4556 et
664 4505 833 4571 Pater
861 4512 1037 4559 vester
1073 4504 1299 4559 caelestis
1332 4508 1513 4575 pascit
1558 4505 1687 4559 illas
1733 4506 1943 4576 (Matth.
1994 4524 2071 4573 v1,
2115 4508 2229 4579 26),

577 4593 730 4645 Aves
782 4590 880 4646 isti
929 4592 1259 4664 specialiter
1302 4593 1576 4649 monachi
1617 4598 1799 4650 sunt:
1854 4612 1968 4651 non
2013 4595 2234 4652 habent

2353 2085 2599 2155 Domine,
2631 2084 2702 2138 da
2732 2085 2868 2139 illis.
2905 2083 3048 2151 Quid
3077 2084 3231 2139 dabis
3274 2085 3433 2140 illis?
3486 2086 3713 2141 Vulvam
3759 2088 3998 2145 sterilem

2352 2178 2401 2227 et
2430 2173 2597 2227 ubera
2630 2178 2847 2228 arentia
2894 2173 3045 2244 (Osee
3091 2189 3165 2244 Ix,
3202 2173 3307 2245 14).
3364 2175 3474 2229 lloc
3507 2174 3578 2230 de
3607 2173 3822 2246 quibus
3849 2176 3999 2232 dici-

2350 2261 2492 2316 tur?
2522 2262 2601 2316 De
2634 2261 3037 2319 haereticorum
3086 2261 3387 2333 magistris
3420 2278 3433 2318 :
3491 2262 3590 2334 qui
3638 2263 3751 2318 sibi
3796 2263 3854 2319 in
3886 2280 3994 2320 nu-

2354 2367 2512 2406 mero
2567 2350 2990 2423 discipulorum
3047 2350 3433 2423 applaudunt.
3501 2375 3527 2401 ‹‹
3582 2352 3727 2415 Oves
3789 2368 3993 2415 eorum

2351 2439 2544 2496 fetosae
2575 2440 2942 2495 abundantes
2975 2439 3035 2495 in
3068 2440 3405 2511 egressibus
3438 2439 3579 2497 suis.
3618 2464 3640 2491 ι
3698 2441 3823 2497 Non
3851 2441 3996 2498 dixit

2348 2528 2409 2584 in
2457 2529 2822 2601 ingressibus
2875 2528 3018 2596 suis,
3071 2529 3171 2584 sed
3231 2552 3258 2579 ‹‹
3294 2528 3353 2584 in
3405 2529 3757 2601 egressibus.
3794 2552 3821 2580 ››
3869 2531 3994 2587 Non

2349 2617 2503 2673 enim
2549 2618 2959 2690 ingrediuntur
3004 2616 3063 2672 in
3114 2616 3453 2688 Ecclesiam,
3484 2619 3584 2674 sed
3616 2619 3996 2691 egrediuntur

2350 2708 2421 2763 de
2468 2707 2743 2778 Ecclesia,
2792 2706 2848 2761 id
2897 2710 3005 2775 est,
3055 2723 3125 2762 ex
3171 2706 3340 2762 nobis
3391 2705 3674 2774 exierunt,
3720 2708 3820 2773 sed
3877 2725 3994 2765 non

2349 2797 2586 2853 fuerunt
2615 2813 2683 2851 ex
2712 2795 2901 2851 nobis.
2934 2795 2992 2849 Si
3024 2794 3179 2850 enim
3229 2794 3478 2851 fuissent
3506 2812 3575 2851 ex
3603 2794 3792 2861 nobis,
3825 2812 3988 2852 man-

2348 2885 2568 2941 sissent
2597 2885 2800 2955 utique
2830 2883 3159 2939 nobiscum.
3216 2906 3243 2932 «
3276 2884 3655 2940 Abundantes
3696 2884 3755 2939 in
3794 2900 3990 2956 egres-

2350 2973 2516 3029 sibus
2567 2972 2714 3027 suis.
2748 2995 2776 3022 »
2831 2972 3097 3037 Quotidie
3154 2972 3533 3042 egrediuntur
3590 2973 3662 3027 de
3716 2972 3988 3044 Ecclesia,

2350 3086 2377 3112 ‹‹
2411 3062 2778 3118 abundantes
2836 3062 2895 3115 in
2952 3061 3289 3133 egressibus
3346 3062 3492 3117 suis.
3528 3084 3554 3109 ››
3604 3062 3683 3117 De
3736 3061 3991 3118 Ecclesia

2349 3151 2489 3223 quid
2520 3149 2736 3206 dicitur
2755 3150 2783 3203 ?
2826 3150 3016 3205 Omnis
3042 3151 3229 3219 gloria
3258 3152 3375 3223 ejus
3404 3149 3541 3220 ﬁliae
3568 3152 3711 3220 regis
3739 3151 3807 3206 ab
3836 3153 3987 3206 intus

2349 3240 2520 3311 (Psal.
2554 3255 2701 3305 XLIV,
2737 3239 2844 3309 14).
2895 3261 2923 3287 ‹‹
2957 3243 3137 3294 Boves
3186 3254 3388 3295 eorum
3433 3239 3635 3296 crassi.
3669 3261 3697 3289 ι)
3749 3239 3906 3296 Vidit
3935 3244 3993 3296 et

2349 3329 2571 3385 Pharao
2631 3329 2690 3383 in
2748 3326 2976 3383 somnio
3034 3328 3206 3383 boves
3264 3344 3494 3384 crassos
3546 3328 3699 3397 (Gen.
3729 3346 3843 3395 xu,
3879 3327 3987 3399 2):

2344 3418 2643 3475 Israelitici
2689 3416 2887 3491 populi
2934 3423 3135 3473 tenues
3182 3423 3341 3485 sunt,
3394 3418 3632 3491 Egyptii
3662 3418 3863 3475 crassi.
3895 3420 3990 3474 Vi-

2343 3509 2492 3564 detis
2523 3509 2678 3563 enim
2714 3506 3027 3580 magistros
3058 3507 3461 3563 hmreticorum
3493 3507 3637 3563 nihil
3658 3502 3813 3563 aliud
3839 3506 3991 3565 face-

2344 3614 2424 3669 re,
2456 3598 2569 3655 nisi
2616 3597 2850 3653 studere
2900 3596 3143 3653 divitiis.
3191 3597 3415 3653 Divitiis
3466 3597 3724 3666 student,
3753 3602 3811 3652 et
3839 3614 3989 3669 pau-

2343 3704 2539 3759 perem
2606 3686 2902 3742 Christum
2970 3690 3375 3741 contemnunt.
3442 3709 3471 3736 ‹‹
3531 3685 3711 3741 Boves
3777 3702 3980 3742 eorum

2343 3776 2545 3831 crassi.
2583 3798 2604 3824 »
2660 3773 2901 3831 Pulchre
2951 3774 3111 3842 dicit,
3163 3798 3190 3824 «
3228 3775 3401 3830 boves
3440 3775 3642 3843 crassi,
3681 3798 3708 3824 »
3756 3791 3988 3846 quorum

2342 3866 2484 3921 Deus
2512 3873 2703 3920 venter
2730 3867 2830 3933 est,
2863 3871 2912 3918 et
2957 3863 3139 3934 gloria
3177 3864 3236 3919 in
3275 3865 3593 3936 confusione
3621 3880 3807 3921 eorum
3832 3864 3988 3931 (Phi-

2343 3956 2477 4026 lipp.
2516 3970 2596 4021 Ill,
2632 3954 2741 4021 19).

2414 4083 2442 4111 «
2476 4061 2598 4117 Non
2649 4064 2738 4116 est
2794 4059 2967 4116 ruina
3023 4059 3313 4131 maceriae,
3368 4076 3556 4134 neque
3613 4060 3920 4117 transitus.
3952 4082 3985 4111 ››

2339 4149 2541 4206 Nonne
2572 4150 2801 4205 videtur
2827 4149 2994 4205 vobis
3024 4150 3337 4205 obscurum
3370 4167 3496 4207 esse
3526 4150 3697 4223 quod
3724 4149 3935 4205 dicitur
3966 4166 3983 4205 :

2342 4261 2370 4289 ‹‹
2407 4238 2531 4296 Non
2580 4242 2671 4294 est
2712 4237 2884 4293 ruina
2926 4236 3210 4304 maceriae,
3246 4252 3432 4310 neque
3462 4221 3764 4303 transitus,
3796 4251 3985 4308 neque

2342 4350 2371 4378 «
2403 4326 2623 4383 clamor
2649 4325 2710 4381 in
2742 4324 2948 4398 plateis
2974 4342 3176 4381 eorum
3196 4326 3224 4380 ?
3246 4350 3268 4378 ι
3305 4325 3553 4382 Difﬁcile
3582 4324 3878 4381 haereticos
3900 4325 3984 4381 in-

2340 4416 2535 4473 venies
2587 4413 2908 4487 imperitos.
2941 4414 3157 4470 Omnes
3204 4412 3361 4470 enim
3412 4414 3676 4487 magistri
3708 4413 3985 4471 instructi

2340 4512 2479 4561 sunt
2528 4504 2771 4561 scientia
2819 4502 3103 4560 saeculari.
3155 4526 3183 4553 «
3216 4504 3341 4559 Non
3374 4507 3461 4561 est
3494 4503 3665 4559 ruina
3692 4502 3976 4571 maceria,

2340 4612 2530 4667 neque
2558 4593 2865 4650 transitus.
2901 4614 2928 4641 »
2960 4593 3019 4649 Si
3052 4594 3284 4664 quando
3315 4597 3455 4650 sunt
3484 4595 3543 4649 in
3574 4591 3980 4665 disputationi-

578 4676 967 4749 cellaria,non
992 4681 1210 4738 habent
1239 4682 1590 4754 apothecas;
1621 4684 1723 4739 sed
1756 4682 1976 4739 habent
1997 4685 2230 4756 apotbe-
2262 4670 2308 4734 D
2338 4684 2472 4751 bus,
2503 4683 2738 4755 quando
2785 4686 2980 4738 tecum
3028 4681 3309 4755 cmperint
3351 4682 3673 4755 disputare,
3703 4682 3786 4738 sic
3812 4682 3985 4738 verba

578 4782 782 4823 carum
816 4772 882 4823 ut
911 4768 1280 4826 cellariorum
1314 4771 1652 4839 Dominum,
1684 4771 1879 4844 ipsum
1907 4772 2227 4830 Christum.

577 4855 703 4913 Non
760 4856 982 4913 habent
1036 4858 1266 4927 horrea,
1335 4861 1435 4915 sed
1495 4860 1833 4916 horreorum
1894 4862 2228 4918 Dominum.

575 4946 703 5002 Non
726 4946 1195 5004 habentdivitias
1216 4948 1452 5020 diaboli,
1467 4949 1567 5005 sed
1593 4948 1811 5006 habent
1829 4955 2229 5023 paupertatem

577 5034 815 5092 Christi.
837 5036 1117 5094 Diabolus
1147 5037 1288 5109 quid
1321 5037 1514 5094 dicit?
1545 5040 1672 5096 Haec
1699 5041 1889 5095 omnia
1917 5056 2039 5096 mea
2066 5050 2230 5097 sunt:

574 5127 631 5181 si
671 5126 967 5197 procidens
1022 5128 1339 5185 adoraveris
1393 5144 1498 5199 me,
1543 5128 1681 5184 dabo
1734 5129 1839 5184 tibi
1893 5146 1957 5184 ea
2014 5130 2228 5201 (Matth.

578 5232 659 5283 1v,
702 5217 757 5281 8,
802 5216 881 5288 9).
933 5217 1199 5274 Christus
1246 5218 1388 5290 quid
1438 5218 1581 5273 dicit
1626 5218 1697 5273 ad
1748 5217 1935 5274 suos?
1985 5219 2092 5286 Qui
2118 5234 2232 5275 non

575 5304 886 5363 vendiderit
932 5308 1119 5362 omnia
1162 5324 1265 5363 sua
1291 5323 1414 5379 quae
1443 5308 1621 5374 habet,
1652 5315 1702 5362 et
1730 5306 1941 5363 dederit
1964 5311 2232 5380 pauperi-

584 5396 703 5463 bus,
735 5412 847 5451 non
891 5401 1064 5467 potest
1116 5412 1229 5452 esse
1277 5413 1430 5455 naeus
1484 5397 1791 5469 discipulus
1847 5396 2054 5466 (Matth.
2104 5415 2228 5469 xm,

580 5484 673 5551 21,
706 5486 759 5538 et
787 5487 916 5541 Luc.
949 5502 1064 5553 xxv,
1095 5486 1208 5557 33).
1242 5485 1342 5543 Ille
1370 5502 1550 5559 regna
1579 5491 1635 5542 et
1665 5486 1900 5542 divitias
1926 5484 2232 5557 pollicetur

582 5576 651 5627 ut
696 5573 961 5642 occidat;
997 5574 1092 5630 hic
1143 5580 1548 5649 paupertatem
1588 5574 1894 5648 pollicetur
1934 5579 1997 5629 ut
2027 5575 2225 5633 salvat.

581 5658 741 5715 Nihil
797 5663 1018 5733 grande
1083 5663 1364 5737 facimus,
1422 5665 1473 5722 si
1533 5669 1735 5721 nostra
1801 5663 2227 5740 relinquamus,

570 5748 851 5813 .Christus
875 5749 1109 5811 Patrem
1141 5752 1379 5830 reliquit
1408 5758 1466 5813 et
1492 5754 1672 5829 regna
1691 5752 1969 5821 oculorum
1993 5759 2231 5830 propter

2339 4789 2543 4829 eorum
2574 4770 2769 4828 brevia
2798 4775 2957 4839 sunt,
2993 4770 3075 4825 sic
3122 4769 3329 4826 artiﬁci
3373 4787 3642 4827 sermone
3687 4770 3982 4837 conclusa,

2340 4867 2406 4917 ut
2445 4862 2687 4918 evadere
2734 4859 2870 4916 inde
2920 4858 3159 4915 difﬁcile
3206 4859 3302 4915 sit.
3335 4861 3478 4916 Cum
3506 4859 3663 4916 enim
3695 4864 3751 4916 te
3776 4858 3985 4931 ligave-

2340 4951 2456 5008 rint
2510 4948 2869 5023 syllogismis
2920 4949 3066 5020 suis,
3117 4952 3173 5004 et
3220 4952 3275 5004 te
3324 4948 3660 5019 clauserint,
3713 4953 3772 5004 et
3814 4947 3985 5020 quasi

2340 5040 2652 5096 maceriem
2683 5038 3092 5111 syllogismum
3121 5038 3227 5093 tibi
3257 5039 3548 5094 texuerint
3576 5043 3633 5094 et
3660 5036 3986 5094 aediﬁcave-

2340 5130 2480 5198 rint,
2535 5146 2650 5185 non
2699 5132 2865 5200 potes
2922 5132 3275 5196 convertere,
3327 5144 3443 5183 non
3501 5132 3665 5200 potes
3711 5124 3982 5193 transire,

2338 5219 2555 5275 teneris
2599 5216 2885 5274 inclusus.
2944 5239 2973 5267 «
3004 5221 3130 5272 Non
3162 5221 3249 5272 est
3281 5217 3453 5273 ruina
3481 5214 3769 5283 macerias,
3798 5228 3985 5284 neque

2340 5307 2648 5365 transitus.
2676 5329 2703 5356 ››
2734 5307 2999 5378 Cumque
3029 5306 3111 5360 ibi
3144 5310 3199 5362 te
3219 5306 3515 5362 tenuerint
3536 5304 3705 5377 quasi
3728 5304 3985 5377 quodam

2339 5414 2479 5471 gyro
2508 5396 2828 5464 inclusum,
2859 5401 3001 5451 tunc
3032 5411 3149 5451 non
3193 5396 3308 5452 eris
3342 5395 3401 5451 in
3432 5398 3682 5468 angusta
3707 5393 3822 5460 via,
3856 5408 3984 5464 que

2339 5486 2502 5543 ducit
2549 5486 2619 5540 ad
2659 5485 2860 5552 vitam,
2891 5484 2993 5539 sed
3025 5484 3085 5539 in
3114 5482 3251 5553 lata,
3286 5501 3416 5557 quas
3445 5483 3607 5541 ducit
3636 5483 3708 5541 ad
3739 5485 3987 5539 mortem

2339 5577 2547 5647 (Matth.
2581 5592 2681 5643 vn,
2718 5575 2803 5642 13,
2838 5573 2947 5641 14).
3001 5596 3028 5624 ‹‹
3062 5573 3259 5645 Neque
3307 5573 3530 5631 clamor
3556 5573 3617 5628 in
3648 5569 3853 5645 plateis
3882 5585 3983 5627 eo-

2339 5682 2492 5722 rum.
2526 5687 2554 5717 »
2610 5663 2843 5722 Clamor
2888 5662 3030 5718 Jesu
3074 5668 3302 5720 revocat
3331 5664 3403 5720 ad
3433 5679 3496 5720 se
3538 5667 3595 5718 et
3637 5660 3823 5719 dicit:
3880 5659 3987 5728 Qui

2336 5757 2490 5832 sitit,
2558 5754 2739 5815 veniat
2802 5760 2853 5811 et
2913 5750 3063 5813 bibat
3116 5752 3348 5834 (Joann.
3404 5769 3516 5829 vn,
3575 5751 3696 5831 37).
3751 5749 3987 5817 Clamor
