4244 6590
306 412 455 474 1321

1471 406 1964 468 BREVIARIUM
2011 407 2088 465 ΙΝ
2136 407 2522 467 PSALMOS.

3549 401 3714 469 1392

371 544 509 599 J-esu
541 543 601 598 in
630 543 723 599 via
751 546 1005 615 angusta
1033 545 1157 597 est:
1194 541 1252 596 in
1287 539 1494 612 plateis
1539 539 1942 596 haereticorum
1976 539 2031 604 Α
2058 554 2185 592 eras
2207 538 2234 592 ?
2290 539 2398 593 Sed
2449 538 2578 594 ideo
2611 538 2797 605 solus,
2833 539 2972 611 quia
3001 538 3294 612 propositi
3325 540 3444 596 mei
3472 539 3709 597 socium

300 648 415 689 non
447 635 564 688 est.

369 744 397 772 «
431 723 671 778 Beatum
724 720 999 776 dixerunt
1048 718 1332 792 pepulum
1381 719 1474 774 cui
1525 718 1646 773 haec
1700 723 1863 773 sunt.
1923 740 1950 766 ››

301 809 467 867 Multi
521 809 870 875 nescientes,
918 809 1118 866 beatos
1167 807 1313 864 tales
1359 811 1591 879 putant.
1664 807 1950 862 Caeterum

299 898 468 955 nobis
495 897 839 970 simplicitas
861 896 1192 953 Christiana
1216 900 1340 965 est;
1366 895 1643 952 nolumus
1667 895 1946 967 eloquen-

296 985 438 1041 tiam
471 983 848 1054 Platonicam,
882 985 982 1041 sed
1012 983 1283 1039 volumus
1336 983 1774 1054 simplicitatem
1809 999 1945 1054 apo-

297 1073 590 1130 stolicam.
625 1074 882 1129 Piscator
912 1073 1024 1128 iste
1055 1077 1172 1128 rete
1202 1077 1378 1140 tenet,
1415 1072 1636 1127 lutosos
1669 1073 1844 1127 habet
1858 1087 1948 1143 pe-

296 1164 420 1230 des,
451 1169 508 1218 et
537 1179 750 1218 manus
781 1178 850 1216 ex
896 1177 1068 1234 Opere
1115 1161 1363 1217 callosas
1405 1162 1599 1216 habet.
1650 1184 1676 1210 «
1735 1161 1945 1216 Beatus

294 1251 548 1323 populus
578 1252 750 1322 cujus
780 1257 869 1306 est
897 1250 1184 1306 Dominus
1213 1250 1367 1305 Deus
1393 1252 1543 1320 ejus.
1575 1272 1602 1298 ››
1627 1251 1833 1304 Beatus
1857 1254 1950 1303 est

287 1341 570 1413 papulus,
603 1341 702 1412 qui
732 1357 835 1412 pro
867 1341 1145 1395 omnibus
1176 1339 1395 1394 divitiis
1420 1339 1726 1394 Christum
1752 1339 1943 1405 habet,

294 1429 383 1484 Illi
413 1429 628 1486 habent
661 1428 810 1484 ﬁlios
834 1434 892 1484 et
923 1428 1095 1495 ﬁlias,
1155 1433 1212 1484 et
1260 1427 1495 1482 cellaria
1550 1432 1607 1481 et
1669 1443 1804 1482 oves
1862 1427 1940 1481 fe-

291 1523 469 1586 tosas,
518 1519 693 1575 boves
743 1534 972 1574 crassos
1019 1523 1076 1573 et
1125 1513 1346 1572 nitidos
1399 1522 1576 1588 atque
1636 1517 1939 1573 formosos.

290 1610 574 1664 Ceterum
605 1623 714 1664 nos
743 1623 861 1662 non
897 1607 1184 1662 habemus
1218 1605 1680 1674 multitudinem,
1715 1606 1813 1660 sed
1838 1606 1945 1660 sci-

293 1712 429 1753 mus
459 1697 606 1753 illud
638 1697 861 1752 dictum
894 1696 953 1751 in
987 1695 1331 1768 Evangelio:
1379 1695 1695 1766 Ubicunque
1728 1696 1940 1766 fuerint

291 1786 396 1841 duo
427 1792 526 1841 aut
557 1794 664 1842 tres
689 1787 1003 1857 congregati
1039 1787 1097 1840 in
1139 1786 1361 1840 nomine
1395 1800 1530 1850 meo,
1555 1783 1639 1838 ibi
1668 1801 1729 1838 ιη
1759 1783 1940 1839 medio

279 1891 476 1931 eorum
502 1891 624 1931 sum
661 1875 865 1947 (Matth.
917 1891 1080 1939 xvm,
1110 1875 1224 1945 20).
1261 1874 1341 1928 Ne
1371 1873 1600 1937 timeas,
1635 1888 1774 1944 grex
1806 1888 1938 1943 par-

288 1964 453 2032 vule;
481 1964 623 2036 quia
647 1962 1007 2035 complacuit
1051 1967 1164 2018 Deo
1199 1963 1462 2018 habitare
1487 1961 1548 2017 in
1595 1965 1672 2017 te.
1721 1962 1802 2016 Ne
1849 1961 1940 2016 di-

283 2057 424 2108 cant
451 2052 762 2109 monachi:
798 2053 940 2107 Ecce
973 2056 1150 2107 tantae
1194 2051 1628 2122 multitudines,
1680 2050 1944 2106 civitates

287 2142 476 2214 plenae
507 2148 666 2210 sunt,
700 2141 894 2197 omnis
925 2140 1122 2208 orbis;
1150 2156 1322 2197 nemo
1347 2157 1486 2213 ergo
1513 2139 1794 2208 salvetur,
1826 2140 1941 2195 nisi

291 2231 394 2303 qui
449 2231 505 2285 in
567 2229 940 2286 monasteriis
994 2229 1131 2284 est?
1177 2229 1321 2286 Ecce
1378 2233 1550 2284 tantm
1611 2227 1939 2283 multitudi-

291 2334 432 2376 nes:
502 2336 608 2376 nos
655 2335 792 2391 ergo
845 2318 954 2374 soli
1000 2317 1297 2374 salvamur
1325 2318 1352 2373 ?
1382 2318 1623 2383 Quando
1651 2333 1788 2389 ergo
1818 2316 1940 2372 haec

288 2408 654 2480 cogitaveris,
690 2408 867 2463 audi:
908 2409 986 2464 Ne
1042 2410 1256 2479 timeas,
1303 2423 1447 2480 grex
1495 2407 1725 2478 parvule
1782 2407 1932 2476 (Luc.

291 2514 392 2566 xu,
422 2499 512 2570 32)
548 2514 560 2553 :
604 2498 826 2553 dictum
856 2502 946 2553 est
977 2497 1034 2552 in
1067 2497 1391 2569 Evangelio,
1427 2497 1582 2568 quod
1635 2511 1753 2552 una
1806 2495 1937 2550 ani-

283 2601 388 2642 ma
443 2587 738 2644 salva-tur:
800 2591 866 2642 ut
923 2587 1038 2642 duo
1097 2585 1284 2641 millia
1340 2601 1650 2657 porcorum
1699 2588 1936 2656 pereant

279 2675 472 2746 (Marc.
531 2694 589 2742 v,
647 2675 827 2745 2-14).
898 2675 1016 2732 Hoc
1073 2679 1265 2731 totum
1325 2691 1505 2746 quare
1561 2673 1739 2730 dico?
1784 2673 1934 2737 Quo-

285 2764 444 2820 niam
503 2764 814 2838 pretiosior
869 2772 960 2820 est
1007 2764 1183 2821 unius
1239 2764 1423 2820 sancti
1485 2763 1704 2831 anima,
1751 2777 1933 2834 quam

280 2852 524 2909 inﬁnitae
584 2852 1000 2909 multitudines
1031 2857 1424 2925 peccatorum.
1463 2857 1537 2907 De
1585 2855 1705 2906 toto
1759 2866 1932 2906 mun-

279 2942 358 2997 do
444 2942 751 2998 duodecim
836 2941 1013 3014 elegit
1067 2941 1385 3014 apostolos,
1470 2942 1540 2995 de
1622 2940 1931 2996 duodecim

283 3046 438 3087 unus
527 3033 790 3099 recessit,
884 3035 1296 3088 remanserunt
1379 3031 1674 3087 undecim.
1760 3029 1933 3084 Venit

279 3136 473 3176 crux:
533 3121 734 3176 decem
790 3122 1114 3193 fugerunt:
1171 3120 1457 3176 remansit
1504 3135 1660 3175 unus
1726 3118 1931 3175 Petrus

285 3221 442 3263 unus
489 3224 625 3263 cum
680 3224 815 3263 uno.
876 3207 945 3263 Et
996 3209 1123 3280 ipse
1181 3223 1335 3262 unus
1389 3207 1556 3279 fugit,
1607 3212 1782 3277 atque
1811 3207 1930 3262 uti-

2061 627 2372 684 habebam.

2584 715 2910 773 PSALMUS
2941 715 3178 772 CXLIV.

2131 829 2158 855 ‹‹
2195 805 2474 861 Laudatio
2513 805 2623 878 ipsi
2654 805 2856 862 David.
2891 827 2918 856 »
2971 806 3084 862 Iste
3129 805 3400 878 psalmus
3449 823 3517 864 ex
3563 822 3704 866 voce

2061 894 2397 966 prophetica
2429 894 2527 950 Dei
2579 895 2839 951 continet
2857 894 3117 964 laudem,
3142 895 3441 969 sicutipse
3464 896 3537 953 ad
3567 911 3707 954 eum

2060 981 2340 1052 eloquens
2378 982 2459 1038 ait
2482 999 2495 1038 :

2131 1093 2158 1119 «
2194 1071 2466 1127 Exaltabo
2500 1076 2576 1143 te,
2614 1073 2763 1127 Deus
2791 1087 2960 1128 meus
2987 1088 3105 1144 rex,
3139 1077 3196 1130 et
3223 1074 3569 1131 benedicam
3599 1093 3702 1132 no-

2062 1157 2203 1212 mini
2226 1159 2402 1214 tuoin
2424 1164 2729 1231 aeternum,
2751 1164 2808 1215 et
2835 1161 2895 1215 in
2919 1161 3201 1217 saaculum
3232 1161 3452 1219 saeculi.
3485 1183 3514 1215 ι)
3542 1163 3708 1220 Exui-

2055 1252 2138 1302 tat
2195 1252 2375 1302 Deum
2436 1249 2576 1320 quia
2629 1248 2740 1303 scit
2769 1249 3050 1322 aequalem
3082 1250 3238 1308 Patri
3267 1267 3278 1307 :
3313 1267 3531 1324 regem,
3567 1254 3707 1326 quia

2056 1337 2214 1391 novit
2234 1338 2496 1407 judicem
2527 1339 2757 1394 mundi.

2126 1446 2154 1480 «ι
2185 1427 2290 1480 Per
2319 1427 2584 1498 singulos
2628 1427 2754 1483 dies
2803 1427 3144 1486 benedicam
3193 1434 3275 1498 te,
3333 1435 3392 1486 et
3452 1431 3705 1488 laudabo

2053 1530 2263 1570 nomen
2298 1520 2466 1571 tuum
2498 1518 2557 1571 in
2591 1516 2895 1586 saeculum,
2919 1523 2983 1573 et
3012 1519 3072 1573 in
3101 1518 3385 1575 saeculum
3418 1519 3637 1576 saeculi.
3669 1543 3698 1572 n

2052 1603 2121 1658 Et
2148 1605 2221 1660 ob
2253 1605 2361 1660 hoc
2394 1607 2644 1661 maxime
2675 1605 2893 1678 laudat,
2941 1607 3079 1680 quia
3115 1607 3475 1665 conformem
3503 1613 3705 1681 sperat

2049 1707 2114 1747 se
2142 1693 2268 1748 ﬁeri
2299 1695 2520 1750 nomini
2551 1694 2732 1767 illius,
2756 1695 2814 1751 id
2843 1700 2934 1752 est
2962 1694 3190 1753 Christo
3219 1695 3468 1754 Domino
3499 1696 3558 1754 in
3598 1713 3700 1755 sa-

2049 1780 2179 1836 culo
2213 1781 2432 1839 futuro.

2121 1893 2148 1920 «
2183 1871 2432 1944 Magnus
2461 1872 2747 1929 Dominus
2777 1878 2833 1930 et
2863 1873 3177 1931 laudabilis
3211 1873 3410 1946 nimis,
3445 1879 3502 1931 et
3532 1885 3699 1949 mag-

2055 1960 2340 2017 nitudinis
2371 1963 2501 2034 ejus
2530 1978 2647 2018 non
2677 1966 2767 2018 est
2795 1962 2952 2019 finis.
2983 1985 3013 2014 »
3043 1962 3189 2027 Quia
3218 1963 3343 2020 sine
3371 1963 3488 2021 ﬁne
3544 1969 3704 2040 mag-

2054 2065 2186 2120 nus,
2220 2049 2346 2106 sine
2376 2052 2492 2106 line
2519 2049 2859 2108 laudabilis.

2125 2162 2152 2188 «
2178 2139 2502 2196 Generatio.
2539 2163 2568 2190 ››
2599 2141 2786 2206 Quam
2818 2141 2962 2197 fides
2994 2141 3256 2214 protulit.
3290 2165 3318 2193 «
3365 2141 3439 2198 Et
3488 2157 3699 2216 proge-

2049 2226 2194 2283 nies.
2217 2250 2236 2278 ι
2260 2229 2444 2294 Quam
2469 2227 2684 2285 Christi
2710 2229 2906 2300 passio
2928 2230 3278 2302 procuravit.
3309 2251 3332 2281 ι
3349 2231 3701 2289 Laudabunt

2049 2331 2224 2388 opera
2265 2321 2390 2384 tua,
2441 2323 2499 2373 et
2548 2319 2873 2390 potentiam
2932 2323 3097 2376 tuam
3140 2319 3626 2392 pronuntiabunt.
3661 2334 3687 2372 δ

2046 2405 2190 2460 Cum
2223 2405 2310 2461 vel
2341 2423 2375 2460 a
2402 2411 2459 2462 te
2486 2395 2637 2462 facta
2665 2411 2826 2475 sunt,
2852 2406 2940 2463 vel
2970 2425 3006 2464 a
3033 2413 3091 2465 te
3120 2412 3526 2482 proteguntur.

2117 2517 2147 2544 «
2180 2495 2673 2567 Magnificentiam
2711 2497 3036 2567 majestatis
3065 2501 3199 2569 tuae,
3229 2503 3290 2554 et
3310 2497 3691 2554 sanctitatem

2044 2585 2206 2638 tuam
2237 2583 2572 2655 eloquentur.
2607 2606 2634 2633 ››
2667 2585 2754 2640 Tu
2787 2601 2895 2640 nos
2915 2589 3158 2641 sanctos
3187 2591 3316 2642 eses
3343 2585 3689 2654 vis,dicens:

2043 2671 2234 2727 Sancti
2261 2677 2444 2739 estote,
2479 2673 2736 2744 quoniam
2763 2689 2858 2745 ego
2885 2675 3111 2730 sanctus
3145 2690 3270 2731 sum
3319 2675 3513 2748 (Leuit.
3563 2691 3693 2746 xm,

2043 2761 2115 2822 2;
2139 2777 2234 2828 xx,
2265 2762 2377 2833 26).
2410 2761 2528 2818 Hoc
2557 2766 2614 2817 et
2642 2779 2749 2818 nos
2780 2761 3001 2818 caeteris
3031 2761 3349 2836 loquimur.
3385 2786 3414 2814 «
3464 2761 3536 2819 Et
3574 2763 3684 2818 mi-

2044 2850 2251 2906 rabilia
2278 2855 2382 2907 tua
2411 2851 2752 2907 narrabant.
2783 2872 2812 2900 ι»
2846 2851 2982 2916 Quae
3013 2851 3275 2923 quotidie
3321 2853 3380 2909 in
3431 2851 3689 2909 Ecclesia

2043 2939 2324 3012 operaria.

2117 3048 2145 3080 α
2175 3028 2458 3084 Virtutem
2492 3029 2839 3085 terribilium
2870 3035 3106 3086 tuorum
3135 3031 3348 3097 dicent,
3380 3036 3437 3087 et
3457 3029 3682 3104 magni-

2037 3118 2306 3174 tudinem
2337 3122 2500 3174 tuam
2529 3117 2866 3190 loquentur.
2903 3142 2930 3169 ››
2987 3118 3187 3177 Virtus
3243 3125 3332 3176 est
3380 3119 3681 3188 terribilis,

2033 3223 2171 3262 cum
2195 3207 2259 3262 in
2282 3208 2497 3280 impios
2529 3207 2849 3274 ulciscitur,
2887 3209 3033 3263 utin
3078 3209 3468 3266 Pharaonem.
3521 3209 3684 3283 Mag-

279 3309 420 3351 nam
506 3296 776 3368 fugisset,
846 3302 905 3352 et
965 3312 1080 3351 non
1162 3300 1452 3368 negasset.
1540 3300 1688 3367 Ergo
1765 3295 1928 3350 dica-
1953 3280 2002 3347 Ε
2041 3295 2247 3351 nitudo
2275 3300 2384 3362 est,
2416 3311 2550 3351 cum
2576 3297 2726 3367 justi
2758 3297 3087 3369 eriguntur,
3120 3301 3185 3352 ut
3230 3297 3432 3354 Israel.

285 3401 436 3452 mus,
504 3385 845 3442 universum
921 3402 1107 3458 genus
1164 3384 1490 3440 humanum
1539 3383 1731 3455 periit.
1779 3387 1929 3448 Quo-

285 3474 444 3530 niam
477 3475 746 3546 perierat,
781 3479 1085 3546 prepterea
1133 3473 1418 3529 Dominus
1457 3472 1770 3528 cruciﬁxus
1803 3472 1924 3526 ait:

285 3563 542 3621 Torcular
585 3565 796 3620 calcavi
840 3564 1021 3619 solus:
1080 3570 1130 3618 et
1174 3562 1239 3618 de
1279 3561 1532 3632 gentibus
1574 3577 1680 3617 non
1713 3565 1793 3616 est
1843 3562 1930 3615 vir

277 3653 650 3725 mammam.
702 3669 857 3721 Lxm,
909 3652 985 3724 3).
1039 3652 1117 3706 Eo
1158 3655 1418 3724 tempore
1463 3650 1787 3722 completus
1839 3653 1930 3705 est

277 3741 580 3814 psalmus:
643 3742 871 3798 Salvum
915 3758 1001 3797 me
1045 3746 1153 3811 fac,
1201 3743 1444 3808 Domine,
1497 3742 1758 3811 quoniam
1779 3740 1928 3810 defe-

272 3835 352 3887 cit
391 3837 613 3888 sanctus
662 3833 833 3903 (Psal.
867 3848 945 3900 x1,
986 3833 1062 3903 2).
1113 3833 1230 3887 Non
1273 3832 1477 3902 estqui
1503 3832 1675 3901 faciat
1706 3830 1922 3899 bonum,

271 3936 385 3977 non
415 3925 495 3977 est
523 3939 691 3993 usque
719 3923 796 3978 ad
826 3938 999 3977 unum
1057 3921 1228 3993 (Psal.
1261 3937 1384 3989 xm,
1418 3921 1492 3992 1).
1528 3919 1630 3976 Ille
1661 3920 1763 3992 qui
1794 3936 1924 3992 pro-

273 4009 541 4078 miserat,
573 4011 811 4067 dicens:
842 4011 900 4066 Si
933 4027 1026 4065 me
1055 4027 1290 4066 necesse
1329 4014 1418 4066 est
1465 4009 1633 4074 mori,
1685 4013 1786 4063 aut
1841 4009 1924 4064 ire

276 4099 338 4154 in
370 4114 682 4169 carcerem,
715 4115 829 4155 non
861 4103 917 4154 te
970 4100 1230 4171 negabo:
1285 4097 1515 4170 negavit
1563 4099 1748 4167 (Marc.
1805 4113 1923 4163 xw,

274 4188 391 4258 3'1).
427 4187 545 4243 Hoc
599 4191 790 4243 totum
820 4203 1001 4258 quare
1029 4186 1156 4242 dico
1179 4188 1208 4241 ?
1236 4187 1384 4253 Quia
1430 4185 1755 4242 monachus
1805 4201 1920 4241 non

277 4274 450 4330 debet
490 4275 748 4347 aspicere
798 4275 868 4330 ad
920 4275 1359 4331 multitudinem
1411 4279 1768 4346 pacatorum,
1819 4275 1919 4330 sed

273 4365 349 4420 ad
384 4365 883 4420 conversationem
913 4369 970 4419 et
1009 4363 1360 4436 paucitatem
1392 4367 1749 4421 sanctorum.
1783 4363 1921 4420 Uni-

270 4467 442 4510 versa
486 4454 690 4509 Judzea
731 4453 1055 4509 ducebatur
1097 4452 1155 4507 in
1205 4453 1623 4524 captivitatem.
1675 4452 1923 4508 Venerat

272 4542 830 4613 Nabuchodonosor,
861 4545 1026 4597 tanta
1045 4539 1378 4596 'heminu-m
1413 4538 1598 4596 millia
1626 4541 1920 4597 duceban-

2111 3406 2140 3434 «
2172 3384 2512 3440 Memoriam
2543 3385 2915 3440 abundantia:
2946 3385 3251 3442 suavitatis
3295 3391 3412 3442 tua:
3460 3392 3685 3443 eructa-

2038 3473 2204 3528 bunt.
2243 3497 2271 3521 ››
2302 3473 2449 3540 Quia
2477 3489 2576 3530 eos
2602 3474 2792 3530 fovere
2829 3473 3110 3546 dignaris.
3151 3497 3172 3524 ι
3225 3473 3296 3531 Et
3318 3474 3554 3547 justitia
3577 3479 3684 3532 tua

2036 3562 2430 3620 exsultabant.
2471 3585 2492 3612 ι
2530 3562 2676 3629 Quia
2705 3563 2764 3617 in
2789 3562 3002 3635 impios
3035 3562 3357 3620 ulcisceris.

2108 3675 2137 3703 (ς
2168 3651 2494 3707 Misericors
2524 3655 2582 3708 et
2628 3651 2938 3708 miserator
2984 3652 3307 3710 Dominus:
3352 3653 3582 3726 patiens
3624 3659 3682 3711 et

2039 3740 2290 3796 multum
2324 3740 2674 3797 misericors.
2709 3762 2737 3791 »
2779 3741 2844 3797 Et
2867 3746 3112 3798 sanctus
3141 3742 3202 3798 in
3237 3739 3515 3800 omnibus
3540 3748 3678 3816 ope—

2035 3830 2200 3886 ribus
2231 3830 2392 3886 suis:
2428 3831 2568 3903 quia
2595 3831 2750 3902 quod
2783 3831 3000 3887 factum
3040 3835 3130 3888 est
3158 3832 3219 3887 in
3251 3847 3339 3900 eo,
3369 3831 3489 3888 vita
3516 3836 3624 3890 est.

2110 3942 2132 3971 ι
2168 3919 2373 3976 Suavis
2404 3919 2688 3977 Dominus
2701 3920 3013 3988 universis,
3033 3925 3094 3975 et
3113 3920 3521 3978 miserationes
3548 3922 3682 3993 ejus

2033 4025 2211 4081 super
2256 4009 2455 4065 omnia
2502 4025 2678 4080 opera
2723 4009 2873 4079 ejus.
2917 4030 2946 4058 ››
2978 4008 3348 4065 Miseratione
3373 4008 3535 4065 enim
3567 4024 3676 4068 sua

2034 4115 2205 4154 omne
2234 4113 2381 4170 opus
2411 4097 2554 4152 facit
2582 4101 2638 4152 et
2668 4097 2940 4168 protegit.

2106 4209 2135 4238 ‹‹
2166 4186 2566 4243 Confiteantur
2589 4185 2720 4254 tibi,
2755 4183 3022 4253 Domine,
3053 4186 3251 4243 omnia
3282 4201 3459 4259 opera
3485 4191 3674 4259 tua,et

2032 4277 2219 4333 sancti
2251 4276 2335 4332 tui
2368 4275 2716 4332 benedicant
2763 4274 2888 4330 tibi.
2925 4297 2954 4325 »
2987 4274 3060 4331 Ut
3089 4291 3194 4348 per
3221 4281 3456 4333 sanctos
3485 4277 3586 4349 qui
3613 4282 3674 4335 te

2023 4365 2246 4438 jugiter
2273 4365 2648 4431 benedicunt,
2681 4363 3027 4437 intelligaris
3057 4365 3321 4422 omnium
3351 4381 3480 4422 esse
3507 4373 3671 4423 crea-

2031 4461 2122 4512 tor
2147 4460 2202 4511 et
2233 4454 2518 4511 conditor.

2107 4567 2128 4594 ι
2157 4543 2412 4600 Gloriam
2441 4542 2604 4614 regni
2638 4541 2724 4597 tui
2755 4541 2968 4598 dicent.
3005 4565 3034 4592 »
3070 4542 3140 4598 Ut
3167 4541 3241 4598 ab
3272 4541 3545 4600 omnibus
3577 4543 3674 4600 de-

270 4631 372 4688 tur
398 4632 627 4703 captiva
656 4631 714 4686 in
748 4630 1120 4703 Babylonem.
1154 4629 1320 4685 Solus
1345 4629 1631 4686 Jeremias
1662 4633 1786 4686 erat
1815 4630 1921 4701 qui
1951 4651 2000 4716 Β
2031 4632 2338 4689 sideretur.
2375 4653 2403 4682 ‹‹
2433 4632 2503 4687 Et
2530 4629 2851 4703 potentiam
2883 4634 3045 4686 tuam
3075 4629 3406 4704 loquentur.
3444 4630 3560 4688 nUt
3589 4631 3672 4689 ab

267 4721 667 4778 conﬁtebatur
714 4725 920 4787 Deum,
976 4724 1033 4775 et
1089 4718 1215 4790 ipse
1256 4718 1605 4774 mittebatur
1636 4719 1694 4774 in
1723 4717 1918 4775 lacum

271 4810 382 4867 luti
437 4810 657 4880 (Jerem.
716 4827 947 4880 xxxvm,
1006 4808 1082 4879 6),
1143 4813 1199 4864 et
1246 4813 1442 4865 tamen
1483 4809 1768 4880 pretiosor
1787 4813 1920 4864 erat

270 4898 452 4955 unius
469 4898 632 4954 illius
656 4899 1073 4971 anima,‘quam
1097 4897 1290 4954 omnis
1316 4896 1532 4970 pepuli.
1558 4897 1749 4954 Vultis
1771 4898 1918 4954 scire

273 4989 417 5061 quid
440 4987 613 5044 faciat
637 4999 792 5044 unus
813 4988 990 5045 homo
1011 4988 1039 5042 Τ
1067 4989 1238 5045 Jesus
1272 4987 1428 5044 illius
1450 4988 1603 5044 Nave
1631 5005 1764 5044 cum
1787 4990 1918 5044 uni-

271 5091 441 5134 versa
486 5081 641 5133 terra
668 5076 1051 5148 habitaretur,
1102 5076 1263 5134 solus
1315 5082 1459 5132 erat.
1512 5077 1722 5152 Utique
1752 5082 1920 5134 erant

271 5163 515 5223 infinita:
545 5166 978 5238 multitudines,
1011 5171 1068 5223 et
1098 5166 1194 5222 ille
1223 5165 1381 5222 solus
1410 5169 1552 5222 erat.
1606 5166 1776 5222 Solus
1806 5167 1916 5222 im-

269 5261 438 5330 perat
485 5256 590 5313 soli
643 5259 701 5311 et
749 5255 922 5322 lunae,
967 5261 1028 5312 et
1075 5260 1193 5313 stat
1239 5257 1417 5327 (Iosue
1462 5273 1520 5324 x,
1554 5257 1692 5328 12);
1744 5257 1916 5313 homo

259 5345 455 5417 jubet,
488 5347 545 5400 et
573 5343 784 5398 coelum
815 5343 999 5398 audit.
1060 5344 1239 5400 Audit
1283 5341 1447 5399 illum
1494 5343 1726 5412 coelum,
1777 5344 1918 5414 quia

265 5434 396 5505 ipse
425 5431 701 5488 audiebat
725 5432 1069 5488 Dominum.
1120 5432 1404 5489 Jeremias
1436 5435 1556 5488 erat
1585 5433 1644 5487 in
1677 5431 1916 5504 captivi-

264 5525 385 5578 tate
412 5540 426 5590 ;
457 5525 625 5577 erant
655 5526 851 5577 autem
884 5525 942 5576 et
974 5519 1168 5576 multae
1200 5521 1632 5578 multitudines.
1677 5523 1744 5576 Et
1775 5522 1913 5593 quid

267 5611 453 5668 dicit?
511 5611 668 5667 Solus
731 5611 982 5666 sedebam
1045 5613 1178 5681 quia
1235 5612 1617 5668 amaritudine
1666 5614 1915 5680 repletus

261 5717 388 5764 sum
435 5702 649 5775 (Im-em.
699 5717 790 5770 xv,
843 5699 952 5772 17).
1005 5700 1304 5764 Quomodo
1356 5701 1518 5759 solus
1571 5701 1626 5756 in
1685 5701 1915 5759 civitate

598 5832 857 5891 Pareat.
911 5829 951 5891 X
965 5828 1009 5891 Χ
1025 5826 1127 5892 Vl.

2031 4721 2307 4777 omnibus
2336 4719 2631 4775 timeatur.

2101 4834 2129 4859 ‹‹
2184 4809 2254 4864 Ut
2295 4812 2493 4864 notam
2542 4807 2759 4864 faciant
2803 4807 2944 4864 ﬁliis
2989 4807 3300 4865 hominum
3350 4810 3672 4883 potentiam

2028 4903 2214 4963 tuam,
2247 4902 2303 4954 et
2333 4897 2579 4970 gloriam
2611 4897 3060 4970 magnificentiae
3087 4899 3253 4972 regni
3276 4899 3382 4954 tui.
3419 4921 3448 4948 »
3472 4901 3556 4956 ΝΘ
3583 4915 3672 4955 ex-

2028 4989 2252 5045 cusatio
2278 5003 2381 5060 per
2407 4986 2807 5061 ignorantiam
2835 4985 3204 5044 adhibeatur.

2107 5096 2129 5126 ι
2151 5076 2419 5149 Regnum
2441 5081 2633 5145 tuum,
2661 5076 2927 5144 Domine,
2949 5073 3472 5149 regnum'omnium
3495 5092 3673 5132 saecu-

2027 5165 2238 5222 lorum.
2268 5188 2294 5213 »
2316 5165 2529 5221 Omnia
2552 5165 2711 5221 enim
2732 5163 2948 5221 saecula
2965 5163 3129 5236 regni
3154 5163 3240 5219 tui
3269 5164 3670 5222 dominatione

2026 5254 2360 5311 volvuntur.
2393 5278 2422 5305 «
2455 5258 2525 5310 Et
2553 5245 2872 5310 dominatio
2903 5257 3008 5308 tua
3035 5252 3094 5308 in
3117 5252 3275 5308 omni
3299 5249 3671 5326 generatione

2025 5348 2082 5400 et
2120 5344 2415 5417 progenie.
2453 5366 2478 5392 κ
2509 5341 2917 5398 Ecclesiastica
2949 5341 3316 5414 generatione
3354 5341 3415 5398 in
3463 5355 3671 5416 proge-

2026 5434 2120 5489 nie
2153 5433 2334 5489 futuri
2361 5431 2558 5488 saeculi
2584 5430 2852 5486 dilatata.

2097 5546 2125 5572 «
2161 5522 2374 5578 Fidelis
2405 5520 2684 5576 Dominus
2713 5519 2772 5574 in
2803 5519 3081 5577 omnibus
3107 5519 3302 5576 verbis
3333 5520 3668 5600 suis.»Cum

2025 5613 2225 5668 omnia
2255 5628 2380 5684 quae
2412 5627 2514 5682 per
2542 5611 2855 5683 prophetas
2885 5609 3118 5666 locutus
3148 5615 3238 5666 est
3302 5609 3669 5684 adimplevit.

2029 5725 2049 5753 ε
2084 5700 2154 5759 Et
2177 5705 2418 5758 sanctus
2446 5699 2505 5756 in
2538 5699 2811 5756 omnibus
2839 5700 3114 5773 operibus
3145 5699 3288 5756 suis.
3336 5723 3364 5752 «
3414 5699 3484 5757 Ut
3513 5700 3670 5758 sicut

3275 5831 3353 5894 42
